1925 3063
88 124 150 158 T869

626 129 670 156 DE
690 129 878 157 TRININATE
898 129 999 156 LIBER
1020 130 1180 160 TERTIUS.

1667 139 1720 166 870

94 188 143 215 τοῦ
164 187 229 214 Υίοῦ
256 187 434 223 γεγενῆσϐαις
453 189 488 214 ’Π
505 188 651 223 γνώτωσαν
673 190 720 216 καὶ
745 190 809 226 περὶ
835 189 874 216 τοῖ

935 190 1146 226 subintelligitur
1168 196 1250 220 etiam
1271 194 1354 228 ipsius
1374 195 1500 230 Spiritus.
1519 196 1612 224 Missio
1628 203 1717 226 autem

96 233 162 260 Υιοῦ
176 233 354 269 ὁμοιότροπον
364 234 394 260 ὲν
407 233 446 269 τῷ
466 234 529 261 Ἰὼϐ
546 235 721 270 προφητικῶς
738 235 862 271 εἰρῆσθαι
873 245 879 252 ·

97 288 106 304 ι
136 279 166 304 'D
189 279 309 311 τανύσας
322 279 374 305 ’τὸν
398 279 512 315 οὐρανὸν
535 280 630 315 μόνος,
652 281 698 307 καὶ
724 281 883 316 περιπατῶν

87 324 132 356 ὡς
154 324 201 351 ἐπὶ
225 324 340 359 ἐδάφους
366 325 412 351 ἐπὶ
435 325 582 360 Θαλάσσης.
609 335 618 352 ι
646 325 731 358 Αὐτὸς
754 326 819 362 γὰρ,
846 327 884 358 ὡς

94 370 179 396 πᾶσιν
204 369 375 403 καταφανὲς,
398 370 441 396 ἀεὶ
458 370 524 405 μὲν,
546 371 594 405 οὐχ
620 371 720 405 ἥκιστα
742 371 770 398 δὲ
795 372 824 399 ὲν
850 373 882 406 τῇ

93 416 300 451 ἐνανορωπήσει
325 415 593 452 ὲοαυματούργησεν,
616 417 663 442 καὶ
683 416 721 448 ὡς
745 417 775 443 ἐν
799 416 885 451 πεδίῳ

93 460 220 488 ὲὸάδισεν
234 461 281 487 ἐπὶ
297 461 346 496 τῆς
359 461 456 496 ὑγρᾶς.

935 236 1150 265 lttcarnationem
1175 239 1318 274 signil‘tcat.
1337 241 1450 268 Demum
1466 243 1546 269 verba
1562 243 1616 276 illa,
1634 252 1644 269 ι
1663 244 1718 279 Ego

933 283 1040 309 extendi
1064 283 1161 310 coelum
1184 285 1266 317 solus,
1282 294 1291 310 ι
1309 293 1360 313 non
1380 292 1444 314 sunt
1468 286 1577 315 Patris:
1599 290 1718 325 alioquin

933 329 1066 361 quomodo
1079 329 1238 365 vernm(52)
1253 331 1313 361 erit.
1332 340 1341 357 ι
1357 332 1447 359 omnia
1466 340 1513 367 per
1534 333 1631 360 Filium
1649 335 1718 362 facta

932 372 1009 400 esse?
1020 382 1030 400 ι
1047 374 1099 400 Aut
1110 374 1252 407 (55)etiatn
1265 377 1297 403 de
1311 375 1380 404 Filio
1395 378 1520 405 sintiliter
1536 379 1561 405 in
1574 378 1642 406 Jobo
1657 387 1726 414 pro-

933 419 1038 454 phetico
1051 419 1150 446 dictum
1167 427 1228 448 esse
1241 422 1350 449 norint:
1367 431 1376 448 (
1392 422 1442 456 Qui
1459 425 1578 452 extendit
1588 425 1644 460 (56)
1664 432 1725 452 cm-

934 463 989 489 lutn
1007 464 1091 498 solus,
1106 470 1132 492 et
1148 465 1266 493 ambulat
1283 467 1308 493 in
1325 467 1393 494 mari
1407 469 1480 496 velut
1493 470 1518 496 in
1534 471 1716 504 pavimento.»

92 508 153 542 ipse
167 508 250 540 enim,
269 512 298 534 ut
311 507 437 534 omnibus
453 507 624 535 manifestum
656 511 708 540 est.
740 515 848 543 semper
879 509 998 544 quidem,
1015 513 1062 540 sed
1083 513 1200 541 maxime
1219 514 1245 541 in
1262 513 1447 544 hicat-natione
1472 516 1604 545 mirabilia
1623 525 1720 553 opera-

88 559 137 581 tus
151 559 203 586 est,
219 559 246 581 et
259 554 287 581 in
306 561 375 588 aqua
392 554 462 581 velut
480 555 506 581 in
526 554 637 589 planitie
654 554 812 583 ambulavit.

128 614 318 649 Μαρτυρεϊται
327 612 355 640 δὲ
368 614 415 640 καὶ
426 614 472 640 ἐπὶ
484 615 541 645 τοῖς
554 613 644 645 ἄλλοις
655 615 712 646 τοῖς
728 623 780 650 μνη
785 623 881 650 μονευ⁴

92 657 180 685 Θεῖσιν
196 658 210 684 ό
225 657 298 690 Υἱὸς,
311 657 358 684 καὶ
371 657 401 684 τὺ
413 657 489 691 ἅγιον
504 657 617 692 Πνεῦμα
631 657 728 690 οὕτως.
750 659 818 693 Περὶ
832 659 882 694 μό-

91 711 139 730 νου
159 704 208 739 μὲν
225 703 352 738 ἀληθινοῦ
369 703 447 742 Θεοῦ,
465 703 502 735 ὡς
521 704 601 739 ἡνίκα
617 704 680 739 περὶ
693 704 741 739 μὲν
755 704 801 730 τοῦ
815 704 881 731 Υἱοῦ

966 616 1021 644 Sed
1036 621 1134 651 praeter
1151 624 1182 644 ea
1207 625 1267 652 qua
1288 624 1497 646 commemorata
1518 624 1592 653 sunt,
1612 619 1665 647 alia
1686 621 1719 648 de

930 661 999 688 Filio
1025 666 1051 689 et
1074 663 1174 696 Spiritu
1196 668 1290 690 sancto
1309 665 1460 692 testimonia
1481 665 1541 692 addi
1565 672 1677 700 poswnt
1692 668 1717 694 in

931 707 1004 734 hunc
1023 709 1143 734 modum.
1163 709 1198 735 De
1221 709 1278 736 solo
1299 709 1406 743 quidem
1434 718 1498 737 vero
1523 711 1588 742 Deo.
1607 716 1635 738 ιιι
1655 719 1715 739 cum

98 750 228 785 Ἰωάννης
243 749 311 784 αὐτῇ
327 748 398 782 λέξει
414 748 539 783 ἀληθινὸν
555 749 620 775 Θεὸν
640 748 720 776 αὑτὸν
732 746 812 780 εἶναι,
834 749 874 775 κα)

931 751 1028 780 Filium
1042 752 1159 781 Joannes
1172 761 1231 781 esse
1245 755 1401 789 pronuntiat
1415 755 1458 782 his
1477 755 1542 790 ipsis
1564 756 1653 784 verbis
1670 765 1717 784 ve-

89 795 226 830 μονογενῆ
244 794 310 821 Θεὸν
327 794 545 829 ἀναφθεγγεται·
572 794 671 826 Ἰούδας
687 795 766 830 μόνον
779 795 880 822 Δεσπό-

90 849 141 875 την
155 839 249 869 καλεῖ⁸
273 840 320 867 καὶ
332 840 346 866 ὁ
360 840 504 875 προφήτης
529 839 602 874 λέγει
615 848 621 854 ·
643 849 652 866 ι
668 840 704 866 Σὺ
719 838 743 866 εἷ
758 841 772 866 ὁ
788 840 854 873 Θεὸς
866 841 880 868 ό

91 885 181 912 ποιῶν
200 885 356 921 θαυμάσια,
377 886 409 912 σὺ
430 883 455 911 εἷ
477 885 556 920 μόνος
578 885 644 918 Θεὸς
667 885 773 921 μέγας’
799 896 809 914 ι
832 887 880 913 καὶ

90 931 225 967 ἑτέρωθι·
245 939 254 956 ι
272 929 318 962 Εἷς
333 931 419 964 ἅγιος,
434 927 474 961 εἷς
486 929 587 964 Κύριος
606 930 710 966 Ἰησοῦς
724 932 850 966 Χριστός.
867 941 876 958 ι

90 977 161 1012 Περὶ
176 976 204 1002 δὲ
218 975 264 1002 τοῦ
274 975 350 1010 ἁγίου
365 976 534 1012 Πνεῦματος,
546 976 583 1008 ὡς
593 976 656 1003 ὅταν
669 976 805 1009 Παῦλος,ὀ
819 986 880 1004 ww

89 1023 177 1053 ἐσεως
189 1021 306 1058 πλήρης,
329 1022 441 1058 Πνεῦμα
456 1022 503 1049 τοῦ
519 1022 587 1049 Θεοῦ
608 1023 655 1050 καὶ
669 1024 785 1059 Πατρὸς,
809 1023 879 1050 καθὰ

89 1068 160 1104 ἡμῖν
171 1067 202 1094 τὺ
215 1067 293 1104 ἡμῶν
309 1067 429 1103 πνεῦμα,
443 1066 512 1095 εἶναι
523 1068 587 1104 [178
603 1067 632 1104 α]
653 1069 719 1095 αὐτὸ
734 1071 876 1104 μαρτυρεῖ,

90 1114 147 1140 Καὶ
170 1113 250 1140 πάλιν
271 1113 387 1149 γράφει·
411 1123 420 1140 ι
445 1113 537 1140 Ταῦτα
561 1114 649 1141 πάντα
672 1115 778 1150 ἐνεργεί
799 1114 829 1141 τὸ
850 1114 879 1141 ἓν

87 1159 139 1186 καὶ
159 1159 190 1186 τὸ
214 1159 280 1186 αὐτὸ
302 1159 424 1195 Πνεῦμα,
443 1159 564 1195 διαιροῦν
582 1159 634 1195 ίδίᾳ
650 1160 768 1196 ἑκάστῳ,
787 1160 879 1193 καθὼς

91 1206 228 1240 βούλεται.
247 1216 257 1232 ι
272 1207 339 1241 Περὶ
355 1206 403 1241 μὲν
416 1206 521 1241 σοφίας,
539 1207 576 1238 ὡς
589 1206 671 1242 ἡνίκα.
689 1206 753 1242 περὶ
767 1206 816 1241 μὲν
828 1206 874 1233 τοῦ

91 1251 158 1278 Υίοῦ
181 1251 196 1277 ὁ
217 1251 411 1287 μνημονευθεὶς
437 1252 600 1287 σεμνότατος
623 1251 725 1288 γράφει
752 1251 876 1284 Παῦλος·

93 1306 101 1322 ι
125 1297 245 1332 Χριστὸν
264 1296 329 1323 Θεὸν
351 1297 476 1332 δύναμιν,
498 1297 545 1324 καὶ
558 1296 626 1324 Θεοῦ
651 1296 760 1332 σοφίαν·
786 1306 794 1323 ι
817 1297 875 1330 καὶ,

95 1344 141 1370 Ἐν
167 1341 190 1379 ᾧ
213 1345 265 1371 εισι
287 1345 386 1377 πάντες
410 1346 435 1372 οἱ
461 1345 591 1380 θησαυροὶ
622 1343 671 1379 τῆς
699 1344 794 1378 σοφίας
828 1345 876 1372 καὶ

89 1389 218 1423 γνώσεως
257 1390 443 1426 ἀπόκρυφοι.)
474 1390 529 1417 Καὶ
558 1389 639 1416 Δαυῖδ
669 1388 778 1423 ψάλλει·
802 1398 812 1415 ι
832 1389 875 1422 Ὠς

931 805 990 824 rum
1026 798 1109 825 Dettnt
1133 798 1189 834 (55)
1218 804 1245 826 et
1281 799 1446 835 unigenitum
1473 799 1555 827 Deum
1586 800 1658 836 (56);
1683 809 1716 829 ac

930 841 1013 870 Judas
1036 843 1093 879 (57)
1119 851 1180 871 eum
1205 850 1284 873 vocat
1312 846 1397 873 solum
1417 845 1577 879 Dominum;
1604 851 1631 874 et
1647 846 1715 875 Pro-

930 889 1010 924 pheta
1026 888 1130 922 inquit:
1151 898 1161 914 ι
1178 889 1217 916 Tu
1243 890 1339 924 cs(58)
1361 889 1431 917 Deus
1449 890 1551 918 faciens
1572 892 1716 922 mirabilia.

930 931 969 958 Tu
984 939 1013 958 es
1028 931 1100 959 solus
1121 931 1193 959 Dens
1217 940 1348 968 magnus;
1366 943 1375 959 ι
1393 939 1419 960 et
1433 934 1496 961 alibi
1512 944 1518 961 :
1543 943 1551 959 ι
1571 933 1645 963 Unus
1658 935 1715 971 (59)

929 983 1052 1010 sanctus,
1065 985 1135 1006 unus
1151 978 1279 1005 Dominus
1290 978 1368 1006 Jesns
1383 979 1517 1008 Christus.
1539 990 1548 1006 ι
1564 981 1600 1008 De
1613 981 1715 1016 Spiritu

929 1028 1017 1050 autem
1030 1028 1124 1051 saneto
1141 1033 1147 1050 :
1163 1028 1190 1051 ut
1214 1032 1275 1051 cum
1300 1023 1399 1051 Paulus
1418 1024 1602 1060 intelligentia:
1621 1026 1716 1060 plenus

930 1068 1061 1103 Spiritum
1077 1069 1123 1096 Dei
1139 1074 1165 1096 et
1181 1069 1270 1096 Patris
1287 1071 1323 1096 ita
1344 1069 1431 1097 eidem
1442 1069 1496 1105 (60)
1509 1079 1568 1098 esse
1589 1077 1714 1103 testatur.

929 1114 999 1142 sicut
1015 1114 1093 1142 nobis
1110 1120 1204 1142 noster
1215 1120 1256 1142 est
1272 1115 1403 1150 spiritus;
1423 1121 1449 1144 et
1460 1124 1519 1144 eum
1538 1125 1632 1145 rursus
1648 1119 1715 1146 scri-

928 1160 982 1187 bit:
997 1169 1006 1185 ι
1021 1159 1083 1188 Hmc
1094 1161 1183 1187 omnia
1193 1159 1248 1196 (61)
1258 1166 1385 1195 operatur
1394 1169 1462 1190 unus
1473 1167 1501 1189 et
1510 1163 1578 1189 idem
1589 1164 1714 1198 Spiritus.

928 1205 1048 1233 dividens
1061 1213 1183 1233 seorsum
1202 1207 1355 1241 unicuique,
1375 1211 1453 1241 prout
1469 1208 1534 1236 vult.
1548 1219 1557 1235 ι
1576 1209 1607 1236 Ει
1624 1210 1655 1238 dc
1669 1211 1717 1237 Sa-

927 1251 1026 1286 pientia
1040 1251 1164 1286 quidem:
1177 1251 1314 1278 ntctttndc
1324 1251 1391 1278 Filio
1399 1252 1506 1286 quidem
1519 1261 1715 1282 coiutueniora-

928 1301 970 1324 tus
985 1297 1160 1332 gravissimus
1181 1297 1221 1323 vir
1235 1296 1331 1324 Paulus
1349 1299 1443 1325 scribit
1457 1308 1463 1325 ε
1480 1307 1487 1324 ι
1509 1299 1644 1327 Christum
1657 1301 1713 1336 (σε)

926 1342 972 1369 Dei
983 1341 1037 1377 (65)
1048 1342 1181 1370 virtutem.
1191 1347 1217 1368 ct
1227 1343 1456 1376 Deisapientiam;
1470 1354 1478 1369 ι
1491 1349 1530 1371 et:
1542 1344 1647 1379 tluquo
1657 1346 1713 1381 (64)

925 1387 1005 1422 373
1022 1392 1084 1414 sunt
1107 1394 1201 1413 omnes
1232 1387 1351 1413 thesauri
1379 1387 1530 1421 sapientia,
1546 1392 1573 1415 et.
1595 1389 1715 1416 scicntia

89 1435 263 1470 ιμιγαλύνθη
286 1437 321 1463 τὰ
342 1436 410 1471 ἔργα
430 1444 486 1468 σου,
513 1435 617 1471 Κύριεί
638 1436 730 1462 Πάντα
751 1436 778 1462 ὲν
799 1435 874 1470 σοφίᾳ

931 1432 1090 1459 absconditi.
1106 1441 1116 1457 ι
1150 1432 1183 1458 Et
1205 1431 1288 1459 David
1311 1432 1400 1466 psallit
1425 1441 1432 1459 :
1451 1441 1460 1458 ι
1479 1432 1564 1465 Quam
1592 1435 1715 1468 magnifi-

89 1481 256 1516 ἐποίησας.)
284 1482 339 1508 Καὶ
370 1482 407 1514 ὡς
435 1482 547 1513 Ἡσαῑας
585 1481 766 1516 προφητεύει·
795 1489 804 1506 ι
823 1481 877 1507 Καὶ

88 1526 171 1558 αὐτὸς
189 1526 272 1561 σοφὸς
287 1524 355 1562 ἦγεν
376 1526 418 1553 ἐπ’
435 1527 532 1558 αὐτοὺς
557 1526 662 1554 κακά.»
684 1527 752 1562 Περὶ
776 1526 804 1552 δὲ
829 1526 876 1553 τοῦ

88 1572 168 1606 ἁγίου
196 1572 368 1606 Πνεύματος,
395 1571 432 1603 ὼς
462 1572 526 1598 ὃταν
559 1571 670 1603 Ἡσαΐας
696 1570 874 1607 προςητεύῃ*

92 1626 100 1642 ι
117 1615 231 1651 Πνεῦμα
250 1616 297 1642 τοῦ
319 1614 397 1648 Θεοῦ,
415 1616 527 1651 Πνεῦμα
551 1616 646 1650 σοφίας
663 1616 713 1643 καί
728 1617 874 1648 συνέσεως,

89 1661 202 1696 Πνεῦμα
230 1661 326 1697 βουλῆς
351 1662 397 1688 καὶ
421 1661 522 1696 ίσχύος,
548 1661 659 1697 Πνεῦμα
684 1661 810 1696 γνώσεως
828 1662 875 1689 καὶ

89 1706 261 1739 εὐσεϐείας.»
291 1708 358 1742 Περὶ
384 1707 413 1733 δὲ
442 1707 596 1742 ἀφθαρσίας
631 1707 677 1733 καὶ
707 1707 873 1741 ἀθανασίας,

88 1751 250 1788 προείρηται
273 1751 321 1786 μὲν
344 1751 410 1786 ἤδη,
435 1751 466 1778 οὐ
491 1751 582 1786 μέντοι
612 1751 711 1778 ἄτοπον
737 1752 783 1778 καὶ
807 1752 875 1779 ἄλλα

89 1795 276 1832 παραθέσοαι·
304 1795 342 1827 ὼς
366 1795 461 1831 ἡνίκα,
487 1796 551 1831 περὶ
578 1795 627 1831 μὲν
655 1795 701 1822 τοῦ
727 1796 873 1832 ψυχοδότου

87 1840 269 1876 Μονογενοῦς,
289 1837 320 1867 οῦ
337 1841 367 1867 τὸ
381 1841 468 1876 δμμα,
487 1842 533 1868 καὶ
550 1843 566 1877 ή
592 1841 671 1878 ἀκοὴ,
693 1843 741 1869 καὶ
760 1843 776 1878 ἡ
800 1842 872 1878 δίκη,

88 1888 136 1914 καὶ
163 1887 180 1922 ἡ
209 1887 398 1922 φιλανθρωπία
442 1887 580 1923 πανταχοῦ
612 1888 762 1924 ἐφέστηκε,
793 1888 874 1915 Δαυτδ

89 1933 216 1968 μελῳδεῖ·
234 1942 243 1958 ι
255 1932 292 1958 Σὺ
309 1934 323 1959 ὁ
341 1933 421 1964 αὐτὸς
435 1931 469 1966 εἷ,
487 1934 534 1960 καὶ
550 1933 584 1960 τὰ
599 1933 646 1969 ἔτη
661 1942 707 1961 σου
721 1934 771 1961 οὐκ
787 1934 874 1961 ἐκλει-

86 1978 197 2014 ψουσιν·
210 1988 219 2004 ι
239 1978 296 2010 καὶ,
316 1987 324 2004 ι
340 1979 387 2010 Εἰς
408 1979 453 2005 τὸν
475 1979 572 2011 αἰῶνα,
585 1979 681 2015 Κύριε,
699 1981 713 2006 ὁ
731 1980 808 2014 λόγος
825 1988 872 2007 σου

86 2024 211 2057 διαμένει
234 2025 262 2050 ὲν
283 2024 321 2060 τῷ
337 2024 453 2060 οὐρανῷ.
467 2035 477 2050 ι
502 2025 570 2060 Περὶ
584 2025 613 2052 δὲ
628 2025 675 2052 τοῦ
691 2025 768 2060 ἁγίου
789 2025 874 2052 Ilvati-

88 2079 184 2106 ματος,
197 2070 244 2097 τοῦ
263 2070 296 2097 τὰ
312 2070 456 2105 σύμπαντα
470 2071 625 2106 τρέφοντος,
640 2071 686 2098 καὶ
703 2071 791 2103 θείαις
802 2071 874 2098 ἀκτῖ-

88 2125 114 2143 ει
131 2116 366 2152 καταλάμποντος,
381 2117 428 2142 καὶ
443 2116 494 2148 ἕως
510 2117 558 2143 καὶ
581 2117 628 2143 ἐπὶ
647 2117 710 2149 τοὺς
729 2116 873 2143 ἀπολειπο-

123 2240 182 2301 (5i)
202 2235 306 2268 Verum.
321 2241 423 2273 Codex,
438 2240 546 2276 ἄληθες,
561 2241 785 2276 proparoxytone.
804 2239 871 2268 \‘idc

123 2284 148 2302 ε.
180 2275 223 2302 61.
241 2281 295 2302 nut.
318 2276 361 2302 15.

105 2283 148 2306 ag.
163 2281 223 2306 16].
241 2281 295 2302 ltul.
318 2281 361 2302 1.).

87 2284 148 2311 pag.
163 2284 223 2306 tot.
241 2284 295 2302 ltut.
318 2284 361 2302 lo.

124 2310 180 2344 (53)
201 2311 262 2337 ιιιιι.
281 2309 383 2341 Codex.
410 2311 438 2345 ὴ.
468 2309 688 2346 [ιρεοιιιΙιιιιιλνθι
715 2307 742 2346 ᾖ.
768 2310 793 2337 id
818 2314 869 2342 est.

90 2354 100 2370 ι
118 2353 169 2405 qltla
187 2350 300 2377 ratione.
313 2347 473 2380 quomodo:
488 2354 497 2370 ›
515 2345 556 2372 vel
571 2345 599 2379 ἡ.
615 2344 642 2371 id
657 2349 707 2376 est,
717 2344 734 2370 ἰ
747 2350 802 2377 attt,
816 2354 825 2370 i
841 2349 871 2372 ut

90 2384 114 2405 ct
140 2386 200 2405 eeo.

88 2384 114 2406 el
131 2384 200 2412 tego.

124 2414 180 2448 (54)
198 2414 250 2446 Qui
266 2415 389 2442 extendit.
407 2413 457 2440 Job
474 2421 510 2443 Ix.
527 2414 553 2441 8.

135 2449 187 2481 55)
205 2449 296 2476 Verum
316 2449 408 2476 Deum.
427 2449 473 2483 Ep.
492 2448 589 2475 Huan.
606 2455 632 2478 ν,
649 2448 693 2476 20.

135 2453 187 2481 65)
205 2453 296 2476 Verum
316 2453 408 2476 Deum.
427 2453 473 2483 Ep.
492 2453 589 2475 Hoan.
606 2455 632 2478 ν,
649 2453 693 2476 Ξιι,

123 2453 363 2545 Ξὸϐἐϐυηίφειιίιιιιη
373 2483 551 2510 DeumJoan.
570 2491 586 2514 t,
607 2483 649 2510 i8.
668 2483 732 2510 Vide
750 2488 805 2510 nol.
825 2483 870 2516 15,

106 2525 148 2552 ag.
167 2525 208 2545 lli.

87 2526 148 2553 pag.
167 2526 208 2545 tu.

123 2553 179 2588 (57)
192 2552 288 2588 @4113.
307 2552 385 2588 fers.
400 2553 429 2579 4.

122 2586 178 2622 (58)
199 2587 238 2613 Tu
257 2596 294 2615 ει.
320 2587 390 2614 Psal.
411 2595 511 2618 Lxxxv.
529 2587 545 2614 9
560 2588 616 2622 (seu
635 2587 690 2622 10).
712 2586 764 2614 Sed
786 2587 869 2615 Biblia

86 2622 171 2658 paulo
179 2622 265 2658 aliter.

122 2657 178 2689 (59)
197 2655 281 2683 Unus.
298 2655 365 2683 Vide
381 2660 436 2683 not.
457 2656 501 2685 10,
518 2665 578 2691 pag.
594 2657 655 2683 567.

121 2691 177 2726 (ϋῦ)
196 2691 298 2718 Eidem.
312 2692 411 2723 Codex,
425 2692 503 2718 αὑτό.
518 2692 680 2718 Cum-iunior
691 2692 793 2718 videtur
807 2699 868 2718 sen-

86 2727 179 2758 tentia,
191 2727 219 2761 si)
228 2727 348 2760 legamus
358 2726 442 2761 αὐτῷ.

119 2761 176 2795 (6|)
198 2760 261 2788 ch
275 2763 372 2787 omnia.
391 2761 398 2786 Ι
421 2761 484 2787 Cor.
505 2768 551 2790 xu.
574 2760 614 2787 11.

120 2796 174 2830 (62)
191 2796 331 2822 Christum.
351 2797 358 2822 I
375 2795 436 2821 Cor.
450 2804 470 2824 ι,
487 2796 531 2822 ‘24.

120 2830 177 2866 (63)
199 2831 254 2858 Dei.
279 2831 384 2862 Codex,
410 2830 492 2863 856v,
515 2830 539 2857 id
556 2835 614 2863 est,
639 2841 648 2856 ι
671 2830 762 2857 Dcntn.
781 2839 789 2855 )
812 2830 864 2857 Sed

928 1481 987 1505 cata
1003 1476 1058 1512 (65)
1077 1482 1139 1505 sunt
1150 1485 1231 1512 opera
1245 1482 1300 1510 tua,
1315 1477 1440 1505 Domine!
1451 1478 1546 1506 Omnia
1559 1480 1584 1506 in
1602 1479 1715 1515 Sapien-

929 1523 964 1551 tia
994 1523 1100 1557 fecisti;
1120 1532 1129 1548 ι
1159 1528 1187 1551 et
1214 1529 1243 1551 ut
1266 1523 1349 1551 Isaias
1373 1524 1503 1558 propheta
1534 1525 1636 1559 inquit:
1659 1526 1714 1553 iEt

927 1569 983 1604 ipse
1001 1560 1057 1603 (66)
1065 1568 1181 1604 sapiens
1195 1568 1305 1596 adduxit
1320 1575 1401 1603 super
1416 1575 1462 1596 eos
1479 1569 1558 1597 mala.
1574 1579 1584 1595 ›
1605 1570 1642 1597 De
1651 1570 1713 1605 Spi-

926 1615 980 1642 ritu
999 1619 1088 1641 anlem
1117 1619 1228 1642 sancto:
1247 1620 1277 1643 ut
1293 1614 1445 1643 cumlsaias
1458 1615 1616 1651 prophetat:
1632 1626 1641 1643 ι
1654 1617 1714 1651 Spi-

927 1661 998 1687 ritus
1012 1660 1058 1688 Dei
1074 1659 1142 1695 (67),
1161 1659 1279 1694 Spiritus
1310 1660 1447 1694 sapientia:
1464 1665 1489 1686 et
1519 1660 1711 1696 intelligentiae.

926 1706 1045 1741 Spiritus
1062 1705 1168 1733 consilii
1183 1711 1210 1733 et
1226 1705 1406 1736 fortitudinis,
1423 1705 1541 1740 Spiritus
1558 1707 1676 1734 scicntizc
1685 1712 1712 1734 et

925 1751 1043 1786 pietatis.
1059 1759 1068 1777 ι
1091 1751 1129 1779 De
1143 1751 1397 1784 incorruptibilitate
1419 1760 1492 1783 vero,
1519 1757 1546 1780 ct
1571 1753 1712 1780 immorta»

925 1795 1003 1824 litate
1019 1801 1099 1823 antea
1126 1795 1236 1831 quidem
1265 1796 1366 1823 dictum
1393 1796 1449 1830 jam
1471 1796 1534 1828 fuit,
1551 1804 1602 1823 non
1622 1801 1711 1824 tamen

927 1841 1077 1869 absurdum
1092 1842 1144 1868 crit
1159 1841 1210 1868 alia
1229 1841 1310 1868 etiam
1323 1848 1479 1876 apponere:
1497 1846 1526 1868 ut
1539 1849 1600 1868 cum
1623 1842 1656 1868 de
1671 1842 1711 1868 vi-

925 1888 1050 1914 viﬁcante
1068 1887 1211 1922 Unigcnilo
1226 1886 1292 1922 (68),
1303 1886 1380 1921 cujus
1395 1886 1500 1918 oculus,
1515 1891 1541 1913 ct
1556 1886 1710 1920 antlitns,et

923 1933 1039 1968 iustitia,
1052 1938 1080 1960 et
1092 1933 1245 1967 benignitas
1268 1933 1366 1968 ubique
1387 1932 1476 1960 elucet
1494 1939 1526 1959 ac
1541 1937 1639 1964 manet,
1657 1933 1710 1960 Da-

926 1979 968 2006 vid
985 1979 1058 2005 canit
1073 1987 1079 2004 :
1099 1987 1109 2004 ι
1128 1977 1168 2004 Tu
1185 1978 1255 2005 idem
1270 1977 1325 2014 (69)
1340 1985 1380 2011 es,
1396 1982 1423 2005 et
1439 1978 1502 2004 anni
1518 1977 1555 2004 ttti
1570 1985 1622 2004 non
1639 1978 1707 2006 deti-

923 2025 1008 2057 cient;
1021 2033 1029 2049 ι
1041 2029 1081 2051 et:
1094 2032 1103 2049 ι
1115 2023 1143 2051 In
1155 2024 1281 2052 szrculum
1295 2024 1361 2060 (70),
1375 2024 1497 2055 Domine,
1507 2023 1623 2051 Verbum
1635 2029 1708 2052 tuum

926 2075 1067 2106 permanet
1081 2070 1107 2096 in
1123 2070 1202 2097 cmlo.
1217 2079 1225 2095 ι
1243 2070 1279 2097 De
1297 2070 1398 2104 Spiritu
1425 2074 1515 2096 autem
1533 2074 1638 2102 sancto,
1663 2070 1708 2105 qui

924 2115 1013 2144 omnia
1042 2115 1101 2149 alit,
1128 2120 1155 2143 cl
1182 2116 1281 2143 divinis
1306 2117 1388 2144 radiis
1412 2116 1529 2143 illustrat
1568 2123 1599 2143 ac
1620 2116 1661 2144 vel
1682 2117 1708 2144 in

924 2240 1063 2271 mendose,
1088 2247 1147 2266 nam
1164 2245 1190 2266 et
1212 2239 1294 2275 Biblia
1307 2244 1333 2266 et
1348 2238 1476 2274 Didymus
1490 2239 1546 2274 ipse
1561 2247 1630 2275 sat-pe
1643 2240 1706 2268 alibi

924 2276 1024 2302 ltabeut
1044 2274 1123 2305 Θεοῦ,
1139 2275 1164 2301 id
1179 2280 1229 2305 est,
1247 2284 1256 2299 ‹
1277 2274 1332 2301 Dei.
1348 2283 1358 2299 ι

960 2310 1016 2346 (6Δ)
1036 2309 1067 2336 In
1088 2317 1147 2343 quo.
1173 2309 1277 2346 Coloss.
1298 2317 1333 2346 tt._
1351 2309 1376 2335 5.

960 2343 1014 2381 (65)
1032 2345 1117 2381 Quam
1133 2345 1311 2381 magnificum.
1325 2343 1395 2381 i‘sal.
1415 2349 1473 2375 cut.
1487 2344 1522 2372 25
1540 2345 1597 2380 (seu
1612 2345 1669 2381 οι).

960 2379 1014 2411 (66)
1034 2379 1067 2405 Et
1082 2381 1143 2411 ipse.
1164 2379 1213 2405 lsa.
1231 2386 1306 2410 xui,
1322 2379 1350 2407 2.

958 2414 1014 2450 (67)
1024 2414 1136 2450 Spiritus
1144 2413 1200 2441 Dei.
1220 2413 1269 2441 lsa.
1284 2413 1461 2450 καλὼ-αισα
1474 2413 1556 2441 editio
1573 2422 1622 2449 pro
1638 2415 1706 2443 Θεοῦ

924 2448 1004 2476 habet
1018 2448 1133 2484 Κυρίου,
1149 2450 1175 2475 id
1188 2454 1239 2484 est,
1256 2457 1265 2474 ι
1281 2449 1395 2484 Domini.
1407 2457 1416 2474 ι

959 2484 1016 2518 (68)
1037 2483 1188 2520 Υἱυίβςιιιιιε
1211 2483 1357 2517 Uuigenilo.
1383 2483 1411 2510 In
1427 2483 1531 2520 Graeco.
1547 2484 1704 2520 ψυχοδὸτου,

923 2518 948 2546 id
970 2523 1022 2548 est.
1039 2518 1231 2553 ψυχοδοτῆρος,
1249 2526 1353 2552 nempe.
1372 2527 1381 2543 ι
1393 2519 1543 2545 animarum
1556 2518 1660 2546 daturis
1676 2528 1703 2548 ιι

922 2559 952 2580 ιιι
966 2553 992 2580 in
1011 2553 1109 2587 Orphei
1132 2553 1230 2587 hymno
1245 2561 1318 2583 vat,
1339 2553 1481 2586 ὀλόοόότης
1495 2558 1536 2580 est
1553 2563 1562 2578 ι
1577 2555 1705 2587 ιιει-ιιιιίςι.

922 2596 980 2614 rutn
1007 2589 1085 2615 dator
1101 2595 1107 2612 ε
1124 2596 1133 2612 ι
1151 2593 1175 2614 et
1198 2588 1297 2622 hymno
1318 2595 1373 2614 xvtt
1391 2594 1399 2612 :
1415 2587 1594 2622 πλουτοδότης
1613 2597 1622 2613 ι
1635 2589 1704 2615 divi-

922 2623 1018 2649 tiarum
1040 2623 1136 2649 dator:
1155 2631 1164 2647 ι
1183 2628 1210 2648 et
1233 2622 1360 2655 Didymus
1379 2623 1447 2656 ipe.
1471 2630 1532 2656 pag.
1562 2623 1622 2653 195,
1640 2624 1699 2649 ait:

921 2657 1079 2692 παντοδότῃ.
1106 2657 1188 2692 Porro
1206 2659 1329 2683 eumdem
1351 2657 1458 2683 Christo
1478 2657 1585 2692 titulum
1608 2658 1701 2684 Irihuit

920 2691 1081 2718 Prudentius
1103 2692 1128 2717 in
1153 2691 1362 2725 Hnnuu'tigettin.
1377 2699 1454 2717 versu
1475 2691 1535 2722 951,
1553 2691 1598 2724 qui
1616 2699 1654 2718 Sic
1672 2699 1701 2717 se

921 2727 1000 2752 habet
1017 2734 1024 2751 :
1044 2735 1053 2751 ι
1064 2726 1085 2753 0
1099 2726 1151 2752 Dee
1172 2727 1372 2759 cunctiparens,
1395 2725 1492 2752 anima:
1515 2727 1603 2757 dator,
1617 2734 1632 2752 υ
1647 2727 1700 2754 Dee

919 2761 1034 2788 Christe.
1052 2770 1061 2785 ι
1077 2761 1194 2794 Respicit
1212 2766 1300 2787 autem
1319 2761 1386 2786 Gen.
1403 2767 1434 2790 tt,
1453 2759 1478 2786 7.

954 2795 1009 2829 (69)
1024 2794 1067 2824 Tit_
1077 2796 1156 2822 idem.
1173 2795 1242 2822 l’sal.
1257 2803 1293 2824 ει.
1310 2796 1354 2821 ‘28.

952 2828 1009 2864 (in)
1025 2829 1057 2856 In
1071 2832 1205 2858 sa'rulztm.
1225 2830 1294 2857 l’sal.
1316 2837 1409 2862 (runt,
1423 2828 1468 2856 89.
