1925 3063
177 73 229 100 8Ἱὸ

796 73 913 102 ιηῡγΜι
932 74 1164 102 ALEXANDRINI

1747 72 1796 99 876

176 138 215 160 est
225 131 280 167 (89)
296 132 360 159 mihi
374 131 461 158 omnis
472 135 589 166 potestas
600 131 625 158 in
638 132 717 163 ccelo.
728 138 755 160 et
770 134 796 160 in
811 139 897 166 terra;
920 143 928 159 ι
941 141 952 161 c

1021 143 1030 159 ι
1050 134 1143 169 Ἐδόθη
1162 143 1207 169 μοι
1224 135 1296 161 πᾶσα
1305 134 1412 167 ἐξουσία
1421 135 1449 161 ἐν
1466 132 1572 169 οὐρανῷ
1591 132 1637 159 καὶ
1652 132 1698 159 ἐπὶ
1706 132 1769 167 γῆς·
1786 142 1792 157 ι

176 179 258 205 verba
285 177 412 204 Davidis:
428 176 560 204 «Postula
588 177 644 212 (90)
663 187 676 205 a
701 186 756 212 me,
784 184 811 206 et.
835 179 903 206 dabo
917 179 962 206 tibi

175 229 269 256 gentes
287 223 470 250 hmreditatem
486 227 571 253 tuam,
596 228 622 249 et
636 228 795 257 potestatem
818 228 891 250 tuatn
911 228 964 250 ter-

176 269 264 295 minos
282 273 378 301 terrm;
399 276 408 293 »
424 272 451 294 et
465 267 517 295 alia
534 268 574 295 his
599 268 707 302 similia,
735 269 895 296 iucﬂ‘abilem
922 269 963 296 ln-

175 313 361 341 rarnationem
375 314 458 349 376
471 314 609 341 denotant.
627 315 693 341 Rem
713 320 803 342 autem
828 315 865 342 ita
877 322 907 343 se
918 316 964 342 ha-

176 360 239 386 bere
255 365 357 386 eertum
377 365 429 392 est,
449 359 530 394 idque
546 365 621 387 extra
632 360 844 388 controversiam
861 365 962 394 ponunt

175 405 254 431 verba
270 405 336 436 htec.
353 412 412 439 qua:
439 405 530 432 statim
544 405 727 440 adjnngnntur
744 414 750 432 :
772 415 780 431 ι
795 403 861 438 Quia
877 405 961 432 Filius

174 450 291 477 hominis
320 455 382 484 est;
398 460 407 475 ι
430 455 459 477 nt
492 450 603 484 proinde
638 457 743 483 omnes,
768 451 813 484 qui
828 451 916 477 anima
929 458 961 477 ac

173 503 254 522 sensu
272 495 350 529 plane
364 496 486 522 destituti
502 503 553 521 non
568 495 632 526 sint,
646 495 723 522 nobis
732 501 862 530 cogantur
870 503 959 523 assen-

174 541 230 567 tiri.
247 540 313 567 Nam
331 533 403 567 'cum
432 539 576 567 benevolus
599 544 672 567 esset
696 545 790 568 nostro
813 541 915 576 generi,
932 546 960 568 et

172 586 322 613 \‘olnnlarie
329 585 421 613 factus
429 591 501 613 esset
512 593 616 620 pauper
626 593 718 618 carne,
731 586 958 621 quemadmodum

173 633 267 659 scribit
282 631 381 660 Paulus
398 631 465 667 (9|),
478 637 579 663 utnos,
594 632 640 667 qui
656 632 818 659 omnimodis
845 632 959 667 jacturis

172 683 198 704 et
217 678 410 705 mutationibus
428 684 488 704 cum
503 683 614 712 propter
639 683 716 705 vetus
731 683 881 712 peccatum,
901 684 956 705 tum

172 730 282 759 propter
301 723 421 751 recentia
438 723 546 751 obnoxii
573 731 692 755 eramus.
717 724 775 758 ejus
801 728 958 758 paupertate

171 770 379 800 ditesceretnus,
397 776 512 802 eumque
531 769 609 795 modo
626 769 751 795 omnibus
772 769 830 796 utili
845 776 874 796 se
886 777 957 804 gere-

1014 179 1061 206 καὶ
1077 179 1123 206 τοῦ
1143 180 1224 206 Δαυῗδ
1235 188 1241 194 ·
1262 190 1270 205 ι
1285 180 1398 214 Δῖτησαι
1421 180 1485 213 παρ’
1500 178 1578 213 ἐμοῦ,
1601 177 1649 204 καὶ
1665 176 1742 204 δώσω
1759 185 1796 203 σοι

1013 226 1078 260 ἔθνη
1094 226 1142 261 τὴν
1165 225 1347 261 κληρονομίαν
1367 234 1414 252 σου
1429 225 1492 261 [179
1504 224 1530 260 ὁ]
1551 223 1618 257 ,καὶ
1641 223 1691 259 ’τὴν
1717 223 1796 248 κατά-

1014 271 1105 306 σχεσίν
1122 279 1167 298 σου
1180 271 1214 297 τὰ
1235 270 1339 305 πέρατα
1367 271 1416 305 τῆς
1429 271 1494 305 γῆς·
1509 279 1518 296 ι
1544 270 1592 296 καὶ
1608 269 1657 295 ὅσα
1676 267 1794 300 τοιαῦτα,

1012 317 1060 353 τὴν
1081 318 1221 352 ἄφραστον
1239 316 1393 351 οἰκονομίαν
1414 316 1497 351 δηλοῖ.
1519 315 1574 342 Καὶ
1598 315 1703 350 ἄμαχον
1720 313 1795 340 τοῦτο

1012 363 1092 390 πλέον
1107 364 1187 394 ποιεῖ,
1205 362 1252 389 καὶ
1274 362 1377 394 πάντας
1393 362 1551 396 ἀναγκάζει,
1570 360 1634 392 τούς
1649 369 1681 394 γε
1703 360 1739 395 μὴ
1755 368 1794 385 τε-

1011 408 1079 440 λέως
1092 407 1221 442 ἀψύχους,
1248 407 1419 434 συντίθεσθαι
1436 408 1503 442 ἡμῖν
1523 406 1553 433 τδ
1569 406 1650 437 εὐθὺς
1668 406 1794 440 προσκεῖ-

1012 454 1089 480 σθαι’
1110 454 1193 480 «Ὅτι
1212 454 1274 485 Υἱὸς
1293 453 1438 489 ἀνθρώπου
1462 453 1545 480 ἐστίν.
1558 461 1566 477 ι
1593 451 1723 487 Εὐμενῶς
1742 450 1793 486 γὰρ

1010 499 1079 534 ἔχων
1105 498 1173 533 πρὸς
1198 498 1229 524 τὸ
1254 498 1332 532 γένος
1351 498 1444 532 ἡμῶν,
1467 497 1515 524 καὶ
1538 497 1608 524 ἑκὼν
1635 495 1793 531 πτωχεύσας

1011 544 1102 579 σαρκὶ,
1117 544 1155 575 ὼς
1177 544 1278 579 γράφει
1293 544 1307 569 ὁ
1325 543 1441 576 Παῦλος,
1460 543 1493 570 ἵν’
1511 544 1601 578 ἡμεῖς,
1614 543 1638 568 οἱ
1653 542 1792 573 παντοίαις

1011 589 1121 624 βλάϐαις
1137 590 1184 616 καὶ
1201 588 1372 625 μεταὸολαῖς,
1384 588 1427 615 διά
1442 597 1471 615 τε
1486 589 1535 624 τὴν
1551 588 1668 624 ἀρχαίαν
1685 588 1732 614 καὶ
1745 587 1792 618 τὰς

1010 635 1182 670 προσφάτους
1215 634 1370 670 ἁμαρτίας,
1400 634 1592 669 ὺποκείμενοι,
1622 635 1656 668 τῇ
1690 633 1790 660 ἐκείνου

1008 680 1129 715 πτωχείᾳ
1146 680 1357 715 πλουτήσωμεν·
1373 679 1427 706 καὶ
1435 680 1517 706 πᾶσιν
1533 679 1692 714 προσφόρως
1710 687 1792 713 προσ-

1009 726 1172 761 φερόμενος,
1201 726 1234 761 τῇ
1264 726 1329 760 ἡμῖν
1356 725 1496 760 συντρόφῳ
1524 725 1623 760 ἐχρῆτο
1650 724 1789 759 διαλέκτῳ,

1007 771 1082 802 ὅπως
1104 771 1152 806 τὴν
1174 770 1331 805 οἰκονομίαν
1357 770 1500 805 ωνιῶμεν,
1525 771 1562 805 μὴ
1582 769 1620 804 τῷ
1643 769 1716 804 ὄγκῳ
1743 769 1791 804 τῆς

171 820 222 847 ret,
240 814 355 842 dialeeto
385 814 463 841 nobis
492 814 526 841 ab
547 815 710 842 iueunahilis
730 814 854 841 fatitiliari
867 815 952 841 uteba-

1009 817 1083 848 θείας
1109 805 1347 851 ἀέτοϐαμόούμενοι
1373 816 1510 851 φράσεως.
1532 816 1630 850 Ἤρκει
1663 815 1716 850 γὰρ
1746 815 1790 841 καὶ

172 866 225 894 tur,
241 865 269 886 nt
284 860 499 887 lucarnationem
515 860 739 895 intelligeremos,
760 868 846 895 neque
857 868 906 887 nos
917 861 957 887 di-

169 906 240 933 vina:
257 905 400 933 locutionis
413 905 566 932 sublimitas
581 906 817 940 obstupefaceret;
839 905 879 932 vel
901 906 957 932 sola

169 951 241 979 enim
254 951 382 979 miracula
396 951 464 978 satis
492 951 674 978 ostendebant
697 951 783 985 ipsum
798 958 858 978 esse
874 951 956 978 Deum

170 999 236 1025 initii
253 1003 402 1033 expertem,
434 1005 465 1025 ac
496 998 595 1025 nullius
619 997 842 1032 rgentemfadco
859 1004 886 1025 ut
904 1006 957 1025 mo-

168 1044 243 1071 deste
258 1043 369 1077 loquens
384 1043 465 1070 etiam
481 1042 538 1069 hate
549 1043 650 1069 dixerit
666 1051 672 1069 :
693 1051 702 1068 (
720 1041 816 1077 Vulpes
829 1043 886 1077 agri
900 1043 955 1078 (92)

168 1089 259 1116 foveas
274 1089 384 1121 habent,
407 1092 434 1115 et
458 1087 644 1122 rolucres(95)
663 1087 724 1114 οωιί
756 1087 849 1120 nidos;
871 1087 956 1115 Filius

168 1141 256 1162 autem
271 1134 390 1162 hominis
403 1141 456 1160 non
472 1134 554 1160 habet
572 1133 616 1160 ubi
629 1137 712 1168 caput
732 1133 844 1160 inclinet
859 1132 915 1168 (94)
929 1142 952 1160 τ»

169 1188 218 1208 nec
228 1181 300 1208 enim
317 1179 375 1215 (95)
385 1179 594 1207 decebatrerum
609 1179 731 1206 omnium
750 1179 887 1207 dominum
898 1179 953 1215 (96)

168 1226 269 1260 aliquid
288 1226 314 1253 in
331 1231 403 1252 terra
431 1225 582 1260 possidere,
610 1225 680 1260 quod
705 1224 762 1259 ejus
774 1225 854 1252 veluti
872 1233 952 1260 pecu-
968 1251 970 1254 ι

168 1272 273 1298 Iiariter
302 1271 440 1305 propriutn
467 1275 548 1298 esset.
569 1269 704 1297 Praeterea
732 1278 797 1297 vero
816 1278 876 1298 eum
893 1271 953 1305 qui-

167 1320 239 1350 dem,
256 1317 300 1352 qui
312 1317 386 1344 Deus
401 1322 471 1348 erat,
486 1322 513 1344 et
531 1317 572 1343 cui
597 1317 668 1344 nulla
699 1324 816 1351 unquam
830 1324 892 1344 cum
905 1317 954 1344 lto-

167 1364 283 1391 ntinibns
311 1363 420 1398 querela
437 1367 483 1390 aut
498 1363 634 1390 contentio
648 1362 707 1396 fuit,
727 1362 869 1397 oportebat
884 1369 953 1396 quo-

166 1411 310 1436 dammodo
324 1417 355 1436 ea
372 1409 456 1444 loqui,
470 1417 530 1443 qua:
542 1409 666 1436 humana:
690 1408 837 1436 conditioni
851 1415 951 1436 conve-

166 1455 266 1482 nientia
286 1454 374 1482 forent
400 1461 432 1481 ac
447 1454 568 1482 tnodesta
580 1463 586 1480 :
600 1455 670 1489 quod
681 1454 882 1481 serenissimam
893 1454 951 1488 qui-

166 1501 225 1528 dem
243 1500 338 1534 ipsius,
357 1498 529 1534 maximeque
557 1499 663 1526 beatam
676 1520 683 1531 ,
708 1503 734 1526 et
747 1498 837 1525 onmla
863 1498 950 1526 conti-

166 1551 272 1573 nentem
284 1551 405 1572 naturam
422 1545 488 1572 nihil
503 1544 626 1575 laedebat,
639 1544 714 1571 nobis
726 1551 789 1571 vero
799 1544 925 1578 proderat
941 1555 947 1572 :

165 1599 272 1626 semper
290 1591 363 1618 enim
379 1591 436 1625 ipse
463 1590 573 1625 respicit
589 1597 643 1617 non
660 1590 796 1624 propriam
809 1589 850 1616 sui
863 1590 948 1624 ipsius

165 1637 344 1669 altitudinem,
361 1636 407 1664 sed
423 1636 560 1663 hominum
584 1635 771 1671 abjectionem.
803 1636 948 1670 lpsutumet

164 1690 227 1710 vero
241 1681 305 1709 tnihi
332 1680 537 1716 suifragatorem
554 1680 651 1708 lac/iam
677 1681 733 1708 luec
750 1681 882 1708 dicentem
896 1680 947 1708 Pe—

165 1734 205 1755 tro
217 1736 223 1754 :
240 1728 290 1756 (Ut
299 1727 457 1762 autem(97),
467 1727 565 1762 inquit,
576 1735 628 1754 non
640 1727 852 1755 scandalizemus
860 1727 944 1763 ipsos,

141 1765 143 1768 i
165 1776 230 1802 \‘ade
247 1776 272 1802 in
293 1781 377 1807 mare,
394 1774 511 1808 etjaeito
526 1775 645 1805 hamum,
660 1777 688 1800 et
698 1781 758 1800 eum
775 1773 886 1808 piscem,
898 1774 944 1808 qui

162 1821 264 1855 primtts
275 1821 437 1853 ascenderit,
451 1820 525 1852 tolle,
538 1823 565 1847 et
579 1825 672 1854 aperto
682 1826 730 1846 ore
743 1819 810 1853 ejus,
825 1819 946 1846 invenies

162 1873 288 1895 staterem
303 1878 309 1895 :
326 1873 352 1895 et
369 1867 424 1902 (98)
443 1867 514 1893 illutn
537 1873 656 1898 sumens,
687 1867 720 1893 da
738 1866 778 1893 eis
790 1873 838 1900 pro
851 1873 903 1897 me,
917 1869 945 1893 et

163 1920 197 1941 te.
210 1924 220 1940 ι
238 1913 379 1941 llontinem
408 1920 471 1940 vero
489 1912 544 1948 (99)
568 1919 599 1939 ea
624 1913 704 1939 verba
724 1919 865 1946 usurpare,
884 1918 942 1946 qua:

1009 862 1076 898 μόνα
1090 862 1124 889 τὰ
1139 861 1267 896 θαύματα
1280 861 1418 896 ἐκφαίνειν
1434 861 1484 896 τὴν
1499 860 1615 896 ἄναρχον
1630 860 1677 887 καὶ
1690 862 1790 895 ἀπροσ-

1005 908 1053 943 δεῆ
1073 907 1155 935 αὑτοῦ
1176 907 1306 943 Θεότητα·
1325 907 1363 939 ὡς
1386 906 1564 943 μετριάζοντα
1583 907 1629 933 καὶ
1648 906 1728 933 τοῦτο
1747 905 1789 933 λέ-

1005 962 1078 988 γειν·
1098 954 1153 980 (Al.
1180 952 1321 984 ἀλώπεκες
1343 952 1389 979 τοῦ
1423 952 1507 988 ἀγροῦ
1528 952 1647 986 φωλεοὺς
1673 952 1788 987 ἔχουσιν,

1006 1000 1053 1027 καὶ
1070 1000 1103 1026 τὰ
1131 999 1237 1034 πετηνά
1259 999 1306 1026 τοῦ
1333 999 1448 1033 οὐρανοῦ
1472 998 1707 1034 κατασκηνώσεις·
1724 999 1737 1024 ὁ
1761 999 1789 1025 δὲ

1006 1046 1069 1077 Υἱὸς
1084 1045 1131 1072 τοῦ
1147 1044 1289 1081 ἀνθρώπου
1310 1045 1360 1071 οὐκ
1377 1044 1433 1079 ἔχει
1448 1039 1499 1070 ima
1522 1044 1570 1080 τὴν
1591 1043 1709 1079 κεφαλὴν
1733 1044 1788 1070 κλῖ-

1005 1100 1079 1119 ναι.›
1097 1092 1133 1118 Οὐ
1158 1091 1212 1126 γὲιρ
1236 1091 1289 1118 ἔδει
1312 1091 1357 1117 τὸν
1386 1091 1524 1126 Δεσπότην
1547 1089 1645 1122 ἰδιάζον
1669 1098 1726 1121 πως
1743 1089 1787 1115 ἐπ)

1004 1135 1056 1170 γῆς
1069 1144 1094 1162 τι
1112 1135 1272 1170 κεκτῆσθαι.
1287 1136 1342 1161 Καὶ
1354 1135 1441 1166 ἄλλως
1455 1135 1483 1162 δέ
1503 1144 1562 1167 πως
1580 1134 1625 1161 τὺν
1641 1134 1706 1161 Θεὸν
1728 1134 1786 1168 μὲν,

1003 1178 1025 1215 ᾧ
1043 1181 1154 1214 ἔνδειξις
1170 1182 1217 1208 καὶ
1233 1181 1289 1217 ἔρις
1311 1182 1379 1217 πρὸς
1399 1181 1558 1216 ἀνθρώπους
1575 1181 1700 1207 οὐδέποτε
1716 1180 1787 1207 οῦδε-

1006 1227 1064 1263 μία,
1088 1227 1309 1263 ἁνθρωποπρεπῆ
1335 1227 1382 1254 καὶ
1411 1227 1592 1262 μετριόφρονα
1622 1225 1786 1260 φθέγξασθαι

1004 1273 1130 1308 χρειῶδες
1147 1271 1192 1308 ἦν,
1214 1273 1262 1299 καὶ
1276 1272 1352 1299 οὐδὲν
1369 1273 1418 1308 μὲν
1438 1272 1486 1308 τὴν
1505 1272 1690 1307 γαληνοτάτην
1704 1270 1785 1297 αὑτοῦ

1003 1319 1050 1345 καὶ
1073 1319 1161 1346 πάντα
1187 1318 1371 1354 περιέχουσαν
1390 1317 1470 1353 φύσιν
1493 1314 1691 1350 καταϐλάπτον,
1713 1318 1785 1353 ἡμᾶς

1001 1363 1030 1390 δὲ
1057 1364 1227 1400 εὐεργετοῦν.
1250 1364 1316 1399 Ὁρᾷ
1340 1364 1393 1399 γὰρ
1416 1364 1459 1390 ἀεὶ
1484 1364 1515 1390 οὺ
1543 1363 1611 1399 πρὸς
1637 1363 1667 1390 τὸ
1689 1364 1785 1389 οἰκεῖον

1002 1409 1080 1444 ὕψος,
1097 1410 1165 1445 πρὸς
1181 1410 1209 1436 δὲ
1224 1409 1254 1436 τὸ
1267 1408 1417 1444 ἀνθρώπων
1431 1409 1568 1436 ταπεινόν.
1582 1408 1667 1435 Αὑτὸν
1682 1408 1709 1434 δὲ
1724 1408 1785 1434 συλ-

1001 1455 1124 1490 λήπτορα
1154 1456 1319 1489 ποιήσομαι,
1343 1453 1454 1488 λέγοντα
1480 1454 1588 1489 Πέτρῳ·
1612 1463 1621 1479 ι
1637 1454 1693 1480 Ἵνα
1719 1453 1781 1484 δὲ,›

1029 1481 1034 1490 .
1089 1481 1095 1490 .
1211 1481 1216 1489 .
1253 1481 1260 1489 .
1314 1481 1319 1486 ι
1378 1481 1384 1488 .
1537 1481 1543 1489 .
1560 1481 1566 1488 .
1753 1481 1757 1484 .

965 1481 986 1509 c
1002 1501 1079 1536 φησὶ,
1105 1509 1114 1525 ‹
1129 1499 1166 1535 μὴ
1189 1499 1412 1534 σκανδαλίσωμεν
1438 1499 1553 1531 αὐτοὺς,
1578 1499 1717 1534 πορευῢεὶς
1745 1500 1783 1530 εἰς

1002 1545 1149 1576 θάλασσαν,
1171 1545 1235 1579 βάλε
1257 1545 1415 1579 ἄγκιστρον,
1441 1545 1487 1571 καὶ
1515 1544 1576 1580 [180
1595 1544 1622 1580 (1]
1644 1544 1690 1571 τὸν
1716 1545 1782 1571 ἀνα-

1000 1591 1085 1618 ϐάντα
1109 1591 1215 1624 πρῶτον
1244 1590 1318 1625 ἰχθὺν
1344 1588 1426 1626 ἆρον’
1449 1591 1497 1616 καὶ
1520 1590 1627 1622 ἀνοίξας
1646 1590 1675 1616 τὸ
1697 1590 1783 1624 στόμα

999 1635 1092 1667 αὑτοῦ,
1112 1636 1238 1670 εὑρήσεις
1259 1635 1394 1670 στατῆρα·
1415 1635 1460 1661 καὶ
1486 1636 1589 1661 ἐκεῖνον
1615 1634 1714 1666 λαϐὼν,
1739 1634 1783 1666 δὸς

998 1681 1090 1712 αὐτοῖς
1104 1680 1165 1706 ἀντὶ
1181 1679 1247 1715 ἐμοῦ
1268 1680 1316 1706 καὶ
1331 1679 1389 1705 σοῦ.
1401 1689 1410 1705 ι
1433 1678 1592 1714 ΙἈνῦρωπον
1609 1679 1637 1704 δὲ
1655 1679 1714 1714 Θεῷ
1734 1680 1784 1714 ἁρ-

1001 1727 1117 1763 μόζοντα
1139 1727 1249 1763 ῥήματα
1269 1726 1394 1761 ἀφιέναι,
1415 1726 1445 1753 οὺ
1470 1725 1562 1760 Οέμις·
1578 1726 1640 1752 ἐπεὶ
1662 1725 1708 1751 καὶ
1734 1726 1782 1760 βα-

1000 1773 1068 1799 σιἏεῖ
1098 1773 1138 1799 ὃτι
1167 1771 1283 1807 μάλιστα
1315 1772 1414 1807 πρέπει
1445 1771 1641 1807 μετριολογεῖν·
1672 1771 1782 1806 μείζονα.

997 1818 1051 1854 γὰρ
1064 1819 1096 1845 ἐκ
1109 1818 1202 1844 τούτου
1218 1818 1370 1854 καρποῦται
1390 1818 1478 1851 δόξαν,
1493 1817 1540 1844 καὶ
1554 1819 1595 1849 εἰς
1610 1818 1694 1854 αὐτὴν
1717 1818 1782 1844 ἀνα-

997 1865 1110 1900 φέρεται
1125 1865 1173 1900 τῆς
1195 1865 1276 1899 τιμῆς
1297 1864 1346 1898 τὴν
1365 1864 1505 1899 κορυφήν
1524 1863 1636 1899 ὑπηκόῳ
1656 1863 1684 1890 δὲ
1704 1863 1782 1898 βασι-

996 1910 1073 1942 λικὰς
1092 1911 1183 1945 φωνὰς
1201 1911 1339 1946 ἐκφέρειν,
1359 1909 1528 1945 ἀσύμφορον.

163 1963 216 1990 Deo
240 1962 411 1993 conveniunt,
440 1961 515 1988 nefas
538 1966 598 1988 est:
620 1968 681 1987 nam
715 1967 804 1995 regem
834 1966 943 1994 quoque
963 1966 1043 1994 quam
1065 1960 1181 1986 maxime
1198 1959 1275 1986 decet
1293 1958 1413 1985 modeste
1438 1957 1530 1992 loqui;
1564 1957 1694 1992 majorem
1708 1956 1780 1983 enim

161 2018 193 2037 ex
210 2010 259 2037 hoc
271 2008 383 2044 percipit
396 2008 519 2043 gloriam,
540 2014 620 2042 atque
633 2008 682 2034 hac
696 2007 800 2034 ratione
814 2006 946 2042 ad'ipsutn
958 2005 1039 2041 377
1056 2006 1166 2033 honoris
1178 2006 1281 2040 apicem
1297 2003 1453 2031 extollitur:
1473 2008 1516 2030 ast
1548 2003 1585 2036 ei,
1618 2003 1662 2037 qui
1684 2004 1782 2031 subdi-

162 2059 204 2081 tus
220 2055 263 2086 sit,
280 2061 371 2089 regum
389 2060 463 2080 more
478 2053 549 2087 loqui
569 2052 768 2079 ineondueibile
782 2056 834 2078 est.

196 2099 287 2134 Itaque
300 2097 528 2132 cumﬁltissimus
541 2097 619 2129 (oret,
631 2105 662 2124 ac
676 2097 721 2123 Dei
732 2096 847 2123 Verbum
861 2095 942 2123 verba
960 2097 981 2124 D

160 2147 251 2172 omnia
282 2144 489 2180 snpergrediens
523 2143 657 2174 Christus,
683 2143 770 2169 locum
807 2142 943 2168 habebant

161 2192 270 2218 humilia
290 2191 374 2224 ipsius
391 2189 474 2216 dicta.
490 2190 524 2216 At
540 2193 645 2221 contra,
661 2188 683 2215 si
702 2193 826 2215 creatura
841 2187 863 2214 is
877 2186 943 2213 fuis-

161 2242 216 2267 set.
237 2237 322 2263 locum
338 2243 390 2263 non
406 2235 564 2262 habuissent
588 2242 647 2269 qua:
663 2234 822 2267 loquebatur
835 2232 942 2259 excelsa

161 2287 242 2316 atque
264 2282 400 2309 sublimia.
427 2280 567 2314 Quomodo
588 2280 658 2308 cnim
683 2279 741 2307 lieri
767 2282 883 2313 poterat,
914 2282 942 2304 nt

161 2327 244 2353 γίιίιιιι
264 2327 399 2361 acciperet
419 2326 485 2358 rita,
502 2330 548 2352 aut
575 2330 735 2360 potestatem
750 2323 886 2358 acciperet
897 2322 941 2350 ille

196 2426 251 2461 (89)
267 2426 333 2453 Data
352 2431 399 2453 est.
413 2426 506 2453 ll-latth.
522 2433 616 2457 xxrtn,
632 2424 673 2452 i8.

196 2463 252 2497 (90)
266 2461 386 2497 Postulo.
398 2461 469 2497 i’sal.
485 2469 514 2493 tt,
529 2469 597 2488 reus.
611 2461 637 2488 8.

197 2495 254 2530 (9i)
268 2496 379 2523 Paulus.
398 2495 417 2523 Il
435 2496 496 2523 (lor.
510 2504 568 2527 \llt,
583 2497 610 2522 9.

194 2527 250 2567 (92)
275 2531 368 2567 Vulpes
384 2531 452 2566 agri.
472 2531 565 2557 Matth.
581 2538 638 2562 \‘lll,
651 2530 733 2567 ‘20,el
747 2529 871 2567 Luc.__tx,

159 2563 228 2599 Vox,
241 2563 339 2602 άγροῦ,
361 2567 386 2593 id
401 2563 460 2597 ~est,
477 2575 486 2591 ι
500 2567 587 2601 agri,»
606 2568 681 2592 deest
704 2566 731 2591 in
749 2565 875 2591 omnibus
895 2563 940 2589 Bt-

159 2604 274 2629 bliotum
288 2601 461 2628 editionibus.

193 2648 249 2684 (93)
269 2647 401 2675 Volucrel.
416 2648 514 2679 Codex,
530 2646 632 2681 πετηνά
647 2654 692 2680 pro
708 2643 826 2671 πετεινά.

195 2694 251 2728 (9i)
268 2693 389 2721 Inclinat.
402 2693 493 2721 Grmca
511 2693 603 2724 editio,
618 2691 696 2728 κλίνῃ
716 2699 764 2726 pro
791 2691 888 2717 κλῖναι.

194 2739 250 2773 (95)
266 2738 320 2765 Nec
348 2740 425 2766 enim.
451 2738 552 2769 Codex,
577 2737 628 2764 ποῦ
654 2737 718 2772 γάρ.
747 2737 771 2762 id
788 2740 851 2773 est,
867 2735 940 2773 sill-li

157 2771 246 2802 ettinn
257 2783 266 2799 ι
282 2773 362 2808 Lego.
375 2774 404 2800 οὐ
413 2773 477 2808 γάρ.
497 2773 606 2800 Videtur
617 2771 828 2800 eniin'liht‘arius
849 2772 881 2798 ah
895 2771 941 2797 illo

1032 2094 1110 2120 Ὥστε
1133 2091 1226 2127 ἐπειδὴ
1248 2090 1379 2125 "Td/L610;
1404 2088 1455 2125 ἦν,
1478 2090 1525 2116 καὶ
1541 2089 1626 2124 Λόγος
1642 2089 1688 2116 τοῦ
1711 2090 1780 2117 Θεοῦ

996 2139 1096 2170 παντὸς
1124 2138 1203 2172 λόγου
1227 2137 1376 2172 κρείττων,
1394 2135 1485 2171 χώραν
1501 2133 1573 2170 εἶχεν
1598 2135 1632 2162 τὰ
1651 2136 1779 2172 χθαμαλὰ

997 2185 1079 2213 αὑτοῦ
1104 2185 1214 2220 ῥήματα
1225 2191 1232 2198 ’
1247 2183 1272 2208 εἰ
1291 2181 1319 2208 δὲ
1335 2181 1437 2217 κτίσμα
1459 2181 1603 2217 ἐτύγχανε,
1632 2182 1711 2209 πάλιν
1728 2183 1779 2210 οὐκ

994 2228 1065 2265 εἶχεν
1082 2229 1183 2264 χώραν,
1208 2227 1225 2254 ἃ
1240 2227 1388 2262 ἐφθέγγετο
1402 2227 1501 2262 ὑψηλά.
1520 2227 1581 2258 Πῶς
1598 2227 1652 2263 γὰρ
1670 2228 1702 2254 ἂν
1717 2228 1780 2254 ἕλα-

995 2276 1040 2301 εεν
1055 2274 1126 2309 ζωὴν
1137 2275 1154 2309 ἡ
1166 2273 1232 2307 ζωὴ,
1248 2273 1265 2307 ἣ
1277 2272 1399 2304 ἐξουσίαν
1417 2274 1431 2298 ὁ
1449 2273 1518 2299 κατὰ
1541 2272 1653 2300 Ἡσαΐαν
1669 2274 1780 2310 ἰσχυρὸς

995 2323 1041 2349 καὶ
1056 2320 1230 2356 ὲξουσιαστὴς
1244 2320 1320 2352 Θεὸς.
1334 2321 1348 2346 ὁ
1365 2320 1412 2346 καὶ
1426 2321 1482 2352 τοῖς
1499 2320 1644 2347 ἀποθανεῖν
1659 2320 1779 2357 δυναμέο

995 2431 1057 2455 που,
1075 2422 1145 2457 quod
1171 2421 1366 2456 antegreditur,
1382 2421 1510 2456 deceptus
1530 2421 1573 2449 hic
1587 2429 1693 2456 quoque
1707 2422 1777 2450 seri—

993 2458 1078 2493 psisse
1092 2457 1142 2493 1:06
1158 2465 1206 2491 pro
1218 2458 1259 2484 οὐ.

1029 2492 1083 2527 (96)
1102 2490 1198 2519 Rerum
1213 2492 1327 2518 ontuium
1347 2491 1493 2527 dominum.
1516 2490 1544 2516 lu
1560 2491 1652 2519 codice
1664 2497 1721 2526 post
1734 2492 1777 2518 di-

993 2526 1108 2554 ctitmem
1131 2527 1270 2562 Δεσπότην
1289 2526 1458 2562 intervallum
1472 2530 1518 2562 est1
1526 2532 1650 2562 vacuum,
1667 2527 1776 2554 duobus

997 2568 1043 2589 ant
1059 2563 1144 2589 tribus
1159 2559 1295 2589 vocabulis
1309 2561 1446 2595 capiendis
1461 2559 1606 2587 sufﬁciens.
1620 2563 1711 2595 Quare
1724 2569 1776 2589 vo-

997 2605 1053 2629 ces,
1076 2607 1084 2622 t
1098 2605 1185 2623 rerum
1196 2596 1326 2627 onminm,
1338 2605 1346 2622 ι
1358 2596 1390 2622 de
1408 2603 1467 2622 meo
1480 2595 1578 2622 addidi.

1032 2631 1088 2667 (97)
1102 2630 1237 2658 Ulautem.
1251 2631 1425 2667 Mutilum",
1437 2630 1481 2656 27.
1494 2629 1558 2667 Vide
1577 2634 1632 2657 not.
1644 2630 1689 2664 29,
1705 2639 1732 2666 p.
1744 2631 1774 2658 ι.

1031 2665 1087 2700 (98)
1104 2667 1146 2692 It'l.
1167 2666 1244 2693 Deest
1256 2666 1283 2692 in
1297 2665 1391 2700 Bibliis
1405 2666 1576 2700 lueeyocula.

1031 2699 1085 2736 (99)
1109 2700 1245 2727 Hominem
1263 2708 1331 2727 vero.
1351 2699 1449 2736 Vocula
1460 2699 1489 2725 δέ
1505 2699 1547 2727 hic
1566 2701 1710 2734 opponitur
1727 2708 1774 2726 vo-

994 2737 1059 2763 cula:
1072 2736 1108 2762 illi
1126 2735 1184 2770 μέν,
1200 2735 1248 2762 etsi
1266 2735 1356 2768 procul
1378 2735 1480 2768 posine,
1496 2741 1555 2770 qum
1569 2736 1664 2769 legitur
1692 2744 1775 2769 snpc-

994 2772 1048 2799 ritts
1060 2771 1085 2798 in
1101 2767 1142 2799 his
1158 2771 1244 2798 verbis
1262 2778 1268 2796 :
1285 2769 1336 2796 Τὸν
1351 2767 1416 2796 Θεὸν
1429 2770 1485 2805 μὲν,
1501 2767 1523 2804 ᾧ
1539 2767 1658 2802 ἔνδειξις,
1674 2775 1728 2799 cte.
