1925 3063
118 118 169 145 8τῖ

647 116 690 143 DE
711 116 895 144 TRINITATE
916 116 1014 144 LIBER
1035 117 1198 146 1ERTIUS.

1685 122 1737 148 εἶθ

118 185 172 208 νοις
188 175 218 202 re
235 174 284 210 ζῇν
304 175 351 201 καὶ
372 172 443 201 εἶναι
461 174 519 200 κατ’
539 173 663 205 ἐξουσίαν
682 173 750 200 ἰδίαν
769 174 905 208 παρέχων,

962 175 1003 209 qui
1018 175 1093 208 juxta
1106 175 1202 202 Isaiam
1220 175 1258 210 (Ι)
1273 176 1417 209 estfortis,
1438 181 1464 204 et
1488 177 1638 206 dominator
1651 178 1735 206 Deus?

118 224 130 248 ἑ
151 222 248 256 Πέτρῳ
263 221 313 252 τὰς
335 220 408 251 κλεῖς
424 220 474 255 τῆς
496 219 620 254 οὐρανίου
639 219 712 254 ζωῆς
733 219 904 254 ὲγχειρίσας;

123 267 222 302 Ἐῖιϐοᾷ
237 266 292 302 γὰρ
310 267 356 293 καὶ
373 267 387 292 ό
409 265 581 297 Ἀπὸστολος,
600 265 637 297 ὡς
658 274 666 290 ι
688 265 743 300 Οὐχ
758 265 906 300 ἀρπαγμίν

117 314 238 349 ἡγήσατο
249 313 280 339 τὸ
295 310 364 339 εἶναι
381 311 426 338 ἴσα
441 311 499 346 Θεῴ
510 320 516 325 ’
533 321 542 337 ι
558 311 618 337 ἀντὶ
629 311 687 342 τοῦ,
700 311 756 345 Οὐχ
770 311 904 345 ἥρπασεν,

117 360 166 386 οὐκ
186 358 265 385 ἔλαϐε
297 358 328 384 τὸ
345 356 414 384 εἶναι
435 357 493 388 ἴσος
507 356 546 391 τῷ
571 356 631 391 θεῷ
650 356 697 382 καὶ
711 355 807 391 Πατρί.
830 356 861 382 Εἰ
877 355 905 381 δὲ

118 405 172 439 ἄρα
184 403 231 430 καὶ
244 403 283 434 εἰς
299 402 349 438 τὴν
364 402 479 436 Θεὸτητα
492 402 585 436 εἴρητο
601 402 647 428 τοῦ
666 401 743 431 Υίοῦ,
758 401 841 436 ἐχρῆν
855 401 906 427 αὑ-

117 450 181 481 τοὺς
198 448 268 475 οὕτω
282 449 363 481 νοεῖν,
386 448 483 483 ὅτιπερ
495 468 501 476 .
521 447 550 474 ὃν
570 447 668 482 τρόπον
684 446 724 479 τὸ,
746 446 817 481 ἔχειν
834 446 906 481 ζωὴν

116 495 162 520 τὸν
179 494 256 526 Θεὸν,
274 493 305 520 οὐ
325 493 356 519 τὸ
381 493 531 527 κεκτῆσθαι
556 501 582 518 τι
595 492 668 519 -ἆλλο
687 491 800 523 ἑαυτοῦ,
815 491 852 522 ὡς
869 490 905 526 μὴ

119 539 245 574 ἀνάρχως
262 539 409 574 ἐσχηκότα,
427 538 495 564 ἀλλὰ
508 538 537 565 τὸ
553 538 633 565 αὑτὸν
646 535 716 564 εἶναι
734 538 823 567 τοῦτο,
838 537 906 572 ὅπερ

118 585 191 620 ἔχειν
208 584 326 618 λέγεται,
341 583 430 619 δηλοῖ”
445 583 490 609 τὸν
503 583 584 610 αὐτὸν
597 583 709 618 τρόπον,
723 583 754 609 τὸ
769 583 841 618 ἔχειν
857 582 905 608 λα-

117 630 199 657 ϐόντα
215 630 287 665 ζωὴν
308 629 354 656 τὸν
375 629 450 660 Υἱδν,
465 629 515 663 οὺχ
532 629 570 660 ὼς
587 629 624 664 μὴ
644 629 740 664 ἔχοντα
761 629 840 664 φύσει
860 638 907 664 ση-

119 675 219 710 μαίνει.
244 675 275 701 Ἦ
291 675 344 710 γὰρ
360 674 432 706 λέξις
453 675 469 709 ἡ
491 684 499 699 ι
518 674 612 710 ὥσπερ
625 674 691 710 ἔχει.
710 684 719 701 ι
739 675 811 710 καὶή
833 685 841 700 ι
860 675 906 701 οὖ-

116 730 172 752 τως
202 721 297 752 ἔδωκε,
317 730 326 746 ο
344 720 422 746 τοῦτο
435 721 557 755 παριστᾷ
567 728 573 733 ·
588 720 628 746 ὅτι
646 719 732 752 οὕτως
745 720 800 755 ἔχει
814 721 828 746 ὁ
842 721 906 752 Υἱὸς

117 768 166 802 τὴν
183 767 266 802 ζωὴν,
291 766 384 802 ὥσπερ
406 766 462 802 ἔχει
485 766 571 801 αὐτὴν
593 767 624 792 οὐ
642 766 732 793 λαϐὼν
758 767 772 793 ὁ
795 767 904 802 Πατήρ⁵

117 814 164 840 καὶ
181 813 234 849 χρὴ
260 811 420 848 θεοπρεπῶς
447 812 492 838 ἐπί
514 821 544 838 τε
562 811 609 838 τοῦ
638 812 744 848 Πατρὺς
767 813 807 844 τὸ,
833 812 906 848 ἔχειν

118 859 201 895 ζωὴν,
216 859 262 886 καὶ
277 858 309 885 τὸ
325 868 334 884 ι
355 859 383 884 ἐν
398 858 498 893 ἑαυτῷ,
518 867 528 884 ι
543 856 590 884 ἐπί
606 867 634 885 τε
649 858 696 885 τοῦ
710 859 776 886 Υἱοῦ
787 859 818 886 τὸ
835 869 843 885 ι
860 859 904 886 δέ·
922 846 942 872 Β

115 905 204 932 δωκεν
219 904 303 940 αὐτῷ,
321 914 330 931 ι
349 904 396 931 καὶ
416 904 456 937 τὺ,
472 904 542 940 ἔχειν
558 906 586 932 ὲν
597 905 694 940 ἐαυτῷ,
704 905 884 941 ἐκλαμϐάνειν
897 914 904 921 °

118 949 183 985 [180
199 950 225 985 bj
254 950 299 976 καὶ
315 949 413 985 μᾶλλον
430 949 460 975 ἐκ
475 949 522 975 τοῦ
540 949 690 983 ἀναγκαίου
709 949 756 975 τοῦ
774 950 906 985 πράγμα-

116 1004 163 1027 τος
179 996 226 1030 τὴν
240 995 333 1030 θεῖκὴν
347 994 470 1026 ἐξουσίαν
485 994 533 1021 τοῦ
545 995 622 1026 Υἱοῦ,
641 995 687 1022 καὶ
704 995 734 1021 τὺ
749 995 792 1022 ἐπ’
805 995 907 1030 ἀμφοῖν

117 1041 146 1067 ἓν
173 1040 279 1075 Θέλημα
304 1040 406 1075 ἀθρεῖν.
431 1040 482 1066 Ἢν
499 1039 553 1075 γὰρ
579 1040 652 1074 λέγει
678 1040 750 1075 ἔχειν
778 1041 850 1076 ζωὴν
879 1042 907 1068 ἐν

118 1086 207 1121 ἑαυτῷ
228 1086 272 1112 τὸν
292 1086 401 1121 Πατέρα
421 1086 468 1112 καὶ
480 1086 526 1113 τὸν
543 1086 617 1118 Υἱὸν,
634 1087 650 1121 ἡ
675 1086 737 1117 ὲνὰς
758 1086 804 1113 καὶ
821 1087 906 1122 ὑπερ-

118 1132 209 1163 otism;
237 1132 315 1158 οὐσία
347 1131 416 1164 ἐστὶ,
432 1131 479 1158 καὶ
491 1131 540 1166 οὺχ
555 1131 647 1166 ἕτερόν
660 1140 686 1158 τι
702 1132 731 1158 ἐν
743 1131 828 1167 ἑτέρῳ
842 1141 907 1166 τυγ-

119 1178 215 1212 χάνοψ
231 1177 292 1204 ὅθεν
305 1175 381 1203 εἶπεν
391 1185 397 1192 ·
415 1187 424 1202 ι
451 1176 520 1211 Ἐγώ
532 1177 589 1212 ειμι
601 1178 618 1212 ὴ
631 1176 687 1212 ζωή
700 1185 706 1192 ”
727 1188 736 1202 ι
750 1177 788 1208 ὡς
804 1178 850 1204 καὶ
866 1179 908 1204 ἐν-

119 1224 214 1250 τεῦθεν
223 1223 429 1257 ἀναφαίνεσθαι,
439 1223 476 1258 μὴ
489 1223 572 1258 ἀλλην
582 1223 631 1258 τῆς
639 1223 686 1249 τοῦ
695 1224 800 1258 Πατρὸς
815 1224 908 1256 οὐσίας

119 1268 190 1296 εἶναι
202 1269 250 1305 τὴν
264 1269 357 1296 οὐσίαν
373 1269 421 1295 τοῦ
436 1268 511 1295 Υἱοῦ.
525 1270 556 1296 Εἰ
569 1269 622 1305 γὰρ
633 1269 714 1301 αὑτός
729 1270 828 1305 ἐστινὴ
840 1270 906 1305 ζωὴ,

119 1316 169 1351 τὴν
179 1315 207 1342 δὲ
220 1315 305 1352 αὐτὴν
314 1314 371 1350 ἔχει
385 1315 400 1341 ό
409 1315 514 1350 Πατὴρ,
526 1315 552 1341 τί
562 1314 626 1341 ἄλλο
637 1315 803 1350 εὑρίσκεται,
819 1316 834 1350 ἣ
846 1317 908 1350 ὁμο-

119 1362 225 1394 ούσιοςς
239 1362 284 1388 καὶ
300 1361 324 1387 εἰ
340 1360 419 1392 αὑτός
431 1361 504 1387 ἐστιν
515 1361 608 1396 ήζωὴ,
624 1361 692 1392 πῶς,
708 1361 722 1387 ὃ
745 1362 830 1393 ἐστιν,
851 1360 907 1397 εἶχε

119 1408 231 1441 λαϐεῖν;
254 1408 323 1434 Ἀλλ’
349 1408 428 1442 εἰπερ
460 1405 528 1442 εἶχε,
546 1408 628 1443 φησι,
649 1407 708 1438 πῶς
726 1407 836 1440 ἕλαϐεν;
854 1408 910 1434 Καὶ

118 1454 207 1481 ταῦτα
214 1454 370 1489 ληρήματα.
380 1453 434 1479 Καὶ
444 1453 536 1488 ὅμοιος
550 1453 604 1489 γὰρ
613 1453 688 1488 παρὰ
701 1454 794 1489 ὁμοίου
804 1453 910 1489 λαμϐά-

119 1508 173 1531 νει,
182 1499 225 1526 ἵνα
234 1499 271 1535 μὴ
279 1498 409 1534 εἴπωμεν,
422 1499 462 1525 ὃτι
473 1499 520 1525 καὶ
530 1499 628 1534 μείζων
636 1499 691 1526 ἔσθ’
703 1501 746 1526 ὅτε
754 1502 818 1535 παρ’
832 1500 909 1527 ἑλάτ-
923 1511 943 1539 c

119 1554 207 1576 τονος,
220 1545 267 1571 καὶ
282 1546 298 1579 ἠ
312 1545 386 1577 δεξιὰ
400 1545 476 1580 παρὰ
490 1545 539 1580 τῆς
556 1546 717 1581 ἀριστερᾶς·
731 1545 808 1580 ἴσμεν
815 1545 853 1578 δὲ,
868 1547 909 1572 ὅτι

120 1591 169 1618 καί
179 1599 249 1622 τινες
260 1590 289 1623 ἐξ
299 1590 359 1626 ἴσης
368 1590 397 1617 τὸ
406 1592 496 1625 κρῖναι
511 1590 648 1625 λαχόντες,
659 1590 860 1626 παρεχώρησαν
871 1591 909 1626 τῷ

121 1636 163 1662 ἐνὶ
173 1635 228 1662 ἔσθ’
240 1636 283 1662 ὅτε
295 1636 342 1662 καὶ
356 1635 460 1670 μείζονι
471 1635 562 1662 αὐτῶν
576 1635 739 1662 καθεστῶτι·
767 1637 815 1662 καὶ
830 1636 908 1662 εἴωθε

121 1681 266 1715 λέγεσθαι·
288 1681 411 1708 Ἐδωκαν
428 1681 496 1716 τῷδε
513 1681 544 1707 τὸ
567 1681 683 1716 πρᾶγμα
700 1682 771 1716 μόνῳ
789 1681 908 1714 δικάσαι,

121 1728 212 1754 καίτοι
227 1727 313 1762 ἔχοντι
334 1727 420 1762 αὐτῷ,
435 1727 482 1754 καὶ
505 1727 636 1759 πλειόνως
654 1728 744 1760 εἰκὸς,
763 1728 813 1762 τὴν
836 1728 909 1761 ἐξου-

122 1774 195 1800 σίαν.
214 1773 364 1808 Τοιγαροῦν
379 1774 429 1800 οὐκ
447 1772 533 1806 εἶπεν,
552 1774 592 1800 ὅτι
615 1774 647 1799 Ὃ
662 1774 699 1808 μὴ
713 1773 780 1808 ἔχει,
803 1774 908 1804 ἐλαϐεν,

122 1819 192 1846 ἀλλὰ
204 1819 251 1846 καὶ
267 1819 281 1845 ὁ
295 1818 376 1850 αὐτὸς
392 1818 585 1854 εὺαγγελιστὴς
601 1819 691 1853 λέγει·
711 1829 719 1844 ι
740 1819 787 1851 Εἰς
801 1819 835 1845 τὰ
857 1819 909 1845 ἴδια

121 1862 200 1900 ἦλθε,
228 1864 275 1890 καὶ
295 1864 319 1890 οἱ
340 1863 400 1889 ἴδιοι
413 1863 493 1890 αὐτὸν
506 1864 556 1889 οὐκ
573 1863 682 1890 ἐλαϐοψ
701 1864 757 1890 ὅσοι
772 1864 799 1890 δὲ
815 1863 910 1890 ἔλαϐον

123 1909 214 1938 αὐτὸν.
226 1909 324 1935 ἔδωκεν
335 1909 427 1940 αὐτοῖς
439 1908 562 1940 ἐξουσίαν
574 1909 656 1936 τέκνα
669 1909 736 1936 Θεοῦ
748 1909 883 1943 γενέσθαι.
898 1919 907 1936 ι

123 1954 175 1980 Διὰ
198 1954 250 1980 τῶν
282 1954 411 1980 τοιούτων
438 1954 568 1989 ῥημάτων
596 1954 625 1980 οὐ
647 1954 726 1989 μόνον
752 1954 841 1987 δείξας
863 1955 909 1980 τοῦ

124 1999 191 2026 Υἱοῦ
215 1999 281 2026 ἰδίαν
297 1999 346 2034 τὴν
361 2000 460 2032 κτίσιν,
480 1999 537 2026 ἀλλ’
557 2000 598 2026 ὅτι
618 2000 665 2026 καὶ
680 1999 717 2034 τῷ
732 2000 819 2035 Πατρὶ
833 2000 910 2026 δίδω-

125 2054 168 2072 σιν
180 2046 194 2071 ό
205 2046 267 2077 Υἱὸς
279 2047 340 2077 τοὺς
355 2045 544 2081 λαμϐάνοντας
564 2045 655 2078 αὑτὸν,
675 2045 747 2072 τοῦτ’
764 2046 821 2071 ἐστι
848 2046 911 2076 τοὺς

125 2091 319 2123 πιστεύοντας.
334 2091 471 2127 πανταχοῦ
485 2092 637 2127 εὐεργετῶν
651 2091 758 2123 αὐτοὺς,
778 2092 824 2117 καὶ
841 2091 910 2126 λαμ.-

125 2137 257 2168 6ἀνοντας
283 2137 379 2168 αὐτὸν,
404 2138 449 2164 καὶ
466 2137 668 2172 παρεχομένους
692 2137 755 2172 παρ’
777 2136 852 2172 αὐτῷ
872 2137 910 2172 τῷ

957 220 1002 254 qui
1018 220 1099 246 etiam
1116 220 1160 252 iis,
1185 221 1229 254 (ιιιί
1256 221 1323 248 mori
1345 226 1467 255 possunt,
1489 223 1600 257 propria
1621 225 1739 252 aucturi-

963 269 1018 294 Iate
1030 264 1144 299 largitur
1155 271 1183 292 ιιι
1197 265 1288 292 vivant
1301 271 1328 292 et
1342 266 1394 292 sint
1406 266 1416 292 ’Ξ
1428 266 1564 304 ιμιίΡειιο
1577 268 1667 296 claves
1681 277 1738 297 cte-

958 308 1032 335 lestis
1055 308 1116 335 vita:
1147 309 1173 335 in
1197 316 1292 335 manus
1323 309 1448 336 tradidit?
1471 310 1538 337 Nam
1553 317 1580 338 et
1595 312 1739 346 Apostolus

958 354 1090 381 exclamat
1111 364 1116 380 :
1142 364 1151 380 ι
1170 355 1219 387 Qui
1247 362 1300 381 non
1329 356 1449 389 rapinam
1460 356 1498 391 (2)
1515 357 1663 385 arbitr'atus
1695 364 1739 386 est

957 406 986 426 se
999 399 1044 426 ῐσα
1058 399 1128 434 Θεῷ,
1144 409 1153 425 ι
1171 401 1196 426 id
1219 405 1270 433 est,
1286 401 1415 434 mqnalem
1429 401 1493 428 Deo.
1513 401 1587 435 Quod
1602 408 1658 430 est:
1681 403 1738 431 No:

960 445 1059 479 rapuit,
1073 452 1127 472 non
1141 445 1245 480 accepit
1257 450 1285 472 ut
1297 450 1368 473 esset
1384 446 1439 478 τσος
1454 446 1522 481 Θεῷ,
1539 448 1589 475 hoc
1601 453 1641 476 cst
1651 456 1738 483 aequm

955 490 990 518 lis
1005 490 1061 518 Deo
1077 490 1197 518 etPatri.
1216 490 1292 524 Quod
1305 492 1327 518 si
1344 492 1425 518 etiam
1441 493 1473 519 de
1492 493 1552 520 Filii
1574 494 1672 526 deitate
1689 495 1738 522 oh-

954 537 1026 571 jecta
1052 537 1133 564 verba
1159 537 1232 565 dicta
1264 543 1368 570 essent,
1393 543 1529 573 oporteret
1554 540 1593 575 (3)
1618 541 1689 575 ipsos
1703 542 1738 568 ita

957 582 1051 608 cadent
1067 582 1228 617 intelligere,
1252 589 1280 610 ut
1297 584 1521 618 quemadmodum
1536 585 1619 612 Deum
1640 586 1740 614 habere

957 628 1039 654 vitam
1068 635 1120 655 non
1150 629 1296 662 signiﬁcat,
1321 636 1382 656 eum
1401 629 1500 663 aliquid
1516 630 1588 658 aliud
1605 639 1619 657 ιι
1636 638 1665 658 se
1682 632 1740 666 ipso

958 673 1116 700 distinctum
1133 674 1322 708 acquisivisse,
1342 676 1418 710 quasi
1441 676 1504 703 illud
1522 676 1556 704 ah
1572 682 1673 704 :cterno
1686 686 1739 704 non

958 719 1093 752 habuerit,
1115 720 1161 746 sed
1184 720 1330 754 signiﬁcat,
1354 728 1416 748 eum
1441 722 1479 757 (ι)
1505 729 1566 750 esse
1588 723 1639 750 hoc
1652 724 1739 758 ipsum

957 765 1027 798 quod
1042 764 1143 791 habere
1156 764 1272 793 dicitur:
1286 766 1322 793 ita
1340 771 1366 794 et
1377 767 1471 794 eoden.
1488 767 1567 794 tnodo
1583 767 1679 795 Filium
1693 769 1740 796 ha-

958 809 1022 838 bere
1043 810 1123 838 vitam
1136 818 1218 845 quam
1236 812 1382 846 acceperit,
1407 820 1459 840 non
1475 813 1618 848 signiﬁcat,
1635 822 1695 842 eum
1707 823 1740 842 ex

957 861 1054 883 natura
1080 863 1128 883 sua
1155 856 1227 883 illam
1252 865 1304 884 ιιοιι
1325 857 1441 891 habere;
1460 867 1519 885 natu
1536 860 1628 893 verba,
1647 869 1656 886 ι
1671 861 1741 887 sicut

957 902 1047 935 habet,
1063 911 1071 927 ι
1081 907 1118 934 et,
1128 913 1137 928 ι
1152 903 1192 930 sic
1201 903 1300 935 dedit”
1316 905 1468 937 ostenduttt,
1486 905 1520 931 ita
1531 906 1628 933 habere
1643 905 1739 933 Filinnt

958 949 1052 980 vitam,
1069 949 1139 976 sicut
1156 949 1227 976 illam
1243 949 1322 977 habet
1336 949 1425 982 Pater,
1451 951 1496 985 qui
1514 958 1573 978 eam
1602 959 1653 979 non
1668 960 1741 981 acce-

957 994 1005 1029 pit.
1021 994 1060 1021 Ac
1079 1002 1171 1026 sensu,
1188 995 1232 1029 qui
1249 995 1366 1022 divinam
1382 996 1546 1030 majestatem
1558 997 1740 1031 deceat,acti-

958 1039 1054 1073 picuda
1082 1044 1144 1067 sunt
1161 1047 1221 1067 cum
1240 1041 1332 1074 verba,
1351 1051 1360 1066 ι
1374 1041 1458 1069 Habet
1482 1042 1575 1076 vitam,
1592 1052 1601 1068 ι
1625 1049 1661 1077 et,
1681 1053 1691 1069 ι
1714 1045 1739 1070 in

958 1084 1114 1118 semetipso,
1140 1094 1148 1110 I
1163 1084 1196 1112 de
1218 1084 1298 1112 Patre
1308 1086 1389 1118 dicta,
1406 1091 1461 1113 ttnn
1476 1094 1535 1121 qua:
1554 1088 1687 1115 adduntur
1708 1089 1741 1116 de

958 1128 1037 1162 Filio,
1049 1139 1056 1154 ι
1067 1129 1189 1162 Deditei,
1203 1139 1212 1156 ›
1227 1135 1264 1163 et,
1275 1140 1284 1156 ι
1295 1130 1394 1158 habere
1407 1131 1432 1158 in
1445 1133 1606 1167 semetipso:
1626 1143 1635 1159 ι
1652 1141 1683 1161 ac
1694 1142 1741 1168 pn-

960 1174 1013 1201 tius
1032 1182 1064 1202 ex
1082 1175 1119 1202 rei
1134 1177 1295 1204 necessitate
1313 1177 1402 1204 divina
1424 1177 1482 1205 Filii
1507 1183 1636 1213 potestas,
1647 1185 1674 1208 et
1688 1189 1740 1208 una

959 1221 986 1247 in
1016 1222 1147 1249 amhobns
1170 1222 1293 1250 voluntas
1319 1223 1492 1258 intelligenda
1516 1230 1576 1258 est;
1597 1234 1658 1253 nam
1676 1228 1740 1258 vita,

960 1273 1044 1300 quant
1069 1267 1166 1294 dicitur
1193 1267 1293 1295 habere
1319 1268 1344 1296 in
1375 1269 1464 1303 seipso
1492 1269 1583 1304 Pater,
1604 1277 1630 1299 et
1647 1272 1740 1304 Filius,

960 1313 1048 1340 unitas
1064 1318 1118 1346 est,
1140 1319 1167 1340 et
1195 1312 1460 1348 supersubslantialis
1473 1318 1600 1350 essentia,
1611 1326 1663 1345 non
1677 1326 1742 1346 vero

960 1358 1073 1386 alterunt
1087 1359 1150 1394 quid
1168 1360 1194 1386 in
1207 1359 1292 1387 altero
1312 1361 1447 1389 exsistens
1467 1370 1473 1387 :
1487 1370 1539 1397 qua
1562 1363 1594 1390 de
1610 1371 1692 1392 causa
1704 1365 1743 1391 ait

960 1405 1016 1438 ipse
1031 1404 1134 1432 Filius:
1153 1415 1162 1430 (
1177 1405 1232 1439 Ego
1249 1413 1307 1432 sum
1328 1407 1382 1433 vita
1400 1417 1406 1433 :
1426 1417 1434 1433 ι
1456 1408 1523 1436 adeo
1539 1414 1567 1436 ut
1580 1410 1619 1436 vel
1641 1418 1674 1438 ex
1691 1411 1743 1439 hoc

960 1453 1098 1484 appareat.
1115 1457 1167 1476 non
1182 1449 1262 1476 aliam
1289 1458 1303 1477 ιι
1322 1449 1411 1478 Patris
1436 1453 1553 1480 essentia
1577 1461 1638 1482 esse
1649 1462 1741 1482 essen-

961 1496 1026 1522 tiatn
1043 1495 1113 1522 Filii.
1129 1494 1195 1522 Nam
1212 1497 1234 1522 sl
1252 1495 1337 1523 Filius
1352 1501 1394 1523 est
1406 1498 1468 1530 vita,
1485 1503 1511 1525 et
1524 1499 1645 1527 eamdem
1660 1500 1741 1527 vitam

962 1541 1042 1568 habet
1057 1540 1147 1573 Pater,
1161 1541 1224 1575 quid
1246 1541 1378 1576 reliqumu
1394 1547 1446 1576 est,
1465 1543 1515 1571 nisi
1531 1549 1559 1571 ut
1574 1545 1617 1572 ille
1630 1545 1666 1572 sit
1680 1545 1744 1573 huic

961 1586 1215 1614 consubstantialis?
1233 1594 1264 1614 ac
1278 1587 1300 1614 si
1321 1587 1405 1615 Filius
1435 1593 1477 1616 est
1491 1589 1554 1621 vita,
1570 1591 1702 1624 quotuodo
1717 1591 1743 1618 id

961 1634 1048 1669 potuit
1066 1634 1200 1669 accipere,
1215 1634 1285 1669 quod
1303 1635 1359 1669 ipse
1372 1635 1435 1663 est?
1459 1635 1493 1663 At
1506 1636 1528 1664 si
1541 1644 1601 1664 eam
1616 1637 1742 1670 habebat,

962 1678 1097 1713 inquiunt,
1111 1679 1244 1713 quomodo
1259 1679 1383 1714 accepit?
1398 1679 1450 1707 Sed
1465 1685 1491 1708 et
1506 1681 1564 1707 ista:
1582 1688 1662 1709 merae
1679 1688 1743 1709 sunt.

961 1732 1054 1758 nugae:
1067 1731 1127 1751 naut
1143 1724 1224 1751 etiam
1247 1725 1345 1753 similis
1368 1726 1402 1753 ab
1423 1726 1503 1753 simili
1520 1726 1634 1761 accipit:
1652 1734 1684 1754 ne
1701 1728 1743 1754 di-

961 1776 1036 1801 cam,
1052 1769 1180 1804 majorem
1198 1777 1306 1805 quoque
1321 1770 1454 1799 interdum
1463 1772 1586 1806 accipere
1608 1780 1623 1799 a
1635 1773 1742 1803 minori.

961 1821 988 1843 et
1001 1816 1140 1842 dexteram
1167 1824 1181 1843 a
1197 1816 1308 1844 sinistra
1331 1825 1338 1843 :
1361 1818 1483 1845 novimus
1499 1822 1600 1850 autem,
1613 1819 1742 1852 quosdam

961 1861 1041 1888 etiam
1059 1861 1152 1896 requaIi
1167 1861 1303 1896 judicandi
1325 1862 1407 1897 378
1427 1864 1587 1891 auctoritate
1605 1864 1742 1898 przeditos,

961 1914 1021 1934 eam
1040 1906 1184 1940 aliquando
1196 1907 1274 1934 alteri
1289 1908 1448 1940 concedere,
1462 1909 1506 1942 qui
1522 1909 1586 1944 ipsis
1595 1909 1681 1943 major
1691 1910 1741 1937 sit:

961 1957 988 1979 et
1001 1952 1092 1980 dicere
1107 1951 1243 1980 solemus:
1260 1953 1397 1980 Dedernnt
1420 1953 1482 1980 huic
1494 1953 1542 1981 soli
1559 1959 1587 1982 ιιι
1605 1962 1659 1982 rem
1675 1955 1742 1982 hanc

962 1998 1104 2033 dijudicet:
1123 1997 1172 2025 etsi
1187 1998 1208 2024 is
1222 1999 1319 2025 habeat
1337 1998 1386 2033 (3),
1416 2004 1442 2025 ct
1465 1998 1577 2026 fortasse
1594 2000 1678 2034 magis
1694 2001 1743 2028 ha-

962 2044 1032 2076 beat,
1046 2043 1180 2078 judicandi
1198 2048 1368 2077 potestatem.
1383 2043 1474 2079 Itaque
1487 2053 1539 2072 non
1551 2045 1588 2072 ait
1605 2045 1743 2080 Scriptura

963 2089 1058 2116 Filium
1076 2089 1101 2115 id
1115 2089 1262 2123 accepisse,
1273 2089 1345 2123 quod
1366 2097 1417 2116 non
1439 2089 1558 2123 haberet,
1573 2090 1619 2118 scd
1634 2091 1675 2118 vel
1689 2092 1744 2126 ipse

962 2134 1123 2169 evangelista
1142 2134 1229 2169 inquit
1245 2146 1251 2162 ;
1269 2143 1278 2159 ι
1294 2134 1320 2161 ln
1348 2135 1454 2170 propria
1483 2134 1521 2171 (6)
1557 2136 1638 2169 venit,
1660 2142 1686 2164 et
1703 2137 1743 2164 sui

125 2181 229 2216 Πατρί·
245 2181 277 2207 ὲκ
293 2180 340 2207 τοῦ
355 2181 458 2216 κόσμου
475 2181 528 2215 γὰρ
542 2181 631 2213 ὄντας,
645 2182 678 2216 τῇ
699 2181 794 2207 ἑαυτοῦ
808 2182 908 2208 οἰκονο-

963 2187 1023 2207 eum
1039 2188 1091 2206 non
1105 2186 1264 2214 receperunt
1274 2180 1312 2216 (7)
1329 2190 1336 2208 :
1368 2186 1497 2216 quotquot
1529 2186 1618 2209 autem
1637 2191 1746 2217 recepe-

127 2225 178 2260 μίᾳ
192 2227 262 2251 ποιεῖ
273 2226 493 2260 οὖρανοπολίτας.
509 2226 569 2262 [181
587 2225 614 2262 α]
632 2226 694 2258 Πῶς
716 2226 743 2251 δὲ
760 2226 805 2252 καὶ
831 2227 911 2260 ἡμεῖς

126 2270 161 2296 τὰ
177 2270 222 2296 τοῦ
233 2270 299 2297 Θεοῦ
316 2271 396 2297 πάλιν
411 2271 485 2306 αὺτῷ
495 2272 702 2307 προσφέρομεν;
720 2271 755 2297 Ἦ
768 2271 826 2301 πῶς
833 2271 911 2303 δόξαν

127 2314 202 2349 αὐτῷ
215 2315 428 2350 ὰναπέμπομεν;
444 2315 489 2350 Μὴ
501 2313 555 2349 ἄρα
564 2315 578 2341 ὂ
591 2315 628 2350 μὴ
641 2314 707 2349 ἔχει,
722 2314 738 2349 ἢ
754 2314 768 2340 ὃ
782 2314 819 2349 μὴ
829 2313 912 2345 ἐστιν,

127 2361 201 2396 αὑτῷ
210 2361 364 2397 παρέχομεν
375 2370 382 2394 ;
401 2362 493 2397 ’Λρκεί
503 2359 550 2388 οὖν
560 2361 650 2392 αὐτοῖς
661 2360 865 2396 ἀποκρίνεσθαι,
873 2360 913 2387 ὅτι

127 2405 214 2437 οὕτως
233 2406 341 2438 ἔλαϐεν,
355 2407 393 2438 ὡς
407 2406 578 2441 ἐπτώχευσεν
598 2405 682 2435 ἑκὼν,
698 2406 745 2431 καὶ
756 2406 793 2436 ὡς
807 2405 914 2439 ἐγένετο

128 2451 245 2486 κατάρα.
263 2451 295 2477 Τί
311 2451 366 2487 γὰρ
384 2451 417 2478 ἂν
438 2452 553 2488 φήσαιεν
567 2450 738 2486 ἐρωτώμενοι
755 2450 783 2482 ἐξ
797 2449 912 2476 ἀνθυπο-

163 2519 202 2554 (l)
219 2519 303 2546 Juxta
321 2519 431 2546 Isaiam.
450 2519 514 2547 Vide
529 2519 579 2546 lsa.
597 2526 656 2552 cap.
671 2526 707 2545 Ix.
726 2526 796 2545 vers.
814 2518 841 2544 6.

166 2555 204 2587 (2)
225 2555 276 2586 Qui
293 2563 342 2581 non
361 2555 491 2589 rapinam.
510 2554 623 2587 Philipp.
637 2561 669 2589 tt.
682 2553 707 2579 ϋ.

166 2589 203 2623 (5)
224 2589 370 2622 Oporteret.
387 2591 488 2621 Codex,
502 2589 596 2624 ὲχρὴν.
611 2588 662 2615 Alii
678 2588 798 2615 scribere
813 2588 914 2614 malunt

130 2623 215 2660 ἐχρῆν
224 2625 290 2660 '_;tlii
303 2624 383 2660 etiam
402 2625 494 2660 ἕχρην.

149 2657 302 2720 ιι(ἔθ’)όειιιη.
318 2657 506 2691 ϐούθεζαὺτό.
524 2659 605 2694 Lego,
622 2657 714 2689 αὐτόν,
730 2658 810 2692 idque
826 2657 913 2684 refero

199 2702 211 2719 Ε
228 2703 252 2718 ν.

131 2701 164 2719 au
176 2701 252 2719 θεον.

166 2728 204 2763 (5)
224 2728 281 2755 Etsi
306 2729 327 2755 is
349 2729 451 2755 habent.
475 2729 579 2762 Codex,
597 2729 642 2756 καί
669 2737 710 2755 τοι
728 2728 814 2763 ἔχοντι
837 2727 911 2755 αὑτό,

132 2761 212 2795 levo.
232 2763 307 2798 αὐτῷ
322 2771 369 2798 pro
384 2763 460 2791 αὑτό.

167 2798 205 2830 (li)
224 2798 255 2824 In
270 2799 387 2832 propria.
405 2798 482 2825 Joan.
503 2807 521 2826 I.
540 2799 580 2828 ll,
599 2799 640 2825 l2.

172 2833 209 2868 (7)
227 2833 286 2859 Non
298 2838 457 2867 nuperum.
472 2833 553 2861 Uiblia
565 2843 570 2859 :
584 2834 613 2859 οὐ
631 2833 781 2869 παρᾶλαῦον
794 2841 842 2867 pro
862 2831 911 2858 οὐκ

969 2230 1031 2252 runt
1041 2233 1112 2262 eum,
1125 2226 1200 2253 dedit
1214 2227 1254 2253 eis
1271 2231 1430 2261 potestatem
1444 2227 1513 2254 ﬁlios
1525 2227 1570 2254 Dei
1588 2228 1672 2254 ﬁcri.»
1683 2228 1749 2262 Qni-

967 2270 1015 2297 hus
1034 2261 1123 2298 verbis
1141 2279 1192 2297 non
1208 2272 1285 2298 modo
1307 2272 1436 2304 ostendit,
1450 2273 1586 2307 propriam
1605 2273 1664 2300 Filii
1686 2281 1746 2301 esse

965 2319 1117 2342 creaturam
1135 2315 1191 2349 (aut
1206 2315 1443 2351 creationem),sed
1461 2318 1542 2344 etiam
1564 2311 1636 2345 Patri
1659 2319 1714 2346 dari
1731 2327 1747 2346 a

966 2360 1034 2387 Filio
1050 2361 1156 2395 eos,qui
1173 2361 1259 2396 ipsum
1273 2361 1372 2389 Filium
1385 2362 1556 2396 rccipiunt,id
1566 2368 1617 2397 est,
1629 2364 1688 2392 illos
1701 2366 1745 2399 qui

965 2405 1033 2432 Filio
1049 2406 1222 2440 credunt(8).
1237 2411 1265 2433 et
1281 2407 1323 2434 his
1338 2415 1399 2434 eutn
1420 2415 1525 2442 semper
1550 2409 1708 2436 benefacere
1720 2415 1747 2436 et

965 2458 1025 2478 cum
1040 2451 1126 2486 ipsunt
1142 2452 1285 2486 recipiunt,
1301 2457 1399 2480 etcum
1415 2453 1448 2481 ab
1464 2453 1521 2487 ipso
1534 2454 1571 2489 (9)
1586 2454 1748 2481 exhibentur

966 2518 1073 2546 ἔλαϐον.

1003 2554 1042 2588 (ὅ)
1063 2554 1258 2590 Quiripsum...
1277 2556 1411 2590 recipiunt.
1432 2557 1459 2582 id
1481 2562 1517 2584 cu
1537 2557 1595 2583 illos
1615 2557 1660 2590 qui
1675 2555 1747 2583 Filio

969 2591 1087 2615 credunt.
1102 2588 1189 2616 Simili
1205 2588 1466 2617 ntodoenarralione
1490 2593 1514 2618 in
1531 2591 1539 2617 l
1563 2588 1647 2624 Epist.
1665 2590 1745 2617 Jumt.

966 2631 1026 2657 cap.
1045 2630 1072 2649 ιιι
1094 2624 1199 2650 locutus
1221 2629 1282 2656 est,
1298 2633 1358 2651 ctnn
1380 2626 1435 2652 haec
1459 2625 1587 2652 dictavit:
1610 2625 1654 2652 Ait
1675 2627 1745 2652 enim

967 2658 1011 2694 hic
1023 2657 1117 2694 doctor
1137 2659 1162 2685 in
1178 2658 1321 2694 Evangelio
1334 2668 1393 2690 suo.
1407 2670 1416 2685 ι
1429 2661 1605 2693 suscipientes
1616 2660 1718 2689 Jesttm.
1732 2670 1742 2686 ι

967 2693 1022 2729 hoc
1034 2697 1085 2724 est,
1098 2693 1162 2729 dum
1174 2694 1291 2729 credunt
1308 2695 1333 2721 in
1351 2695 1458 2722 nomine
1471 2695 1540 2729 ejus,
1561 2704 1570 2720 ι
1587 2699 1745 2729 potestatem

967 2727 1089 2760 accipere
1104 2728 1148 2754 Dei
1169 2728 1238 2754 ﬁlios
1251 2729 1316 2755 ﬁeri.
1332 2739 1341 2755 ι

1002 2761 1040 2794 (9)
1053 2762 1099 2799 ἒᾼί)
1114 2767 1184 2799 ipso:
1195 2763 1283 2790 Codex
1301 2771 1308 2790 :
1324 2763 1388 2799 παρ’
1403 2763 1477 2799 αὐτῷ
1491 2763 1529 2799 τῷ
1546 2764 1648 2799 Πατρί,
1665 2764 1690 2790 id
1705 2769 1747 2792 est

969 2805 977 2820 ι
988 2797 1058 2836 apqu
1073 2797 1157 2836 ipsum
1171 2797 1285 2836 Patrem.
1301 2808 1310 2824 ι
1325 2797 1377 2827 Sed
1389 2797 1529 2835 legendum
1541 2797 1668 2834 fortasse,
1680 2800 1746 2836 παρ’

964 2831 1046 2875 αὑτοῦ
1063 2831 1101 2868 τῷ
1114 2833 1210 2867 [ἰατρέ.
1416 2831 1428 2835 “
1556 2848 1562 2855 -
