1925 3063
125 155 178 184 885
670 159 713 187 DE
735 155 920 187 Tltl’NlTATE

972 159 1042 186 BER
1064 155 1224 187 T'ERTlUS.
1696 157 1748 185 336

129 214 217 248 μορφῇ
237 213 304 240 Θεοῦ
334 214 474 251 ὑπάρχων,
494 218 551 249 πῶς
578 217 639 252 οὐχ).
657 218 705 245 καὶ
730 219 787 250 τοῖς
812 219 917 254 ῥήμασι

972 219 1171 253 roudcsccmiit,
1194 219 1240 253 qui
1265 218 1409 250 ministrat,
1427 225 1478 244 non
1495 215 1747 246 veroruinislratur,

127 259 355 291 συγκαταδαίνειν
379 260 500 296 ἔμελλεν,
521 263 535 288 ὁ
549 263 649 294 παντὸς
664 263 744 297 λόγου
762 264 913 300 ἀνώτερος;

972 266 1007 298 ιιιί
1024 265 1094 292 servi
1114 265 1226 292 fortnam
1248 265 1327 300 gerit,
1342 272 1402 291 cum
1415 264 1450 291 sit
1467 264 1492 290 in
1510 264 1593 290 l'orma
1610 262 1667 295 Dei,
1681 270 1748 298 quo-

126 304 212 335 οὖτως
227 304 295 331 ὥστε
313 306 360 333 καὶ
377 306 500 340 ὀνειδίζει
525 308 590 344 παρ’
610 309 721 345 Ἰωάννῃ
740 310 796 340 τοῖς
811 309 857 335 ἐπὶ
871 317 915 344 μι-

972 311 1042 338 r.odo
1067 318 1119 338 non
1140 312 1220 338 etiam
1248 310 1336 337 verbis
1354 308 1598 337 rondescenderct‘?
1617 309 1690 343 ipse,
1708 308 1749 334 in-

126 350 296 385 κροπρεπείᾳ
306 351 495 388 ἐκδεχομένοις
511 353 562 388 τῆς
576 354 730 388 οἰκονομίας
745 354 778 380 τὰ
794 354 913 389 ῥήματα,

127 394 248 428 φάσκων
263 405 272 420 1
295 396 365 431 Ἐγὼ
385 398 457 432 τιμῶ
483 398 529 424 τὸν
547 399 656 435 Πατέρα
679 408 741 435 μου,
769 401 815 426 καὶ
838 400 916 435 ὑμεῖς

125 439 275 474 ἀτιμάζετέ
291 450 336 477 με.
352 452 361 468 ι
379 443 453 478 Τιμᾷ
467 444 494 470 δὲ
508 444 555 471 καὶ
573 445 587 471 ὁ
606 445 702 480 Πατὴρ
714 445 759 471 τὸν
774 445 849 476 Υῐὺν,
874 446 916 472 λέ-

126 493 192 518 γων·
209 495 217 511 1
233 487 325 513 Κάθου
333 488 365 514 ὲκ
379 488 471 522 δεξιῶν
484 497 544 524 μου·
564 500 572 515 ι
586 491 631 516 καὶ
645 491 735 525 μέντοι
746 491 832 518 ἕλκων
848 491 915 526 πρὸς

125 530 208 557 αὑτὸν
220 533 283 564 τοὺς
297 533 399 565 ἀξίους.
411 534 466 560 Καὶ
477 535 543 561 αὑτὸ
552 535 579 561 δὲ
589 535 668 562 τοῦτο
678 537 709 562 τὸ
724 537 810 563 εἰπεῖν
823 546 914 564 πεποι-

126 575 205 611 Οήσει
222 578 330 613 Πατέρα
346 578 392 605 τὸν
404 579 480 611 Θεὸν,
496 580 640 612 δείκνυσιν,
653 581 690 612 ὡς
701 581 731 607 τὸ
751 591 760 606 1
783 582 881 617 μείζων
899 592 907 608 ι

127 623 198 650 κατὰ
212 623 260 659 τὴν
274 624 478 660 ὲνανορώπησίν
494 626 576 653 ἐστιν.

964 363 1053 390 quam,
1073 357 1116 390 qui
1135 357 1207 383 oumi
1223 363 1347 383 sermone
1360 355 1498 382 sublimior
1519 359 1568 384 est.
1595 359 1675 388 atque
1699 361 1748 380 rx-

967 402 1077 434 crlsior,
1094 403 1161 429 adeo
1176 407 1205 428 ut
1220 402 1288 436 apud
1307 401 1436 428 Joannem
1455 408 1500 428 eos
1517 400 1599 427 etiam
1613 399 1747 433 ohjurget.

969 447 1014 482 qui
1030 447 1110 474 verba
1123 448 1157 474 ob
1173 447 1364 479 mrouomiam,
1378 447 1402 473 id
1416 451 1456 473 est
1470 447 1503 473 oh
1519 445 1746 475 luem-nationem,

964 493 998 520 ab
1015 493 1073 528 ipso
1094 493 1196 528 prolata
1225 500 1307 520 sensu
1338 492 1481 519 humiliore
1508 490 1686 525 accipiebant,
1710 489 1750 515 iu-

962 539 1078 572 quiens:
1101 548 1110 565 1
1129 539 1183 574 Ego
1207 538 1263 574 (4‘2)
1288 539 1389 566 honoro
1409 537 1515 564 Patrem
1533 544 1632 567 meum.
1655 540 1682 562 et
1703 543 1750 561 vos

961 585 1130 612 iuhonoratis
1151 593 1204 612 nte.
1228 594 1237 609 ι
1257 584 1377 611 llouorat
1393 590 1484 610 autem
1508 583 1590 610 etiam
1609 581 1688 608 Pater
1705 581 1750 608 Fi-

959 631 1021 658 lium
1038 631 1139 662 dicens,
1156 640 1164 656 1
1184 630 1253 657 Sede
1266 638 1279 656 a
1293 629 1396 656 dextris
1415 629 1491 659 meis,
1509 637 1517 653 ι
1532 632 1558 654 ct
1572 628 1681 660 insuper
1691 634 1748 659 eos,

126 670 174 704 qui
195 670 268 704 digni
290 670 407 703 fuerint,
430 673 464 698 ad
486 672 559 699 illum
579 672 700 701 trahens.
723 673 759 700 Ex
785 673 835 700 hoc
853 674 910 707 ipso
929 680 1034 707 autem,
1056 676 1138 710 385
1172 675 1243 710 quod
1279 675 1362 701 Deum
1392 673 1558 700 couli-leulcr
1577 672 1676 699 dixerit
1703 670 1752 697 Pa-

128 719 210 745 trem.
224 715 384 748 ostenditur,
401 723 493 744 vocem
507 716 579 744 illam
590 726 617 749 ,1
639 717 735 751 major,
760 727 769 743 ι
788 723 910 753 rrspectu
930 719 1123 747 lncamationis
1139 720 1202 747 dici.

164 783 220 809 Καὶ
240 782 269 815 ἐξ
287 783 483 818 ὑποδείγματος
505 783 532 810 δὲ
557 785 620 819 ῥᾷον
644 785 792 820 ὑποστῆναι
813 785 859 812 τοῦ
875 786 911 821 μὴ

998 787 1049 814 Sed
1072 788 1106 814 ab
1135 787 1256 823 exemplo
1279 786 1421 815 ostendere
1450 785 1554 813 facilius
1579 789 1636 815 est,
1659 790 1750 810 vocem

125 828 199 854 κατὰ
213 828 261 863 τὴν
287 828 401 863 θεότητα
420 829 544 864 εἰρῆσθαι
561 829 591 856 τὺ
616 839 625 856 1
648 830 756 865 μείζων,
778 841 786 856 ι
807 831 835 857 ’0
859 831 914 867 γὰρ

125 872 229 907 Κύριος
242 872 334 908 φησίψ
359 882 367 898 ι
389 873 472 909 Ἀμὴν
487 873 558 908 λέγω
568 875 643 909 ὑμίψ
657 875 706 901 οὑκ
723 876 871 911 ἐγήγερται
886 878 914 903 ἐν

125 919 266 954 γεννητοῖς
279 918 415 953 γυναικῶν
431 919 533 954 μείζων
540 920 664 947 Ἰωάννου
678 919 725 947 τοῦ
735 921 893 948 Βαπτιστοῦ.
902 932 911 948 ι

132 964 203 990 Ἀλλ’
216 965 264 999 οὑχ
274 965 312 997 ὡς
325 964 354 997 ἐξ
368 965 465 1001 ἐτέρας
481 965 604 1001 μείζονος
619 966 726 1000 φύσεως
739 967 815 998 ὄντα,
826 967 841 1002 ἢ
854 968 915 993 κατ’

125 1010 298 1046 ἀνθρώπους,
313 1011 389 1046 ἔλεγε
420 1011 530 1046 μείζονα
546 1010 617 1038 εἶναι
640 1013 732 1039 αὑτόν·
746 1013 847 1045 πάντες
862 1013 915 1049 γὰρ

125 1057 151 1083 οἱ
177 1057 277 1091 ἀρετῆς
306 1057 542 1092 μεταποιούμενοι,
562 1058 578 1093 ἢ
595 1056 733 1090 ὲξισοῦντο
750 1058 834 1094 αὑτῷ,
852 1059 868 1094 ἡ
891 1067 916 1085 τι

126 1102 316 1129 ἀπελείποντο·
345 1103 406 1129 οὑδὲ
422 1103 459 1134 ὡς
474 1103 587 1138 δυνάμει
607 1104 770 1139 κρείττονος,
796 1103 811 1139 ἦ
830 1105 916 1140 χρόνῳ

127 1148 231 1174 πλείονι
245 1148 385 1184 εἰληφότος
403 1149 452 1184 τὴν
468 1149 585 1184 γένεσιν·
605 1150 687 1181 αὑτὸς
705 1150 754 1185 μὲν
765 1150 818 1186 γὰρ
831 1152 863 1186 τῇ
888 1151 916 1177 ἐν

127 1193 225 1228 κόσμῳ
240 1192 295 1228 ζωῇ
320 1193 452 1229 διέμεινεν
470 1193 517 1229 ἐτη
535 1194 569 1220 λ’·
588 1192 658 1230 ἦσαν
671 1194 700 1220 δὲ
717 1195 741 1220 οἱ
756 1196 790 1230 τῇ
805 1195 852 1221 τοῦ
865 1194 917 1222 (ιώ⁴

129 1247 215 1274 ματος
233 1238 312 1274 ῥώμῃ
330 1238 377 1265 καὶ
389 1237 428 1273 τῷ
445 1238 541 1274 πλήθει
555 1239 608 1266 τῶν
624 1239 692 1266 ἐτῶν
705 1240 918 1275 ὑπερϐάλλοντες

127 1285 220 1311 αὑτόν.
243 1284 312 1310 Ἀλλ’
323 1284 354 1311 οὑ
372 1284 458 1320 ταύτῃ
475 1285 617 1321 κρείττονα
633 1286 687 1312 τῶν
699 1286 850 1322 ἀνθρώπων
862 1287 917 1314 ἕλε-

127 1337 189 1363 γεν,
207 1328 274 1356 ἀλλὰ
287 1331 318 1365 τῇ
338 1331 500 1367 προφητείᾳ,
524 1332 558 1367 ἣν
574 1332 691 1367 μάλιστα
717 1332 808 1359 ἔνθεον
838 1333 919 1366 αὐτὸς

129 1375 250 1407 ἐδέξατο.
266 1376 320 1402 Καὶ
336 1376 426 1403 πάλιψ
452 1386 462 1403 1
480 1377 509 1404 Ὀ
525 1377 554 1404 δὲ
583 1379 612 1404 ὲν
625 1380 658 1413 τῇ
675 1378 739 1414 [185
758 1379 784 1415 II]
798 1379 919 1415 βασιλείᾳ

128 1421 185 1448 τῶν
196 1421 317 1458 οὑρανῶν
329 1423 499 1459 μικρότερος,
516 1424 618 1459 μείζων
626 1425 708 1451 αὑτοῦ
721 1425 804 1452 ἐστιν.
820 1435 828 1451 ι
844 1426 920 1452 Ἕλε-

129 1475 164 1502 γε
188 1468 217 1494 δὲ
238 1468 302 1504 περὶ
325 1468 447 1495 Ἰωάννου
480 1469 527 1496 τοῦ
555 1470 716 1502 ἀποστόλου,
744 1470 791 1496 τοῦ
814 1471 920 1506 χρόνοις

131 1514 185 1549 μὲν
201 1514 362 1550 μικροτέρου
388 1515 512 1542 Ἰωάννου
525 1515 570 1542 τοῦ
584 1515 751 1551 Προδρόμου,
767 1517 800 1552 τῇ
815 1516 843 1543 δὲ
857 1516 921 1551 ἀξίᾳ

129 1559 183 1594 τῆς
195 1560 347 1596 ἀποστολῆς
362 1561 493 1596 μείζονος.
516 1570 525 1587 1
547 1561 642 1587 Ἔοετο
659 1561 712 1597 γὰρ
723 1562 737 1588 ὁ
753 1561 818 1593 Θεὸς
843 1562 871 1587 ἐν
887 1563 920 1597 τῇ

137 1605 298 1642 Ἐκκλησία,
312 1615 322 1632 ι
345 1606 383 1638 ὠς
398 1606 504 1638 Παῦλος
522 1606 634 1642 γράφει,
653 1616 663 1632 1
682 1606 789 1642 πρῶτον
809 1607 922 1633 ἀποστό-

130 1651 205 1683 λους,
220 1651 314 1678 ἔπειτα
339 1647 490 1688 προφήτας.
510 1661 518 1677 ι
548 1649 616 1678 Εἷπε
635 1651 674 1683 δὲ,
694 1661 703 1677 1
729 1652 772 1678 'Ev
789 1653 822 1687 τῇ
845 1651 920 1686 βατι-

131 1697 194 1733 λεεᾳ
209 1697 262 1724 τῶν
278 1697 401 1733 οὐρανῶν
417 1698 586 1733 μικρότερος,
603 1707 612 1724 ι
628 1697 710 1725 διὰτὸ
722 1699 750 1725 ἐν
767 1698 849 1734 βίϐλῳ
857 1696 923 1730 ζών-

132 1752 189 1770 των
202 1743 310 1770 πάντων
332 1742 366 1770 τὰ
379 1744 500 1779 ὀνόματα
514 1743 678 1780 γράφεσθαι,
692 1743 740 1770 καὶ
749 1744 787 1775 ὡς
806 1753 922 1780 μεταγε-

132 1788 264 1824 νεστέρου
281 1788 393 1820 εἰκότως
409 1788 522 1824 ὕστερον
534 1788 663 1825 τετάχθαι
691 1789 722 1815 τὸ
733 1789 813 1816 αὑτοῦ
827 1790 920 1824 ἄνομα.

133 1834 214 1866 Τινὲς
239 1834 267 1861 δὲ
281 1834 312 1860 τδ
328 1833 411 1870 μέρος
426 1834 515 1867 τοῦτο,
535 1835 599 1872 περὶ
621 1834 668 1861 τοῦ
695 1835 829 1862 Δεσπότω
846 1835 922 1871 ἐνόη-

136 1887 199 1910 σαν,
215 1879 377 1915 μικρότερον
400 1880 448 1915 μὲν
465 1879 536 1906 κατὰ
553 1880 602 1915 τὴν
623 1879 670 1906 τοῦ
692 1879 785 1906 δούλου
807 1879 922 1916 μορφὴν,

138 1925 200 1952 καθ’
217 1925 250 1961 ἣν
267 1926 358 1961 ἥσσων
382 1925 529 1961 προφητῶν
551 1925 599 1952 καὶ
627 1925 723 1961 ἱερέων
749 1925 924 1952 ὑπωπτεύετο

137 1971 294 2006 τυγχάνειν,
317 1970 426 2006 μείζονα
439 1971 466 1997 δὲ
480 1970 550 1997 κατὰ
569 1970 617 2005 τὴν
635 1970 759 2006 θεότητα.
775 1970 856 1997 Ὥστε
878 1971 925 1998 καὶ

140 2017 210 2044 κατὰ
219 2016 304 2043 ταῦτα
316 2017 347 2043 τὸ
361 2026 370 2043 1
391 2017 490 2052 μείζων
502 2026 512 2042 ι
524 2016 610 2043 καὶτὸ
632 2025 640 2042 1
659 2016 768 2051 πέμψας
790 2025 799 2041 ›
809 2015 848 2051 τῷ
859 2016 925 2052 πρὸς

138 2062 185 2088 τὸν
201 2062 312 2098 Πατέρα
329 2062 464 2098 ὁμοουσίῳ
487 2061 600 2097 μείωσιν
621 2061 652 2088 οὺ
675 2062 755 2088 ποιεῖ.
782 2061 836 2088 Καὶ
857 2062 926 2096 ὅπερ

136 2107 166 2134 δὲ
183 2108 290 2142 εἴρηται
313 2107 366 2143 πρὸ
385 2107 511 2143 βραχέος,
526 2107 599 2134 δοκεῖ
619 2116 677 2138 πως
694 2108 707 2133 ό
720 2107 822 2142 κομψίᾳ
837 2107 923 2141 λόγων
940 2126 962 2155 D

138 2153 289 2188 χρώμενος,
298 2153 365 2180 καὶὸ
378 2153 467 2188 ἑαυτῷ
480 2153 523 2179 ἀεὶ
536 2152 678 2188 ἀπονέμων
695 2152 728 2178 τὰ
740 2153 860 2188 πρωτεῖα
877 2153 923 2180 καὶ¹

141 2197 224 2233 τιμὴν
235 2197 365 2229 ἀπαιτῶν,
379 2197 466 2234 οἴησιν
479 2197 560 2232 ἔχειν’
575 2198 592 2233 ὴ
601 2197 628 2224 δὲ
641 2197 739 2232 οἴησις,
755 2197 926 2233 ὑπερηφανία

141 2244 184 2276 τίς
213 2245 295 2271 ἐστιν.
323 2244 404 2271 Οὐδὲν
433 2244 462 2270 δὲ
491 2244 544 2279 πρὸ
571 2243 622 2278 τῆς
654 2243 842 2279 ὑπερηφανίας
865 2245 926 2279 ἠτί-

143 2296 237 2323 μασεν·
265 2288 393 2324 οὐδὲγὰρ
421 2288 542 2324 μείζονος
574 2288 673 2323 μᾶλλον
694 2288 769 2322 μέλει
791 2288 830 2323 τῷ
854 2288 925 2324 Θεῷ,

141 2335 157 2370 ἣ
177 2335 282 2370 μήποτε
302 2335 381 2361 πλέον
405 2334 452 2361 τοῦ
478 2334 647 2370 μικροτέρου.
666 2334 741 2368 Ἔχει
765 2333 819 2369 γὰρ
842 2325 924 2368 ἅπαξ,

141 2381 192 2408 κᾶν
209 2380 288 2412 αὐτίς
303 2380 340 2415 μὴ
352 2380 429 2416 λέγῃ,
446 2379 586 2414 σύμφυτον
605 2378 635 2405 τὸ
658 2377 759 2413 μεῖζον·
782 2379 829 2406 καὶ
840 2378 926 2410 οὐδεὶς

141 2426 195 2452 τῶν
215 2425 393 2461 εὐγνωμόνων
415 2425 480 2460 περὶ
497 2424 590 2450 τούτου
614 2423 790 2458 ἀμφισϐητεῖ.
808 2425 846 2450 Δι’
859 2423 877 2450 ἃ
891 2423 924 2458 δή

142 2481 233 2508 φησ,ν·
252 2482 261 2498 1
284 2471 347 2498 Ἐὰν
358 2470 530 2506 ὲγὼὲμαυτῷ
547 2469 714 2506 μαρτυρῶ,ή
729 2469 864 2505 μαρτυρία
876 2478 925 2505 μου

181 2594 236 2628 (42)
258 2593 322 2628 Ego.
338 2593 415 2621 Joan.
432 2601 489 2625 vm,
506 2593 550 2621 49.
568 2593 639 2627 Lege.
662 2597 785 2619 catenam
800 2592 826 2619 in
843 2591 926 2619 Joan-

145 2637 202 2656 nem
217 2636 280 2660 xm,
302 2629 326 2660 Ι,
343 2628 386 2655 ubi
407 2628 494 2655 aﬂiuia
515 2629 592 2655 docet
613 2628 749 2663 Didymus.

182 2663 419 2700 (45)]teferendant
430 2671 552 2700 nonesse.
563 2661 720 2700 ςυιιιξχζτοῦ
733 2662 770 2698 μὴ
783 2661 920 2694 article.

147 2697 297 2733 Legeudmn
311 2698 416 2725 videtur
430 2698 460 2724 1:6
475 2706 522 2732 pro
535 2697 592 2724 τοῦ.

181 2734 237 2767 (M)
256 2733 348 2760 Amen.
363 2733 455 2760 Matth.
478 2741 514 2763 ιιι,
529 2733 572 2759 Η.

183 2769 238 2804 (45)
262 2767 371 2804 Propter
393 2768 563 2804 prophetiam.
595 2767 677 2804 [iege
703 2767 879 2804 Hieronymus
893 2768 923 2804 io

149 2803 215 2830 libro
229 2801 323 2829 'coutra
347 2802 526 2833 Lucifcriauos
542 2810 614 2829 ιιιιιιι.
640 2803 665 2829 7.
687 2811 695 2827 1
708 2801 807 2832 Audi,i
827 2801 922 2836 iuqttit,

151 2847 160 2864 1
173 2839 311 2864 Dominum
332 2837 481 2870 loquentem
496 2848 501 2863 :
519 2847 527 2861 1
540 2836 597 2863 Non
621 2842 662 2862 est
684 2837 709 2863 in
735 2837 805 2864 nalis
832 2836 925 2863 mulie-

151 2880 208 2900 rum
235 2872 317 2907 ulajor
339 2871 442 2900 Joanne
465 2871 612 2905 Baptista.)
633 2871 702 2898 Nulli
719 2872 790 2898 enim
815 2871 926 2903 contigit

965 831 1048 867 ipsam
1072 842 1080 858 1
1109 833 1194 867 major
1225 842 1234 858 ι
1270 833 1303 859 ad
1337 831 1469 858 Deitatem
1501 829 1671 858 referendam
1697 835 1749 855 non

964 884 1026 904 csse
1053 877 1118 914 (43).
1149 877 1215 904 Nam
1242 877 1369 904 Dominus
1395 877 1458 902 ait:
1484 885 1493 902 1
1510 876 1594 902 Amen
1615 874 1672 910 (44)
1693 874 1752 901 dico

965 923 1040 950 vobis
1058 932 1064 949 ι
1081 931 1133 950 non
1159 923 1276 950 surrexit
1299 922 1370 950 inter
1398 925 1476 948 natos
1500 921 1640 947 mulierum
1666 918 1752 953 major

964 967 1065 995 Joanne
1088 968 1215 1003 Baptista.
1250 977 1259 994 ι
1285 967 1337 994 Sed
1361 967 1433 994 hune
1463 966 1591 999 majorem
1613 971 1674 992 esse
1700 971 1751 990 non

966 1015 1028 1042 ideo
1041 1014 1108 1041 dixit
1119 1015 1254 1046 Christus,
1272 1014 1342 1048 quod
1365 1013 1475 1040 alterius
1495 1016 1596 1038 numne
1614 1015 1686 1038 esset
1704 1010 1750 1036 hn-

966 1069 1044 1088 mana
1069 1061 1194 1095 majoris;
1211 1068 1305 1088 omnes
1325 1060 1408 1090 enim.
1423 1059 1468 1094 qui
1488 1058 1580 1086 virtuti
1599 1056 1750 1085 studebant.

966 1112 1013 1134 aut
1027 1107 1143 1140 aequales
1155 1107 1205 1141 ipsi
1222 1109 1317 1136 erant,
1334 1108 1381 1132 aut
1394 1105 1472 1139 paulo
1491 1103 1641 1131 inferiores.
1659 1101 1697 1129 Ae
1719 1109 1752 1126 no

967 1160 998 1180 ex
1015 1159 1047 1180 eo
1068 1152 1176 1187 quidem
1197 1151 1282 1186 major
1296 1151 1384 1177 dictus
1404 1155 1444 1177 est
1462 1149 1579 1177 Joannes
1591 1170 1597 1182 ,
1615 1148 1686 1182 quod
1704 1154 1751 1181 po-

969 1199 1050 1226 tentia
1072 1199 1206 1232 superior,
1237 1203 1284 1225 aut
1307 1196 1482 1231 generatione
1509 1194 1643 1230 antiquior
1663 1193 1752 1223 foret;

969 1244 1075 1280 triginta
1101 1244 1172 1272 enim
1186 1251 1271 1271 annos
1286 1243 1311 1270 in
1331 1243 1430 1270 mumlo
1446 1242 1568 1274 vixerat;
1590 1244 1667 1267 erant
1691 1246 1753 1265 vero

969 1292 1013 1325 qui
1042 1290 1166 1324 corporis
1194 1290 1290 1317 robore
1307 1293 1334 1316 et
1353 1295 1483 1316 annorum
1506 1293 1617 1314 numero
1633 1291 1693 1312 eum
1707 1291 1751 1310 su-

970 1340 1103 1371 perarent.
1119 1335 1216 1362 Verum
1235 1343 1287 1362 non
1299 1335 1347 1361 hac
1369 1335 1471 1361 ratione
1487 1333 1614 1368 majorem
1637 1329 1755 1358 homiui«

971 1381 1020 1408 bus
1040 1388 1102 1408 eum
1121 1380 1199 1413 dixit,
1215 1381 1261 1407 sed
1285 1384 1394 1414 propter
1410 1379 1578 1413 prophetiam
1600 1376 1656 1411 (45)
1680 1383 1754 1402 sum-

971 1433 1082 1461 mopere
1097 1426 1227 1458 divinam,
1247 1433 1329 1460 quam
1347 1426 1403 1459 ipse
1423 1428 1573 1458 acceperat.
1589 1423 1620 1450 Et
1637 1429 1750 1448 rursus:

933 1459 955 1491 (ἶ
975 1481 983 1497 1
1005 1459 1057 1504 Qui
1088 1475 1177 1498 autem
1207 1459 1263 1505 (ιϐ)
1287 1470 1313 1496 iu
1335 1477 1418 1504 regno
1438 1469 1567 1497 caelorum
1598 1467 1685 1494 u-iuur
1700 1471 1753 1498 est,

973 1515 1131 1551 majoripso
1146 1519 1198 1542 est.
1219 1524 1228 1541 ι
1261 1515 1372 1542 Dicebat
1395 1519 1483 1541 autem
1502 1513 1552 1540 ista
1577 1512 1700 1540 Christus
1722 1511 1755 1537 de

971 1561 1075 1590 Joanne
1108 1562 1248 1597 apostolo,
1289 1561 1333 1596 qui
1354 1565 1431 1588 :rtate
1456 1560 1561 1595 quidem
1592 1557 1679 1585 minor
1697 1561 1756 1583 erat

972 1608 1074 1636 Joanne
1082 1614 1260 1643 prmeursore,
1273 1607 1402 1642 dignitate
1411 1611 1501 1633 autem
1519 1604 1684 1640 apostolatus
1698 1611 1755 1630 nta-

969 1655 1023 1689 jor.
1039 1654 1150 1682 1Posuit
1165 1653 1220 1689 (47)
1231 1653 1302 1681 enim
1315 1652 1386 1680 Deus
1402 1653 1427 1679 in
1444 1652 1574 1683 Ecclesia,
1593 1660 1602 1677 ι
1615 1655 1643 1676 ιιι
1656 1649 1756 1676 Paulus

973 1700 1085 1732 scribit,
1107 1709 1115 1725 1
1140 1699 1256 1734 primum
1277 1698 1424 1733 apostolos,
1448 1697 1543 1725 deinde
1565 1696 1621 1732 (48)
1643 1696 1757 1730 prophe-

976 1751 1027 1773 tas.
1043 1755 1052 1771 ι
1067 1745 1138 1772 Dixit
1153 1750 1241 1771 autem
1256 1764 1263 1775 .
1283 1753 1291 1770 ι
1310 1744 1336 1771 in
1354 1751 1436 1777 regno
1464 1743 1593 1771 caelorum
1624 1742 1724 1773 minor,
1745 1750 1754 1765 ι

973 1792 1035 1826 quia
1051 1791 1077 1818 in
1094 1791 1161 1818 libro
1175 1790 1319 1817 viventium
1328 1789 1435 1816 nomina
1450 1788 1569 1816 omnium
1586 1787 1752 1818 scribuntur,

975 1843 1002 1865 ct
1025 1837 1108 1871 ipsius
1128 1841 1221 1870 utpote
1241 1835 1358 1870 junioris
1385 1841 1482 1861 nomen
1508 1834 1605 1861 merito
1623 1833 1758 1867 posterius

975 1884 1090 1918 positum
1115 1887 1165 1910 est.
1183 1882 1297 1916 Quidam
1316 1888 1380 1908 vero
1394 1881 1465 1907 hunc
1485 1881 1573 1907 locum
1594 1880 1626 1906 de
1644 1878 1758 1906 Domino

976 1927 1173 1960 intellexerunt,
1200 1927 1369 1961 inquieutes,
1394 1932 1455 1952 cum
1488 1925 1619 1951 minorem
1649 1923 1756 1957 quidem

975 1980 1034 2000 esse
1049 1972 1195 2000 secundum
1208 1971 1321 1998 formam
1337 1969 1418 2002 servi,
1430 1969 1455 1996 in
1470 1976 1528 2004 qua»
1538 1969 1625 1996 minor
1640 1968 1757 2003 prophe-

977 2019 1011 2046 tis
1035 2022 1060 2045 et
1081 2017 1266 2045 sacerdotibus
1286 2015 1445 2051 putabatur;
1476 2014 1603 2048 majorem
1625 2021 1689 2041 vero
1713 2022 1756 2041 se-

976 2063 1091 2091 cundum
1115 2062 1251 2090 deitatem.
1279 2062 1370 2096 itaque
1394 2060 1627 2090 secundumhane
1650 2066 1758 2094 quoque

977 2107 1186 2141 explicationem
1214 2107 1295 2134 verba
1327 2116 1336 2132 1
1352 2107 1448 2140 major,
1481 2115 1490 2131 ι
1510 2110 1535 2132 et
1551 2114 1560 2130 1
1581 2105 1625 2140 qui
1643 2105 1726 2137 misit,
1747 2114 1755 2130 ι

976 2153 1280 2182 consubstmttialitatem
1300 2152 1358 2187 ejus
1374 2160 1434 2179 cum
1453 2151 1533 2179 Patre
1554 2158 1605 2178 non
1621 2151 1757 2178 minuunt.

978 2199 1012 2227 Ut
1028 2204 1116 2226 autem
1131 2198 1209 2233 paulo
1223 2203 1285 2226 ante
1297 2197 1352 2232 jam
1368 2198 1467 2225 dictum
1481 2202 1519 2224 est
1531 2217 1537 2228 ,
1556 2197 1600 2231 qui
1618 2196 1688 2223 {astu
1699 2195 1754 2231 (ιθ)

977 2246 1120 2273 verborum
1138 2244 1222 2271 utitur
1235 2251 1266 2271 ac
1283 2245 1384 2278 primas
1399 2243 1558 2277 sibimetipsi
1579 2247 1671 2276 partes
1684 2249 1757 2268 scut-

979 2298 1027 2326 pcr
1037 2290 1171 2322 attribuit,
1190 2295 1271 2324 atque
1285 2289 1414 2316 honorem
1427 2289 1530 2323 exigit;
1559 2288 1581 2315 is
1600 2287 1682 2314 animi
1702 2287 1758 2313 ela-

982 2335 1082 2362 tionem
1109 2335 1308 2369 quodantmodo
1324 2333 1424 2360 habere
1439 2333 1568 2360 videtur:
1593 2332 1676 2360 animi
1706 2340 1757 2358 an-

980 2384 1032 2407 tem
1047 2379 1128 2407 elatio
1144 2385 1185 2407 est
1195 2379 1328 2413 quoddam
1349 2378 1481 2413 superbire
1492 2385 1577 2411 genus
1591 2386 1598 2404 :
1612 2376 1678 2404 nihil
1693 2383 1759 2403 vero

979 2424 1075 2459 magis.
1101 2432 1181 2459 quam
1201 2425 1354 2459 superbiam
1365 2444 1373 2457 ,
1388 2423 1525 2457 despectui
1543 2423 1635 2450 haheri
1652 2421 1735 2449 voluit
1751 2429 1757 2447 τ

980 2477 1066 2505 neque
1088 2471 1160 2497 enim
1172 2470 1242 2505 ejus,
1268 2470 1313 2505 qui
1338 2469 1425 2504 major
1439 2469 1493 2501 sit,
1517 2468 1643 2502 majorem
1667 2474 1759 2494 curam

980 2591 1169 2625 prophetarum
1187 2595 1213 2617 et
1229 2590 1389 2617 annuntiare
1402 2589 1548 2620 Christum,
1569 2593 1597 2616 et
1611 2588 1694 2622 digito
1714 2589 1760 2616 de-

981 2630 1140 2653 monstrare.
1153 2635 1162 2651 ι

1016 2661 1071 2693 (to)
1093 2660 1143 2692 Qui
1157 2664 1254 2686 autent.
1272 2658 1365 2686 Matth.
1379 2666 1416 2690 vn,
1432 2657 1474 2685 tl.

1023 2695 1066 2725 47)
1086 2694 1210 2721 PosuiIJ
1239 2694 1300 2721 Cor.
1316 2701 1364 2725 xu,
1376 2693 1420 2719 28.

1023 2695 1055 2722 47
1086 2695 1210 2721 Pontio]
1239 2695 1300 2721 Cor.
1316 2695 1420 2725 “1,28.

1011 2695 1068 2765 i758;
1089 2729 1195 2757 Deinde.
1210 2729 1302 2756 Graaca
1317 2731 1372 2759 ed.,
1389 2726 1524 2762 δεύτερον,
1540 2726 1565 2753 id
1578 2731 1620 2754 est
1635 2736 1645 2753 1
1661 2735 1758 2755 secun-

978 2765 1069 2833 ἀθά-³)
1091 2798 1183 2826 r'aslu.
1201 2798 1305 2828 Codex.
1327 2796 1452 2833 :10inth
1459 2795 1543 2833 Lego,
1560 2797 1687 2833 κομψείᾳ.
1706 2797 1761 2823 lloc.

978 2831 1057 2862 sensu
1074 2833 1166 2895 [l‘ollux
1187 2834 1233 2861 lih.
1256 2841 1292 2863 νι,
1318 2831 1403 2866 segni.
1418 2831 1484 2865 123,
1500 2831 1605 2859 κομψόν
1622 2831 1762 2866 ηειρωιυι

980 2878 1034 2896 rem
1049 2878 1056 2894 ι
1074 2873 1150 2896 tmt.
