1925 3063
193 120 241 150 891

811 122 928 150 ΒΙΒΥΜΙ
948 123 1185 151 ALEXANDRINI

1770 124 1830 153 1-92

194 181 303 214 quiens:
315 190 323 206 ι
335 181 401 208 Cum
411 185 499 208 autem
508 180 674 216 (79)venerit
684 180 852 212 Paracletus,
865 180 982 215 Spiritus

1040 181 1149 217 Πνεῦμα
1168 182 1217 217 τῆς
1236 181 1382 216 ἀληθείας,
1404 181 1418 209 ὃ
1439 183 1514 218 παρὰ
1537 182 1585 209 τοῦ
1610 181 1714 218 Πατρός
1741 183 1832 209 ἔκπι-

196 227 327 260 veritulis,
345 228 391 262 qui
409 235 423 254 a
447 228 528 256 Patre
548 229 679 263 procedit,
698 228 743 256 ille
774 229 848 255 vobis
877 229 902 255 in
929 236 980 255 me-

195 274 308 300 moriam
331 274 470 301 revocabit
486 274 568 302 verba
588 282 660 307 mea,
680 279 706 302 et
734 274 847 303 deducet
874 282 921 302 vos
947 275 979 301 ad

195 326 302 346 omnem
319 319 460 347 veritatem
475 331 482 348 ;
500 328 514 347 a
530 321 675 355 semetipso
689 328 741 348 non
771 321 905 355 loquetur.
923 330 932 346 ι
955 321 980 347 l.|

195 369 259 392 est:
281 365 393 400 Spiritui
419 371 514 393 sancto
535 367 613 394 [idem
634 374 667 394 ne
694 366 841 402 denegetis,
867 367 911 400 qui
939 373 982 393 ea-

197 411 257 438 dem
276 411 351 444 dicit,
377 417 404 438 et
421 412 500 439 docet
522 420 581 447 qua:
597 419 647 447 ego
666 421 672 439 :
693 419 743 439 nec
763 412 835 439 enitn
854 417 896 439 est
920 412 983 439 alte-

198 458 256 484 rius
271 457 417 485 voluntatis
441 458 508 492 (80),
527 466 577 486 nec
591 458 702 486 alterius
717 459 842 486 essentne
859 468 865 486 :
887 459 920 486 iis
933 466 982 486 au-

197 507 250 529 tem
266 503 309 537 qui
327 503 457 537 Spiritum
474 508 598 531 sanctum
610 512 640 532 se
652 504 752 532 habere
766 504 850 536 aiunt,
868 505 915 532 sed
929 512 981 532 non

198 548 345 582 loquuntur
362 555 422 583 quae
442 556 500 575 mea
526 553 598 581 sunt,
616 554 643 576 et
659 549 863 584 prophetarum,
880 557 913 576 ne
928 557 984 577 ere.

198 593 278 620 datis.
306 592 481 620 lilaniehaenm
508 600 621 621 verone
652 594 782 627 toleretis,
809 595 880 628 quod
902 593 983 622 Vetus

200 637 403 666 Testamentttm
425 647 477 666 non
492 639 628 672 admittat,
641 640 687 667 sed
704 640 906 668 inhumanitatis
920 647 984 668 eon-

199 684 306 711 demnet
322 685 419 711 bonurn
435 684 553 717 Patrem,
575 686 619 719 qui
639 693 744 712 meeum
762 685 891 720 loquitur,
908 693 939 713 ac
952 693 983 712 ea

200 730 274 761 facit,
293 737 353 764 qua:
373 730 457 764 ipsius
476 738 539 766 erga
564 731 687 758 homines
717 731 909 766 benignitatem
935 732 978 759 de-

198 777 312 803 clarant.
333 777 374 803 Ad
402 777 459 804 inec
476 786 482 804 :
501 784 562 804 cum
578 776 696 805 Verbum
719 777 765 805 Dei
792 777 818 804 in
849 778 906 812 ipso
931 777 985 804 Deo

199 822 348 850 subsistens
363 822 397 849 sit
413 822 506 856 Filius,
527 830 643 858 cumque
657 828 685 850 et
698 823 755 857 ipse
781 823 816 850 sit
842 823 868 850 iu
891 822 982 854 Patre,

198 872 226 895 et
243 868 348 895 Patrem
365 868 464 895 habeat
484 869 510 896 iu
530 868 687 902 semetipso.
707 869 804 896 merito
819 869 917 896 dicitur
932 877 982 895 ttoll
1001 861 1021 888 Β

200 913 271 946 loqui
290 919 304 939 a
329 919 358 939 se
374 913 443 946 ipso,
460 913 519 944 sed,
539 917 568 939 ut
583 917 662 939 antea
681 912 811 946 scriptum
835 916 886 942 est,
900 919 930 938 ea
947 911 986 938 lo-

200 958 293 992 quitur
307 965 367 992 qna:
384 963 448 985 sunt
463 958 521 990 Dei,
534 957 634 993 quippe
649 958 694 992 qui
716 958 786 985 Deus
805 962 847 985 est
863 956 985 984 ineti'abi-

200 1004 232 1031 lis
251 1004 422 1032 inet‘l'abiliter
441 1005 536 1032 videns
551 1004 714 1031 voluntatem
729 1003 812 1039 389
825 1003 923 1031 Patris.
937 1004 987 1031 At-

200 1059 253 1086 que
270 1051 295 1078 id
310 1051 396 1086 ipsum
413 1051 539 1078 similiter
553 1051 587 1078 de
602 1050 703 1085 Spiritu
724 1056 819 1077 saneto
843 1050 986 1077 dicendum

200 1102 251 1129 est,
267 1097 366 1132 quippe
382 1096 428 1131 qui
446 1101 488 1124 est
505 1096 610 1123 divinus
624 1096 752 1131 Spiritus.
772 1095 824 1123 Sed
841 1095 891 1121 alia
906 1095 986 1123 etiarn

201 1143 345 1177 explicatio
361 1142 452 1169 ati'erri
480 1146 580 1176 potest.
606 1141 673 1169 Cum
690 1141 807 1168 Verbum
832 1140 921 1168 Patris
939 1140 985 1172 ait,

205 1198 214 1214 ι
234 1189 351 1223 Spiritus
369 1188 425 1223 (8|)
440 1195 454 1214 a
469 1195 499 1214 se
511 1187 569 1220 ipso
581 1194 633 1213 non
655 1186 792 1220 loquetur,
809 1187 856 1213 sed
872 1187 905 1214 de
928 1193 988 1213 meo

203 1235 330 1268 accipiet,
345 1242 354 1259 ›
373 1233 453 1259 unius
470 1233 607 1264 essentite,
620 1232 754 1266 uniusque
764 1231 911 1259 voluntatis
927 1232 988 1259 vin-

203 1279 293 1306 culum
310 1279 336 1306 in
355 1279 491 1306 'l‘rinitate
505 1278 667 1305 ostenditur.
690 1277 757 1305 Cum
776 1285 840 1305 vero
863 1278 920 1312 ipse
935 1285 988 1305 non

204 1326 312 1358 dixerit,
335 1334 344 1351 ι
362 1325 541 1359 Asemetipso
563 1331 616 1351 non
637 1324 766 1358 loquitur,
786 1332 795 1350 ι
820 1324 878 1355 sed,
899 1333 907 1349 ι
936 1332 988 1351 non

205 1371 361 1406 loquetur,»
392 1374 514 1404 apparet,
530 1369 611 1396 verba
635 1368 690 1401 illa,
719 1377 728 1394 ι
749 1376 801 1395 non
825 1368 958 1403 loquetur,
978 1377 987 1395 ι

203 1418 235 1443 al
254 1420 357 1443 certum
373 1415 507 1450 quoddam
540 1419 645 1448 tempus
667 1421 699 1440 ae
720 1421 776 1441 rem
794 1421 854 1441 esse
870 1413 990 1440 referen-

205 1463 248 1489 da.
267 1459 489 1494 Quandoquidem
515 1459 674 1486 detrectanti
694 1459 789 1494 Moysi,
810 1465 838 1486 ut
860 1464 936 1486 antea
952 1459 992 1486 di-

205 1512 277 1533 ctum
294 1511 346 1538 est,
363 1506 402 1533 ait
425 1505 496 1532 Deus
513 1514 520 1532 :
540 1514 549 1530 ι
568 1505 642 1539 Elige
671 1504 726 1540 (82)
755 1505 923 1539 septuaginta
946 1513 991 1532 se-

206 1553 309 1584 niores,
326 1556 353 1579 et
373 1552 505 1586 accipiant
533 1551 567 1578 de
585 1550 698 1585 Spiritu,
720 1551 765 1586 qui
789 1556 831 1578 est
858 1551 884 1578 in
903 1556 938 1583 te,
963 1557 989 1578 et
1004 1541 1025 1570 (ἶ

206 1598 274 1624 dabo
290 1604 371 1632 super
387 1597 457 1624 illos.
478 1607 487 1623 ι
511 1596 639 1623 Attamen
659 1604 711 1623 non
746 1601 871 1631 tanquam
887 1597 993 1632 indigns

207 1645 310 1678 accepit
321 1643 392 1681 Deus
405 1644 438 1670 de
452 1642 566 1677 Spiritu,
581 1642 625 1676 qui
644 1646 704 1669 erat
722 1642 748 1668 in
768 1642 868 1677 Moyse.
893 1642 992 1677 Unige-

207 1689 291 1716 nitutn
307 1696 398 1723 porro,
415 1696 446 1716 ac
462 1688 594 1723 Spiritum
620 1687 680 1720 Dei,
697 1693 824 1722 tanquam
850 1695 922 1720 eum,
946 1688 991 1722 qui

208 1735 316 1769 propria
334 1734 497 1761 auctoritate
510 1733 637 1768 praztlitus
655 1733 700 1766 sit,
718 1739 745 1760 et
760 1738 886 1768 tanquam
904 1732 993 1760 Domi-

208 1786 282 1810 num,
295 1778 401 1812 operari
422 1783 449 1806 et
464 1778 549 1812 loqui,
574 1777 637 1805 alibi
665 1786 760 1806 rursus
781 1783 895 1805 teslatur
917 1778 992 1805 Scri-

208 1830 286 1858 ptura
303 1824 329 1850 in
345 1823 417 1851 ltunc
444 1824 575 1851 modum:
604 1823 643 1850 De
664 1823 731 1851 Filio
752 1824 872 1857 quidem,
900 1831 993 1851 exent-

208 1870 244 1904 pli
263 1870 361 1904 gratia,
378 1870 416 1896 ait
434 1869 515 1896 David
534 1878 540 1896 :
562 1879 571 1895 ι
593 1870 661 1897 Deus
690 1874 781 1897 "0:le
798 1870 854 1904 (83')
875 1870 900 1897 in
925 1870 994 1896 cudo

207 1921 233 1943 et
251 1917 275 1942 ῑιι
293 1909 363 1943 terra
382 1917 471 1943 omnia
488 1924 658 1952 qurecunque
680 1917 774 1948 voluit,
793 1917 865 1944 fecit.
885 1925 894 1942 ›
912 1916 994 1943 lsaias

209 1970 322 1989 rerozt
351 1962 440 1989 Fortis
467 1962 540 1997 (84),
569 1962 735 1990 Dominalor.
763 1971 772 1987 ι
800 1961 839 1988 Ac
864 1966 994 1996 praeterea

208 2009 316 2042 prppria
365 2013 498 2043 potestate
536 2008 656 2035 divinant
693 2008 818 2035 virtutem
863 2008 995 2041 operaba-

211 2059 252 2080 lnr
265 2053 330 2088 (85),
348 2059 375 2080 et
391 2054 518 2081 tniracula
535 2053 700 2089 perﬁciebat,
716 2058 745 2081 ut
768 2059 847 2080 antea
873 2052 930 2087 (86)
955 2053 995 2080 di-

1034 227 1151 263 ρεὺεται,
1164 228 1267 259 ἐκεῖνος
1278 228 1350 262 ὑμᾶς
1361 228 1513 264 ἀναμνήσει
1525 229 1559 255 τὰ
1573 229 1683 264 ῥήματά
1697 237 1758 264 μου.
1774 230 1830 256 καὶ

1032 272 1158 308 ὁδηγήσει
1170 273 1241 308 ὑμᾶς
1255 272 1323 308 πρὸς
1336 273 1425 299 πᾶσαν
1437 273 1486 308 τὴν
1500 273 1631 309 ἀλήθειαν
1640 283 1646 288 ·
1660 273 1708 307 ἀφ’
1720 272 1829 300 saw-co?)

1032 318 1063 345 οὐ
1084 318 1213 353 λαλήσειο
1242 327 1250 344 ι
1275 318 1334 344 ἀντὶ
1361 318 1426 350 τοῦ,
1450 318 1495 353 Τῷ
1521 319 1592 354 ἁγίῳ
1615 319 1754 354 Πνεῦματι
1786 319 1829 356 μὴ

1033 364 1214 399 ἀπιστήσητε,
1234 364 1268 390 τὰ
1287 363 1357 390 αὐτὰ
1378 363 1483 398 λέγοντι
1500 364 1547 391 καὶ
1570 364 1732 396 διδάσκοντι,
1747 365 1828 400 ᾇπερ

1033 409 1108 444 ἐγώ·
1123 409 1161 436 Οὐ
1184 409 1240 445 γὰρ
1263 409 1449 444 ἑτερόϐουλον,
1475 409 1529 436 οὐδ’
1556 410 1739 445 ὲτεροούσιον·
1763 412 1829 442 τοῖς

1033 455 1062 481 δὲ
1082 454 1195 490 Πνεῦμα
1220 455 1298 489 ἆγιον
1321 455 1447 489 λέγουσιν
1471 454 1558 490 ἔχειν,
1585 457 1630 482 καὶ
1650 456 1686 492 μὴ
1708 456 1774 492 [185
1797 455 1828 492 ll]

1033 500 1144 528 λαλοῦσι
1174 500 1209 527 τὰ
1229 501 1285 536 ἐμὰ
1320 501 1369 528 καὶ
1390 501 1425 528 τὰ
1447 501 1502 528 τῶν
1528 501 1685 538 προφητῶν,
1713 502 1752 537 μὴ
1778 511 1828 528 πι-

1036 547 1181 583 στεύσητε·
1206 548 1242 584 μή
1273 556 1304 574 τε
1328 548 1381 584 μὴν
1411 548 1567 583 ἀνάσχησθε
1593 549 1757 583 Μανιχαίου,
1785 549 1828 584 μὴ

1035 593 1215 629 προσιεμένου
1233 593 1283 629 τὴν
1296 593 1418 621 Παλαιὰν
1432 594 1582 630 Διαϐήκην,
1595 594 1651 621 ἀλλ’
1673 594 1829 630 ἀπανθρω-

1034 638 1099 664 πίαν
1113 638 1373 674 καταψηφιζομένου
1390 639 1438 666 τοῦ
1458 639 1560 674 ἀγαθοῦ
1576 640 1692 675 Πατρὸς,
1708 640 1757 666 τοῦ
1774 641 1829 666 σὺν

1035 684 1097 718 ἐμοὶ
1111 683 1254 715 λαλοῦντος
1274 684 1322 710 καὶ
1340 684 1481 717 ποιοῦντος
1493 685 1527 712 τὰ
1544 685 1732 721 φιλάνθρωπα.
1749 685 1828 721 Πρὸς

1034 729 1149 761 τούτοις.
1174 729 1259 764 Λόγος
1281 730 1318 756 ὢν
1337 730 1384 757 τοῦ
1408 730 1476 757 Θεοῦ
1504 731 1685 763 ὲνυπόστατος
1709 732 1723 758 ὁ
1746 731 1827 763 Υἱὸς,

1035 776 1082 802 καὶ
1093 776 1130 802 ὣν
1142 777 1170 802 ἐν
1186 775 1224 811 τῷ
1239 776 1336 811 Haupt,
1352 776 1400 803 καὶ
1411 776 1457 802 τὸν
1473 776 1583 812 Πατέρα
1599 776 1667 812 ἔχων
1680 778 1707 803 ὲν
1719 777 1827 812 ἐαυτῷ,

1035 822 1149 854 εἰκότως
1165 822 1211 857 ἀφ’
1231 822 1328 848 ἑαυτοῦ
1349 822 1380 848 οὺ
1399 822 1494 848 λαλεῖ·
1520 822 1589 855 ἀλλ’,
1606 823 1643 855 ὡς
1665 824 1830 858 πριιγὲγραι

1036 877 1112 900 πται,
1129 867 1162 894 τὰ
1179 867 1226 894 τοῦ
1240 867 1308 894 θεοῦ
1321 867 1407 900 λαλεῖ,
1427 869 1476 895 ἆτε
1493 868 1525 903 δὴ
1545 869 1611 900 Θεὸς
1630 869 1748 904 ἇρῤητος
1763 870 1830 904 βλέ-

1037 919 1096 937 πων
1128 912 1167 943 εἰς
1201 912 1231 938 τὸ
1258 911 1365 947 Θέλημα
1387 912 1435 939 τοῦ
1463 913 1583 948 Πατρός
1614 914 1660 940 καὶ
1691 912 1721 940 τὸ
1746 915 1830 947 ἅγιον

1037 956 1150 992 Πνεῦμα
1176 957 1293 992 ὁμοίως,
1317 958 1365 984 ἅτε
1388 957 1459 984 Θεῖον
1484 959 1606 994 Πνεῦμα.
1628 959 1748 996 Νοητέον
1776 962 1830 988 καὶ

1037 1000 1144 1032 ἄλλως·
1169 1001 1223 1027 Τοῦ
1241 998 1328 1036 Λόγου
1358 1002 1405 1029 τοῦ
1433 1003 1541 1038 Πατρὸς
1567 1004 1736 1039 φάσκοντος⁸
1757 1015 1767 1032 ‹
1790 1007 1831 1033 Te

1038 1045 1150 1081 Πνεῦμα
1172 1046 1218 1080 ἀφ’
1242 1047 1339 1073 ἑαυτοῦ
1355 1047 1386 1074 οὐ
1413 1047 1535 1084 λαλήσει,
1559 1049 1616 1076 ἀλλ’
1639 1050 1670 1076 ὲκ
1686 1050 1732 1077 τοῦ
1756 1051 1829 1086 ἐμοῦ

1038 1091 1172 1127 λήψεται·
1197 1102 1206 1118 ι
1223 1093 1319 1128 ὁρᾶται
1336 1094 1350 1120 ὁ
1367 1094 1514 1130 σύνδεσμος
1531 1096 1580 1130 τῆς
1596 1096 1700 1129 οὐσίας,
1714 1097 1763 1123 καὶ
1778 1097 1829 1124 τοῦ

1039 1137 1098 1169 ἑνὸς
1111 1137 1264 1174 θελήματος
1275 1139 1325 1174 τῆς
1339 1140 1463 1175 Τριάδος.
1482 1141 1538 1168 Οὐκ
1553 1142 1674 1174 εἰπόντος
1687 1143 1714 1170 δὲ
1730 1143 1827 1173 αὑτοῦ,

1045 1183 1103 1216 Ἀφ’
1123 1183 1220 1209 ἑαυτοῦ
1234 1184 1264 1210 οὐ
1282 1183 1365 1216 λαλεῖ,
1381 1185 1448 1218 ἀλλ’,
1469 1195 1477 1211 ι
1499 1186 1528 1212 οὐ
1547 1186 1668 1222 λαλήσει,
1689 1197 1697 1214 ι
1717 1188 1828 1214 δείκνυ-

1038 1237 1094 1261 ται,
1118 1229 1155 1260 ὡς
1174 1230 1220 1256 ἐπί
1237 1239 1290 1257 τινι
1313 1231 1404 1267 καιρῷ
1423 1232 1471 1258 καὶ
1500 1233 1644 1268 πράγματι
1662 1233 1762 1269 ἐλέχθη
1783 1235 1826 1266 τὸ,

1043 1284 1052 1300 ι
1068 1275 1096 1301 οὐ
1113 1275 1234 1310 λαλήσει.
1251 1286 1260 1302 ι
1283 1277 1401 1304 Ἐπείτοι
1416 1277 1454 1313 τῷ
1469 1279 1591 1310 Μωῡσεῖ,
1603 1279 1640 1311 ὡς
1652 1280 1826 1316 προείρηται,

1041 1321 1249 1357 παραιτουμένῳ
1270 1322 1375 1356 λέγειὸ
1399 1324 1481 1355 Θεός⁴
1510 1334 1519 1351 ι
1545 1325 1683 1359 Ἐπίλεξαι
1710 1326 1828 1362 ἑϐδομή-

1041 1375 1122 1393 κοντα
1137 1366 1349 1403 πρεσϐυτέρους,
1368 1369 1415 1396 καὶ
1431 1369 1552 1406 λήψομαι
1573 1371 1626 1397 ἀπὸ
1637 1371 1684 1397 τοῦ
1702 1371 1828 1408 Πνεῦμα-

1040 1421 1085 1444 τος
1107 1413 1153 1440 τοῦ
1171 1414 1200 1440 ἐν
1215 1414 1266 1446 σοὶ,
1286 1415 1334 1441 καὶ
1349 1415 1426 1441 δώσω
1449 1417 1492 1442 ἐπ’
1517 1417 1631 1449 αὐτούςδ
1652 1427 1660 1443 ›
1687 1418 1733 1444 ια).
1751 1418 1827 1454 ὅμως

1040 1458 1089 1493 οὐχ
1113 1459 1150 1490 ὡς
1165 1459 1258 1494 ἐνδεὴς
1281 1460 1435 1495 ἐλάμϐανεν
1453 1462 1507 1488 ἀπὺ
1530 1462 1576 1488 τοῦ
1602 1462 1760 1497 Πνεῦματος
1779 1463 1826 1489 τοῦ

1041 1504 1117 1536 bno;
1135 1506 1164 1532 ὲν
1179 1505 1217 1540 τῷ
1231 1506 1351 1533 Μωῦσεῐ.
1370 1506 1455 1533 Πάλιν
1470 1508 1536 1542 γοῦν
1550 1508 1643 1535 ἄλλοτε
1658 1508 1826 1541 ὲξουσικστι-

1041 1551 1096 1582 κῶς
1107 1551 1153 1577 καὶ
1161 1551 1327 1583 δεσποτικῶς
1340 1554 1426 1579 ποιεῖν
1441 1554 1487 1580 καὶ
1501 1554 1668 1588 φθέγγεσθαι
1681 1554 1727 1581 τὸν
1741 1555 1826 1582 Μονο-

1041 1597 1108 1632 γενῆ
1129 1597 1176 1624 καὶ
1198 1597 1227 1623 τὸ
1247 1597 1359 1633 Πνεῦμα
1376 1597 1422 1624 τοῦ
1446 1599 1514 1626 Θεοῦ
1538 1601 1705 1636 μαρτυρεῖὴ
1732 1600 1826 1636 Γραφὴ

1041 1643 1157 1669 οὑτωσί·
1175 1643 1239 1678 περὶ
1256 1643 1304 1678 μὲν
1321 1643 1368 1669 τοῦ
1391 1643 1468 1676 Υἰοῦ,
1487 1645 1525 1677 ὡς
1544 1645 1626 1680 ἡνίκα
1642 1645 1709 1681 λέγῃ
1728 1645 1824 1672 Δαυΐδ-

1044 1697 1052 1712 ι
1078 1687 1107 1714 '0
1123 1687 1189 1719 Θεὸς
1205 1687 1283 1722 ἡμῶν
1298 1689 1328 1714 ὲν
1341 1688 1379 1723 τῷ
1395 1689 1503 1724 οὐρανῷ
1517 1690 1564 1716 καὶ
1578 1690 1607 1715 ὲν
1623 1691 1656 1725 τῇ
1674 1691 1709 1725 γῇ
1727 1690 1825 1722 πάντα,

1040 1734 1090 1760 ὅσα
1107 1733 1250 1769 ἠθέλησεν,
1265 1734 1408 1770 ἐποίησεν·
1429 1745 1438 1761 ι
1460 1735 1574 1767 Ἠσαῖας
1597 1735 1642 1762 δέ·
1668 1745 1678 1762 ι
1705 1737 1826 1771 Ἰσχυρδς

1041 1779 1232 1816 ἐξουσιαστής·
1261 1789 1270 1806 ι
1292 1781 1339 1807 καὶ
1362 1781 1400 1813 ὡς
1423 1782 1467 1808 ὅτε
1489 1782 1548 1808 κατ’
1576 1781 1699 1814 ἐξουσίαν
1723 1783 1827 1818 ἐνεργεῖ

1041 1824 1115 1851 θείαν
1126 1825 1250 1860 δύναμιν,
1265 1827 1311 1852 καὶ
1326 1826 1452 1862 θαύματα
1466 1827 1599 1859 ἐπετέλει,
1613 1828 1650 1859 ὡς
1665 1828 1824 1863 προελέχῢη.

1044 1870 1107 1909 [186
1120 1871 1146 1907 a]
1171 1872 1239 1907 Περὶ
1255 1871 1283 1898 δὲ
1302 1872 1349 1898 τοῦ
1371 1873 1449 1907 ἁγίου
1472 1873 1644 1907 Πνεύματος,
1662 1873 1700 1905 ὡς
1714 1874 1793 1908 ἡνίκα.
1813 1875 1827 1900 ὁ

1043 1916 1145 1952 Κύριος
1168 1916 1299 1952 διδάσκῃ·
1320 1925 1329 1942 ι
1350 1917 1387 1943 Τὸ
1410 1917 1522 1953 Πνεῦμα
1544 1918 1610 1945 ὅπου
1626 1918 1699 1944 θέλει
1718 1917 1795 1945 πνεῖ’
1815 1928 1824 1944 ι

1044 1962 1149 1993 Παῦλος
1164 1962 1192 1988 δέ
1203 1971 1210 1978 ι
1234 1971 1242 1988 ε
1262 1963 1355 1990 Πάντα
1376 1963 1403 1990 δὲ
1423 1964 1509 1990 ταῦτα
1526 1965 1633 2001 ἐνεργεῖ
1648 1964 1678 1991 τὸ
1694 1964 1723 1991 ἓν
1738 1966 1784 1992 καὶ
1797 1965 1827 1991 τὸ

1043 2007 1108 2034 αὐτὸ
1125 2007 1254 2043 Πνεῦμα,
1270 2007 1392 2044 διαιροῦν
1416 2009 1468 2045 ἰδίᾳ
1485 2010 1609 2044 ἑκάστῳ,
1629 2009 1721 2042 καθὼς
1737 2009 1826 2044 βούλε-

1043 2061 1099 2079 ται.
1121 2062 1130 2078 1
1506 2064 1508 2067 “

209 2106 280 2127 ι-ιυιιι
307 2100 367 2128 fuit.
386 2100 423 2128 De
443 2100 545 2135 Spiritu
581 2106 670 2128 autem
697 2104 802 2132 saneto,
836 2100 950 2134 exetupli
969 2100 1064 2134 gratia,
1088 2101 1214 2128 Dominus
1242 2101 1298 2128 lnL-c
1321 2103 1420 2128 docet:
1442 2111 1451 2126 I
1471 2102 1588 2136 Spiritus
1619 2103 1675 2139 (87)
1693 2104 1736 2130 ubi
1762 2104 1826 2137 vult,

209 2147 303 2180 spirat.
329 2155 338 2172 ι
361 2145 458 2172 [‘aulus
478 2154 562 2173 vero:
583 2155 592 2172 ι
631 2141 693 2173 "Sec
717 2151 807 2172 autem
832 2145 886 2180 (88)
917 2146 1007 2172 omnia
1027 2151 1155 2180 operatur
1187 2155 1256 2173 unus
1276 2152 1302 2173 et
1323 2147 1391 2174 idetn
1420 2148 1537 2181 Spiritus
1559 2148 1683 2176 dividens
1703 2157 1821 2177 seorsum

210 2194 322 2228 singulis
339 2198 416 2229 prout
435 2192 499 2220 vult.
524 2201 533 2217 ι

248 2310 304 2344 (79)
323 2309 387 2336 Cum
401 2314 498 2337 autent.
513 2307 590 2335 Joan.
613 2316 658 2338 xv,
684 2307 729 2338 ‘26,
760 2315 815 2338 xu,
843 2307 887 2339 15,
901 2311 988 2344 etxtv,

1061 2341 1066 2344 _
1082 2305 1137 2341 (82)
1157 2305 1242 2340 Elige.
1259 2304 1337 2344 Num.
1363 2313 1406 2335 ιιι,
1424 2305 1469 2337 16,
1494 2305 1538 2344 1-7.
1555 2305 1680 2344 ‘Sensnm
1701 2306 1826 2344 duntaxat

212 2342 257 2372 36.
274 2342 338 2377 Qua:
355 2345 412 2371 loca
438 2345 507 2370 inter
527 2351 555 2370 se
575 2344 735 2377 permiscet.
751 2349 860 2368 Sensum
889 2342 987 2368 citans.

213 2380 306 2406 Simile
321 2379 384 2413 quid
402 2377 464 2405 facit
478 2378 504 2405 in
521 2378 566 2405 lib.
584 2377 619 2404 De
631 2377 732 2413 Spiritu
749 2377 991 2413 sgncto_ttutn._50,

214 2415 258 2442 ubi
278 2415 317 2441 sic
331 2410 397 2440 citat
411 2422 418 2440 :
435 2422 444 2438 ι
459 2412 525 2440 Cum
541 2417 628 2439 autent
644 2410 747 2438 venerit
759 2411 914 2438 Paracletus
934 2410 995 2445 Spi-

216 2450 282 2476 ritus
297 2453 423 2481 sanctus,
443 2455 520 2481 quem
549 2447 638 2473 mittet
656 2446 735 2473 Pater
752 2446 778 2472 in
800 2446 907 2472 nomine
920 2454 994 2478 meo,

217 2484 259 2510 ille
287 2491 333 2510 vos
359 2483 464 2510 docebit
488 2482 590 2509 omnia.
612 2491 620 2506 ι
646 2481 710 2514 Quae.
733 2481 830 2513 partim
854 2482 993 2515 desumpta

215 2524 323 2546 suntex
339 2517 417 2544 Joan.
437 2525 481 2551 xv,
498 2517 544 2550 26,
568 2522 614 2543 aut
633 2524 692 2549 xvi,
708 2516 751 2550 15,
770 2516 867 2550 partim
889 2523 922 2543 ex
941 2523 994 2547 κιν,

252 2588 307 2624 (80)
330 2587 495 2624 Voluntati}.
516 2586 621 2624 ~Etnletn
645 2585 723 2612 modo
749 2585 886 2624 Evangelii
914 2585 994 2624 verba

218 2619 314 2657 τιςὲίρῆ
329 2623 356 2649 in
376 2622 443 2649 libro
460 2621 498 2657 De
512 2621 612 2655 Spiritu
631 2626 721 2647 sancto
742 2629 815 2657 nutu.
836 2620 870 2647 54
885 2625 912 2646 et
926 2619 971 2647 56.

254 2656 309 2694 (81)
337 2656 463 2694 Spiritus.
492 2656 540 2694 llic
559 2664 666 2694 quoque
686 2657 753 2694 duos
776 2656 999 2694 ittter_se_textus

220 2688 368 2720 coiriniulit'.
393 2688 458 2718 Nam
472 2688 629 2724 capite—xvi
650 2690 770 2720 Joannis,
789 2689 922 2716 versiculo
937 2689 1000 2723 qni-

220 2730 279 2755 dem
298 2728 329 2754 15
343 2727 438 2762 legitur
452 2735 458 2752 :
474 2727 512 2753 Οὐ
525 2726 579 2761 γὰρ
598 2725 710 2760 λαλήσει.
725 2725 770 2759 ἀφ’
788 2724 886 2762 ἑαυτοῦ
897 2725 945 2762 ,_itt
960 2729 1002 2750 est

225 2771 234 2788 ι
254 2771 304 2788 non
320 2759 391 2788 enini
412 2759 535 2795 loquetur
550 2759 744 2793 a'setnotipso;
771 2769 778 2784 I
800 2759 1001 2795 versiculopu-

224 2801 276 2823 tem
294 2796 324 2822 14
339 2804 346 2823 :
362 2797 422 2822 Ὂτι
437 2794 468 2822 εκ
482 2795 528 2822 τοῦ
543 2795 608 2831 ἐμοῦ
624 2795 747 2830 λήψεται,
761 2796 785 2822 id
801 2800 851 2827 est,
870 2804 878 2819 ι
900 2794 960 2829 quia
969 2795 1000 2820 de

225 2838 284 2859 meo
301 2831 421 2865 accipiet.
439 2841 448 2856 ι

1042 2341 1127 2371 citat;
1142 2349 1201 2376 natu
1222 2341 1300 2367 verba
1319 2341 1375 2376 haec
1394 2346 1478 2376 sunt:
1494 2340 1634 2376 Συναγαγέ
1651 2350 1696 2376 μοι
1713 2341 1823 2376 ἐϐδομὴ-

1045 2384 1127 2402 κοντα
1140 2375 1248 2411 ἄνδρας.
1264 2396 1271 2403 .
1282 2395 1296 2411 γ.
1317 2375 1364 2401 καὶ
1378 2375 1470 2409 ἀφελῶ
1485 2375 1539 2411 ἀπὸ
1551 2375 1599 2402 τοῦ
1615 2375 1823 2411 Πνεῦματοςτοῦ

1045 2411 1091 2446 ἐπὶ
1108 2411 1161 2442 σοὶ,
1179 2410 1353 2446 memon“.
1371 2410 1414 2446 err‘
1432 2410 1539 2446 αὐτοῦς,
1550 2411 1583 2446 id
1597 2416 1647 2441 est,
1668 2419 1677 2436 ι
1689 2410 1823 2445 congrega

1046 2445 1110 2472 mihi
1125 2453 1179 2472 ιλιι
1200 2445 1310 2472 viros...
1322 2450 1348 2472 et
1364 2445 1484 2472 auferam
1499 2445 1531 2472 de
1547 2445 1667 2480 Spiritu,
1685 2447 1730 2481 qui
1749 2451 1787 2472 est
1800 2448 1822 2472 iu

1046 2484 1083 2513 te,
1096 2486 1119 2506 et
1139 2481 1274 2514 imponam
1294 2488 1375 2515 super
1393 2480 1474 2514 ipsus.
1492 2489 1500 2505 ι

1082 2515 1137 2550 (85)
1156 2515 1223 2541 Deus
1237 2514 1333 2550 noster.
1348 2515 1503 2546 Psal.cxttt,
1520 2522 1589 2542 vers.
1606 2515 1636 2542 11
1650 2515 1738 2550 (apud
1754 2514 1821 2549 Vulg.

1047 2545 1116 2584 part.
1129 2545 1161 2581 ἰι,
1177 2557 1246 2577 vers.
1261 2545 1367 2579 5)-Vide
1381 2554 1436 2576 not.
1453 2550 1498 2582 79,
1516 2557 1575 2584 pag.
1594 2550 1638 2576 11.

1084 2585 1139 2619 (Si)
1159 2584 1258 2611 Fortis.
1281 2585 1331 2611 lsa.
1351 2592 1388 2614 ιι.
1406 2585 1432 2612 6.

1087 2618 1143 2654 (85)
1169 2619 1297 2646 Virtutem
1314 2619 1479 2652 aperabulur.
1499 2618 1610 2646 Locutio
1636 2619 1747 2646 Biblica.
1767 2618 1824 2646 Vide

1050 2655 1117 2716 Egit.
1131 2662 1220 2715 fxvn,
1239 2661 1310 2681 vers.
1330 2655 1380 2686 to;
1405 2654 1487 2681 Mare.
1509 2663 1552 2686 ix,
1572 2654 1626 2688 39;
1644 2654 1736 2681 Matth.
1767 2661 1823 2686 ιιιι,

1088 2710 1094 2716 .
1113 2697 1127 2715 e
1142 2697 1165 2716 c.

1088 2710 1094 2719 ,
1113 2694 1165 2716 etc.

1086 2724 1142 2758 (86)
1162 2724 1255 2750 Antea.
1277 2723 1347 2757 Lege
1363 2731 1423 2758 cap.
1437 2723 1471 2750 9.7
1487 2723 1545 2751 libri
1564 2724 1655 2758 primi.

1086 2758 1140 2793 (8'1)
1156 2758 1280 2791 Spiritus.
1298 2758 1376 2785 Joan.
1394 2767 1438 2791 ιιι,
1452 2759 1479 2785 8.

1085 2794 1140 2829 (88)
1164 2793 1226 2821 lltec
1239 2798 1336 2821 autem.
1359 2794 1366 2820 Ι
1393 2795 1455 2821 Cor.
1474 2801 1524 2830 xu,
1540 2793 1582 2822 11.
