1925 3063
75 112 130 141 5⁸55

403 175 481 202 ΚΕΦ.
507 176 549 201 K'.

125 218 315 246 Ἀποτεϐεσοαι
329 219 374 246 τὸν
388 221 526 256 Μονογενῆ
540 221 588 256 τὴν
605 221 754 256 βασιλείαν,
770 222 816 249 καὶ
833 223 869 257 μὴ

79 263 154 290 εἶναι
171 263 283 299 βασιλέα
298 265 417 300 αἰώνιον,
434 267 634 295 ὑποτάσσεσοαί
647 277 677 295 τε
695 268 734 304 τῷ
750 268 819 304 Θεῷ,
833 268 871 300 ὥς

81 318 144 336 τινα
160 310 283 338 ἀντίθεον
304 312 393 347 (ἵλεως
406 312 435 338 δὲ
450 313 517 348 ἡμῖν
530 312 623 348 ἔστω),
642 314 689 341 καὶ
705 312 774 341 εἶναι
793 315 871 349 μόνον

84 365 94 380 α
110 357 147 382 τὰ
162 356 251 383 πάντα
265 358 294 383 ἐν
306 358 374 384 πᾶσι
390 367 399 383 ι
413 358 458 385 τὸν
466 358 577 394 Πατέρα
585 356 872 394 φαντάζονται,ἀφ’ὦν

82 401 240 436 Κορινθίοις
251 402 356 435 Παῦλος
364 403 466 438 ἔγραψε
493 405 582 431 τοιάδε
593 413 599 419 ·
616 415 624 430 ι
639 406 722 432 Ὀταν
735 405 872 441 παραδιδῷ

81 446 136 480 τὴν
153 446 291 480 βασιλείαν
307 448 345 482 τῷ
362 448 421 483 Θεῷ
444 449 490 475 καὶ
506 450 611 486 Πατρὶ,
628 451 692 477 ὅταν
711 451 873 487 καταργήσῃ

83 491 178 518 πᾶσαν
195 491 293 527 ἀρχὴν,
314 493 361 518 καὶ
378 492 514 525 ἐξουσίαν,
537 494 584 521 καὶ
605 495 718 530 δύναμιν
730 504 736 510 ·
755 495 796 522 δεῖ
818 495 873 531 γὰρ

83 537 167 564 αὑτὸν
177 538 339 572 βασιλεύειν,
350 539 429 575 ἄχρις
440 536 470 566 οὗ
484 540 516 567 ἂν
528 540 560 575 θῇ
573 540 676 572 πάντας
687 541 750 572 τοὺς
760 541 873 576 ἐχθροὺς

83 583 170 609 αὑτοῦ
184 584 236 610 ὑπὸ
247 585 310 615 τοὺς
328 585 410 616 πόδας
425 585 518 612 αὑτοῦ.
531 586 664 621 Ἐσχατος
671 586 766 622 ἐχθρὸς
777 595 875 622 καταρ-

83 631 176 663 γεῖται
188 631 202 656 ὁ
215 629 346 662 θάνατος·
363 632 451 658 πάντα
463 631 517 667 γὰρ
532 631 666 664 ὑπέταξεν
682 631 734 658 ὑπὸ
748 632 811 663 τοὺς
827 632 874 658 πό-

83 676 135 707 61;
157 676 251 702 αὑτοῦ.
267 677 350 703 Ὀταν
362 677 390 704 δὲ
407 678 490 714 εἴπῃ·
507 678 547 704 Τὰ
568 678 658 704 πάντα
680 678 872 710 ὑποτέτακται,

84 721 177 756 δῆλον,
199 721 240 748 ὅτι
256 722 336 754 ἐκτὸς
358 722 405 749 τοῦ
424 723 606 756 ὑποτάξαντος
629 723 703 759 αὑτῷ
718 723 751 750 τὰ
768 724 873 750 πάντα·

83 769 151 794 ὅταν
165 767 193 793 δὲ
211 768 334 804 ὑποταγῇ
350 769 425 804 αύτῴ
441 770 476 796 τὰ
492 770 591 802 πάντα,
609 770 670 797 τότε
684 770 764 802 αὑτὸς
782 771 796 795 ὁ
812 770 875 801 Υἱὸς

85 815 290 850 ὑποταγήσεται
307 814 346 850 τῷ
362 816 526 848 ὑποτάξαντι
540 815 614 851 αὑτῷ
630 816 664 842 τὰ
679 817 777 849 πάντα,
798 815 841 843 ἵνα

84 859 98 884 ό
116 858 183 889 Θεὸς
199 858 234 885 τὰ
247 859 335 886 πάντα
350 860 380 886 ὲν
400 861 493 887 πᾶσιν.
515 871 523 885 ι
544 860 598 887 Καὶ
614 861 653 892 εἰς
675 860 754 887 τοῦτο
775 861 813 892 δὲ,
831 861 872 887 ὅτι

85 904 151 939 περὶ
166 904 215 939 τὴν
227 903 275 930 τοῦ
290 904 384 931 δούλου
407 905 514 941 μορφὴν
531 905 650 932 ἑλεῖσοαι
667 906 810 941 ὀφείλομεν
827 906 872 932 τὸν

86 949 149 976 νοῦν
163 950 284 985 ἀκριϐῶς
295 959 302 966 ·
317 950 343 977 ετ
358 951 389 985 γέ
406 960 448 983 τις
464 951 689 987 ἀναλογιζόμενος
702 953 769 988 ὅπερ
782 953 805 979 εἱ
820 952 875 979 Osi-

87 995 144 1027 κῶς
167 996 367 1030 ὑποτάσσεται,
390 997 437 1024 ἀπ’
460 998 547 1033 ἀρχῆς
564 997 597 1024 ἂν
616 997 790 1026 ὑπετέτακτο.
812 999 873 1026 Ἐτι

84 1042 114 1068 δὲ
127 1042 174 1068 καὶ
190 1043 222 1068 ὲκ
240 1043 290 1078 τῆς
305 1044 474 1078 προφητείας
489 1044 598 1080 Δανιὴλ,
614 1044 729 1080 ἐχούσης
744 1041 796 1071 ὦδέ
817 1054 874 1077 πως

85 1087 158 1114 κατὰ
179 1087 268 1120 λέξιν·
287 1097 296 1114 t
326 1088 475 1124 Ἐθεώρουν
497 1090 526 1115 ὲν
548 1089 666 1125 ὁράματι
693 1091 742 1126 τῆς
764 1091 872 1124 νυκτὸς,

86 1133 134 1158 καὶ
155 1133 209 1159 ἰδοὺ
236 1133 305 1168 μετὰ
321 1134 374 1161 τῶν
392 1134 510 1169 νεφελῶν
534 1135 582 1162 τοῦ
605 1135 728 1171 ούρανοῦ,
753 1136 791 1168 ὡς
810 1137 873 1170 Υἱὸς

85 1177 230 1212 ἀνθρώπου
244 1179 399 1215 ἐρχόμενος,
415 1181 463 1206 καὶ
477 1180 529 1212 ἕως
543 1181 589 1207 τοῦ
603 1181 720 1208 Παλαιοῦ
737 1183 790 1210 τῶν
808 1184 874 1219 ἡμε-

88 1223 143 1256 ρῶν
169 1223 302 1258 ἑφοασεν·
328 1225 375 1251 καὶ
403 1226 543 1262 προσήχθη
559 1227 643 1263 αὑτῷ,
672 1227 735 1263 [186
759 1229 796 1264 b],
826 1230 873 1256 καὶ

86 1268 162 1303 αὑτῷ
179 1269 256 1305 ἐδόθη
274 1270 290 1305 ἡ
318 1271 407 1306 ἀρχὴ,
423 1272 470 1298 καὶ
490 1273 506 1307 ἡ
527 1272 610 1308 τιμὴ,
634 1273 710 1309 καὶὴ
733 1273 870 1309 βασιλεία·

86 1314 134 1341 καὶ
163 1314 264 1346 πάντες
289 1316 313 1341 οἱ
329 1316 401 1348 λαοὶ,
421 1317 515 1351 φυλαὶ,
538 1318 659 1352 γλῶσσαι
682 1319 871 1348 δουλεύσουσιν

85 1361 178 1395 αὐτῷ’
205 1362 222 1396 ἡ
246 1361 355 1394 ἐξουσία
376 1362 458 1389 αὑτοῦ
478 1363 585 1395 ἐξουσία
610 1364 732 1397 αἰώνιος,
754 1366 815 1401 ἥτις
842 1367 872 1392 οὑ

86 1406 301 1441 παρελεύσεται·
318 1408 364 1434 καὶ
390 1409 406 1442 ἡ
431 1408 554 1443 βασιλεία
578 1410 660 1437 αὑτοῦ
675 1412 705 1438 ού
721 1412 872 1447 διαφθαρή-

87 1461 174 1479 σεται,
196 1462 205 1478 ι
227 1453 343 1480 Παλαιὸν
367 1454 420 1490 γὰρ
442 1456 554 1490 ἡμερῶν
571 1456 615 1483 τὸν
641 1457 750 1493 Πατέρα
783 1457 872 1491 λέγει’

626 116 671 144 DE
690 115 878 144 TRlNiTATE
898 116 998 145 LIBER
1020 118 1182 148 TERTIUS.

882 179 904 206 A

1655 126 1705 153 894i

1235 178 1309 206 CAP.
1333 179 1392 206 XX.

959 224 1079 256 ttcgntun
1103 223 1137 249 ab
1162 222 1304 257 Unigenito
1317 223 1424 258 deponi,
1442 230 1558 259 eumque
1578 230 1706 253 acternnm

922 267 1019 301 Regem
1036 275 1089 294 non
1107 275 1178 301 (πετο,
1199 269 1246 295 sed
1273 269 1367 302 subjici
1391 270 1444 296 Deo
1468 270 1545 304 quasi
1562 272 1705 304 quemdam

922 313 1068 340 semideum
1084 313 1174 348 (nobis
1194 318 1283 341 autent
1297 314 1429 348 propitius
1443 315 1499 349 ipse
1523 315 1666 351 ignoscat).
1677 325 1709 344 ac

922 359 1008 386 solutn
1025 358 1131 385 Patrem
1153 370 1162 385 I
1178 360 1269 386 omnia
1285 360 1311 386 in
1327 360 1452 386 omnibus
1465 369 1475 385 ι
1489 367 1549 387 esse
1568 361 1703 388 commini-

923 410 1035 432 scuntur
1049 412 1081 431 t-x
1107 404 1151 437 iis,
1172 411 1232 439 qua:
1256 405 1288 431 ad
1308 404 1463 432 Corinthios
1488 404 1586 433 Paulus
1601 406 1709 440 scripsit

924 451 998 478 ltisce
1014 451 1124 478 verbis:
1148 460 1157 476 ι
1175 450 1241 478 Cum
1274 451 1417 478 tradiderit
1440 450 1495 486 (89)
1513 459 1624 486 regnum
1652 450 1708 479 Deo

923 501 950 523 et
973 496 1056 528 Patri,
1073 504 1134 523 cttm
1153 496 1328 523 evacuaverit
1354 503 1462 522 omnem
1485 496 1662 530 principatum
1681 501 1708 524 et

924 547 1083 577 potcsmtem
1110 548 1138 570 et
1169 543 1294 569 virtutem
1313 550 1319 568 :
1337 546 1445 576 oportet
1471 543 1542 569 enim
1569 542 1641 569 illum
1668 550 1710 570 re-

925 595 1017 623 gnare,
1039 588 1124 614 donec
1152 587 1273 621 posuerit
1292 593 1387 613 omnes
1407 586 1530 613 inimicos
1552 585 1634 620 ipsius
1652 586 1708 621 (90)

925 634 973 660 sub
998 633 1111 667 pedibus
1137 631 1219 666 390
1244 631 1301 665 ejus
1325 640 1330 657 :
1356 631 1500 658 novissima
1525 631 1633 658 inimica
1664 632 1710 658 de-

925 679 1038 706 struitnr
1056 686 1127 705 mors
1146 687 1151 704 :
1174 677 1264 705 omnia
1282 677 1354 704 enitn
1384 677 1499 711 subjecit
1519 676 1569 704 sub
1598 676 1710 711 pedibus

925 725 993 760 ejus.
1011 724 1078 752 Cum
1096 729 1188 751 autent
1205 723 1273 751 dixit
1288 722 1405 750 :Omnia
1423 722 1478 758 (9|)
1494 721 1613 756 subjecta
1628 726 1708 755 ειιιιι,

926 772 984 798 sine
998 770 1081 798 dubio
1096 775 1196 805 praeter
1212 775 1273 796 eum
1290 769 1335 803 qui
1353 768 1468 802 subjecit
1483 770 1506 795 ei
1522 768 1622 795 omnia.
1642 769 1708 799 Cum

926 821 1014 844 autem
1032 816 1154 850 subjecta
1172 815 1273 842 fuerint
1294 814 1332 841 illi
1356 814 1459 844 omnia.
1475 818 1537 840 tunc
1554 814 1611 848 ipse
1625 812 1709 839 Filius

925 862 1084 897 subjicietur
1101 862 1136 894 ei,
1153 861 1198 896 qui
1212 860 1328 894 subjecit
1342 860 1394 895 ipsi
1415 860 1520 892 omnia,
1537 864 1566 886 ut
1587 859 1622 886 sit
1637 859 1709 886 Dens

925 909 1014 935 omnia
1039 908 1065 935 in
1093 907 1252 935 omnibus.»
1274 906 1479 941 Respondemus
1504 905 1571 940 (9%),
1598 905 1655 931 hanc
1675 905 1710 931 ab

923 962 966 985 eo.
980 954 1026 989 qui
1043 957 1174 981 accurate
1205 953 1251 980 illa
1274 952 1442 987 expenderit,
1469 952 1502 978 de
1527 951 1598 978 servi
1622 950 1707 977 ferina

924 1000 1009 1035 accipi
1028 1000 1142 1033 debere;
1164 1006 1224 1026 nam
1239 999 1261 1026 si
1285 998 1465 1032 subjiceretur
1477 1004 1528 1031 qua
1546 997 1626 1029 Deus.
1645 996 1706 1023 sob-

921 1047 1009 1081 jectus
1027 1045 1122 1073 fuisset
1143 1045 1177 1072 ab
1192 1045 1283 1072 initio.
1299 1044 1412 1072 Constat
1424 1043 1449 1070 id
1462 1047 1592 1077 praeterea
1608 1049 1639 1069 ex
1657 1043 1705 1068 Da-

925 1093 1002 1120 nielis
1017 1092 1169 1127 prophetia,
1183 1098 1243 1125 qua:
1267 1091 1299 1117 ad
1316 1090 1428 1117 verbum
1443 1089 1483 1117 sic
1501 1088 1598 1116 habet:
1616 1097 1625 1113 ι
1638 1088 1708 1115 Cor.-

924 1138 1072 1173 templubar
1084 1137 1140 1172 (95)
1158 1137 1183 1164 in
1202 1136 1308 1163 visione
1334 1135 1431 1166 noctis,
1445 1139 1472 1162 et.
1495 1141 1558 1161 ecce
1573 1141 1633 1161 Ctlm
1658 1141 1708 1159 ou-

925 1183 1003 1210 bibus
1030 1182 1090 1210 coeli
1117 1181 1192 1215 quasi
1220 1179 1304 1207 Filius
1325 1178 1441 1206 hominis
1473 1176 1662 1210 veniens(94),
1681 1181 1707 1202 ct

924 1237 1009 1264 usque
1033 1229 1066 1255 ad
1089 1227 1236 1261 Antiquom
1260 1225 1363 1253 dierum
1389 1223 1521 1259 pervenit,
1535 1227 1562 1249 et
1578 1221 1709 1248 adductus

923 1281 963 1302 est
975 1274 1031 1310 (95)
1047 1274 1083 1305 ei,
1099 1278 1127 1300 et
1148 1272 1198 1307 ipsi
1215 1273 1294 1299 datus
1314 1275 1356 1298 est
1369 1269 1547 1305 principatus,
1566 1273 1594 1295 et
1610 1268 1707 1297 honor.

924 1327 951 1348 et
973 1327 1103 1355 reglum;
1124 1322 1151 1346 et
1166 1325 1260 1345 omnes
1287 1315 1388 1351 populi,
1413 1315 1508 1347 tribus,
1531 1313 1628 1347 lingua:
1650 1320 1708 1340 scr-

925 1367 997 1393 vient
1011 1367 1034 1393 ei
1051 1375 1057 1391 :
1075 1369 1193 1398 potestas
1213 1363 1273 1397 ejus
1298 1365 1417 1397 potestas
1439 1364 1556 1391 interna.
1574 1366 1633 1393 qua:
1656 1367 1707 1385 non

924 1411 1083 1448 prmteribit,
1096 1415 1123 1438 et
1141 1418 1252 1444 regnum
1266 1408 1324 1444 ejus
1340 1415 1392 1434 non
1410 1411 1606 1440 corrumpetur.
1620 1415 1629 1431 ι
1640 1405 1707 1431 Nam

928 1458 1096 1492 «Antiquom
1123 1456 1249 1483 dierunn
1279 1453 1343 1481 dicit
1372 1451 1568 1484 Pattreszni
1594 1458 1657 1477 vero
1683 1450 1707 1476 ei

85 1498 124 1530 ὡς
150 1498 214 1524 Υἱὺν
239 1498 267 1525 δὲ
290 1498 434 1534 ἀνθρώπου
466 1502 655 1536 προσαχθέντα
681 1503 771 1538 αὑτῷ,
799 1500 869 1537 ᾧτινι

928 1515 937 1531 ι
950 1505 1081 1532 adductus
1095 1506 1136 1530 est
1152 1501 1229 1537 quasi
1248 1500 1332 1527 Filius
1347 1498 1475 1529 hominis,
1487 1507 1499 1523 ι
1516 1497 1558 1524 cui
1574 1497 1651 1523 datus
1667 1501 1708 1522 est

85 1543 164 1580 ἐδόθη
191 1545 208 1579 ὴ
229 1544 316 1580 ἀρχὴ,
341 1545 388 1571 καὶ
413 1547 429 1580 ή
450 1547 527 1582 τιμὴ,
552 1548 598 1573 καὶ
622 1549 638 1584 ἡ
663 1548 802 1584 βασιλεία,
825 1550 870 1577 τὸν

85 1590 249 1625 σύμμορφον
266 1590 316 1625 τῆς
333 1590 524 1624 ταπεινώσεως
541 1593 619 1629 ἡμῶν
638 1594 721 1629 δηλοῖ.
744 1596 805 1623 Ἐὰν
825 1595 870 1623 οὖν

87 1635 124 1670 νὴ
142 1634 261 1667 δώσωσι,
288 1635 332 1662 διὰ
351 1636 430 1662 τοῦτο
451 1638 576 1673 εἰρῆσθαι
595 1639 634 1674 τῷ
652 1640 804 1677 Ἀποστόλῳ
825 1643 870 1669 καὶ

85 1680 124 1715 τῷ
143 1681 268 1717 προφήτῃ
293 1681 326 1708 τὰ
350 1683 528 1718 προκείμενα,
551 1684 672 1713 λείπεται
696 1687 794 1719 αὑτοὺς
815 1697 870 1715 παι

86 1727 277 1762 ραγράψασοαι
297 1728 343 1754 τὸν
364 1728 466 1764 ἕτερον.
498 1729 562 1756 Ἀπὸ
585 1731 639 1767 γὰρ
658 1732 704 1759 τοῦ
726 1734 870 1761 ἀποστολι-

85 1773 133 1800 xm]
150 1773 244 1809 ῥητοῦ,
261 1774 309 1800 νῦν
327 1774 375 1809 μὲν
398 1774 534 1809 βασιλεύει
552 1777 566 1802 ὁ
587 1777 659 1810 Υἱὸς,
683 1779 752 1813 μετὰ
771 1780 799 1806 δὲ
820 1781 870 1817 τὴν

85 1820 232 1848 ἀνάστασιν
244 1821 413 1852 ἀποτίθεται,
425 1822 485 1848 κατ’
497 1821 605 1854 αὐτούς.
625 1823 690 1850 Ἀπὸ
702 1824 729 1850 δὲ
741 1825 790 1861 τῆς
804 1834 869 1861 προ-

85 1865 211 1901 φητείας,
235 1866 281 1892 νῦν
300 1866 349 1902 μὲν
369 1866 445 1893 οὔπω
465 1867 602 1902 βασιλεύει
622 1869 636 1895 ὁ
656 1869 788 1902 Βασιλεὺς
814 1872 869 1900 τῶν

86 1911 281 1946 βασιλευόντων
299 1913 346 1939 καὶ
360 1913 463 1949 Κύριος
483 1913 538 1940 τῶν
556 1915 748 1950 κυριευόντων,
764 1917 825 1944 τότε
841 1918 869 1944 δὲ

84 1957 214 1992 ἄρχεται.
239 1957 309 1993 μετὰ
335 1958 415 1985 τοῦτο
441 1959 559 1994 ἔμπαλιν
588 1961 730 1994 φαίνεσθαι
753 1963 799 1988 ἐπὶ
822 1963 869 1990 τοῦ

84 2002 151 2029 Θεοῦ
174 2003 220 2030 καὶ
247 2003 364 2039 Πατρός,
388 2003 570 2039 Εὑρίσκεσοαι
598 2005 626 2031 δὲ
656 2006 724 2042 πρὸς
746 2007 867 2040 τούτοις,

83 2049 124 2074 ὅτι
147 2050 179 2084 τῇ
205 2049 254 2084 μὲν
274 2049 404 2084 Παρθένῳ
423 2050 515 2085 Μητρὶ
540 2050 622 2086 αὑτοῦ
646 2053 693 2078 καὶ
712 2052 751 2087 τῷ
773 2053 869 2089 Ἰωσὴφ

84 2093 206 2127 ὑπετάγη
222 2094 262 2124 εὶς
279 2094 329 2129 τὴν
341 2095 508 2129 οἰκονομίαν,
533 2095 603 2122 ἑκὼν
616 2096 645 2122 δὲ
659 2097 738 2132 δῆλον
753 2099 805 2130 ὅτι,
820 2101 867 2126 καὶ

84 2140 132 2165 οὐκ
145 2140 260 2175 ἀνάγκῃ,
270 2141 330 2166 οὑδὲ
342 2140 518 2167 καταόάλλων
527 2150 551 2167 τι
563 2141 609 2168 τοῦ
621 2142 759 2177 βασιλικοῦ
770 2145 867 2181 γέρως,

922 1550 1096 1586 principatus.
1110 1554 1138 1575 et
1152 1549 1248 1581 honor,
1258 1551 1292 1574 -ιιι
1312 1553 1435 1581 regnum.
1462 1544 1536 1571 illum
1561 1543 1706 1578 significat,

922 1598 965 1632 qui
987 1601 1084 1624 nostra:
1103 1594 1247 1629 abiectioni
1271 1592 1420 1620 conformis
1443 1591 1530 1618 factus
1544 1595 1596 1618 est.
1616 1590 1708 1624 itaque

923 1645 972 1672 nisi
995 1643 1087 1675 verba.
1109 1649 1170 1676 quae
1194 1641 1310 1675 allegata
1331 1643 1403 1671 sunt,
1428 1639 1462 1665 ab
1488 1637 1629 1672 Apostolo,
1649 1643 1676 1663 et
1691 1644 1705 1662 τι

922 1691 1050 1727 propheta
1069 1690 1119 1717 bac
1132 1689 1165 1715 de
1179 1695 1261 1715 causa
1281 1687 1353 1714 dicta
1375 1693 1437 1713 esse
1451 1685 1648 1716 concesserint,
1665 1691 1707 1710 rc-

921 1741 976 1764 stat
993 1741 1020 1762 ut
1033 1734 1189 1763 alterutrius
1199 1733 1382 1761 testimonium
1400 1731 1477 1766 quasi
1505 1730 1707 1766 prmscriptionc

921 1787 1001 1816 atque
1021 1780 1179 1815 exceptione
1199 1783 1304 1806 utentes
1319 1776 1375 1813 (96)
1394 1776 1528 1812 rejiciant.
1550 1775 1615 1802 Nam
1629 1775 1706 1809 juxta

921 1826 1066 1861 apostolica
1088 1824 1170 1852 verba
1196 1831 1268 1850 nunc
1287 1823 1396 1857 quidem
1422 1827 1515 1855 regnat
1539 1821 1631 1853 Filius,
1648 1825 1705 1853 post

920 1871 1148 1899 resurrectionem
1170 1877 1236 1897 vero
1263 1876 1375 1903 regnum
1398 1867 1519 1901 deponit.
1535 1871 1564 1892 ut
1580 1866 1630 1900 ipsi
1646 1865 1705 1899 opi-

921 1922 1028 1945 nantur.
1050 1916 1131 1944 Juxta
1157 1914 1329 1949 prophetiam
1353 1921 1418 1941 vero
1433 1921 1503 1940 nunc
1517 1912 1625 1947 quidem
1643 1919 1706 1937 Iton-

920 1963 983 1990 dum
999 1965 1093 1996 regnat
1108 1961 1163 1987 Rex
1182 1959 1365 1995 regnantium,
1382 1964 1408 1985 et
1422 1958 1549 1985 Dominus
1567 1956 1706 1984 dominan-

921 2009 1004 2040 tium;
1022 2013 1085 2035 tttnc
1102 2011 1192 2034 autem
1219 2013 1332 2041 regnare
1353 2005 1464 2039 incipiet
1483 2003 1550 2039 (97),
1564 2011 1596 2030 ac
1611 2010 1705 2030 rursus

920 2060 1013 2090 postea
1025 2060 1156 2088 apparere
1168 2052 1193 2079 in
1210 2051 1265 2079 Deo
1279 2055 1307 2078 et
1322 2051 1412 2078 Patre.
1430 2049 1540 2084 Insuper
1552 2056 1616 2076 vero
1631 2056 1706 2075 com~

920 2106 1025 2135 pertum
1042 2098 1160 2133 est(98),
1176 2105 1237 2124 eum
1250 2096 1351 2131 Virgini
1368 2096 1478 2131 quidem
1494 2095 1572 2122 matri
1586 2101 1652 2126 sum.
1672 2099 1705 2119 ac

920 2143 1037 2177 Josepbo
1052 2142 1202 2175 subjectum
1213 2140 1331 2168 fuissein
1344 2140 1547 2168 lncarnatione:
1557 2137 1705 2165 voluntarie

85 2183 183 2218 μᾶλλον
208 2184 236 2210 δὲ
258 2185 292 2220 τῇ
315 2185 518 2218 συγκαταϐάσει
534 2185 641 2219 δεικνὺς
663 2188 693 2214 τὸ
717 2189 867 2225 ὑπέρογκον

924 2189 1022 2217 scilicet
1042 2187 1075 2214 iis
1098 2185 1299 2220 subjiciebatur,
1320 2193 1373 2213 non
1397 2185 1559 2212 necessitate
1582 2188 1702 2215 coactus,

82 2230 131 2264 τῆς
152 2229 287 2266 θεότητος,
305 2231 398 2257 καὶτὸ
420 2233 505 2266 πρᾶον
523 2233 572 2267 τῆς
594 2234 766 2269 Δημιουργοῦ
788 2235 867 2262 δυνά-

85 2283 167 2310 μεως,
180 2276 227 2302 καὶ
238 2276 385 2312 οἰκονομῶν
399 2277 429 2303 τὸ
439 2278 513 2312 ἡμᾶς
526 2278 643 2314 πατράσι
659 2279 812 2306 πείθεσθαι·
827 2279 867 2313 οἷς

118 2342 173 2378 (89)
195 2342 445 2378 Cuntlraditleritd
472 2344 533 2371 Cor.
557 2353 618 2378 cap.
647 2353 690 2377 xv,
719 2354 733 2373 ιι
748 2355 816 2375 vers.
831 2349 866 2376 24

83 2377 171 2414 ad
187 2377 280 2404 Grmca
292 2379 378 2414 editio
390 2379 533 2414 ενπαραδῷ.
552 2377 640 2407 Codex
655 2381 853 2411 Alexandrinus

83 2418 108 2438 e'.
125 2412 253 2448 Didymus
268 2421 274 2439 :
294 2413 441 2448 παραδιδῷ.
452 2405 458 2414 ³
509 2405 532 2414 ’7
557 2405 565 2407 ἡ
578 2405 584 2406 ⁷
595 2405 639 2407 Vw
655 2405 863 2417 "mm-mm”.

94 2482 100 2487 _
118 2446 182 2481 (90)
194 2446 291 2487 Ipsius.
314 2446 380 2487 γὴν,
396 2446 490 2487 αὑτοῦ,
507 2449 582 2487 deest
594 2449 638 2487 hic
653 2450 679 2487 in
694 2450 785 2478 Graeca
804 2453 861 2480 edi-

84 2483 164 2512 tione,
185 2483 231 2508 sed
244 2491 302 2509 eam
323 2483 402 2509 habet
417 2484 500 2510 codex
517 2484 724 2511 Alexandrinus.

112 2517 173 2558 (91)
188 2516 294 2544 Omnia.
310 2517 403 2545 Graeca
429 2519 530 2546 editio:
557 2519 619 2557 Ὅτι
644 2519 734 2547 πάντα
755 2528 804 2555 pro
828 2523 862 2550 τὰ

83 2559 182 2578 παντα.

117 2587 173 2622 (92)
192 2586 398 2620 Respondemus.
419 2593 473 2621 etc.
494 2587 609 2622 Aliquod
630 2590 753 2616 mendtnn
773 2592 798 2618 in
820 2593 862 2620 his

82 2622 318 2662 cnbarelvidetur;
336 2624 416 2650 mntis
429 2623 501 2650 enim
516 2623 642 2658 perplexa
658 2629 700 2652 est
724 2626 750 2652 in
768 2626 861 2654 Graeco

82 2661 225 2684 sententia.

116 2691 172 2725 (95)
191 2691 402 2726 Qontempiubar.
420 2692 486 2719 Dan.
503 2700 550 2726 vn,
570 2693 613 2724 t3,
629 2693 672 2720 H.

85 2771 93 2786 ‘
195 2725 313 2786 Yeuietts.
337 2725 430 2754 Graeca
452 2727 536 2755 editio
558 2728 603 2755 hic
622 2729 697 2757 addit
715 2727 759 2766 ἦν,
780 2731 805 2758 id
821 2736 864 2759 est.

192 2780 324 2838 fidduc'lus
347 2801 396 2838 est.
419 2797 503 2838 liiblia
522 2804 571 2838 pro
586 2799 726 2835 προσήχθη
738 2819 745 2833 ,
764 2800 862 2828 habent.

83 2831 264 2866 προσηνέχθη,
281 2832 307 2859 id
324 2836 365 2860 est
380 2841 389 2857 ι
404 2831 507 2859 oblatus
519 2837 569 2860 est.
586 2843 595 2858 ι

918 2233 1154 2269 nequequidquam
1164 2232 1197 2259 de
1208 2231 1278 2267 regia
1290 2232 1420 2266 dignitate
1429 2231 1568 2265 abjiciens;
1578 2229 1624 2256 sed
1637 2237 1703 2270 cou-

921 2280 1093 2310 descensione
1113 2278 1199 2312 potius
1218 2278 1363 2305 ostendens
1378 2278 1567 2305 sublimitatem
1584 2275 1702 2307 deitatis,

955 2347 1011 2384 (96)
1031 2346 1186 2384 Exceptione
1202 2350 1311 2384 mettica.
1338 2353 1364 2372 In
1389 2349 1498 2384 timeo,
1517 2345 1700 2384 παραγράψαῖ

921 2380 992 2415 σθαι,
1002 2380 1078 2415 quod
1092 2380 1290 2414 iurisconsultis
1303 2385 1344 2408 est
1357 2381 1541 2415 praescribere,
1556 2387 1613 2413 :ttll,
1630 2381 1700 2414 quod

919 2419 989 2445 idem
1006 2414 1046 2443 est
1058 2436 1066 2448 ,
1079 2416 1236 2449 exceptione
1250 2416 1296 2442 uti.
1315 2415 1404 2448 Quare
1417 2415 1485 2448 apud
1500 2414 1633 2442 Pollucem
1655 2417 1700 2442 lib.

919 2461 977 2483 \"Itl.
997 2459 1081 2485 segm.
1102 2449 1147 2481 60.
1168 2451 1212 2477 ubi
1230 2450 1340 2485 legitur,
1359 2449 1434 2485 παρὰ
1449 2450 1600 2484 διαιτηταῖς
1613 2459 1702 2485 παρα-

917 2487 1107 2523 γραψάμενος,
1121 2485 1169 2511 καὶ
1181 2485 1389 2523 ὑπομοσάμενος
1400 2485 1487 2516 νόσον,
1505 2485 1521 2521 ἦ
1537 2486 1700 2523 ἀπῶημίαν,

919 2521 1002 2548 uiiror
1022 2522 1196 2554 interpretem
1216 2521 1255 2546 sic
1285 2521 1399 2547 vertisse
1424 2529 1430 2546 :
1464 2528 1473 2544 ι
1497 2521 1565 2553 apud
1585 2521 1700 2546 arbitros

916 2565 978 2583 reus
993 2562 1115 2590 vocatus,
1130 2558 1157 2581 et
1173 2556 1294 2581 morbum
1317 2560 1469 2590 praetexens
1485 2561 1530 2580 attt
1545 2556 1699 2588 peregrina-

917 2592 1026 2618 tionem.
1045 2600 1055 2615 ι
1086 2589 1247 2616 Vcrtendum
1265 2589 1336 2616 enim
1352 2594 1435 2623 puto:
1461 2598 1470 2614 ι
1492 2590 1562 2624 apud
1583 2590 1700 2616 arbitros

915 2626 1076 2658 exceptione
1092 2632 1165 2656 usus,
1187 2633 1196 2648 ι
1214 2629 1239 2650 et
1258 2625 1370 2659 reliqua.

952 2657 1008 2695 (97)
1029 2659 1146 2695 Regnare
1163 2659 1264 2693 incipiet
1275 2679 1282 2693 ,
1298 2657 1350 2686 etc.
1369 2658 1481 2686 Videtur
1500 2659 1525 2685 in
1540 2658 1633 2685 Grateo
1649 2657 1699 2684 ιιΙί-

936 2697 979 2722 uid
998 2694 1156 2721 desiderari.

950 2730 1006 2764 (98)
1024 2729 1190 2763 Compertum
1215 2735 1263 2756 est.
1285 2729 1320 2756 In.
1336 2729 1447 2759 Graeco,
1465 2727 1651 2763 εὑρίσκεσθαι,

915 2762 959 2792 ρει
973 2774 982 2790 ι
997 2762 1125 2804 inveniri.
1151 2773 1160 2788 ι
1181 2764 1290 2792 Videtur
1313 2765 1451 2799 legendum
1475 2762 1642 2800 εὑρίσκεται,
1669 2762 1696 2790 id

914 2805 954 2828 est
973 2810 980 2826 ι
999 2804 1141 2827 Invenitur.
1159 2809 1167 2823 ι
