1925 3063
220 155 268 182 9H

835 150 951 178 DlDYlill
971 150 1207 179 ALEXANDRlNl

1782 156 1829 184 9i!

220 219 310 240 escam
331 211 397 246 ipsis
415 210 471 246 (95)
495 210 521 237 l'n
549 213 669 244 tempore
685 213 835 244 opportuno
850 218 855 236 :
872 209 962 244 aperis
978 214 1000 236 tu

1056 210 1147 237 δοῧναι
1177 210 1226 245 τὴν
1252 209 1355 245 τροφὴν
1385 209 1474 240 αὐτοῖς
1506 210 1545 241 εἰς
1574 209 1710 246 εὔκαιρον·
1734 221 1742 236 ι
1767 212 1779 238 ό
1802 215 1829 240 ἐκ

221 264 329 284 manum
342 261 426 287 tuam.
438 260 465 282 et
473 254 568 289 imples
575 263 654 282 omne
665 254 765 281 animal
778 254 969 289 eomplacenlia
981 263 986 283 :
996 265 1004 280 ι

219 307 247 330 et
258 309 364 330 rursus:
383 300 492 329 «Omnia
505 301 560 336 (96)
573 306 599 329 te
610 304 777 335 exspectaul,
790 305 820 327 ut
833 300 881 328 des
892 299 1006 335 illis(97)
1029 336 1036 339 _

220 353 309 374 escam
324 345 350 373 in
372 350 493 380 tempore
515 349 681 379 opportuno;
702 353 712 370 ι
729 345 751 372 is
765 344 810 379 qui
831 351 864 371 ex
890 345 1009 380 quinque

221 391 332 425 panibus
347 395 373 419 et
387 390 491 418 duobus
504 390 623 425 piscibus
635 390 756 424 quinque
771 389 910 417 hominum
923 389 1006 417 millia

220 441 320 470 praeter
334 436 461 463 mulieres
487 439 514 462 et
541 435 668 470 puerulos
693 435 836 468 saturavit,
854 439 881 463 et
894 439 923 462 ut
941 435 1007 462 duo-

220 483 304 510 decim
319 481 425 517 cophini
459 481 670 516 fragmentorum
698 485 882 515 superessent,
902 481 1005 514 eﬂeeit;

220 529 266 563 qui
287 527 355 555 dixit
371 527 498 555 diabolo:
527 536 536 552 ι
565 526 621 554 Non
649 526 675 553 in
702 533 770 560 pane
785 526 844 562 (98)
859 525 917 554 solo
936 526 1006 553 vivet

220 576 317 602 homo:
337 584 346 600 ι
364 573 410 608 qui
430 572 564 600 universis
575 572 651 600 nobis
668 571 841 600 snﬂicientem
856 573 889 599 ad
904 573 1004 603 omnia.

219 625 245 647 et
263 619 462 647 indciicientem
487 626 607 645 mensam
627 618 770 653 proposuit
796 618 933 653 propriam
958 618 1007 645 bo-

221 666 345 696 nitatem,
376 664 522 698 inquiens:
553 673 561 689 ι
583 663 632 697 Qui
664 663 738 691 venit
768 663 821 705 (99)
834 664 867 690 ad
881 670 934 696 me,
952 671 1005 691 non

219 711 320 738 esuriet
337 711 398 746 (l):
420 715 446 738 et
477 710 523 745 qui
557 709 640 737 credit
661 710 687 736 in
716 716 768 742 me,
784 716 837 736 non
860 709 934 736 sitiet
960 717 1006 737 un-

220 764 300 792 quam
312 768 317 784 ;
330 766 340 782 ι
354 756 433 792 40],
449 755 492 790 qui
505 755 538 782 ad
553 754 631 782 ﬁcum
651 754 760 789 quidem
772 755 845 782 venit
856 755 933 790 quasi
943 761 1005 782 esu-

219 803 303 834 riens,
322 803 367 830 scd
383 801 511 837 prrecepit
530 805 558 828 ut
574 800 654 832 Deus.
675 808 708 829 ne
721 808 751 828 ea
768 800 860 836 planta
887 797 1004 828 fructum

218 848 332 882 amplius
355 847 447 881 ferret,
475 851 502 874 et
528 847 598 874 facto
633 854 784 874 sermonem
810 847 1003 882 comprobavit,

1062 257 1141 283 πέντε
1155 257 1243 292 ἄρτων
1261 257 1308 282 καὶ
1324 256 1370 282 δύο
1393 255 1490 291 ἰχθύων
1503 257 1729 291 πεντακισχιλίους
1744 259 1829 293 χορτά-

1061 310 1110 333 σας
1134 301 1212 333 ἐκτὸς
1233 301 1367 335 γυναικῶν
1397 300 1444 327 καὶ
1467 300 1598 332 παιδίων,
1622 301 1668 328 καὶ
1687 301 1832 330 δυοκαίδεκα

1061 346 1187 380 κοφίνους
1217 345 1380 381 κλασμάτων
1403 345 1577 381 περιττεῦοιαι
1610 347 1734 381 ποιήσας·
1756 348 1770 373 ὸ
1797 348 1831 374 εί-

1062 391 1124 430 πὼν.
1154 391 1194 427 τῷ
1217 391 1348 427 διαϐόλῳ·
1372 401 1381 418 t
1408 392 1464 418 Οὐκ
1491 392 1534 418 ἐπ’
1560 391 1634 428 ἄρτῳ
1663 391 1733 427 μόνῳ
1761 391 1832 427 ζήσε-

1060 448 1103 466 ται
1121 439 1279 475 ἄνθρωπος’
1296 433 1309 464 ἰ
1330 439 1344 464 ὁ
1370 440 1451 466 πᾶσιν
1477 439 1542 474 ἡμῖν
1567 438 1706 473 πανταρκῆ
1729 437 1772 465 καὶ
1791 439 1830 465 άν-

1060 485 1200 512 έκλειτπον
1227 485 1375 520 τράπεζαν,
1404 485 1453 520 τὴν
1484 484 1585 511 οἰκείαν
1611 483 1718 519 προθεὶς
1742 483 1831 518 ἁγαθό-

1059 538 1139 565 τητα,
1172 531 1218 557 καὶ
1241 530 1370 565 φάσκωνι
1395 540 1404 556 ι
1428 530 1457 557 '0
1479 529 1625 565 ἐρχόμενος
1649 528 1715 565 πρὸς
1740 529 1780 564 μὲ,
1805 529 1829 555 οὐ

1061 577 1098 611 μὴ
1119 577 1249 611 πεινήσῃ⁶
1268 576 1315 602 καὶ
1328 577 1342 602 ό
1358 575 1492 602 πιστεύων
1511 575 1551 606 εἰς
1568 575 1628 610 ἐμὲ,
1643 575 1672 600 οὐ
1691 574 1727 609 μὴ
1743 573 1831 609 διψήσῃ

1059 622 1189 649 πώποτε·
1206 631 1216 648 ι
1236 622 1249 648 ὁ
1266 622 1351 648 ἐλθὼν
1373 622 1421 657 μὲν
1438 621 1483 648 ἐπὶ
1501 620 1550 656 τὴν
1573 621 1656 655 συκῆν
1675 619 1770 646 ὡσανεὶ
1780 628 1831 645 1m-

1059 669 1122 702 νῶν,
1137 669 1292 706 προστάξας
1303 669 1331 696 δὲ
1344 668 1381 700 ὡς
1395 668 1460 700 Θεὸς
1480 667 1577 703 μηκέτι
1592 667 1697 702 καρπὸν
1709 665 1738 692 τὺ
1757 664 1830 699 φυτὸν

1058 715 1189 750 ἐνεργεῖν,
1203 714 1250 740 καὶ
1265 713 1345 749 ἔργον
1362 711 1401 748 τῷ
1414 712 1484 747 λόγῳ
1500 710 1615 742 ἐπιθεὶς,
1631 709 1676 737 καὶ
1692 709 1785 741 δείξας,
1799 708 1832 739 ὡς

1058 758 1137 790 αὐτὸς
1149 756 1182 794 ἦν
1193 759 1206 784 ὁ
1217 758 1266 794 τὴν
1278 757 1363 793 ἀρχὴν
1373 756 1456 783 εἰπών
1466 765 1472 770 ·
1494 765 1503 781 ‹
1524 755 1696 789 Ἐξαγαγέτω
1706 755 1721 790 ή
1730 755 1762 789 γῆ
1777 753 1832 785 ξύλα

1059 803 1230 839 καρποφόρα.
1245 813 1254 828 ι
1272 802 1343 829 Ἀλλ’
1360 802 1422 829 οὒτε
1438 801 1511 837 διψᾷ,
1531 801 1554 827 εί
1571 800 1608 836 μὴ
1624 800 1669 826 διὰ
1684 799 1731 835 τὴν
1743 801 1832 826 οἰκονο-

1059 848 1134 882 μίαν,
1148 846 1306 882 ήάθάνατος
1319 846 1404 882 πηγὴ,
1416 847 1432 881 ἡ
1443 846 1491 881 τὴν
1508 845 1674 881 Σαμαρεῖτιν
1689 844 1757 879 ὕδωρ
1770 842 1834 878 ζωῆς

217 894 397 928 ostenditque.
414 900 443 920 se
461 892 533 919 illum
544 899 613 924 esse,
629 892 762 927 quiinitio
773 892 878 919 dixerat
891 900 896 918 :
909 900 918 918 ι
933 891 1000 919 Edu-

1057 893 1143 919 αἰτεῖν
1159 894 1223 928 παρ’
1237 891 1319 918 αὺτοῦ
1334 892 1503 918 διδάσκουσα.
1526 891 1617 926 ’Δρκεῖ
1631 891 1659 917 δὲ
1673 889 1735 925 περὶ
1748 889 1834 916 τούτου

218 944 262 966 cat
277 939 314 975 ('2)
329 943 399 965 terra
412 937 483 973 ligna
496 936 647 964 fructifera.
662 946 670 962 I
689 936 741 963 Sed
759 943 793 963 ue
817 936 875 964 sitit
883 936 1002 970 quidem,

219 985 269 1011 nisi
285 984 479 1011 incarnationis
494 990 584 1016 causa,
600 983 622 1010 is
638 990 684 1017 qui
700 987 740 1010 est
756 982 815 1010 inus
829 982 1002 1016 immortalis,

216 1030 315 1063 quique
331 1029 531 1056 Saniaritanam
550 1029 641 1055 docuit
666 1033 757 1062 petere
773 1029 807 1055 ab
829 1027 887 1063 ipso
904 1035 1001 1063 aquam

216 1075 287 1100 vitm.
305 1073 409 1101 Suliicit
435 1079 524 1100 autem
553 1073 596 1100 hic
622 1072 804 1107 evangelicum
823 1080 915 1100 vocem
929 1080 1003 1100 com-

217 1127 375 1153 memorare,
389 1127 449 1155 qtue
459 1119 498 1146 sic
508 1126 536 1146 se
548 1119 627 1146 habet
640 1128 645 1145 :
669 1127 678 1144 ‹
699 1119 794 1146 Sciens
806 1118 932 1146 Christus
950 1119 1000 1154 (3),

1054 939 1102 974 τῆς
1119 938 1297 973 εὐαγγελικῆς
1318 937 1503 973 μνημονεῦσαι
1519 937 1622 972 φωνῆς,
1637 937 1685 972 τῆς
1697 935 1833 970 λεγούσης·

1057 994 1066 1010 ι
1077 985 1120 1015 Ὠς
1130 984 1205 1016 εἰδὼς
1213 985 1227 1011 ὁ
1237 983 1363 1019 Χριστὸς,
1370 983 1410 1010 ὅτι
1419 984 1469 1018 ἠδη
1482 983 1569 1009 πάντα
1576 982 1642 1019 [195
1652 982 1832 1018 ιι]τετέλεσται,

1058 1030 1102 1056 ῐνα
1123 1029 1251 1065 τελειωθῇ
1259 1030 1275 1065 ἡ
1284 1029 1389 1065 Γραφὴ,
1400 1029 1474 1063 λέγει
1486 1036 1492 1044 ·
1509 1028 1584 1064 Διψῶ
1594 1037 1601 1044 ·
1609 1038 1619 1054 ι
1630 1029 1667 1060 ὡς
1681 1027 1833 1057 δείκνυσθαι.

1055 1075 1091 1111 μὴ
1110 1075 1216 1111 ἀνάγκῃ
1239 1075 1317 1111 δίψης
1337 1074 1525 1110 ἐξεληλυθέναι
1541 1074 1572 1100 τδ
1591 1074 1677 1110 ῥῆμα,
1696 1072 1762 1100 ἀλλὰ
1775 1071 1835 1107 πρὸς

1052 1120 1082 1146 τὸ
1095 1121 1167 1156 μήτι
1187 1120 1406 1156 παραλειφθῆναι
1418 1119 1472 1146 τῶν
1493 1120 1521 1146 ὲν
1542 1119 1666 1154 Γραφαῖς
1683 1118 1833 1153 εἰρημένων.

216 1165 350 1201 quodjam
372 1165 460 1193 omnia
476 1169 660 1192 consummata
692 1169 821 1196 sunt,.ut
852 1170 1086 1193 consummaretur
1123 1165 1271 1201 Scriptura,
1298 1167 1388 1194 dicit:
1420 1166 1503 1193 Sitio:
1525 1175 1534 1192 ι
1563 1169 1593 1192 ut.
1613 1168 1749 1199 appareat,
1765 1162 1836 1191 Chri-

215 1219 285 1242 stum
299 1220 351 1240 non
368 1212 411 1239 siti
424 1216 547 1239 coactum
562 1211 704 1246 protulisse
728 1211 792 1238 illud
811 1211 934 1244 verbum,
951 1212 998 1239 sed
1018 1219 1050 1240 ne
1066 1214 1203 1249 quidpiam
1232 1213 1402 1241 omitteretur
1421 1220 1526 1245 eorum,
1552 1219 1613 1247 qua
1643 1212 1670 1239 in
1697 1210 1833 1245 Scripturis

217 1260 288 1288 dicta
303 1258 422 1285 fuerant.

251 1304 344 1340 Neque
359 1310 454 1331 somno
466 1303 645 1331 involuntarie
660 1307 756 1339 captus
782 1308 823 1331 est
837 1312 844 1337 ;
861 1311 910 1332 nec
930 1305 1001 1332 enim

219 1350 280 1378 huic
295 1350 462 1386 perpessioni
476 1350 612 1384 subjectus
623 1350 646 1377 is
661 1354 731 1383 erat,
743 1350 858 1382 quicum
869 1351 1002 1383 omnium,

218 1402 272 1424 tum
285 1397 366 1423 etiam
379 1397 465 1424 somni
482 1395 610 1423 Dominus
622 1400 678 1429 est;
698 1396 742 1432 qui
763 1404 812 1424 nec
824 1395 941 1430 ’dormit,
953 1404 1002 1424 nec

215 1440 353 1474 dormitat,
368 1441 415 1468 sed
426 1441 545 1468 custodit
568 1441 758 1474 Christianos;
777 1441 822 1476 qui
843 1441 1001 1470 deitateim-

216 1486 351 1520 passibilis
368 1490 418 1519 est,
441 1486 523 1514 etiam
548 1494 608 1513 cum
638 1487 665 1513 iu
697 1487 868 1522 passiouibus
893 1492 1002 1514 manet:

217 1531 284 1558 adeo
301 1535 329 1558 ut
348 1538 409 1558 eum
428 1530 530 1559 Psaltes
545 1531 584 1559 sic
600 1532 770 1567 alloquatur:
787 1541 796 1558 ι
817 1533 938 1568 Exsurge
953 1533 1003 1569 (4),

217 1577 290 1604 Velut
301 1577 449 1609 dormiens,
463 1577 583 1604 Domine.
599 1587 608 1605 ι
625 1577 680 1605 Vox
696 1583 795 1611 autem,
816 1579 930 1612 «velum
951 1587 1003 1607 non

220 1622 344 1649 absolute
368 1630 493 1650 somnum
525 1622 648 1657 indicat;
683 1631 745 1651 nam
773 1625 854 1651 simul
886 1630 967 1660 atque
989 1633 1004 1653 e

220 1675 316 1694 somno
328 1668 463 1695 excitatus
483 1673 536 1700 est,
566 1668 718 1704 increpavit
732 1673 762 1696 ut
787 1670 868 1703 Deus,
881 1677 912 1698 ac
933 1671 1002 1697 venti

217 1713 326 1747 quidem
346 1713 462 1747 repressi
485 1718 559 1746 sunt,
579 1721 654 1741 mare
673 1719 763 1742 autem
791 1716 858 1742 adeo
880 1715 1001 1743 sedatum

215 1764 268 1791 est,
285 1764 313 1786 ut
334 1759 461 1787 ﬂuctibus
479 1760 586 1794 agitari.
603 1765 641 1787 set
664 1766 788 1796 strepere
803 1761 941 1794 desinens,
961 1771 1002 1790 re-

217 1805 270 1832 mis
287 1805 439 1840 pulsaretur
455 1825 463 1838 ,
495 1810 521 1833 et
548 1806 719 1834 occasionem
740 1807 871 1841 prmberet
888 1807 1000 1834 canendi

216 1853 345 1886 hymnum
369 1859 430 1878 cum
456 1852 596 1879 harmonia
621 1853 740 1883 nautica.
761 1857 861 1880 etcum
877 1853 1000 1887 volupta-

217 1902 241 1924 te
257 1897 388 1930 omnium,
406 1898 451 1932 qui
474 1898 709 1926 exclamarerant:
727 1908 736 1924 ι
753 1898 872 1931 Christe,
890 1899 973 1926 salva.
987 1909 997 1926 ›

214 1942 281 1971 Cum
293 1943 365 1970 enirn
379 1951 440 1970 vera
455 1944 508 1971 vita
526 1944 663 1971 dormiens
677 1945 840 1979 concipitur,
855 1949 918 1972 tunc
938 1945 998 1973 ltui-

215 1996 291 2016 vcrsa
304 1993 408 2016 mortua
434 1996 496 2016 esse
514 1989 722 2024 concipiendum
754 1995 806 2022 est,
836 1995 928 2025 utpote
941 1998 999 2024 qua:

214 2041 265 2060 non
296 2033 491 2060 viviﬁcantur:
517 2033 667 2068 putandum
693 2039 735 2061 est
759 2034 843 2066 enim,
866 2033 916 2061 hac
935 2034 998 2061 dor-

215 2078 324 2111 miente,
341 2083 455 2105 mortem
471 2078 591 2113 vigilare,
608 2083 634 2105 et
650 2078 784 2106 neminem
806 2085 885 2112 posse
903 2078 998 2105 vitales

1093 1303 1162 1331 Οὔτε
1182 1303 1258 1339 ὕπνῳ
1280 1303 1317 1339 μὴ
1337 1302 1422 1330 θέλων
1447 1302 1531 1330 ἑάλων
1556 1303 1587 1329 οὐ
1609 1302 1664 1338 γάρ
1680 1302 1777 1337 ἡττᾶτο
1792 1299 1833 1327 τοῦ

1058 1351 1170 1383 πάθους.
1191 1352 1205 1377 ὁ
1224 1350 1279 1377 τῶν
1312 1350 1379 1377 ὅλων
1402 1350 1448 1377 καὶ
1469 1350 1516 1376 τοῦ
1538 1349 1623 1376 ὕπνου
1639 1348 1749 1385 Κύριος,
1766 1348 1780 1374 ό
1801 1347 1834 1382 μὴ

1057 1397 1149 1424 ὑπνῶν
1165 1396 1233 1432 μηδὲ
1247 1395 1399 1428 νυστάζων,
1412 1395 1480 1422 ἀλλὰ
1494 1394 1640 1430 φυλάσσων
1654 1392 1833 1429 Χριστιανοὺς,

1057 1443 1103 1470 καὶ
1125 1442 1234 1478 ἀπαθὴς
1257 1444 1290 1478 τῇ
1312 1441 1418 1476 θεότητι
1443 1441 1490 1467 καὶ
1507 1442 1535 1467 ἐν
1555 1441 1612 1472 τοῖς
1629 1440 1769 1475 παθήμασι
1788 1438 1835 1464 δια-

1059 1489 1159 1524 μένων·
1178 1488 1216 1520 ὠς
1236 1489 1304 1524 πρὸς
1328 1488 1408 1514 αὑτὸν
1429 1486 1652 1521 ἀναφθέγγεσθαι
1672 1486 1718 1513 τὸν
1733 1485 1834 1520 ψαλμῳ-

1055 1535 1113 1561 δόν·
1136 1544 1145 1560 ‹
1174 1534 1346 1569 Ἐξεγέρθητι
1371 1533 1409 1565 ὡς
1429 1534 1443 1560 ὁ
1463 1533 1565 1565 ὑπνῶν,
1589 1532 1687 1568 Κύριε.
1718 1541 1727 1557 ι
1746 1531 1782 1557 Τὸ
1810 1529 1834 1556 ὁὶ

1059 1591 1067 1606 ι
1093 1581 1131 1612 ὡς
1151 1590 1159 1606 ι
1181 1580 1212 1606 οὐ
1237 1579 1302 1606 καθ’
1323 1579 1397 1611 ἅπαξ
1426 1579 1509 1605 ὕπνον
1531 1579 1679 1613 ἐμφαίνει·
1700 1575 1834 1606 διαναστὰς

1055 1626 1109 1661 γὰρ
1135 1625 1215 1657 εὐθὺς
1237 1625 1404 1660 ἐπετίμησεν
1421 1624 1459 1656 ὡς
1479 1623 1555 1655 Θεὸς,
1577 1624 1627 1650 καὶ
1639 1625 1664 1650 οἱ
1682 1624 1775 1658 ἄνεμοι
1791 1622 1834 1656 μὲν

1055 1671 1270 1706 κατεστάλησαν,
1296 1671 1314 1706 ἠ
1339 1671 1368 1697 δὲ
1393 1669 1513 1697 θάλαττα
1537 1669 1666 1696 τοσοῦτον
1692 1669 1833 1703 ἐλώφησεν,

1054 1716 1123 1743 ὥστε
1145 1715 1327 1751 κυμαίνεσθαι
1352 1715 1399 1742 καὶ
1421 1715 1584 1750 καχλάζειν,
1616 1716 1717 1750 ἀφεῖσα
1743 1714 1834 1741 τύπτε-

1054 1762 1116 1788 σθαι
1135 1761 1259 1794 κῲπαις,
1289 1761 1334 1786 καὶ
1360 1761 1497 1795 πρόφασιν
1524 1760 1610 1796 ὖμνου
1643 1760 1714 1796 μετὰ
1745 1759 1833 1795 μέλους

1052 1806 1150 1832 διδόναι
1176 1804 1319 1836 ναυτικοῦ,
1342 1805 1401 1840 μεθ’
1415 1804 1512 1840 ἡδονῆς
1536 1804 1648 1831 πάντων
1670 1804 1832 1840 κραζόντων·

1055 1860 1064 1876 ι
1085 1851 1196 1885 Χριστὲ,
1217 1850 1312 1876 σῶσον.
1329 1860 1338 1876 ι
1356 1850 1441 1876 Ὅταν
1461 1850 1515 1884 γὰρ
1536 1850 1551 1885 ἡ
1577 1850 1695 1886 ἀληθινὴ
1713 1849 1768 1885 ζωὴ
1780 1857 1834 1882 νοη-

1052 1896 1111 1932 θείη
1135 1896 1305 1931 κοιμωμένη,
1326 1895 1381 1922 τότ’
1397 1895 1430 1922 ἂν
1452 1896 1561 1931 νοηθείη
1575 1895 1612 1922 τὰ
1633 1896 1723 1922 πάντα
1747 1894 1835 1927 τεθνη-

1051 1941 1134 1974 κότα,
1152 1942 1189 1973 ὡς
1211 1941 1241 1967 οὐ
1267 1940 1480 1975 ζωοποιούμενα,
1499 1940 1561 1966 Οἴου
1588 1941 1653 1977 γὰρ,
1670 1941 1771 1975 ταύτης
1793 1939 1834 1965 εὑ-

1050 1988 1158 2022 δούσης,
1178 1987 1223 2013 τὸν
1241 1987 1355 2014 θάνατον
1370 1987 1560 2022 ἐγρηγορέναι,
1575 1988 1624 2014 καὶ
1642 1987 1739 2022 μηδενὶ
1751 1985 1834 2020 ὑπάρ-

1050 2041 1107 2067 χειν
1125 2032 1175 2064 τὰς
1194 2031 1311 2064 ζωτικάς
1323 2030 1468 2066 δρέπεσθαι
1490 2030 1588 2066 αὕρας;
1612 2030 1683 2057 Οὕτε
1706 2028 1835 2063 πτωχεύει

1049 2076 1105 2110 οὖν,
1121 2078 1158 2109 ὡς
1175 2078 1277 2105 ἄνωθεν
1300 2077 1337 2102 ὣν
1359 2076 1494 2111 ἀνενδεὴς,
1518 2077 1532 2102 ὁ
1556 2076 1686 2108 πλούσιος
1708 2077 1738 2103 ἐν
1758 2074 1833 2104 ἐλέει,

215 2131 295 2150 auras
312 2130 434 2157 carpere.
450 2123 488 2150 Ne
503 2130 605 2158 pauper
618 2124 727 2158 quidem
750 2128 790 2150 est
810 2131 884 2157 ergo,
898 2124 996 2158 quippe

1055 2125 1097 2150 καὶ
1126 2123 1228 2157 ἀγαθὸς
1247 2124 1275 2150 ὲν
1299 2123 1470 2158 οίκτιρμοῖς,
1494 2123 1508 2148 ὁ
1530 2122 1679 2157 φάρμακον
1699 2121 1738 2157 τῷ
1762 2121 1833 2154 ἄλγει

213 2167 258 2202 qui
277 2168 310 2194 de
324 2168 394 2195 cmlo
410 2172 452 2195 est
469 2167 567 2195 nullius
595 2168 634 2195 rei
657 2169 763 2202 indigns
786 2168 825 2203 (5)
852 2168 884 2201 is,
899 2168 944 2202 qui
956 2173 998 2195 est

218 2214 292 2241 dives
307 2213 346 2248 (6)
361 2214 387 2240 in
403 2213 601 2246 misericordia,
624 2219 652 2241 et
668 2213 754 2241 bonus
769 2214 794 2241 in
814 2214 997 2241 miserationi—

212 2259 280 2286 bus:
298 2260 397 2293 quique
409 2259 494 2286 dolori
524 2259 690 2294 paupertatis
714 2264 813 2286 nostra:
834 2259 994 2286 medicinam

211 2304 331 2331 adhibuit
348 2305 687 2339 ipsemetincarnationem
711 2312 799 2332 suam.
824 2303 916 2339 Neque
927 2305 993 2332 alie-

212 2357 248 2377 no
262 2351 363 2385 indiget
385 2350 429 2378 ille
457 2349 572 2378 robore:
593 2351 722 2385 scriptum
753 2354 795 2377 est
820 2351 903 2380 enim.
923 2350 994 2385 quod

212 2394 239 2420 in
266 2393 324 2428 ipso
344 2394 383 2429 (7)
411 2400 535 2433 constant
558 2395 647 2422 omnia
667 2404 675 2428 ;
700 2399 726 2422 ct
747 2394 817 2429 quod
841 2394 957 2422 ﬂectitur
969 2395 993 2423 ei

247 2485 401 2520 (95)'Ipsis.
414 2485 507 2513 Graeca
533 2485 614 2513 edit'o
631 2495 637 2512 :
653 2485 743 2512 αὐτῶν
775 2485 801 2512 id
820 2489 876 2517 est,
895 2494 905 2510 ‹
924 2485 994 2520 ipso-

214 2528 428 2591 ωξῧὸίοιηηία,
446 2554 516 2582 Psal.
532 2562 590 2586 cm,
603 2554 639 2582 es
657 2555 789 2591 (senﬂ'i).

247 2556 291 2588 (96
323 2556 428 2582 Omnia.
446 2556 516 2582 Psal.
532 2562 590 2586 cur,
603 2556 639 2582 28
657 2556 716 2589 (seu
732 2556 789 2591 27).

247 2556 302 2626 (97;
321 2590 390 2617 Illis.
412 2590 504 2618 Gt'a'ca
528 2591 610 2617 editio
627 2599 634 2617 :
662 2590 761 2622 αὐτῶν,
781 2591 805 2618 id
831 2595 881 2623 est,
902 2600 910 2616 ι
930 2589 990 2617 illo-

213 2633 281 2657 rum.
299 2635 308 2652 ι
327 2631 352 2660 ιι]
367 2626 447 2660 paulo
462 2630 535 2652 ante.

247 2659 301 2696 (98)
322 2659 382 2696 Non
395 2661 421 2687 in
435 2668 509 2696 parte.
526 2659 675 2696 Matthltv.
691 2659 718 2686 4.

247 2694 302 2729 (99)
322 2694 461 2727 Quiuem't.
478 2694 555 2721 Joau.
571 2702 608 2727 vr,
622 2694 667 2720 55.

246 2730 282 2764 ιι)
306 2730 418 2757 I'Jsuriet.
436 2731 536 2761 Codex,
550 2730 663 2764 πεινήσῃ
680 2737 727 2763 pro
742 2729 865 2764 πεινάσῃ,

229 2798 232 2802 .
247 2765 285 2797 (2)
306 2764 417 2791 Educet.
433 2765 499 2792 Gen.
517 2772 537 2796 ι,
557 2765 599 2791 12.
623 2764 737 2791 Sensum
753 2769 841 2790 tamen
860 2765 990 2791 duntaxat

211 2803 285 2864 “(ag)-
300 2831 394 2859 Sciens
413 2833 542 2860 Christus.
555 2832 631 2861 Joan.
647 2841 702 2865 χιι,
727 2832 771 2860 9.8.
790 2832 872 2860 Biblia
891 2833 990 2860 habent

1046 2170 1095 2204 τῆς
1118 2169 1255 2204 πτωχείας
1274 2169 1323 2204 τὴν
1350 2169 1416 2204 παρ’
1444 2168 1541 2195 ἑαυτοῦ
1567 2168 1728 2204 οἰκονομίαν
1752 2174 1831 2202 χορη-

1046 2215 1111 2249 γῶν.
1130 2215 1197 2241 Οὐδὲ
1218 2214 1309 2249 ἰσχύος
1324 2214 1456 2241 ἐπιδεῖται
1472 2214 1615 2249 ἀλλοτρίας
1631 2215 1752 2245 ἐκεῖνος·
1771 2213 1833 2247 γρά-

1047 2268 1092 2293 φει
1109 2259 1176 2295 γὰρ.
1194 2260 1232 2290 ὡς
1255 2259 1284 2285 ἐν
1303 2259 1376 2294 αὑτῷ
1397 2259 1563 2294 συνέστηκεν
1588 2259 1623 2286 τὰ
1653 2259 1763 2290 πάντα,
1791 2257 1834 2284 καί

1048 2303 1085 2335 ὡς
1113 2304 1231 2339 κάμπτει
1254 2304 1327 2338 αὐτῷ
1349 2305 1403 2330 πᾶν
1418 2304 1482 2337 γόνυ
1502 2304 1691 2339 ἐπουρανίων,
1715 2304 1761 2330 καὶ
1778 2304 1834 2329 ἐπι-

1049 2349 1138 2383 γείων,
1155 2350 1201 2376 καὶ
1226 2349 1423 2384 καταχθονίων,
1444 2350 1492 2376 καὶ¹
1514 2349 1555 2376 ὅτι
1577 2350 1606 2376 ὲν
1626 2349 1694 2386 [193
1717 2349 1743 2386 ὑ]
1768 2349 1832 2383 αὐτῇ

1046 2396 1079 2430 τῇ
1099 2395 1239 2430 οἰκονομίᾳ
1254 2395 1448 2430 προσελθόντες
1461 2395 1572 2430 ἄγγελοι
1592 2396 1738 2431 διηκόνουν
1751 2393 1832 2429 αὐτῷ,

1046 2494 1055 2511 ι
1074 2485 1152 2513 Jesus
1171 2497 1180 2512 ι
1200 2494 1249 2521 pro
1268 2495 1278 2512 ι
1297 2486 1431 2514 Christus.
1451 2497 1460 2513 ι

1079 2520 1119 2558 (4)
1141 2520 1277 2558 Exsurge._
1295 2521 1364 2548 Psal.
1388 2530 1468 2558 νχιιιι.
1494 2522 1529 2549 25
1557 2523 1613 2557 (seu
1646 2523 1707 2558 ‘25).
1738 2523 1829 2551 Graeca

1041 2556 1122 2591 editio
1140 2566 1146 2583 :
1163 2558 1206 2584 ἵνα
1219 2557 1244 2584 τί
1267 2556 1368 2589 ὑπνοῐς,
1387 2557 1411 2584 id
1425 2563 1477 2587 est.
1492 2567 1501 2582 ι
1521 2556 1605 2591 quare
1622 2556 1737 2589 dormis.
1758 2568 1767 2584 ι
1785 2565 1829 2590 pro

1040 2590 1106 2627 ᾤςὸ
1123 2592 1223 2619 ὑπνῶν,
1254 2592 1305 2627 Sed
1331 2591 1402 2618 Psal.
1431 2590 1540 2625 Lxxvu,
1568 2593 1598 2618 Ἠ
1630 2594 1690 2627 (seu
1719 2593 1766 2627 65)
1794 2593 1828 2619 le-

1039 2626 1111 2659 gitur
1135 2636 1141 2654 ;
1162 2626 1312 2662 ὲξηγέρθη,
1338 2626 1376 2658 ὡς
1401 2628 1416 2653 ὁ
1441 2627 1533 2653 ὑπνῶν
1564 2626 1686 2662 Κύριος,
1720 2626 1827 2658 idest,

1041 2668 1050 2684 ι
1066 2663 1228 2692 enurrcxit,
1247 2661 1318 2688 velut
1334 2662 1481 2693 dormiens,
1500 2661 1638 2689 Dominus.
1658 2672 1667 2687 ι

1044 2729 1055 2756 ἰ
1075 2695 1244 2756 (agitamus
1265 2696 1302 2722 rei
1321 2696 1436 2731 indigus.
1454 2696 1556 2728 Codex.
1572 2697 1678 2732 ἐνδεής.
1702 2697 1756 2725 Sed
1772 2700 1826 2731 lego

1057 2738 1101 2756 νεν
1149 2740 1173 2756 ε.

1038 2737 1173 2763 ανενοεης.

1075 2765 1113 2800 (ti)
1133 2765 1218 2801 Dives.
1237 2767 1334 2801 Eplies.
1349 2774 1379 2796 ll,
1396 2766 1421 2792 ι.

1076 2801 1113 2835 (7)
1134 2800 1166 2828 In
1181 2802 1246 2835 ipso.
1259 2800 1370 2829 'Coloss.
1393 2810 1411 2834 ι,
1428 2801 1470 2828 Π.
