1925 3063
113 81 171 108 925

669 83 710 109 DE
730 83 916 110 TRlNITATE
936 84 1036 112 LIBER
1056 84 1217 113 TERTIUS.

1687 85 1740 113 996

115 135 286 172 κεχώρισται
306 137 358 172 γὰρ
383 137 428 164 τοῦ
460 147 469 162 1
485 137 531 163 ἐπὶ
560 137 668 164 πάντων
685 138 721 172 »ἡ
737 138 834 170 κτίσις,
849 138 903 174 ῆνέ

960 140 1000 167 nis
1015 141 1110 167 scribit
1125 150 1131 167 :
1150 150 1158 166 1
1173 139 1303 174 Quoniam
1316 140 1370 176 (69)
1391 148 1424 167 ex
1443 141 1510 175 ipso,
1525 145 1552 169 et
1574 148 1622 176 per
1640 142 1739 176 ipsum,

115 182 170 216 μὲν
187 193 195 207 1
207 182 249 208 διὰ
261 182 367 209 πάντων
378 192 387 207 ›
405 182 470 214 Θεὸς
482 183 567 217 Λόγος
575 184 614 214 είς
627 183 657 209 τὸ
667 183 735 209 εἶναι
753 184 905 218 παρήγαγε,

113 228 148 254 τὺ
161 228 190 254 δὲ
203 238 212 254 1
224 229 252 254 ἐν
263 228 363 255 ἅπασιν
382 239 390 254 ι
401 229 511 264 Πνεῦμα
520 228 568 255 τοῦ
579 228 646 255 Θεοῦ
668 228 775 264 πληροῖ,
790 229 906 264 συνέχει,

114 273 239 307 ἁγιάζει,
263 274 309 300 καὶ
333 274 470 305 ζωοποιεῖ.
498 274 547 300 Διά
560 283 601 300 τοι
627 274 705 300 τοῦτο
721 273 905 306 ὲξακολουθὼν

114 318 157 354 τῷ
172 319 237 354 περὶ
249 318 279 345 τό
295 319 435 354 βάπτισμα
445 318 607 354 θεσπίσματι
620 320 666 346 τοῦ
693 319 838 350 Δεσπότου,
849 322 905 351 τοῖς

113 365 211 396 αὐτοῖς
226 365 256 391 τὸ
274 365 399 400 δεύτερον
418 365 570 400 Κορινθίοις
587 365 749 397 ἐπιστείλας,
761 367 793 401 τῇ
811 365 905 400 Τριάδι

113 410 312 446 τὴνὶσοτιμίαν
327 410 469 444 ἐφύλαξεν.
489 410 583 436 εἰπών·
605 420 614 436 1
638 411 668 437 'H
685 410 763 446 χάρις
781 411 827 436 τοῦ
846 411 904 437 Κυ-

116 455 176 490 ρίου
191 456 269 491 ἡμῶν
289 456 375 491 Ἰησοῦ
396 456 525 491 Χριστοῦ,
544 461 591 482 καὶ
606 456 622 491 ἡ
649 456 742 491 ἀγάπη
759 455 806 482 τοῦ
824 455 903 488 Θεοῦ,

114 502 165 527 καὶ
179 501 195 536 ἡ
211 501 336 527 κοινωνία
359 501 405 527 τοῦ
436 501 512 536 ἀγίου
533 501 690 536 Πνεῦματος
711 500 781 535 μετὰ
797 501 905 528 πάντων

114 546 130 572 ὑ
137 547 204 573 νεῶν.
225 556 234 572 ι

957 190 982 212 et
994 185 1019 211 itt
1034 185 1090 218 ipso
1105 186 1264 212 suntomnin
1277 195 1283 212 :
1297 186 1344 219 ipsi
1356 185 1439 220 gloria
1452 186 1477 212 in
1492 188 1600 214 smeula.
1620 187 1703 215 Amen
1713 196 1736 220 ;›

957 236 983 257 ει
999 230 1120 264 Ephesiis
1137 240 1143 258 :
1163 240 1172 256 1
1186 230 1258 258 Unus
1268 231 1325 265 (70)
1344 231 1411 257 Deus
1422 236 1448 258 et
1456 231 1537 259 Pater
1550 232 1681 265 omnium,
1694 234 1739 267 qui

957 280 997 302 est
1017 283 1097 308 super
1112 276 1214 307 omnia,
1233 280 1259 302 et
1281 283 1328 309 per
1351 276 1452 308 omnia,
1467 281 1493 303 et
1509 277 1534 303 in
1552 276 1677 304 erunibus
1699 285 1705 304 :
1727 287 1736 303 ι

957 328 1008 346 non
1027 320 1142 347 alienum
1168 327 1228 346 esse
1251 320 1397 347 ostendens
1422 327 1495 351 eum,
1522 321 1566 354 qui
1593 326 1644 353 est,
1662 330 1671 347 1
1692 329 1740 356 per

955 365 1056 396 omnia,
1073 374 1082 391 ι
1106 365 1139 392 ob
1165 365 1221 397 illo,
1247 365 1292 400 qui
1318 370 1359 392 est
1380 373 1482 400 1snper
1506 367 1608 398 omnin,
1624 375 1633 392 ι
1653 374 1740 402 neque

955 410 1039 442 illum,
1053 411 1098 445 qui
1115 417 1156 438 est
1177 420 1186 436 1
1203 412 1229 437 in
1245 411 1380 442 omnibus,
1397 419 1405 436 ι
1425 411 1458 438 ab
1475 411 1529 445 illo,
1550 413 1593 446 qui
1607 417 1648 440 est
1668 422 1676 438 1
1693 420 1740 447 per

955 457 1055 483 omnia.
1070 465 1079 481 ›
1099 456 1204 483 Etenim
1222 457 1255 488 is,
1273 456 1317 490 qui
1340 461 1382 482 est
1405 464 1414 480 1
1435 463 1515 490 super
1530 458 1630 490 omnia,
1649 466 1658 482 ι
1686 464 1739 484 non

955 501 1042 533 abest,
1062 509 1122 527 cutn
1147 501 1182 528 sit
1202 501 1359 534 immensus,
1376 509 1391 528 ιι
1414 507 1552 534 creatura,
1570 510 1649 536 quam
1667 502 1739 530 Deus

955 545 1062 580 quidem
1084 546 1212 578 Verbum,
1232 547 1277 581 qui
1293 551 1335 574 est
1355 556 1365 572 1
1384 554 1431 581 per
1452 546 1554 579 omnia,
1577 556 1585 572 ι
1610 547 1643 574 ad
1666 548 1739 574 exsi-

115 593 242 618 steutinm
264 592 384 624 adduxit,
405 592 521 626 Spiritus
547 599 609 619 vero
639 591 696 623 Dei,
719 591 763 625 qni
783 596 823 617 est
845 599 854 615 1
876 598 902 616 tn
919 591 1046 618 omnibus
1059 591 1148 626 (71).»
1168 599 1228 618 eam
1263 591 1365 625 implet,
1380 591 1511 623 continet,
1522 591 1690 625 sanctiﬁcat,
1713 597 1740 619 ει

115 639 246 665 vivilicat.
263 638 319 665 [lac
335 646 399 665 sane
414 639 446 665 de
459 646 539 665 causa
559 637 585 664 in
606 639 722 665 secumla
741 638 772 663 ad
792 637 899 664 eosdem
920 635 1075 664 Corinthios
1107 636 1227 671 Epistula
1263 643 1318 665 tres
1336 637 1476 664 Trinitatis
1492 643 1619 670 personas
1643 638 1741 672 mquaii

116 693 285 719 prosequens
306 686 418 714 honore.
443 692 475 711 ac
500 684 533 711 iis
561 688 743 711 consentanea
787 684 918 713 scribens,
955 690 1014 716 qutr
1041 683 1067 710 in
1088 683 1212 718 baptismi
1237 684 1350 710 formula
1370 683 1452 719 jussit
1475 683 1604 710 Dominus
1626 685 1737 716 servari,

116 731 176 758 nit:
205 739 214 755 1
229 731 320 757 Gratia
335 730 389 765 (72)
418 730 522 757 Domini
545 730 630 758 nostri
654 729 718 758 Jesu
741 730 852 762 Christi,
874 734 901 757 et
920 730 1039 758 charitas
1071 731 1128 765 Dei,
1162 737 1190 760 et
1208 732 1416 760 communicatio
1438 732 1525 760 sancti
1549 731 1666 767 Spiritus
1677 739 1739 759 cum

114 776 242 803 omnibus
258 775 342 802 vobis.
361 785 371 802 ι

157 862 290 889 Ἐνταῦθα
303 861 334 888 τὸ
358 861 455 888 ταυτὸν
470 861 519 897 τῆς
533 861 668 897 θεότητος,
683 861 730 888 καὶ
748 861 779 888 τὸ
800 861 902 888 ἁπλοῦν

988 861 1091 894 Quibus
1110 861 1136 887 in
1149 863 1238 887 verbis
1252 863 1361 894 propter
1371 859 1426 896 (75)
1443 860 1550 888 deitatis
1561 861 1738 895 ideutttatem,

114 905 165 940 τῆς
185 905 303 936 πίστεως
326 905 466 940 μονονουχὶ
487 905 534 931 τοῦ
550 906 655 941 Πατρὸς
680 906 837 942 προ-τάττων
856 907 902 934 τὸν

116 951 194 983 Υἱὸν,
209 951 275 976 ἀλλὰ
293 951 339 976 κα)¹
355 950 539 986 προσκύνησιν
553 951 612 986 ἴσην
625 952 769 986 ἀπονέμων
782 952 820 986 τῷ
834 952 903 987 ἁγίῳ

115 996 264 1031 Πνεύματι.
288 996 335 1022 καὶ
352 996 464 1030 ἑνότητα
490 997 536 1022 καὶ
558 997 699 1023 κοινωνίαν
725 995 793 1024 εἶναι
817 998 902 1031 λέγων

115 1041 198 1077 αὐτῷ.
212 1043 295 1068 Ποίαν
311 1042 339 1068 δὲ
362 1041 478 1077 ταύτην;
492 1042 603 1074 Οὐσίας,
623 1043 769 1078 βασιλείας,
786 1043 904 1078 θελήμα-

114 1097 170 1120 τος,
190 1088 236 1114 καὶ
250 1089 298 1124 τῆς
314 1087 549 1123 ἀναπεμπομένης
568 1088 656 1124 δόξης.
680 1089 724 1121 Ἐξ
741 1090 863 1124 ὑπαρχῆς
875 1090 903 1116 δὲ

115 1134 160 1160 τοῦ
176 1134 368 1170 προϐλήματος
382 1134 622 1169 μνημονεύσωμεν.
636 1135 746 1170 Γράφει·
760 1145 768 1161 1
783 1134 831 1167 Εἷς
838 1135 903 1167 Θεὸς

113 1182 127 1208 ὁ
143 1182 248 1216 Πατὴρ,
258 1190 266 1205 ι
277 1181 322 1207 καὶ
335 1179 389 1212 (εἷς
405 1181 507 1216 Κύριος
521 1180 622 1215 Ἰησοῦς
637 1182 781 1217 Χριστός»
797 1183 846 1218 οὐχ
865 1183 903 1213 ὡς

114 1226 160 1253 τοῦ
189 1227 319 1261 ὀνόματος
337 1235 345 1251 ι
364 1226 414 1260 τῆς
437 1226 561 1262 θεότητος
578 1236 586 1252 ι
602 1227 789 1262 ὑπερέχοντος,
800 1227 816 1263 ἢ
827 1237 902 1263 πρω-

113 1271 237 1302 τεύοντος
250 1270 296 1297 τοῦ
304 1270 431 1305 ὀνόματος
446 1270 511 1304 «τῆς
525 1271 694 1305 κυριότητος,
710 1280 719 1296 ι
735 1271 788 1297 οὐδ’
801 1271 838 1303 ὼς
854 1272 903 1308 ἁρ-

117 1316 245 1351 μόζοντος
262 1316 335 1351 μόνῳ
351 1316 400 1351 μὲν
422 1315 462 1351 τῷ
483 1315 570 1350 llo.th
585 1316 613 1342 τὺ
638 1316 746 1343 ἀκούειν
765 1326 773 1342 1
795 1316 871 1349 Θεὸς,
891 1327 900 1343 ι

116 1359 189 1394 μόνῳ
207 1359 234 1385 δὲ
243 1359 282 1394 τῷ
295 1358 350 1394 Υίῷ
362 1359 391 1385 τὸ
404 1359 544 1385 καλεῖσθαι
559 1359 622 1395 [198
632 1359 659 1396 α]
675 1370 683 1386 1
699 1361 799 1396 Κύριος
815 1372 823 1387 ι
840 1363 904 1397 (ἀμ-

117 1405 239 1440 φοτέρων
257 1404 309 1440 γὰρ
322 1404 356 1430 τὰ
373 1404 420 1430 δύο
437 1404 511 1440 ἵδια)”
535 1404 591 1431 ἀλλ’
610 1405 684 1437 ὅπως
705 1407 751 1432 καὶ
765 1406 795 1432 τὸ
806 1407 903 1433 15mm}—

116 1458 210 1476 στατον
232 1449 285 1476 τῶν
309 1450 493 1482 ὑποστάσεων,
511 1450 557 1476 καὶ
577 1450 652 1476 τοι-ἲν
665 1452 714 1486 μιᾷ
731 1449 800 1478 εἶναι
820 1453 903 1484 αὑτὰς

115 1496 222 1531 θεότητι
246 1496 292 1522 καὶ
316 1497 458 1532 κυριότητι
478 1497 644 1532 ἀπαγγείλῃ.
666 1498 826 1532 Ἐπείτοιγε,
843 1499 901 1524 κατ’

116 1543 222 1575 αὐτοὺς,
239 1542 311 1578 εἰμὴ
327 1542 398 1569 ἔστιν
412 1543 491 1577 φύσει
502 1542 567 1575 Θεὸς
583 1544 597 1569 r3
613 1542 686 1575 Υἱὸς,
704 1544 763 1570 οὐδὲ
783 1544 880 1580 Κύριος
891 1546 904 1571 ὁ

117 1588 211 1623 Πατὴρ
233 1588 321 1622 (ἵλεως
336 1588 365 1614 δὲ
379 1589 445 1624 ἡμῖν
460 1589 514 1624 εἴη,
536 1589 650 1615 τοιαῦτα
678 1590 706 1622 ἐξ
723 1590 845 1624 ἀνάγκης
861 1590 904 1616 διὰ

116 1634 164 1669 τὴν
188 1633 316 1660 ἀπόνοιαν
336 1634 532 1669 φθεγγομένοις
557 1635 601 1670 εὴν
614 1634 738 1670 τούτων),
757 1635 794 1666 ὡς
807 1635 904 1662 ταυτὸν

116 1680 142 1705 δὲ
156 1680 287 1715 τυγχάνον
304 1689 312 1705 1
327 1680 393 1711 Θεδς
412 1690 421 1705 ι
438 1680 486 1707 ⁴καὶ
503 1689 512 1705 1
530 1680 641 1715 Κύριος,
658 1691 667 1708 ι
686 1680 732 1707 καὶ
745 1680 782 1712 ὡς
793 1681 904 1716 θάτερον

117 1725 228 1761 θατέρου
239 1725 276 1762 μὴ
289 1726 427 1762 διαφέρον,
446 1726 512 1761 μηδὲ
527 1726 726 1761 κεχωρισμένον
740 1727 777 1758 ὡς
791 1727 902 1757 ἐπίπαν,

117 1773 260 1808 προτάττει
287 1773 302 1807 ἡ
325 1772 419 1808 Γραφὴ
436 1772 466 1798 τὸ
479 1782 488 1798 1
510 1773 523 1798 ὁ
546 1772 648 1808 Κύριος
666 1782 675 1798 ›
694 1773 758 1799 τοῦι
775 1773 788 1799 ὁ
800 1773 874 1805 Θεὺς,
892 1782 901 1798 9

117 1818 185 1845 κατά
201 1819 320 1845 Mei-373':
336 1818 459 1852 λέγοντα·
473 1828 481 1843 1
500 1818 600 1853 Κύριος
611 1819 625 1844 ὁ
640 1818 706 1849 Θεός
727 1827 784 1850 σου,
803 1818 905 1854 Κύριος

116 1862 155 1896 εἷς
166 1866 248 1891 ἐστιν·
271 1873 280 1889 ›
304 1864 351 1890 καὶ
375 1864 466 1890 πάλιν·
491 1873 499 1889 ι
520 1863 583 1896 Πῶς
599 1863 723 1896 διώξεται
741 1861 781 1895 εἷς
793 1864 903 1899 χιλίους,

117 1912 162 1938 καὶ
178 1911 223 1937 δύο
235 1911 459 1946 μετακινήσουσιν
482 1909 623 1945 μυριάδας,
641 1909 664 1935 εἰ
675 1909 711 1944 μὴ
721 1909 821 1944 Κύριος
836 1918 906 1945 παρ-

117 1957 215 1984 έδωκεν
242 1957 349 1988 αὐτοὺς,
367 1956 441 1983 καὶὸ
458 1956 521 1988 Θεὸς
548 1957 661 1983 ἀπέδοτο
686 1955 801 1988 aia-«26;;
858 1956 905 1981 καὶ

117 2002 186 2029 *ιατά
216 2002 261 2029 τὸν
280 2002 426 2037 ψαλμῳδὺν
446 2003 474 2028 ἐν
500 2001 522 2034 ζ’
539 2002 648 2037 ψαλμῷ·
671 2011 680 2027 1
700 2001 787 2037 Κύριε
800 2002 814 2027 ὁ
839 2001 905 2033 Θεός

119 2057 180 2083 μου,
195 2048 219 2074 ει
241 2048 358 2092 ἐποίησα
386 2048 474 2074 τοῦτο.
495 2057 504 2072 ι
530 2048 608 2074 Κατά
632 2048 660 2074 δὲ
681 2047 785 2083 Ἰησοῦν
800 2047 845 2073 τὸν
859 2047 905 2073 τοῦ

116 2095 204 2130 Ναυὴ,
217 2094 356 2129 ἡλατρεία
368 2095 428 2129 ἥτις
442 2094 578 2128 ὀφείλεται
588 2094 660 2129 μόνῳ
680 2093 750 2128 Θεῷ,
765 2093 803 2129 τῷ
813 2093 906 2128 Κυρίῳ

118 2141 294 2175 προσάγεται’
315 2140 423 2171 πάντως
441 2140 469 2166 δὲ
488 2141 526 2171 ὡς
549 2140 618 2175 Θεῷ.
638 2140 714 2175 Ἔχει
727 2140 790 2175 γάρ·
802 2149 810 2165 1
828 2139 906 2174 Mdp—

117 2194 195 2220 τυρες
215 2186 292 2221 ὑμεῖς
301 2186 360 2212 καθ’
372 2181 488 2219 ἑαυτῶν,
505 2186 545 2212 ὅτι
567 2186 725 2219 ἐξελέξασθε
739 2186 843 2218 ἑαυτοῖς
860 2185 904 2212 τὸν

953 911 981 933 ει
995 906 1055 934 lidei
1069 905 1269 940 simplicitatem
1284 913 1337 932 non
1359 905 1438 932 modo
1452 910 1515 933 ante
1534 905 1639 933 Pnlrem
1655 906 1740 933 collo-

953 952 1061 987 cal('.’4)
1078 951 1186 983 Filium,
1201 958 1294 978 verum
1306 951 1387 978 etiam
1404 951 1531 986 aqualem
1555 952 1739 979 adorationem

955 998 1050 1025 tribuit
1065 997 1176 1031 Spiritui
1193 1002 1298 1028 saneto,
1314 996 1426 1030 ejusque
1443 997 1585 1028 unitatem.
1598 1002 1626 1025 et
1643 1007 1652 1024 1
1666 1005 1740 1025 com-

954 1044 1164 1071 municationem
1184 1052 1194 1069 ι
1212 1043 1249 1077 (id
1269 1040 1310 1070 est
1330 1044 1557 1078 communionem)
1576 1051 1740 1070 commemo-

954 1093 1005 1116 rat.
1021 1088 1114 1122 Qualis
1135 1096 1198 1116 vero
1220 1092 1261 1115 est
1283 1088 1333 1114 ista
1355 1089 1579 1115 communicatio?
1598 1089 1738 1121 Essentizr,

956 1134 1044 1168 regni,
1057 1133 1213 1166 voluntatis,
1226 1137 1254 1159 et
1269 1132 1483 1167 gloriﬁcationis,
1508 1140 1587 1167 quam
1604 1133 1658 1160 Deo
1672 1133 1739 1161 oile-

956 1178 1051 1204 rimus.
1066 1177 1165 1204 Verum
1180 1185 1211 1204 ea
1229 1177 1316 1204 denuo
1333 1184 1575 1204 coutmetnoremus
1597 1185 1656 1212 quae
1669 1178 1738 1211 obji-

953 1223 1027 1249 ciunt
1041 1222 1170 1249 hzeretici.
1182 1222 1283 1250 Scribit
1297 1222 1395 1250 Paulus
1411 1232 1418 1250 :
1436 1223 1527 1251 1Unus
1540 1223 1610 1250 Deus
1624 1223 1715 1256 Pater,
1727 1234 1736 1250 ι

953 1272 978 1294 ct
992 1277 999 1294 :
1015 1276 1024 1293 1
1042 1268 1116 1295 Unus
1127 1261 1255 1295 Dominus
1266 1267 1344 1296 JeSus
1355 1267 1490 1301 Christus,
1506 1277 1514 1294 ι
1532 1277 1583 1296 non
1595 1270 1670 1304 quasi
1683 1269 1738 1306 (75)

956 1321 1052 1340 nomen
1073 1322 1082 1338 1
1099 1313 1210 1340 Deitatis
1224 1323 1234 1339 ι
1265 1314 1300 1341 sit
1325 1313 1519 1346 excellentius,
1537 1319 1583 1340 aut
1607 1315 1739 1348 anterius,

953 1367 1033 1394 quam
1050 1367 1147 1386 nomen
1165 1367 1175 1385 1
1188 1359 1400 1392 Dontinationis;
1417 1369 1426 1386 ι
1442 1365 1489 1387 aut
1503 1361 1578 1394 quasi
1599 1361 1740 1389 conveniat

954 1405 1001 1432 soli
1017 1405 1125 1440 quidem
1137 1405 1220 1437 Patri,
1231 1410 1260 1432 ut
1271 1405 1634 1441 dicaturﬁ101Deusnsoli
1650 1412 1739 1434 autem

955 1451 1022 1479 Filio
1036 1456 1064 1478 ut
1080 1455 1191 1478 vocetur
1207 1451 1382 1483 1Dominus;r
1394 1453 1534 1487 utriusque
1542 1452 1614 1479 enim
1633 1453 1739 1487 propria

955 1503 1017 1525 Sttlll
1031 1497 1089 1524 btet:
1108 1497 1170 1524 duo.
1196 1496 1250 1524 Sed
1272 1498 1332 1525 Ideo
1346 1498 1386 1525 sic
1402 1498 1518 1532 loquitur
1531 1498 1687 1532 Apostolus.
1707 1502 1737 1526 ut

919 1538 940 1567 C
957 1549 984 1569 et
1009 1543 1144 1577 propriam
1172 1542 1376 1570 subsistentiam
1404 1543 1587 1578 hypostasium
1606 1545 1738 1575 enuntiet,

954 1595 980 1616 ιιι
995 1598 1042 1617 cas
1060 1590 1086 1617 in
1101 1598 1152 1617 una
1176 1591 1286 1622 deitate,
1300 1597 1332 1618 ac
1355 1591 1538 1618 dominatione
1557 1598 1616 1618 esse
1634 1591 1739 1626 signiﬁ-

955 1641 1006 1663 σει.
1029 1636 1096 1663 Nam
1113 1636 1244 1670 alioquin,
1267 1636 1290 1664 si
1316 1636 1400 1664 Filius
1415 1643 1508 1664 eorum
1531 1636 1664 1664 sententia
1687 1644 1740 1664 non

954 1688 996 1710 est
1014 1688 1110 1710 natura
1137 1683 1217 1716 Dens,
1247 1690 1281 1710 ne
1301 1683 1382 1710 Pater
1399 1683 1506 1718 quidem
1531 1683 1658 1710 Dominus
1677 1683 1739 1716 erit,

955 1730 1058 1765 (parcat
1081 1735 1172 1757 autent
1200 1730 1258 1765 ipse
1281 1730 1359 1757 nobis
1379 1729 1440 1756 talia
1467 1737 1498 1756 ex
1522 1729 1685 1756 necessitate
1707 1730 1741 1755 οι»

955 1776 1069 1802 istorum
1104 1775 1267 1802 dementiam
1298 1773 1480 1810 dicentibus).
1515 1774 1646 1807 Quoniam
1677 1781 1741 1802 νευο

955 1829 1036 1848 unum
1052 1825 1079 1847 et
1093 1821 1162 1847 idern
1174 1825 1217 1848 est
1233 1829 1242 1846 1
1262 1819 1343 1852 Deus,
1357 1829 1365 1846 ι
1382 1825 1409 1847 et
1426 1829 1435 1845 1
1452 1819 1590 1853 Dominus,
1607 1830 1616 1846 ι
1634 1825 1660 1847 ει
1672 1820 1740 1846 alte-

955 1875 1013 1894 rum
1027 1867 1060 1894 ab
1077 1867 1163 1894 altero
1177 1875 1230 1894 non
1242 1866 1341 1899 diﬂ'erl,
1358 1874 1406 1893 nec
1418 1867 1568 1900 seiungitur
1582 1867 1637 1893 ullo
1651 1867 1740 1897 modo,

956 1911 1097 1946 Scriptura
1124 1912 1256 1946 praeponit
1288 1919 1385 1938 nomen
1420 1921 1429 1937 1
1450 1911 1577 1938 Dominus
1599 1921 1608 1937 ι
1639 1911 1740 1938 nomini

958 1966 966 1983 1
987 1958 1071 1988 Deus;
1089 1966 1098 1982 ι
1119 1962 1146 1983 ut
1163 1964 1224 1983 cum
1241 1957 1278 1983 ait
1297 1956 1403 1992 Moyses
1416 1977 1424 1983 .
1438 1965 1446 1982 1
1460 1956 1588 1983 Dominus
1601 1957 1655 1992 (76)
1672 1957 1742 1984 Dens

956 2008 1014 2030 tuus
1030 2002 1085 2038 (77)
1107 2002 1237 2029 Dominus
1258 2009 1328 2029 unus
1351 2005 1405 2034 est;
1426 2010 1436 2027 ι
1452 2005 1480 2029 et
1503 2009 1615 2029 rursus:
1638 2010 1648 2028 1
1669 2002 1742 2034 Quo-

955 2048 1033 2076 modo
1045 2048 1099 2083 (78)
1115 2052 1291 2082 persequetur
1308 2055 1378 2074 unus
1401 2046 1482 2080 mille,
1503 2051 1530 2074 et
1544 2046 1597 2073 duo
1612 2047 1739 2073 transmi-

954 2102 1032 2129 grztre
1046 2094 1145 2120 facient
1158 2095 1248 2120 decem
1263 2093 1356 2124 millia,
1373 2092 1423 2119 nisi
1440 2092 1569 2119 Doutiuus
1587 2093 1743 2120 tradidisset

955 2141 1025 2172 illos,
1041 2145 1068 2167 et
1082 2139 1155 2167 Deus
1170 2139 1333 2166 vendidisset
1347 2138 1428 2165 illos?
1441 2147 1451 2164 ι
1473 2138 1575 2165 Etcum
1591 2138 1629 2165 ait
1641 2138 1742 2164 Psaltes
1757 2157 1761 2162 ι

956 2187 980 2212 in
998 2193 1032 2213 vtt
1057 2186 1160 2219 psalmo
1183 2193 1190 2212 :
1211 2193 1220 2210 1
1238 2183 1353 2211 Domine
1363 2184 1419 2220 (79)
1441 2184 1512 2211 Deus
1536 2192 1621 2216 tnetts,
1642 2185 1664 2211 si
1692 2183 1742 2210 [τιιί

116 2231 227 2265 Κύριον,
241 2230 288 2257 τοῦ
306 2231 447 2266 λατρεύειν
463 2231 548 2266 αὐτῷ.
575 2241 583 2255 ι
607 2232 699 2258 Ἔστιν
719 2231 747 2258 δὲ
768 2231 903 2267 σκοπῆσαι

957 2231 1038 2258 ἱειιιυῖ
1054 2240 1063 2257 i
1082 2230 1162 2258 Juxta
1174 2229 1266 2257 .lesum
1289 2237 1352 2257 vero
1378 2230 1460 2257 tilium
1484 2230 1558 2257 Nave
1574 2230 1663 2257 cultus
1687 2230 1741 2261 ille,

118 2277 162 2303 καὶ
177 2276 204 2309 ἐξ
218 2277 314 2311 ἐτέρας
326 2277 446 2312 γραφῆς,
464 2277 502 2308 ὡς
524 2277 554 2303 οὺ
577 2278 610 2312 τῇ
628 2277 675 2312 μιᾷ
693 2277 839 2304 ὑποστάσει
853 2277 903 2312 ἀρ-

120 2323 213 2358 ιεόττει-
237 2323 267 2349 τὸ
292 2332 301 2348 1
317 2324 331 2349 ὁ
350 2323 461 2359 Κύριος.
484 2333 493 2348 ι
510 2323 612 2350 Ψάλλει
634 2323 688 2358 γὰρ
712 2323 793 2350 Δαυῒδ
808 2324 836 2349 ὲν
860 2322 903 2358 πβ’

117 2369 224 2403 ψαλμῷο
241 2379 250 2394 1
271 2369 498 2404 Δίσχυνθήτωσαν
513 2369 559 2395 καὶ
575 2369 790 2405 ταραχθῄτωσαν
807 2371 846 2401 εἰς
858 2369 903 2396 τὸν

153 2480 209 2515 (69)
231 2480 371 2511 Quoniam.
387 2480 466 2507 Rmn.
485 2488 522 2511 χι,
539 2479 583 2508 56.

153 2514 208 2549 (70)
230 2514 312 2542 Unus.
330 2515 430 2549 Epltes.
447 2524 482 2548 tv,
499 2517 525 2542 6.

153 2551 208 2585 (71)
229 2550 260 2576 In
281 2551 410 2577 omnibus.
428 2552 544 2585 Ituspirit
560 2551 623 2578 illud
638 2551 701 2584 Snp.
719 2558 766 2581 λιι,
784 2551 792 2576 l
812 2559 818 2577 :
836 2560 842 2574 ι
860 2549 901 2576 ln-

119 2591 262 2617 rorrnptus
277 2591 338 2612 tuus
354 2585 472 2620 Spiritus
485 2592 525 2613 est
544 2587 568 2613 itt
587 2587 723 2612 munibus.
740 2595 748 2611 ν

153 2621 208 2656 (72)
229 2619 332 2656 Gratia.
361 2619 380 2646 ll
412 2622 473 2648 Cor.
494 2630 551 2654 λιιι,
568 2622 609 2648 15.

154 2654 208 2691 (75)
237 2654 355 2689 Propter.
377 2656 483 2691 Codex,
503 2657 533 2682 τὸ
557 2656 665 2683 ταυτόν.
683 2655 759 2681 Addo
781 2655 843 2687 Etsi,
873 2663 903 2682 nc

119 2691 176 2726 lego
201 2691 244 2717 διὰ
260 2691 290 2716 τι
305 2690 410 2726 ταυτόν.

154 2726 210 2759 (74)
239 2725 305 2752 Ante
327 2725 433 2752 Putrem
458 2726 581 2752 col/amt.
600 2726 707 2757 Cedet,
728 2725 775 2752 τοῦ
796 2724 903 2760 [ἰατρὸς

120 2761 306 2794 προςτάττων.
333 2759 386 2795 sed
406 2762 574 2794 perspicuum
601 2767 641 2787 est
670 2760 811 2795 lugendum
842 2759 902 2787 ease

137 2797 174 2832 [ut
194 2805 217 2822 t.‘t
235 2795 303 2831 lego]
320 2794 366 2821 τοῦ
383 2795 488 2831 Πατρὸς
503 2796 669 2830 προτάττων.

957 2277 1002 2312 qtti
1020 2277 1068 2303 soli
1081 2277 1136 2304 Deo
1153 2277 1276 2309 debetur,
1295 2275 1410 2303 Domino
1422 2275 1545 2307 olIt-rtnr,
1562 2284 1593 2303 ac
1609 2275 1740 2307 redditur;

957 2323 1027 2350 nulla
1047 2324 1151 2350 scilicet
1178 2323 1230 2350 alin
1264 2323 1298 2350 de
1323 2330 1416 2355 causa,
1435 2323 1485 2349 nisi
1510 2323 1574 2357 quia
1600 2322 1670 2349 Deus
1685 2327 1741 2349 est:

957 2370 1012 2397 haec
1030 2370 1099 2396 enim
1114 2371 1210 2396 lmbct:
1229 2379 1236 2395 1
1254 2369 1347 2396 Teztes
1360 2368 1416 2404 (80)
1435 2377 1482 2396 vos
1499 2370 1564 2396 estis
1575 2374 1669 2396 contra
1683 2376 1743 2395 vos-

990 2480 1046 2517 (75)
1065 2481 1126 2507 Non
1143 2482 1236 2516 quasi;
1255 2486 1308 2508 etc.
1326 2481 1424 2508 Eodem
1445 2481 1524 2517 modo
1542 2479 1718 2517 Paulijerbzt
1731 2499 1740 2513 ,

957 2514 1057 2552 17Umis
1071 2514 1164 2549 Deus,»
1177 2523 1241 2549 etc.,
1255 2518 1371 2552 explicat
1387 2517 1412 2544 in
1426 2517 1471 2544 lib.
1489 2516 1525 2542 De
1536 2515 1606 2550 Spir.
1622 2514 1651 2543 S.
1668 2524 1743 2543 num.

954 2551 1046 2620 mbo)
1075 2586 1209 2613 Dominus.
1229 2587 1305 2613 Deut.
1323 2594 1356 2615 vt,
1373 2587 1400 2613 Δ.

994 2622 1050 2656 (77)
1079 2620 1159 2657 Tuus.
1177 2622 1270 2657 (im-12a
1287 2622 1385 2652 editio,
1402 2621 1497 2657 ἡμῶν.
1514 2628 1559 2647 seu
1582 2629 1590 2646 1
1612 2625 1711 2646 noster.
1730 2630 1740 2647 ι

951 2678 957 2686 ,
996 2657 1051 2691 (78)
1073 2655 1220 2691 Quomodo.
1239 2656 1316 2682 Πειιιι.
1334 2655 1482 2686 χιιιιιξὸι).

997 2692 1053 2726 (79)
1074 2691 1196 2726 Domine.
1211 2690 1279 2717 Psal.
1296 2699 1343 2723 vti,
1358 2692 1373 2717 5
1388 2692 1395 2723 (
1409 2699 1453 2716 seu
1495 2691 1514 2719 ).

993 2724 1050 2761 (80)
1072 2725 1166 2752 Testes.
1185 2725 1267 2752 Josue
1283 2734 1355 2755 χειν.
1370 2725 1415 2752 22.
1433 2726 1459 2751 In
1478 2725 1569 2752 Bibliis
1591 2724 1658 2752 idem
1673 2732 1733 2751 seu.

958 2769 1015 2793 sus,
1031 2762 1076 2788 sed
1092 2761 1171 2787 verba
1190 2761 1384 2796 :diqmmtulmn
1403 2761 1519 2787 diversa.
