1925 3063
123 123 177 150 92‘.)

675 122 719 150 DE
739 123 925 152 TRINITATE
946 124 1049 154 LIBER
1068 125 1227 154 TERTIUS.

1697 134 1750 162 930

119 189 160 208 τι·
181 191 190 207 ι
215 181 284 216 ὅπερ
305 180 422 217 οὐδαμοῦ
451 181 605 217 γέγραπται
627 184 818 220 συνημμένως,
845 184 905 212 ἀλλᾶ

964 190 1085 213 noratur.
1115 185 1240 220 inquiunt
1262 187 1335 214 enim
1353 196 1361 215 :
1382 188 1472 216 Gloria
1495 189 1565 218 Patri
1586 198 1633 225 pcr
1652 191 1748 220 Filium

118 229 342 263 κεχωρισμένως,
358 228 418 254 καθ’
434 228 591 264 ὑπαλλαγὴν
602 229 710 262 λέξεων,
727 230 772 257 διὰ
785 230 834 262 τὰς
846 239 912 266 μνη-

119 271 300 307 μονευθείσας
319 272 418 304 αἰτίας,
435 273 466 299 οὐ
479 273 570 309 μέντοι
583 274 625 301 διὰ
643 274 807 309 δοξολογίαν,
821 277 838 312 ἦ
851 285 911 303 τινα

117 316 230 350 ὕφεσιν·
255 313 312 343 οἷον
331 317 361 343 ἐν
383 319 439 349 τοῖς
464 319 657 354 προκειμένοις
672 321 688 355 ἡ
703 320 798 356 Γραφὴ
824 319 909 348 εἶπεν·

120 370 131 386 1
156 358 203 393 Εἷς
217 360 283 393 Θεὸς
304 362 350 388 καὶ
367 363 472 398 Πατὴρ,
487 364 516 396 ἐξ
529 361 559 390 οὗ
571 365 605 392 τὰ
623 365 722 397 πάντα,
740 366 785 392 καὶ
798 363 837 398 εἷς
853 367 911 393 Κύ-

116 414 181 442 ριος
202 406 304 442 Ἰησοῦς
320 408 446 443 Χριστὸς,
479 408 512 435 δι’
535 405 566 436 οὗ
596 410 630 437 τὰ
646 411 744 438 πάντα·
767 421 776 437 ι
796 412 844 438 καὶ
862 413 911 439 οὐκ

114 452 271 487 ἐπήγαγεν,
293 452 337 480 ‘Ev
348 453 416 488 ἁγίῳ
430 453 578 489 Πνεύματι,
594 455 622 490 ἢ,
643 455 687 482 Ἑν
700 455 739 491 τῷ
757 456 908 492 Πνεύματι.

115 497 255 529 Πολλάκις
268 498 296 524 δὲ
312 498 444 534 κέχρηται
461 499 499 535 τῷ
517 509 527 525 1
546 499 580 526 δι’
590 497 621 528 οὗ
631 510 641 526 ι
655 501 715 528 ἀντὶ
725 500 783 534 τοῦ,
796 502 855 536 μεθ’
869 501 909 529 οὗο

113 543 157 575 ὡς
165 543 270 575 Παῦλος
283 544 436 579 Κορινθίοις
452 545 564 580 γράψει’
581 555 590 572 1
613 547 660 573 Ἐκ
670 548 723 583 γὰρ
741 549 841 584 πολλῆς
856 548 911 575 ϐλί-

113 587 194 622 ψεως
217 590 264 615 καὶ
280 589 394 624 συνοχῆς
406 591 520 625 καρδίας
539 591 645 626 ἔγραψα
661 593 726 627 ὑμῖν
745 593 789 620 διὰ
803 593 908 620 πολλῶν

113 634 256 670 δακρύων·
273 645 282 660 ι
296 635 356 661 ἀντὶ
370 635 428 668 τοῦ,
444 637 513 670 μετὰ
530 637 646 665 πολλῶν.
659 638 715 664 Καὶ
728 639 809 666 πάλιν
827 639 856 665 ὲν
875 641 908 676 τῇ

114 679 217 715 πρώτῃ
236 680 388 716 Ἐπιστολῇ·
409 690 417 705 1
435 681 519 707 Ὅταν
536 682 565 708 δὲ
585 683 792 719 παραγένωμαι,
808 684 853 717 οὒς
862 685 910 712 ἐὰν

113 725 296 760 δοκιμάσητε,
310 725 343 752 δι’
356 726 504 753 ἐπιστολῶν
514 727 625 760 τούτους
639 728 740 764 πέμψω
749 730 910 764 ἀπενεγκεῖν

112 770 169 805 τὴν
185 770 265 805 χάριν
279 770 357 805 ὑμῶν
368 772 397 798 ὲν
420 772 612 809 Ἰερουσαλήμ·
635 783 644 799 )
668 774 816 806 τουτέστιν.
842 776 910 811 μετὰ

114 816 269 843 ἐπιστολῶν
301 817 410 851 πέμψω.
434 816 501 845 Εἶτα
529 818 658 855 ἀλλαχοῦ,
681 821 731 848 οὐκ
756 821 870 848 εἰποῦσα
892 823 909 857 ἡ

114 861 215 897 Γριφὴ
228 861 258 887 τὸ
271 871 280 887 1
299 862 329 894 ἐξ
341 859 371 889 οὗ
388 872 397 888 ι
408 864 455 890 καὶ
473 872 482 888 1
495 864 527 890 δι’
538 861 580 896 οὗ,
602 874 611 890 ›
631 865 716 900 λέγει’
735 875 743 891 1
767 866 810 892 Ἐν
824 866 909 893 Πνεύ-
925 863 944 890 Β

113 916 185 942 μοι-τι
201 907 281 942 ἁγίῳ·
299 916 307 933 ι
328 908 342 934 ὃ
357 909 442 939 ἐστιν,
463 909 510 935 σὺν
526 909 565 944 τῷ
586 910 656 945 ἁγίῳ
677 911 825 946 Πνεύματι.
842 911 909 937 Πολ-

112 953 202 989 λαχοῦ
221 954 285 989 γὰρ,
301 954 361 980 ἀντὶ
385 954 434 980 τοῦ
449 954 552 985 εἰπεῖν,
577 955 646 989 μετὰ
672 955 719 982 καὶ
732 955 844 991 τοῦδε,ἢ
861 956 909 982 σὺν

112 999 197 1035 τῷδε.
212 1000 323 1035 εῐρηκεν
339 999 369 1025 τδ
385 1009 394 1025 1
416 1000 444 1026 ὲν
460 999 538 1034 τῷδε·
560 1009 569 1025 ι
587 1000 625 1032 ὡς
636 1001 665 1026 ὲν
679 1000 722 1033 ξς¹
745 1001 909 1036 προφητεύει

111 1045 228 1081 ψαλμῷ·
245 1055 254 1071 1
269 1045 464 1081 Εζσελεύσομαι
480 1047 520 1077 εις
533 1046 579 1073 τὸν
593 1044 666 1073 οἶκόν
687 1055 734 1073 σου
759 1048 787 1073 ὲν
802 1047 909 1074 ὁλοκαυ-

111 1091 250 1126 τιῦμασιπν
272 1101 281 1117 r
299 1091 359 1117 ἀντὶ
375 1091 433 1123 τοῦ,
452 1091 522 1126 μετὰ
535 1092 781 1127 ὁλοκαυτωμάτων
797 1093 844 1120 καὶ
858 1092 909 1119 πά-

111 1137 168 1163 λιν·
190 1147 199 1163 1
228 1136 377 1172 Ἐξήγαγεν
393 1138 490 1169 αὐτοὺς
504 1137 533 1163 ὲν
547 1138 670 1174 ἀργυρίῳ
687 1139 734 1165 καὶ
763 1139 875 1174 χρυσίῳ·
897 1149 905 1165 ι

112 1183 264 1214 τουτέστιν,
289 1183 357 1218 μετὰ
370 1182 433 1219 [199
451 1182 477 1219 ὁ]
496 1184 627 1219 ἀργυρίου
644 1185 690 1211 καὶ
715 1185 836 1220 χρυσίου·
861 1185 909 1212 καὶ

113 1228 200 1255 πάλιν
219 1229 248 1255 ὲν
279 1228 327 1264 ρξ’·
359 1239 368 1254 1
392 1229 448 1255 οὐκ
475 1229 604 1266 ὲξελεύσῃ
620 1227 652 1256 ἒν
674 1231 734 1261 ταῖς
763 1231 908 1266 δυνάμεσιν

112 1274 207 1309 ἡμῶν·
226 1284 234 1300 ι
249 1275 263 1301 ὅ
276 1275 344 1307 ἐστι,
363 1275 410 1301 σὺν
424 1276 483 1306 ταῖς
496 1275 641 1310 δυνάμεσιν
657 1276 744 1311 ἡμῶν.
768 1276 796 1302 '0
815 1276 843 1302 δὲ
863 1285 908 1303 σο-

113 1321 241 1356 φώτατος
250 1320 363 1353 Παῦλος,
377 1321 441 1356 περὶ
451 1321 498 1348 τοῦ
513 1317 637 1357 Σωτῆρος
651 1321 769 1357 Χριστοῦ
784 1323 906 1358 γράφων,

111 1366 178 1392 ἀντὶ
198 1366 245 1392 τοῦ
277 1367 373 1398 εἰπεῖν,
400 1366 491 1393 Πάντα
513 1367 555 1393 ἐπ’
579 1367 661 1394 αὑτὸν
687 1367 835 1403 συνέστηκε
863 1369 908 1395 καὶ

113 1411 183 1447 παρ’
198 1412 280 1438 αὐτοῦ
303 1412 426 1447 ἐκτίσθη,
448 1412 510 1448 ἔφη·
539 1422 548 1438 1
579 1413 670 1440 Πάντα
698 1413 727 1440 ἐν
752 1413 827 1449 αὐτῷ
845 1422 907 1440 συν-

113 1457 244 1492 έστηκεν.
264 1458 312 1484 καὶ
337 1458 365 1484 ὲν
390 1457 463 1493 αὐτῷ
487 1458 599 1494 ἐκτίσθη
618 1458 652 1485 τὰ
663 1459 762 1486 πάντα.
779 1468 790 1485 ι
809 1459 840 1486 Εἰ
862 1457 908 1486 οὖν

113 1503 303 1537 πιρχλλαξίαν
319 1503 350 1530 οὐ
367 1504 442 1539 δηλοῖ
452 1505 468 1539 ἡ
479 1504 596 1538 λέγουσα
611 1503 657 1530 τοῦ
671 1504 806 1531 Δεσπότου
819 1505 905 1540 φωνὴ,

116 1560 126 1576 1
144 1549 328 1582 Βαπτίζοντες
346 1550 444 1581 αὐτοὺς
455 1550 495 1581 είς
508 1549 539 1575 τὸ
555 1549 640 1584 ὄνομα
660 1549 708 1576 τοῦ
723 1548 840 1585 Πατρὸς,
859 1551 920 1577 aut.

112 1596 162 1622 τοῦ
173 1595 248 1627 Υιοῦ,
264 1596 310 1622 καὶ
319 1595 365 1622 τοῦ
392 1595 471 1629 ἁγίου
484 1594 650 1630 Πνεύματος,
667 1605 676 1621 ι
690 1595 873 1630 παραλλαξίαν
889 1597 905 1630 ὴ

112 1641 189 1673 λέξις
204 1641 252 1675 οὐχ
266 1640 332 1673 ἕξει,
352 1649 361 1665 1
383 1641 411 1666 ὲν
427 1639 465 1674 τῷ
480 1640 550 1674 ἁγίῳ
568 1639 717 1674 Πνεύματι,
740 1649 748 1665 ι
762 1640 806 1667 διά
822 1649 851 1667 τε
866 1641 906 1673 είς

113 1687 143 1712 ἓν
158 1686 243 1721 ονομα
252 1685 379 1721 ἰσοτίμως
392 1684 529 1720 εἰρῆσθαι,
543 1685 587 1712 διά
600 1694 629 1711 τε
639 1685 719 1712 αὐτὸν
727 1685 798 1712 εἴναι
809 1685 906 1718 εἰπεῖν,

115 1740 126 1757 1
145 1732 188 1762 εἰς
202 1730 233 1757 τὸ
248 1730 343 1765 ὄνομα,
365 1739 374 1755 r
389 1729 436 1756 καὶ
453 1738 461 1754 ι
473 1729 502 1755 ἐν
520 1729 559 1764 τῷ
579 1729 701 1764 ὀνόματι.
720 1738 730 1754 ›

919 1531 940 1559 C

963 230 991 257 in
1009 231 1111 265 Spiritu
1126 236 1221 259 sancto
1249 240 1257 259 :
1287 240 1347 267 qum
1362 233 1483 262 l‘ormnhe
1502 244 1633 270 nusquam
1654 245 1750 266 onincs

962 277 1126 311 conjunctim
1142 278 1249 312 seripula
1263 283 1325 306 sunt
1348 279 1373 306 in
1392 279 1494 312 Bibliis,
1516 283 1563 308 sed
1584 287 1685 310 tantum
1703 291 1748 311 sc-

961 323 1075 358 paratim
1103 330 1151 357 per
1177 331 1273 351 vocum
1300 326 1537 359 permutationem,
1555 327 1589 354 ob
1606 335 1660 359 cas,
1681 336 1748 363 quas

961 368 1078 396 diximus
1097 376 1211 403 causas;
1232 377 1284 396 non
1302 377 1366 398 vero
1391 375 1420 398 ut
1435 371 1545 405 quidam
1566 373 1591 400 in
1611 374 1747 408 gloriﬁca—

962 414 1034 440 tione
1049 414 1148 448 gradus
1162 413 1289 448 majores,
1305 423 1336 443 ac
1354 416 1472 443 minores
1493 422 1689 446 statuerentur.
1708 419 1747 446 Ita

960 458 1074 493 exempli
1101 459 1189 494 gratia
1215 459 1242 486 in
1264 460 1297 487 iis
1316 467 1375 495 qua:
1412 461 1494 489 allata
1519 467 1591 495 sunt,
1608 463 1746 498 Scriptura

960 503 1028 531 dixit
1047 514 1054 532 :
1077 514 1086 530 1
1102 504 1178 532 Unus
1203 505 1274 532 Deus
1301 511 1328 532 et
1356 507 1444 539 Pater,
1467 515 1499 535 ex
1517 515 1570 542 quo
1592 509 1700 541 omnia;
1720 514 1747 536 ct

961 557 1030 577 unus
1050 551 1179 578 Dominus
1196 551 1275 579 Jesus
1287 552 1425 587 Christus,
1445 561 1492 588 per
1513 562 1592 588 quem
1607 556 1714 582 omnia:
1733 566 1742 581 ι

960 596 1006 623 sed
1024 604 1077 623 non
1094 597 1242 630 subiunxit,
1257 607 1266 623 1
1290 597 1318 625 ln
1333 598 1434 633 Spiritu
1460 605 1570 633 sancto,
1588 610 1598 626 ι
1612 606 1675 633 aut,
1689 610 1698 627 1
1718 602 1744 628 in

960 641 1073 676 Spiritu.
1096 652 1105 668 ι
1127 642 1232 678 Saepius
1250 651 1313 671 vero
1334 644 1444 672 adhibet
1460 645 1532 675 illud.
1550 655 1559 671 1
1573 653 1621 680 per
1637 653 1742 680 quem.»

960 694 1026 721 pro,
1043 695 1052 712 1
1071 695 1130 714 cum
1157 696 1219 721 quo.
1237 698 1246 715 ι
1272 689 1309 716 Ita
1325 689 1424 718 Paulus
1449 690 1596 719 Corinthiis
1612 691 1708 719 scrib-it
1736 701 1743 718 :

940 767 943 769 _
962 742 971 759 1
991 733 1058 760 Nam
1072 742 1105 760 ex
1118 734 1199 761 multa
1213 734 1270 770 (92)
1287 736 1468 769 tribulatione,
1485 736 1566 772 512
1582 743 1607 764 et
1620 738 1744 772 angustia

960 778 1049 806 cordis
1077 779 1170 814 scripsi
1190 780 1266 807 vobis
1289 787 1337 815 per
1360 781 1459 808 multas
1481 782 1634 817 lacrymas;
1654 791 1663 808 ι
1684 789 1743 817 pro,

961 831 1021 851 cum
1054 824 1145 852 multis
1172 824 1316 860 lacrymis;
1341 830 1368 853 et
1391 833 1495 858 rursus.
1523 827 1549 854 in
1579 827 1664 861 prima
1686 827 1744 862 Epi-

959 869 1025 896 stola
1043 879 1050 896 :
1067 877 1076 894 ι
1091 869 1157 896 Cum
1173 874 1261 897 autem
1270 870 1327 906 (93)
1339 871 1549 906 ριέιιεοηείιιθτο,
1563 879 1629 906 quos
1648 873 1743 907 proba-

959 915 1062 948 veritis,
1081 922 1130 949 per
1150 915 1277 949 epistolas
1298 917 1345 944 bos
1362 917 1464 944 mittam
1485 918 1606 951 perferre
1627 917 1742 952 gratiam

960 965 1076 988 vestram
1096 961 1122 988 in
1141 959 1308 995 Jerusalem;
1330 972 1339 988 ι
1359 963 1383 989 id
1402 968 1454 994 est,
1467 970 1527 991 cum
1544 964 1663 998 epistolis
1681 965 1742 990 mit-

958 1011 1023 1034 tam.
1045 1006 1147 1034 Deinde
1167 1007 1229 1034 alibi
1255 1008 1394 1042 Scriptura
1417 1009 1484 1045 ipsa,
1510 1016 1570 1035 cum
1590 1010 1664 1043 prius
1687 1016 1741 1036 non

958 1053 1079 1084 dixis'sct,
1102 1061 1111 1077 1
1130 1059 1161 1079 ex
1178 1060 1232 1086 quo
1244 1053 1310 1088 (91),
1336 1063 1344 1079 ι
1370 1059 1396 1081 et
1420 1061 1490 1088 1per
1515 1062 1604 1088 quem,
1621 1064 1631 1079 ι
1653 1054 1741 1082 dicit:

961 1106 970 1122 1
988 1098 1013 1124 in
1032 1097 1132 1130 Spiritu
1144 1096 1199 1132 (95)
1213 1104 1324 1132 sancto;
1342 1109 1350 1125 ι
1372 1100 1396 1126 id
1409 1104 1461 1131 est,
1482 1107 1542 1127 cum
1558 1101 1660 1134 Spiritu
1679 1108 1742 1127 san-

958 1145 1010 1168 cto.
1032 1141 1122 1169 Multis
1144 1142 1214 1169 enim
1240 1143 1266 1170 in
1285 1143 1349 1170 locis
1367 1152 1415 1178 pro
1437 1153 1446 1170 1
1464 1152 1523 1171 cmn
1546 1145 1596 1172 hoc
1615 1146 1709 1179 etiam,
1729 1155 1737 1171 ι

957 1186 1009 1218 vel,
1030 1187 1133 1215 1simul
1153 1195 1214 1216 cum
1232 1188 1281 1215 hoc
1299 1188 1366 1223 (96),
1389 1198 1398 1214 ι
1417 1189 1486 1216 dixit
1503 1198 1511 1214 1
1530 1189 1557 1215 in
1581 1189 1640 1217 hoc.
1660 1198 1670 1215 ι
1697 1189 1742 1217 Sic

956 1233 1072 1267 exc-mpii
1093 1234 1178 1268 gratia
1200 1234 1227 1260 in
1243 1241 1304 1260 vat
1323 1233 1425 1267 psalmo
1450 1233 1614 1268 prophetans
1638 1233 1742 1261 Psaltes

957 1276 994 1302 ait
1008 1284 1015 1302 :
1035 1285 1043 1301 1
1057 1275 1291 1312 lngrediar(97)in
1301 1277 1408 1303 domum
1422 1281 1494 1303 tuam
1506 1276 1532 1303 in
1545 1276 1718 1308 holocaustis,
1729 1285 1739 1302 ι

957 1329 1014 1355 pro,
1039 1329 1099 1348 cum
1116 1322 1302 1354 holocaustis;
1334 1327 1360 1348 et
1390 1329 1504 1349 rursus:
1526 1331 1535 1347 1
1562 1322 1659 1349 Eduxit
1684 1321 1741 1357 (98)

956 1375 1003 1396 eos
1031 1368 1057 1395 in
1077 1373 1188 1404 argento
1207 1373 1233 1395 et
1253 1375 1337 1400 auro;
1360 1377 1369 1394 ι
1389 1368 1413 1394 id
1432 1373 1485 1401 est,
1511 1374 1572 1394 cum
1589 1371 1699 1402 argento
1715 1372 1742 1394 et

956 1420 1039 1446 auro;
1063 1418 1090 1440 et
1110 1421 1203 1440 rursus
1226 1413 1253 1440 in
1276 1420 1346 1440 cvu:
1375 1423 1384 1438 1
1401 1412 1459 1440 Non
1477 1412 1624 1447 egredieris
1640 1412 1695 1448 (99)
1714 1412 1741 1439 in

956 1458 1100 1486 virtutibus
1115 1459 1250 1486 nostris?»
1265 1459 1291 1485 id
1300 1464 1352 1492 est,
1370 1466 1429 1485 cum
1456 1459 1602 1486 virtutibus
1630 1460 1738 1486 nostris.

958 1503 1177 1539 Sapientissimus
1200 1511 1264 1531 vero
1289 1504 1388 1531 Paulus
1413 1504 1445 1531 de
1474 1504 1615 1532 Salvatore
1633 1504 1741 1533 Christo

956 1550 1093 1581 scribens,
1119 1556 1168 1583 pro
1197 1549 1271 1576 hisce
1300 1549 1480 1577 locutionibus
1511 1549 1632 1577 :Omnia
1661 1557 1741 1584 super

955 1594 1041 1628 ipsum
1073 1598 1214 1628 constant;
1241 1599 1269 1621 et
1294 1603 1301 1621 :
1330 1593 1372 1621 Ah
1401 1601 1433 1620 eo
1464 1599 1554 1622 creata
1588 1600 1660 1627 sunt,
1677 1603 1742 1624 usus

955 1642 997 1663 est
1011 1636 1083 1664 hisce
1097 1636 1176 1664 aliis:
1196 1646 1205 1662 1
1222 1637 1319 1665 Omnia
1330 1639 1368 1672 (1)
1387 1639 1412 1664 in
1431 1639 1489 1671 ipso
1508 1643 1652 1672 constant;
1671 1649 1681 1666 ι
1696 1645 1739 1668 et;

957 1692 967 1708 1
980 1682 1008 1710 In
1027 1683 1085 1717 ipso
1103 1687 1194 1710 creata
1214 1688 1280 1710 sunt
1306 1684 1407 1710 omnia.
1423 1694 1431 1709 ι
1452 1684 1480 1711 Si
1502 1692 1566 1718 ergo
1585 1684 1741 1720 discrepan-

957 1730 1020 1756 tiam
1032 1737 1083 1757 non
1097 1730 1250 1764 signiﬁcant
1268 1737 1299 1756 ca
1322 1730 1426 1756 Domini
1440 1730 1519 1756 verba
1543 1740 1550 1757 :
1570 1740 1579 1756 1
1597 1730 1741 1765 Buptizan-

115 1784 157 1806 tes
179 1779 216 1814 (Ξ)
230 1778 312 1806 eosin
329 1777 437 1805 nomine
448 1777 546 1809 Patris,
562 1781 588 1804 et
605 1777 676 1808 Filii,
695 1782 721 1804 et
732 1776 847 1812 Spiritus
863 1777 960 1810 sancti,
979 1787 989 1804 ι
1007 1785 1041 1805 ne
1057 1778 1107 1804 ista
1121 1778 1228 1812 quidem
1243 1778 1356 1809 locutio,
1371 1778 1415 1804 1in
1435 1777 1535 1812 Spiritu
1545 1783 1669 1809 sancto,»
1687 1780 1742 1807 dis-

113 1826 285 1862 crepantiam
315 1825 469 1853 indicabit:
505 1829 561 1853 tum
585 1825 648 1859 quia
669 1829 777 1853 servata
811 1826 921 1854 honoris
940 1826 1091 1860 aequalitate
1115 1833 1198 1853 unum
1231 1832 1331 1852 nomen
1354 1824 1483 1859 singulari
1508 1832 1621 1852 numero
1641 1825 1740 1853 dictum

114 1880 169 1905 est.
188 1879 242 1901 tum
257 1873 318 1908 quia
333 1873 402 1900 idem
414 1876 456 1900 cst
469 1872 517 1908 (ὅ),
532 1881 542 1898 1
558 1872 584 1900 in
605 1880 715 1906 nomen,
728 1883 738 1898 ι
755 1878 835 1907 atque
851 1882 860 1898 1
873 1873 900 1900 in
919 1874 1036 1901 nomine.
1055 1881 1066 1898 ι

158 1919 250 1946 Ἱκανὰ
264 1919 312 1954 μὲν
324 1916 370 1945 οὖν
379 1919 436 1945 ἐστι
448 1918 599 1945 καὶταῦτα.
615 1918 778 1954 Εὑρίσκεται
788 1918 815 1944 δὲ
830 1919 903 1952 ὅμως

113 1967 144 1993 τὸ
166 1975 175 1991 1
192 1965 222 1997 ἐξ
234 1961 265 1991 οὗ
284 1974 292 1990 ι
308 1963 500 2000 γεγραμμένον
511 1963 574 1999 περί
587 1972 616 1990 τε
633 1963 680 1989 τοῦ
702 1963 777 1996 Υῑοῦ,
792 1964 855 1999 περί
875 1972 904 1990 τε

114 2011 163 2038 τοῦ
185 2011 262 2046 ἁγίου
287 2010 454 2045 Πνεύματος,
474 2010 525 2037 καὶ
547 2009 578 2036 τὺ
602 2018 611 2035 1
636 2009 670 2035 δι’
693 2006 723 2036 οὗ
742 2019 751 2036 ›
779 2010 903 2045 κείμενον

115 2057 181 2093 περὶ
195 2056 241 2083 τοῦ
259 2056 365 2091 Πατρὶς
385 2055 430 2082 καὶ
446 2053 510 2091 περὶ
519 2055 566 2082 τοῦ
586 2055 656 2082 θείου
674 2055 841 2091 Πνεύματος,
857 2056 904 2082 καὶ

114 2103 146 2129 τι)
164 2111 173 2126 1
192 2103 220 2129 ὲν
233 2099 255 2137 ᾧ
274 2111 283 2128 ›
294 2102 324 2128 οὐ
336 2101 374 2136 τῷ
389 2101 458 2136 ἁγίῳ
467 2101 606 2136 Πνεύματι
622 2101 821 2136 ἀφωρισμένον.
836 2101 903 2128 ἀλλὰ
920 2121 940 2149 D

116 2149 165 2176 καὶ
183 2147 308 2184 περὶτοῦ
330 2147 436 2183 Πατρὺς
459 2147 568 2174 καὶτοῦ
598 2147 663 2173 Υἱοῦ
684 2146 788 2182 λεχθὲν,
813 2146 850 2177 ὡς
875 2147 902 2172 αἱ

116 2195 294 2230 ὑποκείμεναι
312 2193 479 2229 παριστῶσιν
497 2193 614 2228 γραφαί.
637 2193 698 2220 Ὅτι
718 2193 748 2218 τὸ
772 2201 781 2218 1
801 2192 830 2225 ἐξ
843 2189 873 2218 οὗ
892 2201 901 2216 ι

115 2241 223 2276 εἴρηται
238 2240 284 2266 καὶ
302 2240 365 2273 περὶ
381 2239 427 2265 τοῦ
444 2239 509 2265 Υἱοῦ
521 2239 622 2266 καὶτοῦ
639 2239 716 2272 ἁγίου
734 2238 903 2273 Πνεύμοιτος,

114 2281 211 2316 οὕτως·
231 2284 294 2320 περὶ
309 2283 356 2310 τοῦ
385 2283 461 2314 Υἱοῦ,
486 2283 592 2314 Παῦλος
613 2283 756 2316 Ἐφεσίοις
783 2292 792 2308 1
811 2283 905 2314 Ὅστις

115 2333 190 2358 ἐστὶν
217 2332 234 2366 ἡ
263 2330 366 2366 κεφαλὴ
401 2329 529 2365 Χριστὸς,
553 2329 582 2362 ἐξ
610 2325 640 2355 οὗ
675 2329 730 2355 πᾶν
761 2329 792 2354 τὸ
824 2328 905 2363 σῶμα

117 2377 401 2412 συναρμολογούμενον
423 2376 469 2402 καὶ
494 2374 727 2410 συμϐιϐαζόμενον
753 2372 829 2405 αὔξει
855 2372 904 2408 τὴν

117 2421 229 2457 αὔξησιν
258 2421 304 2447 τοῦ
326 2421 403 2447 Θεοῦ’
426 2430 434 2446 ι
457 2420 582 2455 Ἰωάννης
598 2420 626 2445 έν
644 2419 809 2454 Εὑαγγελίῳ·
825 2428 834 2445 1
857 2418 905 2446 Ἐκ

156 2500 210 2533 (92)
235 2499 303 2526 Nam
323 2507 355 2526 ex
375 2498 467 2525 muls‘a.
483 2497 502 2524 Il
530 2497 594 2524 Cor.
607 2504 638 2529 tt,
653 2496 680 2523 4.

164 2535 208 2569 95)
231 2534 297 2562 Cum
312 2539 408 2560 autem.
426 2534 434 2560 ι
456 2533 598 2569 (ἰονχχννι,
615 2533 643 2569 ᾖ.

167 2562 210 2604 94)
235 2570 275 2596 Ea.
289 2577 350 2602 quo.
369 2569 457 2604 Codex
468 2588 475 2601 ,
492 2562 731 2604 zoii_éﬁ'oit.__l4ego
753 2567 783 2593 τὸ
800 2565 829 2599 ἐξ
855 2563 897 2593 οὗ,

165 2601 211 2633 95)
230 2604 260 2630 In
277 2604 387 2637 Spiritu.
402 2602 480 2630 Joan.
495 2610 514 2633 ι,
528 2602 563 2628 55
582 2607 609 2637 et
624 2601 698 2637 alibi.

165 2641 210 2674 96)
231 2635 369 2667 (ῘιιηιἸιορ.
389 2637 492 2674 Codex,
510 2635 614 2674 coryti)
628 2635 656 2662 δέ
691 2643 738 2670 pro
758 2636 806 2662 σὺν
820 2635 898 2670 τῷδε.

120 2671 239 2705 Ειίιιόι,
253 2675 281 2705 ὲν
298 2674 336 2708 τῷ
367 2672 395 2699 δέ
406 2680 465 2708 (pro
485 2673 513 2698 ὲν
525 2671 603 2706 τῷδε.

155 2710 210 2746 (97)
230 2704 379 2744 Ingrediar.
403 2704 474 2734 l‘sal.
503 2704 556 2734 non
581 2713 661 2738 uvt,
695 2706 741 2732 sed
768 2712 839 2737 va,
866 2704 901 2731 12

121 2746 186 2779 (Sen
204 2745 269 2777 l3).

154 2780 210 2814 (98)
228 2778 335 2814 Eduxit.
350 2777 423 2814 Psal.
435 2775 623 2814 _c1v.>756_(sen
641 2775 705 2814 57‘).
750 2810 756 2814 Δ
808 2809 846 2814 Μ

157 2780 198 2814 (98
228 2780 335 2805 Eduxit.
350 2780 423 2804 Psal.
439 2783 493 2807 CIV.
507 2780 542 2803 56
556 2780 565 2810 (
577 2783 623 2802 seu
641 2780 674 2802 57
687 2780 705 2810 ).
830 2810 834 2814 .
868 2809 882 2814 __

157 2780 213 2850 (99)
230 2813 300 2850 Νειηῄ
315 2812 465 2850 egredieris.
481 2811 558 2850 _Psa|.
580 2818 645 2843 cvu,
673 2811 716 2837 1‘2.
750 2810 776 2838 in
808 2809 900 2837 Biblns

123 2846 228 2878 additur
251 2846 334 2880 856;,
344 2847 369 2875 id
384 2851 434 2876 est.
454 2855 462 2872 1
481 2846 557 2873 Deus.
575 2855 592 2879 »_

988 1918 1050 1946 ﬂare
1063 1925 1144 1952 porro
1159 1916 1200 1945 vel
1220 1917 1275 1945 sola
1300 1917 1407 1952 quidem
1427 1917 1582 1944 suitlriunt:
1605 1918 1741 1946 invenitur

954 1967 1042 1990 tamen
1051 1963 1124 1996 illud,
1135 1971 1144 1988 1
1154 1970 1187 1990 ex
1196 1970 1275 1997 quo,»
1292 1963 1420 1996 scriptum
1435 1966 1461 1989 et
1469 1963 1502 1989 de
1514 1962 1593 1995 Filio,
1601 1969 1627 1990 et
1639 1965 1671 1990 de
1677 1963 1739 1999 Spi-

953 2009 1005 2036 ritu
1016 2013 1110 2036 saneto
1123 2018 1131 2036 :
1151 2008 1265 2040 acillud,
1278 2017 1287 2033 1
1302 2015 1350 2042 per
1359 2015 1448 2042 quem,
1463 2017 1472 2034 ι
1487 2008 1588 2036 dictum
1607 2009 1639 2036 de
1650 2009 1739 2043 Patre,

953 2058 978 2081 et
991 2055 1022 2081 de
1040 2054 1129 2081 divino
1148 2053 1270 2089 Spiritu:
1290 2061 1322 2091 ac
1334 2053 1408 2085 illud,
1426 2062 1434 2079 1
1453 2053 1478 2080 in
1494 2061 1547 2088 quo
1559 2063 1568 2079 ι
1586 2061 1638 2081 non
1653 2054 1742 2090 Spiri—

955 2099 994 2126 tui
1009 2104 1102 2127 sancto
1117 2104 1296 2131 reservatum,
1311 2099 1357 2125 sed
1373 2098 1454 2125 etiam
1471 2098 1504 2125 de
1520 2098 1599 2125 Patre
1624 2104 1651 2126 et
1670 2099 1740 2128 Filio

953 2143 1066 2176 dictum,
1083 2144 1154 2172 sicut
1169 2151 1203 2172 ex
1217 2144 1269 2178 his,
1282 2151 1341 2179 qua:
1357 2144 1526 2177 subjicimus,
1542 2144 1690 2179 Scriptura:
1701 2145 1740 2173 lo-

952 2190 991 2217 cis
1007 2195 1126 2225 apparet.
1142 2190 1206 2216 lllud
1225 2199 1234 2216 1
1250 2198 1283 2218 ex
1302 2198 1356 2225 quo
1373 2200 1383 2216 ι
1402 2190 1455 2217 dici
1473 2194 1500 2217 et
1519 2190 1552 2217 de
1566 2190 1644 2223 Filio,
1665 2195 1691 2219 et
1707 2192 1741 2219 dc

954 2235 1054 2270 Spiritu
1074 2241 1177 2267 sancto.
1199 2235 1237 2263 sic
1260 2237 1354 2269 probo.
1379 2236 1416 2262 De
1432 2235 1509 2268 Filio,
1530 2236 1630 2263 Paulus
1651 2236 1740 2272 Ephe~

953 2282 1000 2308 siis
1020 2281 1074 2308 ait:
1093 2290 1102 2306 1
1118 2281 1167 2314 Qui
1182 2286 1223 2308 est
1236 2282 1274 2315 (4)
1290 2286 1380 2316 caput,
1393 2281 1526 2314 Christus,
1545 2289 1577 2308 ex
1591 2289 1645 2316 quo
1657 2286 1740 2309 totum

954 2334 1050 2361 corpus
1060 2333 1239 2361 Compactum,
1257 2331 1284 2353 et
1297 2334 1449 2354 connexum
1467 2326 1574 2361 augebit
1597 2332 1741 2361 augmento

958 2373 1003 2400 Dei
1017 2373 1066 2408 (5).
1079 2382 1088 2398 ι
1104 2373 1221 2401 Joannes
1231 2373 1256 2400 in
1271 2372 1416 2407 Evangelio
1431 2381 1438 2400 :
1454 2381 1462 2398 1
1478 2373 1516 2400 Ex
1525 2372 1742 2410 plcnitudine(6)

957 2419 1015 2453 ejus
1025 2425 1074 2445 nos
1080 2425 1173 2446 omnes
1184 2418 1346 2453 accepimus.
1355 2419 1387 2446 Et
1395 2426 1526 2446 rursusex
1536 2426 1651 2454 persona
1662 2419 1738 2455 Filii:

1046 2494 1152 2521 Omnia.
1169 2494 1273 2523 Coloss.
1290 2504 1309 2526 ι.
1325 2495 1423 2527 17,1ϐ.

983 2496 1022 2562 (1)
1046 2496 1152 2535 Omnia.
1169 2496 1273 2523 Coloss.
1290 2504 1309 2526 ι.
1325 2496 1423 2527 17,1ϐ.

984 2533 1011 2562 (‘3
1050 2529 1227 2562 Bupttzantes.
1247 2529 1344 2557 Matth.
1365 2537 1466 2562 xxvm,
1486 2530 1529 2557 19.

995 2533 1011 2556 ‘3

984 2533 1022 2565 (‘3)
1050 2533 1227 2562 Baptizantes.
1247 2533 1344 2557 Matth.
1365 2537 1466 2562 xxvm,
1486 2533 1529 2557 19.

985 2566 1023 2600 (5)
1050 2564 1127 2601 ldem_
1146 2571 1193 2601 tu:
1217 2565 1320 2599 Codex,
1338 2565 1382 2593 διά
1396 2573 1426 2592 τε
1443 2565 1525 2591 αὑτὸν
1549 2564 1629 2592 εἶναι.
1668 2566 1740 2601 Lego

950 2597 994 2627 διά
1006 2597 1036 2626 τε
1053 2599 1149 2626 ταυτὸν
1163 2597 1241 2626 εἶναι.

989 2635 1026 2670 (4)
1048 2634 1099 2666 Qui
1129 2640 1177 2661 est.
1201 2635 1300 2668 Ephes.
1335 2642 1371 2665 Iv.
1396 2634 1451 2670 15,
1486 2634 1529 2661 16.
1547 2634 1639 2661 Gmca
1656 2635 1739 2664 editio

954 2671 1047 2698 eodem
1061 2676 1144 2705 sensu
1160 2678 1165 2696 :
1181 2670 1209 2701 ὃς
1222 2671 1295 2696 ἐστιν
1311 2670 1327 2705 ἡ
1343 2669 1458 2704 κεφαλὴ,
1474 2670 1488 2695 ὁ
1504 2669 1631 2704 Χριστός.

991 2705 1029 2738 (5)
1050 2703 1158 2737 Augebt‘t
1176 2703 1390 2739 augmento—Dei.
1407 2705 1466 2730 llmc
1482 2703 1562 2730 verba
1584 2712 1636 2731 non
1657 2704 1738 2732 habet

955 2740 1065 2770 Paulus,
1083 2739 1129 2765 sed
1144 2739 1205 2766 alia.
1222 2741 1256 2766 At
1270 2741 1398 2774 Didymus
1409 2739 1529 2773 Apostoli
1546 2744 1662 2767 mentem
1675 2747 1737 2774 ape-

956 2776 1001 2807 rit,
1015 2781 1046 2800 ac
1063 2780 1170 2800 sensmn
1186 2775 1261 2801 citat.

992 2809 1030 2845 (6)
1052 2808 1094 2835 Ea:
1116 2808 1286 2843 plenitudine.
1311 2809 1388 2837 Joan.
1404 2815 1424 2842 ι,
1446 2808 1490 2835 16.

1747 2854 1753 2879 \
