1925 3063
217 140 268 169 935
294 160 297 162 -

847 135 964 164 ΒΙΒΥΜΙ
984 135 1220 164 ALEXANDRINI

1771 137 1817 166 956

217 198 244 220 et
260 191 396 219 transtulit
410 191 436 218 in
458 198 566 223 regnum
579 190 639 218 Filii
651 188 803 218 dilectionis
815 199 870 218 stne
882 200 889 218 :
903 192 928 219 in
940 181 995 227 quo

1052 191 1092 219 τοῦ
1107 191 1174 218 Υἱοῦ
1195 191 1244 227 τῆς
1259 190 1368 226 ἀγάπης
1392 188 1491 217 αὐτοῦ’
1510 190 1540 217 ἐν
1552 186 1574 224 ᾧ
1590 189 1684 226 ἔχομεν
1702 189 1747 226 τὴν
1759 192 1820 220 ἀπο-

216 239 346 265 habemus
361 236 573 271 redemptionem
585 235 653 272 (47),
669 236 857 264 remissionem
870 241 996 272 peccato-

214 289 290 315 rum;
307 291 316 308 ι
333 287 360 309 et
371 289 463 309 rursus
477 289 484 308 :
500 290 509 306 ι
524 281 622 308 Paulus
632 281 700 317 (48),
717 286 744 308 et
759 281 896 314 Silvanus,
913 288 940 310 et
952 282 997 310 Ti-

215 329 339 354 motheus
362 327 488 354 Ecclesia:
504 327 786 354 Thessalonicensinm
807 327 833 354 in
852 326 905 354 Deo
919 326 998 354 Patre

215 377 307 399 nostro
322 371 390 407 (49),
405 376 432 398 et
454 371 568 398 Domino
584 370 648 399 Jesu
673 373 793 404 Christo;
810 381 819 398 ι
837 377 865 399 et
882 379 995 399 rursus:

217 428 225 441 ε
244 417 272 445 Si
288 422 375 444 autem
389 417 445 452 (50)
462 421 489 444 tu
505 416 614 444 Judazus
627 417 836 452 cognominaris,
849 422 878 445 et
892 418 998 452 requie-

214 465 268 490 sris
295 464 322 490 in
359 463 433 498 lege,
459 468 486 490 et
510 463 632 498 gloriaris
662 463 688 490 in
723 462 792 495 Deo;
811 472 820 488 ι
854 468 882 490 et
907 463 996 490 alibi:

217 520 225 535 ι
245 509 318 537 Unus
343 510 398 545 (51)
426 510 511 542 Deus,
539 515 586 543 per
608 516 687 544 quem
713 509 821 543 omnia,
849 514 876 536 et
899 517 947 536 nos
971 509 996 536 in

214 563 270 590 ipso
285 564 291 588 ;
307 564 316 582 ι
334 562 361 582 et
382 563 476 583 rursus
495 565 501 582 :
521 563 530 580 ι
545 554 572 581 In
594 555 648 582 Deo
660 554 725 590 (52),
744 555 790 590 qui
810 555 898 582 omnia
922 562 998 582 crea-

213 601 268 633 vit;
286 610 295 627 ι
312 606 339 628 et
360 609 474 628 rursus:
494 610 502 627 ι
522 599 640 627 Tandem
654 599 711 636 (55)
724 600 868 635 aliquando
887 608 998 635 prospe-

215 654 272 672 rum
289 647 340 672 iter
353 646 455 673 habebo
468 646 493 672 in
510 644 647 672 voluntate
661 645 708 672 Dei
720 645 844 673 veniendi
857 645 890 673 ad
903 653 968 679 vos;
984 655 993 671 ι

213 696 238 718 et
258 699 352 718 rursus
366 701 372 718 :
389 700 398 716 ι
415 691 496 718 Orate
510 690 565 726 (54)
584 691 610 717 it.
624 690 695 723 Dco;
714 699 723 716 ι
742 694 770 718 ει
790 698 883 718 rursus
899 699 906 716 τ
922 699 931 716 ι
945 690 996 724 Qui

213 737 278 763 facit
292 737 348 771 (55)
365 737 519 768 veritatem,
534 736 608 763 venit
622 736 655 762 ad
669 735 765 768 lucem,
780 740 808 762 ut
820 736 996 764 manllesten-

214 788 258 810 tur
271 782 329 816 eius
343 790 423 816 opera
439 781 494 817 (56)
507 782 578 816 quod
596 782 622 808 in
634 781 688 809 Deo
705 786 767 808 sunt
781 781 862 809 facta.
879 790 888 807 ι

250 829 288 855 De
313 828 382 855 Filio
411 832 502 854 autem
525 826 625 854 Paulus
651 826 853 854 Colossensibus
877 826 994 854 scribit:

216 884 225 900 ‹
245 875 377 908 Quoniam
394 874 450 909 (57)
466 874 493 900 in
505 872 564 908 ipso
580 877 668 900 creata
684 878 747 900 sunt
762 872 852 899 omnia
868 872 893 900 in
909 873 995 905 caelis.
1014 884 1034 913 η

212 927 239 949 et
253 921 279 948 in
294 927 378 953 terra,
394 920 519 954 visibilia,
537 924 565 947 et
583 919 738 952 invisibilia,
753 920 810 947 sive
827 919 926 951 throni,
943 919 998 946 sive

213 967 421 998 dominationes,
440 966 496 993 sive
509 965 689 1000 principatus.
703 965 759 992 sive
774 969 933 1000 potestates,
944 972 1000 991 om-

212 1014 256 1041 nia
274 1021 323 1048 per
337 1013 439 1048 ipsum,
456 1016 483 1040 et
498 1012 524 1039 in
546 1012 604 1046 ipso
625 1016 715 1038 creata
740 1015 821 1038 sunt:
839 1015 866 1037 et
885 1010 942 1044 ipse
958 1015 1000 1036 est

213 1064 277 1086 ante
287 1059 389 1092 omnia,
404 1063 430 1086 et
444 1058 535 1085 omnia
556 1058 583 1085 in
601 1057 660 1092 ipso
678 1060 819 1090 constant;
836 1065 845 1081 ι
860 1060 887 1083 et
902 1055 998 1083 Corin-

213 1105 278 1132 thiis
292 1104 319 1131 in
337 1104 422 1138 prima
438 1103 557 1138 Epistola
574 1111 580 1129 :
596 1111 605 1127 ι
622 1102 674 1129 Sed
691 1102 774 1129 abluti
787 1101 843 1137 (58)
858 1101 936 1134 estis,
951 1101 998 1128 sed

211 1149 351 1184 justiﬁcati
367 1149 443 1182 estis,
460 1149 506 1175 sed
522 1147 683 1175 sanctiﬁcati
697 1147 764 1174 estis
777 1147 803 1174 in
820 1146 929 1173 nomine
945 1146 1000 1172 Do-

215 1196 279 1221 tnini
292 1194 356 1221 .lesu
370 1193 481 1226 Christi,
498 1197 524 1220 et
542 1193 568 1220 in
583 1192 687 1227 Spiritu
706 1192 753 1219 Dei
767 1193 869 1225 nostri;
886 1200 895 1217 ι
914 1191 939 1217 in
957 1199 999 1218 se-

214 1239 301 1266 cunda
319 1246 399 1265 vero:
417 1248 427 1264 ι
444 1237 498 1264 Deo
511 1237 567 1272 (59)
590 1242 680 1264 autetn
706 1237 804 1272 gratia,
823 1236 868 1271 qui
893 1244 999 1271 semper

215 1284 365 1318 triumphat
388 1290 437 1310 nos
454 1283 480 1309 in
499 1282 620 1315 Christo,
643 1287 671 1310 et
690 1282 799 1309 odorem
820 1281 923 1308 notitia:
943 1289 999 1307 sum

216 1329 369 1355 manifestat
390 1335 438 1363 per
458 1334 527 1360 nos;
548 1337 556 1353 I
579 1332 606 1354 et
628 1334 742 1354 rursus:
758 1335 767 1351 ‹
785 1326 879 1360 Itaque
900 1325 956 1360 (60)
976 1325 997 1352 si

214 1374 275 1408 quis
291 1375 316 1401 in
339 1374 460 1405 Christo,
485 1380 553 1400 nova
574 1377 719 1405 creatura;
737 1381 746 1398 ι
764 1371 891 1398 Romanis
911 1377 973 1397 vero
990 1379 997 1398 :

216 1430 225 1446 ι
243 1420 308 1447 Nam
324 1420 365 1447 lex
383 1420 437 1455 (61)
462 1418 579 1454 Spiritus
597 1419 658 1446 vita:
675 1419 700 1446 in
724 1418 832 1445 Christo
849 1417 912 1445 Iesu
928 1417 998 1444 libe-

215 1466 284 1492 ravit
313 1472 354 1492 tne
383 1473 398 1492 a
424 1465 483 1500 lege
509 1465 623 1500 peccati.
651 1469 678 1492 et
705 1464 811 1491 mortis.
831 1473 841 1489 ι
866 1463 998 1492 Eisdem:

217 1523 226 1538 ι
245 1511 406 1547 0mnes(62)
418 1512 489 1538 enim
503 1514 695 1546 peccaverunt,
705 1516 732 1537 et.
745 1515 823 1544 egent
835 1509 916 1544 gloria
929 1510 975 1538 Dei
988 1519 996 1538 :

1048 237 1192 273 λύτρωσιν,
1213 238 1263 273 τὴν
1283 237 1379 271 ἄφεσιν
1407 236 1462 263 τῶν
1479 236 1652 272 ἁμαρτιῶν-ι
1669 236 1715 263 καὶ
1729 237 1817 266 πάλινο

1051 291 1061 308 ι
1075 283 1190 314 Παῦλος,
1213 282 1260 308 καὶ
1274 281 1424 314 Σιλουανὸς,
1442 281 1488 308 καὶ
1504 281 1634 316 Τιμόθεος
1656 282 1689 317 τῇ
1715 281 1818 318 Ἐκκλθιγ

1049 329 1095 364 σίᾳ
1109 327 1326 355 Θεσσαλονικέων
1341 328 1371 354 ὲν
1383 326 1443 362 Θεῷ
1461 327 1550 363 Πατρὶ
1569 327 1657 363 ἡμῶν,
1672 327 1718 354 καὶ
1733 324 1820 364 Κυρίῳ

1055 373 1142 409 Ἰησοῦ
1160 373 1301 409 Χριστῷ·ι
1326 373 1374 400 καὶ
1395 373 1492 400 πάλιν·
1516 381 1526 398 ι
1543 373 1574 399 El
1598 373 1627 400 δὲ
1652 373 1683 400 σὺ
1706 373 1819 406 Ἰουδαῖος

1049 419 1215 455 ἐπονομάζῃ,
1235 419 1282 445 καὶ
1301 419 1463 455 ἐπαναπαύῃ
1479 419 1563 454 νόμῳ,
1584 419 1632 445 καὶ
1650 419 1780 454 καυχᾶσαι
1795 421 1820 447 ἐν

1052 464 1087 500 τῷ
1103 464 1174 499 Θεῷ*
1189 473 1197 489 ι
1215 465 1261 491 καὶ
1275 463 1387 499 ἑτέρωθι
1398 472 1405 479 ·
1427 473 1436 490 ι
1447 461 1494 495 Εἷς
1508 463 1583 495 Θεὸς,
1597 464 1630 490 δι’
1645 461 1675 491 οὗ
1685 464 1718 491 τὰ
1729 465 1818 497 πάντα,

1049 511 1095 537 καὶ
1113 511 1190 546 ἡμεῖς
1205 510 1245 542 είς
1260 509 1341 536 αὐτόν
1351 518 1357 525 ·
1379 518 1388 535 ι
1403 509 1450 536 καὶ
1465 509 1544 536 πάλιν
1555 517 1561 524 ·
1579 519 1588 535 ι
1606 509 1650 536 Ἔν
1663 506 1703 544 τῷ
1721 507 1776 545 Θεῷ
1786 510 1820 546 τῷ

1048 554 1083 581 τὰ
1097 555 1184 581 πάντα
1198 554 1331 582 κτίσαντιι
1347 564 1356 581 ι
1378 551 1456 585 αὖθις
1479 563 1509 580 τε
1519 563 1525 569 ·
1545 563 1554 579 ι
1568 554 1639 590 Ἤδη
1654 553 1718 582 ποτὲ
1733 554 1820 582 εὐοδω-

1049 601 1166 636 θήσομαι
1179 601 1207 627 ὲν
1217 599 1256 636 τῷ
1270 599 1455 635 θελήματιτοῦ
1466 598 1533 626 Θεοῦ
1548 596 1635 626 ἐλθεῖν
1650 598 1716 636 πρὸς
1730 601 1817 635 ὑμᾶς-ι

1049 647 1095 673 καὶ
1119 646 1215 673 πάλιν⁴
1242 646 1383 681 «Εὔχεσθε
1406 647 1434 673 ὲν
1459 646 1551 682 Θεῷ-ι
1581 647 1628 673 καὶ
1653 646 1747 674 πάλινθ
1773 648 1820 673 ιὈ

1049 691 1133 719 ποιῶν
1148 691 1197 727 τὴν
1213 691 1352 727 ἀλήθειαν,
1373 691 1483 727 ἔρχεται
1497 691 1565 727 πρὸς
1582 691 1612 718 τὺ
1630 690 1698 726 φῶς,
1714 691 1756 718 ἵνα
1773 700 1819 726 φα-

1049 736 1153 772 νερωθῇ
1167 735 1260 769 αὑτοῦ,
1280 736 1321 762 ὅτι
1335 737 1364 763 ὲν
1377 736 1437 772 Θεῷ
1453 737 1521 763 εἰσιν
1535 736 1713 772 εἰργασμένα.
1731 745 1740 763 ι

1083 826 1150 862 Περὶ
1170 824 1216 852 τοῦ
1238 825 1313 857 Υίοῦ,
1332 824 1437 857 Παῦλος
1464 825 1649 852 Κολοσσαεῠσι
1668 821 1731 860 μὲν·
1748 825 1821 851 ι”Οτι

1048 869 1077 897 ὲν
1090 870 1163 906 αὐτῷ
1179 870 1290 906 ἐκτίσθη
1306 870 1340 897 τὰ
1356 870 1445 897 πάντα
1469 871 1498 897 ὲν
1515 872 1571 902 τοῖς
1589 871 1712 906 οὐρανοῖς
1726 871 1769 896 καὶ
1781 871 1821 897 ἐπὶ

1049 916 1110 951 γῆς,
1123 916 1158 942 τὰ
1171 916 1257 951 ὁρατὰ
1270 916 1317 943 καὶ
1330 915 1390 952 [201
1407 915 1435 953 b]
1455 916 1490 943 τὰ
1513 916 1617 953 ἀόρατα
1627 923 1634 930 ·
1656 917 1709 943 εῐτε
1730 915 1820 951 θρόνοι.

1049 961 1104 988 εἴτε
1115 961 1283 997 κυριότητες,
1302 962 1357 988 εἴτε
1371 962 1465 998 ἀρχαὶ,
1483 963 1537 988 εἴτε
1553 961 1682 994 ἐξουσίαι,
1696 961 1728 987 τὰ
1742 961 1821 988 πάντα

1049 1007 1083 1033 δι’
1108 1006 1189 1033 αὑτοῦ
1210 1007 1256 1034 κα).
1276 1007 1317 1039 εἰς
1337 1007 1418 1034 αὑτὸν
1442 1007 1574 1042 ὲκτίσθη’
1599 1007 1646 1033 καὶ
1670 1006 1748 1038 αὑτός
1771 1006 1820 1031 ἐστι

1049 1052 1102 1087 πρὸ
1118 1052 1236 1083 πάντων,
1248 1052 1295 1078 καὶ
1323 1051 1357 1078 τὰ
1373 1051 1460 1079 πάντα
1481 1052 1510 1078 ἐν
1532 1050 1607 1086 αὐτῷ
1627 1051 1793 1087 συνέστηκεν.
1811 1061 1818 1075 ι

1049 1097 1202 1133 Κορινθίοις
1223 1097 1272 1132 μὲν
1296 1098 1325 1123 ὲν
1347 1098 1380 1133 τῇ
1405 1097 1502 1133 πρώτῃ
1527 1097 1687 1132 Ἐπιστολῇ·
1719 1106 1728 1122 ι
1751 1095 1827 1126 ’Λλλὶι

1049 1143 1243 1176 ἀπελούσασθε,
1266 1143 1322 1170 ἀλλ’
1347 1143 1532 1178 ἐδικαιώθητε,
1556 1143 1626 1170 ἀλλὰ
1643 1143 1784 1179 ἡγιάσθητε
1797 1143 1822 1168 ἐν

1049 1188 1087 1224 τῷ
1102 1189 1213 1224 ὀνόματι
1228 1188 1275 1215 τοῦ
1288 1188 1390 1224 Κυρίου
1411 1187 1499 1224 Ἰησοῦ
1519 1189 1649 1224 Χριστοῦ,
1675 1188 1721 1214 καὶ
1747 1189 1773 1213 ἐν
1787 1187 1821 1222 τῷ

1050 1233 1187 1269 Πνεῦματι
1201 1233 1248 1260 τοῦ
1263 1233 1330 1260 θεοῦ
1345 1233 1454 1269 ἡμῶν-ι
1474 1234 1502 1260 ἐν
1515 1233 1543 1260 δὲ
1564 1235 1598 1270 τῇ
1621 1234 1745 1269 δευτέρᾳ·
1762 1242 1770 1258 ι
1781 1232 1821 1268 Τῷ

1049 1279 1076 1305 δὲ
1089 1278 1148 1313 Θεῷ
1165 1279 1255 1314 χάρις,
1271 1278 1310 1314 τῷ
1324 1279 1440 1305 πάντοτε
1455 1278 1648 1314 θριαμὸεὑοντι
1663 1279 1732 1314 ἡμᾶς
1749 1279 1776 1304 ὲν
1787 1278 1821 1313 τῷ

1049 1323 1169 1359 Χριστῷ,
1194 1323 1240 1350 καὶ
1262 1323 1311 1359 τὴν
1330 1323 1418 1358 ὀσμὴν
1433 1323 1484 1358 τῆς
1507 1323 1635 1357 γνώσεως
1651 1323 1731 1350 αὑτοῦ
1747 1331 1820 1358 φανε-

1051 1369 1140 1404 ροῦντι
1162 1369 1196 1396 δι’
1221 1369 1317 1404 ὴμῶν·
1343 1378 1352 1395 ι
1375 1369 1422 1395 καὶ
1449 1368 1550 1395 πάλιν
1576 1378 1585 1394 ι
1600 1369 1680 1396 Ὥστε
1702 1369 1727 1396 sl’
1745 1378 1783 1401 τις
1797 1369 1821 1394 ἐν

1049 1413 1255 1449 Χριστῷ,καινὴ
1269 1413 1356 1445 κτίσις
1364 1421 1371 1428 ·
1389 1422 1399 1439 ι
1409 1413 1554 1448 Ῥωμαίοις
1563 1413 1593 1440 δέ
1601 1422 1609 1430 ⁰
1626 1425 1635 1440 ι
1645 1414 1674 1441 ’0
1689 1414 1740 1449 γὰρ
1750 1413 1821 1449 νόμος

1048 1459 1095 1485 τοῦ
1109 1459 1265 1494 Πνεύματος
1281 1459 1329 1494 τῆς
1344 1459 1416 1495 ζωῆς
1440 1460 1469 1487 ὲν
1487 1458 1599 1495 Χριστῷ
1621 1459 1707 1494 Ἰησοῦ
1721 1459 1822 1495 ἠλευθέ-

1049 1504 1136 1541 ρωσὲν
1154 1513 1186 1539 με
1201 1504 1254 1531 ἀπὸ
1268 1504 1314 1530 τοῦ
1328 1504 1409 1539 νόμου
1426 1504 1476 1539 τῆς
1488 1505 1626 1540 ἁμαρτίας
1637 1505 1682 1531 καὶ
1693 1503 1738 1531 τοῦ
1750 1503 1821 1531 θανά-

213 1557 296 1594 ηιθ
308 1557 446 1592 jnstilicati
462 1557 546 1589 gratis
563 1564 610 1590 per
634 1556 748 1590 gratiam
771 1555 863 1589 ipsius,
884 1563 932 1589 per
949 1563 997 1583 re—

1052 1559 1106 1577 του·
1121 1559 1131 1576 ι
1145 1551 1201 1582 τοῖς
1213 1551 1303 1582 αὐτοῖς
1315 1558 1324 1566 ·
1342 1558 1351 1575 t
1368 1550 1471 1582 Πάντες
1485 1550 1539 1586 γὰρ
1551 1550 1683 1586 ἥμαρτον,
1699 1550 1743 1576 καὶ
1756 1550 1823 1576 ὑστε-

213 1603 404 1638 demptionem,
425 1610 485 1636 qua:
508 1606 550 1628 est
576 1601 603 1627 in
624 1601 732 1628 Christo
749 1599 824 1626 Jesu.
849 1609 858 1624 ι
874 1599 997 1628 Πρω-κίε

214 1657 298 1677 vero:
315 1659 324 1674 I
339 1648 428 1675 Multis
451 1648 537 1674 modis
562 1647 625 1674 olim
651 1647 724 1673 Deus
748 1645 860 1680 loquens
878 1646 997 1680 patribus

215 1698 242 1722 in
258 1694 404 1729 prophetis,
426 1693 452 1719 in
475 1692 628 1719 novissimis
641 1691 697 1726 (65)
720 1691 814 1718 diebus
832 1691 873 1718 his
891 1691 997 1720 loeutus

215 1745 257 1767 est-
269 1739 344 1766 nobis
357 1739 383 1765 in
397 1738 474 1765 Filio.
492 1747 501 1763 ι
517 1737 615 1764 Petrus
627 1737 654 1763 in
674 1736 792 1770 Epistula
809 1736 865 1771 (64)
881 1745 887 1763 :
902 1746 912 1762 ι
929 1737 998 1765 Deus

215 1790 303 1812 autem
323 1784 409 1812 omnis
433 1784 535 1818 gratiae,
552 1784 595 1818 qni
618 1783 725 1810 vocavit
749 1789 797 1810 nos
820 1782 848 1810 in
870 1787 996 1810 aeternam

215 1839 291 1859 suam
311 1831 423 1866 gloriam
437 1830 462 1857 in
476 1829 586 1856 Christo
597 1828 672 1856 Jesu.
688 1837 698 1854 ι

512 1919 588 1947 CAP.
609 1917 702 1945 XXIV.

250 1969 361 2003 Insuper
374 1966 462 1995 Graeci
479 1966 547 2002 (65),
559 1965 604 1999 qui
619 1964 777 2000 sapientiam
797 1964 848 1991 sibi
869 1971 1000 1999 arrogan-

217 2019 258 2042 ter
284 2014 412 2045 tribuunt,
433 2017 461 2039 et
483 2011 653 2046 stnpidorum
677 2010 798 2037 omnium
822 2009 999 2044 stnpidissimi

217 2064 291 2092 sunt,
310 2067 342 2087 ac
358 2057 545 2093 superstitioso
564 2055 682 2091 plurium
701 2055 813 2082 de0rum
828 2054 902 2082 cultu
919 2055 998 2089 ebrii,

253 2150 307 2186 (47)
326 2149 545 2186 Redemptiouem.
563 2149 625 2176 Post
639 2150 708 2186 Itane
721 2158 815 2179 vocem
829 2151 922 2179 Graeca
939 2151 996 2177 edi-

218 2184 341 2212 tio‘ad’dit
355 2195 360 2212 :
379 2185 423 2211 διὰ
436 2185 483 2211 τοῦ
499 2185 612 2220 αἵματος
626 2184 720 2218 αὑτοῦ,
737 2186 763 2213 id
777 2191 828 2220 est,
845 2195 854 2212 ι
875 2193 924 2221 per
935 2193 997 2213 san-

217 2220 322 2255 guinem
333 2220 405 2255 eius.
423 2230 432 2246 ι

253 2255 308 2290 (48)
327 2254 438 2290 Βοκίας.
453 2254 576 2290 ιῨΤὴεεδ.
588 2262 608 2287 1,
627 2255 652 2282 1.

221 2289 321 2351 L"(All-)5
334 2289 442 2317 Nostro.
456 2289 519 2317 Haec
533 2298 584 2316 vox
598 2290 675 2318 deest
695 2290 722 2317 in
743 2289 836 2317 Bibliis
853 2289 956 2317 Grecis
970 2298 1002 2317 ac

242 2343 248 2350 ι
282 2333 305 2350 Ill
325 2345 331 2351 .

242 2330 331 2351 :IIIIIIS.

254 2358 310 2394 (50)
329 2358 358 2386 Si
371 2364 468 2385 autem.
487 2359 566 2386 Rom.
580 2367 611 2391 ιι,
624 2359 667 2386 17.
686 2359 779 2386 Grzeca
798 2358 882 2387 editio
897 2359 999 2386 habet:

220 2393 269 2425 ίδε,
286 2394 311 2420 id
326 2399 377 2425 est,
398 2403 407 2419 t
423 2394 493 2421 vide.
513 2403 522 2419 ι
544 2393 673 2428 angatus
692 2394 825 2428 interpres
839 2394 901 2427 legit
917 2399 945 2421 ut
961 2395 1003 2421 Di-

222 2430 324 2464 dymus.
343 2428 411 2462 Quin
430 2429 562 2463 Cotnplnt.
578 2431 658 2456 etiam
676 2430 719 2457 ed.
746 2429 826 2456 habet
852 2430 877 2455 εἰ
897 2429 925 2455 δέ
938 2449 945 2461 ,
976 2429 1001 2456 id

222 2468 271 2494 est.
290 2472 299 2488 ι
315 2464 338 2490 si
354 2468 452 2490 autem.
470 2473 479 2489 ι

267 2498 311 2558 51)
331 2497 415 2526 Unus.
433 2498 443 2524 l
479 2498 541 2525 Cnr.
570 2505 629 2531 \‘III,
657 2498 684 2525 6.
699 2499 791 2527 Grmca
819 2499 901 2525 editio
922 2498 1002 2525 habet

267 2534 302 2558 Οἱ(
311 2541 389 2558 VIII'JS
401 2534 456 2558 inse
470 2533 563 2558 citavit
573 2534 650 2558 alias.
663 2542 756 2558 netnnc
768 2533 796 2558 ἒξ
810 2531 840 2558 οὗ
852 2533 887 2558 τὰ
899 2533 999 2558 πάντα.

222 2538 251 2560 ιιι
260 2531 389 2568 Didymus
401 2534 456 2567 ipse
470 2533 563 2560 citavit
573 2534 650 2565 alias,
663 2542 756 2568 netnpe
768 2533 796 2565 ἒξ
810 2531 840 2560 οὗ
852 2533 887 2565 τὰ
899 2533 999 2568 πόιντα,

221 2568 254 2610 ιιι,
267 2566 320 2601 εει,
341 2577 349 2593 ι
374 2566 420 2603 per
437 2576 515 2603 quem
534 2569 636 2601 omnia,
661 2579 670 2595 ι
691 2566 742 2596 non
761 2577 840 2601 vero,
860 2568 893 2595 δι’
913 2566 943 2595 οὗ
967 2568 1001 2595 τὰ

225 2611 318 2630 παντα.

255 2639 312 2673 (52)
336 2637 367 2673 In
377 2637 441 2665 Dea.
461 2638 557 2669 Enhcs.
575 2646 616 2669 nt,
634 2638 659 2666 9.

257 2673 313 2706 (55)
334 2672 458 2700 Tandem.
474 2673 551 2700 Rom.
567 2682 585 2705 I,
602 2674 645 2701 10.

258 2708 314 2743 (54)
335 2707 425 2734 Orate.
451 2708 506 2739 Vel.
525 2718 534 2734 ι
555 2710 649 2736 oratis.
668 2717 677 2734 ι
699 2707 774 2735 Unde
787 2708 845 2735 haec
860 2709 939 2734 verba
953 2708 1001 2734 dn—

223 2748 266 2770 eta
287 2745 355 2774 sint,
371 2743 471 2770 nescio.
486 2743 578 2778 Itaque
598 2745 692 2776 ignoro
713 2744 814 2776 etiam,
836 2747 926 2769 utrum
941 2750 1000 2769 ver-

223 2778 301 2805 tenda
327 2778 382 2803 sint
406 2787 414 2802 I
432 2778 524 2805 orandi
544 2788 553 2804 ι
572 2779 664 2808 verbo.
687 2786 720 2804 an
737 2787 746 2803 ι
766 2778 889 2805 vovendi.
911 2787 919 2802 ι

258 2812 314 2846 (55)
336 2812 387 2846 Qui
403 2812 476 2845 facit.
490 2811 568 2839 Joan.
584 2820 624 2846 ιιι,
647 2813 692 2839 21.

256 2846 312 2882 (56)
333 2845 428 2880 Opem.
450 2847 603 2875 Audendum
625 2849 650 2874 in
669 2848 772 2874 Grieco.
789 2847 822 2873 τὰ
840 2846 917 2872 eave.

1051 1597 1159 1633 ροῦνται
1170 1598 1219 1633 τῆς
1231 1597 1309 1633 δόξης
1327 1596 1375 1624 τοῦ
1390 1597 1469 1631 Θεοῦ,
1486 1597 1672 1633 δικαιούμενοι
1686 1596 1783 1633 δωρεὰν
1793 1597 1821 1631 τῇ

1049 1644 1132 1671 αὑτοῦ
1147 1644 1237 1680 χάριτι
1256 1644 1299 1670 διὰ
1317 1645 1368 1679 τῆς
1383 1643 1597 1679 ἀπολυτρώσεως
1611 1644 1661 1679 τῆς
1679 1645 1707 1670 ἐν
1723 1643 1822 1679 Χριστῷ

1056 1689 1142 1724 Ἰησοῦ
1153 1697 1176 1715 Ὶ
1197 1689 1331 1723 Ἑϐραίοις
1347 1689 1392 1716 δέ’
1412 1698 1421 1714 ι
1435 1689 1617 1725 Πολυτρόπως
1634 1689 1714 1716 πάλαι
1733 1690 1745 1716 ό
1764 1688 1823 1719 Θεὸς

1048 1736 1165 1771 λαλήσας
1177 1736 1233 1767 τοῖς
1244 1736 1378 1770 πατράσιν
1391 1737 1419 1762 ὲν
1432 1738 1490 1768 τοῖς
1511 1737 1677 1772 προφήταις,
1694 1736 1736 1762 ἐπ’
1751 1733 1822 1770 ἐσχά-

1047 1790 1102 1808 των
1114 1781 1226 1817 ἡμερῶν
1237 1781 1339 1808 τούτων
1353 1781 1483 1817 ἐλάλησεν
1496 1783 1562 1818 ἡμῖν
1575 1783 1605 1809 ἐν
1627 1782 1693 1818 Υἰῷ.
1705 1792 1714 1808 ι
1731 1781 1823 1815 Πέτρο;

1047 1828 1076 1853 ἐν
1093 1827 1250 1863 Ἐπιστο).ᾗ’
1265 1835 1275 1852 ι
1287 1827 1315 1853 '0
1327 1827 1355 1853 δὲ
1369 1827 1434 1860 Θεὸς
1447 1828 1537 1864 πάσης
1552 1828 1673 1864 χάριτος,
1687 1829 1702 1854 ὀ
1715 1826 1822 1856 καλέσας

1048 1874 1120 1909 ἡμᾶς
1136 1874 1176 1905 είς
1189 1873 1238 1909 τὴν
1250 1872 1357 1900 αἰώνιον
1368 1873 1451 1900 αὑτοῦ
1463 1874 1540 1906 δόξαν
1549 1875 1577 1901 ὲν
1590 1871 1788 1910 ΧριττῷΊησοῦ
1812 1881 1820 1896 ι

1364 1920 1444 1946 ΚΕΦ.
1458 1921 1522 1946 KA’.

1084 1966 1144 1992 Ἔτι
1163 1965 1210 1992 καὶ
1232 1966 1256 1992 οἱ
1279 1965 1365 2000 οἰήσει
1386 1966 1463 2000 σοφοὶ
1485 1967 1532 1993 καὶ
1554 1967 1647 2002 πάσης
1669 1965 1822 2001 ἀὸελτηρίας

1047 2011 1174 2038 ἐπέκεινα
1184 2012 1323 2046 Ἕλληνες,
1335 2013 1360 2038 οἱ
1373 2012 1518 2044 πολυθεῖας
1528 2013 1592 2049 δόξῃ
1604 2013 1822 2048 καταμεθύοντες.

1048 2057 1095 2083 κα).
1115 2058 1230 2089 ἑαυτοὺς
1249 2057 1398 2089 πείθοντες,
1416 2059 1510 2094 ὃσιπερ
1535 2059 1611 2094 μόνοι
1628 2060 1697 2086 είσὶν
1711 2057 1822 2092 πολυμα-

1087 2150 1143 2187 (57)
1165 2152 1304 2185 Quoniam.
1319 2151 1421 2179 Coloss.
1445 2159 1465 2183 ι,
1483 2151 1533 2187 16,
1557 2151 1601 2178 17.

1014 2207 1036 2234 D
1162 2188 1212 2214 Sed
1224 2187 1317 2214 abluti.
1339 2187 1348 2213 l
1365 2187 1427 2214 Cor.
1446 2194 1484 2217 ιι,
1506 2185 1548 2212 11.

1098 2221 1141 2256 59)
1163 2222 1226 2248 Deo.
1245 2221 1264 2248 ll
1285 2221 1348 2249 Cor.
1371 2229 1400 2253 tt,
1419 2221 1461 2247 II.

1098 2221 1141 2253 59)
1163 2222 1226 2248 Deo.
1245 2221 1264 2248 ll
1285 2221 1348 2249 Cor.
1371 2229 1400 2253 tt,
1419 2221 1461 2247 II.

1087 2255 1143 2291 (60)
1164 2256 1267 2291 Itaque.
1282 2256 1301 2282 Il
1314 2256 1376 2284 Cor.
1398 2264 1424 2290 v,
1445 2255 1487 2282 I7.

1088 2290 1144 2322 (61)
1165 2290 1297 2318 Nainlea'.
1316 2291 1394 2318 Rom.
1415 2299 1474 2322 vttt,
1490 2291 1518 2317 ‘2.

1087 2326 1143 2359 (6‘2)
1161 2325 1266 2353 Omnes.
1293 2327 1369 2353 Rom.
1391 2333 1434 2357 ιιι,
1449 2326 1495 2358 25,
1513 2325 1558 2352 24.

1088 2356 1142 2395 (65)
1165 2360 1197 2387 In
1209 2361 1365 2387 novissimis.
1379 2356 1507 2395 Didymus
1519 2361 1597 2387 modo
1611 2359 1674 2394 legit
1697 2359 1738 2385 ἐπ’
1750 2356 1824 2395 ἐσχά-

1051 2404 1121 2427 των,
1135 2393 1176 2423 ὐι
1198 2395 1241 2421 hic
1271 2401 1297 2422 et
1324 2403 1409 2429 segni.
1429 2393 1463 2421 27
1480 2397 1511 2427 b;
1533 2395 1611 2422 modo
1634 2393 1677 2421 ἐπ’
1700 2393 1821 2429 ἐσχάτου.

1053 2436 1081 2456 nt
1099 2438 1185 2465 segni.
1210 2431 1243 2457 15
1263 2440 1290 2464 ιι,
1307 2437 1334 2457 et
1356 2431 1388 2457 68
1408 2431 1432 2461 ὁ,
1457 2431 1525 2457 etin
1546 2435 1641 2465 catena
1661 2431 1688 2456 in
1711 2428 1822 2465 l’mhno:

1052 2462 1155 2492 calam-0
1170 2462 1297 2497 exarata,
1319 2473 1378 2499 quae
1394 2470 1482 2492 exstat
1496 2465 1589 2492 (odice
1603 2464 1695 2492 Graeco
1712 2470 1764 2490 xvtt
1781 2462 1820 2488 Bt-

1052 2499 1192 2535 bliothecm
1212 2499 1242 2527 S.
1262 2500 1342 2527 Marci
1368 2500 1551 2534 Venetiarum,
1567 2507 1629 2535 pag.
1643 2499 1695 2526 206
1715 2499 1746 2526 ad
1763 2499 1820 2525 tiltlv

1052 2534 1106 2561 Intn
1123 2535 1217 2569 psalmi
1235 2535 1308 2561 noni.

1098 2570 1142 2601 64)
1164 2570 1266 2597 θεακ.1
1285 2569 1357 2596 Petr.
1379 2578 1404 2601 v,
1421 2570 1462 2597 10.

1098 2570 1131 2596 64
1164 2570 1266 2597 θεακ.1
1285 2570 1357 2596 Petr.
1379 2578 1404 2601 v,
1421 2570 1462 2597 10.

1087 2570 1143 2640 165)
1164 2604 1260 2632 Crwci.
1274 2604 1366 2632 Plures
1382 2606 1468 2632 adhuc
1480 2605 1562 2632 fuisse
1574 2603 1739 2632 Alexandria:
1753 2601 1820 2640 Graj».

1052 2634 1108 2669 eos.
1128 2634 1210 2667 idest
1228 2640 1370 2674 ethnicos,
1383 2640 1485 2674 Didymi
1505 2644 1594 2673 :etate,
1614 2645 1715 2666 certum
1729 2642 1776 2674 est.

1052 2678 1165 2701 testatur
1180 2674 1292 2701 Ruﬁnus
1305 2675 1329 2700 itt
1347 2669 1416 2701 "iu.
1431 2669 1523 2701 int-les.
1543 2669 1593 2701 tibi
1606 2682 1634 2706 ιι,
1653 2680 1712 2707 cap.
1727 2669 1820 2707 Ξὲλξξι

1036 2709 1151 2735 ‘indieat
1170 2715 1196 2737 et
1208 2709 1387 2743 Hieronymus
1410 2709 1455 2736 lib.
1478 2717 1540 2736 ιιιίιι
1557 2712 1582 2736 in
1599 2703 1693 2736 Isaiani
1705 2714 1763 2743 cap.
1779 2703 1820 2743 65,

1050 2749 1078 2770 et
1104 2743 1226 2771 Julianus
1247 2740 1375 2778 Apostata
1401 2744 1498 2778 sapius
1521 2754 1527 2772 ε
1552 2744 1597 2779 qui
1624 2743 1673 2770 hac
1695 2742 1773 2779 etiam
1791 2740 1820 2779 de

1051 2785 1143 2814 causa,
1152 2784 1180 2806 ut
1190 2771 1303 2814 puto,'in
1316 2779 1426 2813 epistola
1437 2771 1452 2805 IX
1464 2771 1656 2807 Alcxauidriam
1663 2780 1740 2805 vocat
1750 2771 1820 2809 ἱερὰν

1052 2813 1137 2847 πόλιν,
1153 2813 1177 2841 iii
1193 2813 1248 2849 est,
1264 2822 1273 2839 ι
1293 2821 1398 2841 sacrant
1414 2815 1563 2842 civitatem.
1580 2823 1589 2840 ι
