1923 3071
155 130 225 158 mm
777 127 892 156 DIDYMI
913 128 1148 157 ALEXANBRINi
1718 133 1790 161 1616

154 193 181 215 et
197 187 301 214 cithara
315 206 322 219 ,
339 190 367 214 et
388 194 441 222 qua
457 186 563 214 ratione
591 193 651 214 sese
677 185 793 213 invicem
816 187 933 214 habeant

997 189 1131 224 ὀργὰνιιιν.
1146 187 1308 224 γν(ι›ρίζεται
1324 184 1469 214 ἀκόλουθον
1488 186 1535 214 καὶ
1550 186 1681 215 τοῦηθεηῦ
1697 189 1791 220 αἷνοιδς

154 241 237 268 supra
255 233 357 260 dictum
370 237 420 259 est.
435 231 592 259 Laudamus
608 232 691 267 igitur
708 231 792 259 Deum
810 232 836 259 in
854 237 935 259 mentt

996 235 1088 270 ταυτῷ
1106 235 1145 271 τῷ
1158 235 1267 270 ὀργάνῳ
1284 235 1478 270 προφέρεσθαι.
1500 244 1510 260 ι
1535 234 1640 262 Αἰνεῖτε
1655 235 1736 262 αὐτὸν
1760 238 1790 264 ἓν

160 279 230 306 etin
253 279 350 313 spiritu
376 278 545 314 psallentes;
579 279 630 305 huc
656 278 728 305 enim
759 278 916 313 psalterium

991 280 1138 316 ψαλτηρίῳ
1165 281 1211 306 καὶ
1234 280 1345 316 κιθάρᾳ.
1374 289 1383 305 ι
1409 280 1470 306 ’Ὁτι
1487 280 1518 306 τὸ
1538 279 1688 315 ψαλτήριον
1707 281 1754 308 καὶ
1772 282 1789 316 ἡ

154 332 217 352 nam
236 324 349 359 spiritus
376 328 403 351 et
434 332 512 351 mens
528 325 672 352 desursum
694 332 727 352 ex
744 325 800 353 Deo
831 331 935 361 propter

997 325 1108 361 ιιιῡάρα,
1125 325 1172 351 καὶ
1186 325 1265 352 ποίαν
1279 325 1370 360 ἔχουσι
1387 325 1454 360 πρὸς
1471 325 1573 360 ἄλληλα
1591 326 1723 361 διαφορὰν
1734 347 1740 358 ,
1761 327 1789 352 ἐν

154 370 350 398 sublimitatem
368 370 555 397 doctrinarum
572 376 739 398 consonam.

997 372 1053 402 τοῖς
1075 370 1242 406 προάγουσιν
1268 371 1377 406 εἴρηται
1405 370 1471 406 (45).
1498 371 1623 398 Αἰνετέον
1653 369 1700 398 οὖν
1723 371 1790 398 Θεὸν

153 414 298 449 ψάλλοντες
313 417 342 443 ὲν
361 416 497 452 πνεύματι
512 417 558 443 καὶ
573 416 621 452 νῷ·
636 417 715 444 τοῦτο
734 418 765 445 τὸ
783 417 941 454 ψαλτήριον,
959 417 996 444 Τὸ
1024 418 1080 452 γὰρ
1099 417 1208 453 πνεῦμα
1239 418 1286 444 καὶ
1310 418 1325 444 ὁ
1339 417 1402 449 νοῦς
1418 417 1522 444 ἀνωθεν
1541 419 1573 444 ἐκ
1593 418 1704 445 Θεοῦ¹δι⁵
1719 417 1789 454 ὑψη-

151 461 250 496 λότητα
262 461 405 497 δογμάτων
422 464 541 498 συνηκεί.

189 507 272 534 Vens.
289 508 315 535 5.
336 507 441 535 [ndicat
466 508 551 536 illud:
580 518 588 533 ι
612 510 720 537 laudate
739 517 800 538 eum
819 511 845 538 in
867 518 942 546 cym-

158 552 226 580 balis
240 552 482 585 benesouantibus,
503 562 511 578 ι
535 561 597 580 meo
620 554 729 589 quidem
756 554 870 589 judicio,
888 554 942 582 Do-

1031 509 1076 535 Στ.
1091 511 1122 535 ε’.
1139 506 1289 543 Δηλοῦσθαι
1302 507 1404 542 νομίζω
1415 506 1458 533 διὰ
1473 506 1506 533 τὸ
1525 515 1534 532 4
1557 505 1691 533 αἰνεῖσθαι
1707 507 1787 533 αὐτὸν

996 557 1024 582 ὲν
1041 554 1190 590 κυμϐάλοις
1203 553 1323 588 εὺήχοις.
1343 562 1352 578 ι
1365 553 1395 579 τὸ
1411 553 1468 579 δεῖν
1494 552 1541 580 καὶ
1566 554 1642 588 φωνῇ
1662 554 1695 588 τῇ
1715 554 1786 580 κατὰ

154 599 259 626 minum
289 598 371 626 nobis
404 607 471 626 voce
498 599 626 626 distincta
656 600 847 627 celebrandum
870 608 935 628 esset

996 600 1136 636 προφορὰν
1149 600 1242 635 ὑμνεῖν
1253 599 1298 625 διὰ
1313 598 1452 633 θεολογίας
1463 599 1510 625 τὸν
1525 599 1637 634 Κύριον.
1651 599 1785 634 Παρίστα-

154 644 232 672 llunc
246 645 318 672 enim
334 652 446 672 sensum
472 645 637 673 conﬁrmare
660 646 768 674 videtur
782 647 935 681 Apostolus,

995 655 1040 673 ται
1056 646 1085 672 δέ
1101 654 1145 681 μοι
1159 644 1238 672 τοῦτο
1251 646 1321 671 νοεῖν
1333 644 1364 670 ὲκ
1375 645 1425 680 τῆς
1441 643 1488 670 τοῦ
1503 644 1664 671 Ἀποστόλσυ
1686 644 1786 677 λέξεώς

154 691 268 718 dicens:
283 699 293 716 ι
312 691 412 718 Factus
426 699 485 717 sum
505 691 580 718 velut
599 699 636 719 ass
649 699 758 725 senatus,
775 697 822 719 aut
834 692 935 727 cymba-

992 692 1144 727 γράφοντος
1159 690 1238 718 οὕτω·
1260 700 1269 716 ι
1294 691 1396 725 Γέγονα
1413 690 1513 726 χαλκὸς
1530 691 1605 726 ἠχῶν
1619 691 1667 718 καὶ
1682 692 1786 726 κύμὸα-

154 736 209 764 lum
223 737 342 765 tinniens
354 737 385 762 ”.
407 746 416 762 ι
429 735 486 764 Nisi
501 737 585 769 enim,
603 737 702 772 inquit,
715 741 806 764 mente
821 737 902 764 simul
916 745 935 765 e;

992 737 1038 764 λον
1062 736 1204 769 ἀλαλάζον.
1227 746 1236 763 ι
1264 737 1295 763 Εἰ
1309 737 1372 772 γὰρ,
1386 737 1470 771 φησὶ,
1487 737 1524 772 μὴ
1551 737 1589 772 νῷ
1607 737 1654 764 καὶ
1674 737 1785 773 γλώσσῃ

158 782 252 818 lingua
281 783 388 817 loquar,
418 787 445 810 et
464 783 627 817 interpreter
651 789 823 818 quaecunque
850 783 935 818 lingu:

991 783 1109 820 λαλήσω,
1128 783 1193 819 μηδὲ
1207 783 1364 818 ἑρμηνεύων
1378 783 1482 810 ἕκαστα
1504 782 1559 810 τῶν
1571 783 1623 810 ὑπὸ
1633 783 1684 818 τῆς
1697 783 1786 818 γλώτ-

152 828 340 865 prol‘cruntur,
354 829 493 856 auditores
511 829 606 856 inanes
631 833 738 856 tantum
757 836 840 857 voces
855 829 935 864 perci-

992 838 1042 866 της
1055 829 1218 865 εἰρημένων,
1236 829 1377 864 ἀντιλήψει
1386 829 1432 855 τοῦ
1445 829 1581 864 ἀκροατοῦ
1596 830 1681 866 μόνης
1691 831 1784 866 φωνῆξ

153 875 240 910 pient,
254 875 289 901 ita
308 879 337 901 ut
351 875 391 902 eis
412 874 528 902 barbaro
545 882 673 902 sermone
690 875 727 902 uti
748 875 852 903 videar.
872 875 935 903 Dum

993 877 1058 904 ἄνευ
1071 875 1191 907 διανοίας
1204 875 1321 910 ἔχοντος,
1333 875 1371 906 ὡς
1392 875 1481 901 δοκεῖν
1503 875 1577 911 αὐτῷ
1591 876 1728 911 βάρὸαρον
1746 873 1785 902 εἴι-

154 919 193 946 nil
209 923 307 954 praeter
320 926 418 947 vocum
435 921 541 948 sonitus
561 921 722 955 percipiunt,
739 920 768 947 ﬁt
783 921 822 948 eis
841 928 878 948 ms
895 929 935 948 so-

992 931 1037 949 ναι
1051 922 1097 948 τὸν
1114 920 1256 948 λαλοῦντα.
1275 921 1369 955 Φωνῆς
1385 921 1452 956 ἤχου
1471 921 1551 956 μόνον
1570 922 1696 957 αἴσθησιν
1709 922 1785 957 ἔχον-

157 973 227 993 nans
242 971 291 993 aut
305 966 460 1001 cymbalum
477 967 607 999 tinnicns,
634 975 715 995 aures
735 968 853 995 inaniter
878 967 935 1001 pul-

992 977 1047 1000 τος,
1065 968 1170 1002 γίνεται
1188 967 1262 1002 αὐτῷ
1277 966 1377 1001 χαλκὸς
1394 966 1479 1002 ἠχῶν,
1495 967 1510 1002 ἦ
1528 966 1667 1002 κύμϐαλον
1683 968 1785 995 ἀλαλάδ

152 1019 217 1039 satis
245 1016 272 1039 et
294 1011 539 1047 circumstrepens.
567 1012 722 1040 Laudemus
753 1013 834 1047 igitur
853 1012 939 1040 Deum

150 1057 278 1086 distincta
295 1066 374 1091 voce,
404 1063 515 1086 sanctos
534 1059 606 1087 viros
626 1059 735 1086 imitati.
756 1059 793 1086 De
807 1058 850 1086 his
866 1058 939 1086 cnim

151 1105 253 1132 dictum
266 1110 307 1132 est
320 1115 326 1132 :
341 1114 350 1130 ι
360 1104 485 1132 Narratio
497 1105 564 1140 justi
577 1112 684 1140 semper
696 1105 840 1140 sapientia.
855 1115 864 1131 ι
907 1104 941 1131 Et.

151 1148 219 1176 alias
233 1158 239 1176 :
263 1158 272 1175 ι
292 1149 404 1184 Osjusti
421 1149 595 1176 meditabitur
608 1149 780 1185 sapientiam,
797 1152 824 1176 et
845 1149 937 1184 lingua

151 1196 212 1231 ejus
240 1197 366 1231 loquetur
393 1197 549 1231 judicium,
578 1197 619 1224 lex
635 1196 682 1224 Dei
717 1197 776 1232 ejus
800 1198 826 1224 in
857 1198 940 1225 corde

152 1242 282 1276 ipsius”,
305 1251 315 1268 ι
333 1242 385 1270 hoc
403 1246 456 1275 est,
478 1248 568 1270 mente
587 1247 615 1270 et
636 1243 727 1278 lingua
741 1248 769 1270 et
795 1251 843 1271 ore
872 1243 941 1271 cele-

152 1287 213 1314 hrat
227 1287 324 1315 Deum.
344 1288 505 1323 Cymbalum
523 1288 592 1316 bene
604 1296 707 1316 sonans
723 1293 802 1316 vocat
826 1296 939 1316 suavem

153 1336 180 1359 et
194 1337 299 1367 gratam
330 1340 437 1365 vocem,
458 1333 591 1368 praeclare
615 1341 698 1368 opera
725 1333 917 1368 praedicantem
932 1353 941 1366 ,

154 1388 163 1403 ι
182 1378 334 1414 cymbalum
365 1378 537 1414 jubilationis
567 1389 577 1405 ι
603 1384 714 1407 cantum
743 1379 809 1407 dicit
835 1379 868 1406 de
897 1387 943 1407 su-

153 1425 255 1459 peratis
271 1430 298 1453 et
309 1425 424 1454 devictis
439 1426 576 1455 hostibus.

994 1014 1050 1046 ζον,
1064 1013 1163 1050 κροῦον
1176 1013 1223 1039 καὶ
1244 1012 1429 1049 περιϐομϐοῦν
1442 1013 1522 1048 μόνον
1532 1014 1582 1048 τὴν
1592 1014 1676 1049 ἀκοὴν
1688 1014 1783 1041 αὐτοῦ.

993 1059 1183 1095 Δοξολογῶμεν
1199 1059 1288 1085 τοίνυν
1304 1059 1380 1090 Θεὸν,
1392 1058 1440 1085 καὶ
1451 1066 1522 1094 στη..
1546 1061 1670 1095 προφορᾷ
1687 1061 1783 1096 μιμούλ

996 1115 1071 1142 μενοι
1091 1105 1154 1137 τοὺς
1177 1105 1296 1137 τελείους
1322 1105 1443 1137 δικαίους
1465 1105 1580 1140 ἄνδρας¹
1600 1106 1706 1141 εἴρηται
1728 1107 1784 1142 γὰρ

992 1152 1056 1188 περὶ
1073 1152 1188 1179 ἑκάστου
1215 1151 1317 1178 τούτων
1337 1151 1384 1183 τὸ,
1407 1161 1416 1176 ι
1434 1151 1565 1186 Διήγησις
1587 1152 1715 1184 εὐσεϐοῦς
1739 1153 1781 1179 διὰ

991 1197 1091 1228 παντὸς
1107 1197 1197 1231 σοφία·
1215 1206 1223 1221 ι
1239 1197 1338 1232 ὁμοίως
1349 1197 1406 1229 καὶ,
1423 1206 1432 1222 ι
1449 1197 1541 1232 Στόμα
1552 1197 1655 1224 δικαίου
1669 1198 1783 1234 μελετήι

992 1251 1032 1269 σει
1049 1242 1155 1276 σοφίαν,
1178 1241 1226 1268 καὶ
1243 1242 1260 1276 ἡ
1278 1241 1389 1276 γλῶσσα
1403 1241 1486 1268 αὑτοῦ
1499 1242 1611 1278 λαλήσει
1632 1243 1733 1278 κρίσιν.
1752 1243 1781 1270 '0

990 1288 1072 1323 νόμος
1087 1287 1134 1314 τοῦ
1147 1287 1215 1314 Θεοῦ
1238 1286 1320 1314 αὑτοῦ
1336 1288 1364 1313 ὲν
1382 1287 1480 1323 καρδίᾳ
1497 1287 1590 1320 αὑτοῦ,
1611 1298 1620 1314 ι
1643 1288 1783 1316 τουτέστιν

997 1333 1037 1369 νῷ
1051 1333 1098 1360 καὶ
1115 1332 1225 1370 γλώσσῃ
1247 1333 1293 1359 καὶ
1312 1332 1425 1368 στόματι
1448 1334 1528 1369 ὑμνεῖ
1544 1334 1623 1360 Θεόν·
1641 1333 1738 1370 εὔηχον
1753 1334 1785 1362 δὲ

992 1378 1130 1414 κύμϐαλον
1145 1376 1222 1404 εἶπεν
1234 1378 1283 1413 τὴν
1296 1378 1403 1414 ἐμμελῆ
1426 1379 1472 1404 καὶ
1498 1380 1712 1414 μεμουσωμένην
1729 1389 1779 1414 φω·

992 1425 1051 1460 νὴν,
1072 1423 1206 1459 ἁριδήλως
1227 1423 1413 1459 σημαίνουσαν
1435 1423 1469 1450 τὰ
1494 1425 1653 1460 πράγματα.
1679 1425 1733 1460 Τὴν
1752 1425 1782 1451 δὲ

151 1471 236 1507 αὐτὴν
253 1480 263 1497 ‹
282 1471 421 1507 κύμῦαλον
433 1472 591 1508 ἀλαλαγμοῦ
608 1483 618 1499 ι
635 1480 700 1508 φησι
726 1472 928 1508 προφερόμενον
947 1471 1067 1498 ἐπινίκια
1098 1471 1168 1498 κατὰ
1187 1470 1304 1497 ἁλόντων
1320 1469 1366 1496 καὶ
1382 1469 1433 1496 ὑπὸ
1446 1470 1547 1505 (χεῖρα)
1562 1470 1714 1505 γενομένων
1724 1470 1779 1497 τῶν

150 1516 267 1552 ἐχθρῶν,

188 1561 270 1589 Vens.
282 1561 309 1589 6.
324 1561 440 1594 Quando
465 1562 557 1589 omnia
582 1562 609 1589 in
631 1562 760 1590 omnibus
776 1561 848 1589 Deus
873 1566 935 1594 crit,

1024 1566 1069 1585 At.
1087 1561 1123 1591 ς’.
1138 1558 1202 1584 Ὅτε
1223 1558 1311 1585 πάντα
1331 1558 1365 1583 ’ὲν
1385 1558 1467 1584 πᾶσιν
1492 1558 1506 1584 ὁ
1526 1558 1596 1590 Θεὸς
1619 1559 1780 1594 γενήσεται,

152 1607 332 1641 complebitur
346 1607 398 1635 hoc
408 1607 518 1635 effatum
531 1616 539 1640 ;
555 1614 619 1634 nam
634 1613 799 1634 succurrens
829 1605 940 1633 inﬁrmi-

152 1652 200 1678 tati
218 1657 327 1684 nostrae,
344 1651 391 1679 dat
409 1652 488 1679 nobis
509 1651 622 1686 spiritus
641 1651 725 1679 divini
746 1655 876 1685 mentem,
898 1651 940 1678 uti

150 1697 185 1724 de
195 1697 287 1731 primo
298 1697 410 1724 homine
426 1697 558 1731 scriptum
583 1701 644 1724 est:
663 1706 673 1723 ι
700 1697 734 1724 Et
750 1696 897 1724 insulﬂavit
912 1697 938 1723 in

150 1740 249 1769 faciem
258 1743 317 1778 ejus
326 1742 419 1770 flatum
430 1743 501 1776 vitae,
511 1747 538 1769 ct
548 1742 635 1770 iactus
643 1747 684 1770 est
692 1743 773 1770 homo
780 1743 807 1770 in
819 1743 938 1770 animam

149 1788 284 1816 viventem
297 1789 328 1816 ”.
342 1798 351 1814 ι
368 1787 436 1815 Nam
450 1789 503 1816 vita
515 1794 541 1816 et
553 1788 614 1817 fons
627 1780 724 1816 vitaz-is
740 1789 840 1824 estqui
852 1788 936 1816 dixit:

152 1842 164 1859 ‹
179 1833 236 1868 Εεο
251 1841 312 1861 sum
331 1834 387 1861 vita
403 1833 434 1861 η,
455 1843 464 1860 ι
477 1832 515 1861 De
531 1841 586 1869 qua
603 1834 658 1861 vita
675 1833 776 1861 dictum
788 1838 830 1861 est
844 1832 937 1860 Patri:

153 1888 163 1905 ς
179 1878 257 1914 Apud
273 1883 299 1906 te
313 1883 354 1907 est
364 1878 428 1906 fons
443 1878 506 1906 vitae
519 1879 550 1906 η.
582 1888 591 1904 ι
610 1878 696 1914 Cujus
716 1878 896 1906 beatiﬁcantis
912 1882 940 1905 et

150 1924 353 1952 sanctiﬁcantis
367 1925 429 1952 vita:
444 1924 533 1957 ﬂetus,
551 1924 596 1952 ubi
609 1925 644 1952 ad
663 1924 801 1952 hominem
822 1924 937 1957 venerit,

150 1972 241 1999 vivam
256 1971 337 1999 eiiicil
349 1971 470 1998 animam
482 1971 552 2006 ejus,
569 1971 606 1998 ita
625 1974 654 1998 ut
675 1971 777 2006 gratias
791 1978 875 2006 agens
891 1970 937 2006 qui

150 2022 225 2045 tanta
241 2017 356 2052 adeptus
371 2022 423 2050 est,
441 2017 514 2044 dicat
529 2026 535 2044 :
551 2025 560 2042 ι
578 2015 611 2043 Et
623 2016 714 2043 anima
738 2024 798 2044 mea
820 2017 871 2051 ipsi
894 2016 938 2042 vi-

149 2068 194 2091 vet
205 2063 237 2090 ".
246 2072 255 2089 ι
273 2062 331 2091 Hoc
345 2063 417 2091 dono
433 2070 486 2090 non
502 2062 603 2089 fruitur
616 2062 687 2089 alius
700 2067 797 2097 praeter
810 2070 872 2090 ettm
890 2062 937 2097 qui

148 2108 214 2137 Jesu
231 2116 386 2137 sermonem
420 2108 590 2143 susceperit:
611 2117 620 2133 ‹
639 2108 690 2140 Qui
711 2107 799 2135 credit
826 2108 852 2134 in
873 2115 935 2135 eum

148 2153 197 2189 qui
209 2154 285 2182 misit
296 2161 350 2186 me,
360 2153 444 2180 habet
455 2153 538 2180 vitam
552 2158 681 2179 aeternam
693 2151 828 2179 “.iﬂunc
842 2152 935 2179 ﬂatum

148 2199 280 2234 largietur
298 2198 332 2226 iis
359 2198 407 2233 qui
427 2202 533 2225 terrena
553 2197 705 2231 despiciunt
722 2201 749 2224 et
771 2204 806 2224 ca
829 2196 936 2224 calcant

991 1603 1201 1639 πληρωθήσεται
1220 1603 1237 1638 ἡ
1258 1602 1426 1638 προκειμένη
1451 1602 1532 1636 λέξις·
1555 1603 1659 1639 βοηθῶν
1673 1604 1727 1640 γὰρ
1745 1607 1780 1641 τῇ

990 1649 1118 1684 ἀσθενείᾳ
1136 1649 1231 1684 ήμῶν,
1247 1648 1341 1684 νόησιν
1361 1649 1446 1684 πνοῆς
1459 1649 1534 1681 θείας
1553 1650 1616 1685 ὑμῖν
1632 1650 1780 1682 ἐνδίδωσιν,

989 1694 1027 1724 ὡς
1042 1694 1088 1720 καὶ
1101 1694 1165 1730 ’περὶ⁸
1174 1694 1221 1720 τοῦ
1237 1694 1346 1729 πρώτου
1361 1694 1507 1730 ἀνθρώπου
1523 1695 1779 1731 ἀναγέγραπταιτὸ,

991 1750 1002 1770 1
1016 1739 1199 1775 Ἐνεφύσησεν
1220 1740 1260 1772 εὶς
1277 1740 1308 1767 τὸ
1328 1740 1473 1776 πρόσωπον
1488 1741 1570 1768 αὐτοῦ
1591 1742 1676 1777 πνοὴν
1696 1742 1778 1777 ζωῆς,

990 1785 1037 1812 καὶ
1054 1786 1162 1820 ἐγένετο
1175 1785 1189 1811 ὁ
1205 1785 1349 1820 ἄνθρωπος
1361 1787 1399 1817 εις
1413 1785 1502 1822 ψυχὴν
1515 1787 1615 1819 ζῶσαν.
1631 1797 1640 1812 ι
1653 1788 1713 1823 Ζωὴ
1725 1789 1780 1824 γὰρ

989 1831 1036 1858 καὶ
1053 1831 1128 1866 πηγὴ
1141 1831 1214 1866 ζωῆς
1233 1832 1248 1858 ὁ
1262 1831 1358 1865 είπὼν,
1375 1842 1384 1858 ‹
1401 1833 1474 1866 Ἐγώ
1491 1834 1548 1867 ειμι
1563 1834 1579 1868 ή
1595 1833 1663 1868 ζωή.
1681 1843 1690 1858 ι
1712 1835 1779 1870 Περὶ

988 1874 1022 1911 ἧς
1037 1875 1109 1910 ζωῆς
1126 1876 1233 1911 εἴρηται
1244 1875 1285 1912 τῷ
1295 1876 1393 1911 Ila-:91,
1411 1886 1421 1902 ‹
1441 1877 1521 1912 Παρὰ
1532 1877 1573 1904 σοὶ
1583 1878 1659 1913 πηγὴ
1670 1878 1753 1914 ζωῆς.
1762 1888 1776 1904 ν

989 1921 1098 1956 Ταύτης
1112 1922 1160 1956 τῆς
1176 1921 1374 1957 μακαριοποιοῦ
1386 1922 1433 1948 καὶ
1441 1923 1607 1959 ἁγιαστικῆς
1622 1923 1696 1959 ζωῆς
1710 1925 1778 1960 πνοὴ

988 1968 1029 1999 είς
1041 1967 1087 1994 τὸν
1099 1966 1242 2003 ἄνθρωπον
1258 1968 1404 2004 ἔρχομὲνη,
1423 1969 1513 2001 ζῶσαν
1529 1970 1579 2005 τὴν
1594 1970 1684 2006 ψυχὴν
1696 1970 1777 1997 αὐτοῦ

989 2013 1207 2048 παρασκευάσει,
1227 2014 1293 2041 ὥστ’
1307 2015 1340 2041 ἂν
1358 2015 1447 2041 εἰπεῖν
1462 2016 1639 2052 εἰσχαιρικῶς
1659 2016 1715 2052 (44)
1731 2016 1778 2043 τὸν

988 2058 1084 2084 τούτου
1098 2059 1226 2094 τυχόντα,
1246 2069 1256 2085 1
1281 2060 1312 2086 Ἡ
1326 2060 1399 2096 ψυχή
1419 2069 1470 2095 μου
1491 2062 1565 2097 αὺτῴ
1577 2062 1619 2097 ζῇ.
1642 2071 1651 2087 ι
1669 2062 1776 2098 Ταύτης

987 2106 1036 2140 τῆς
1050 2106 1154 2141 δωρεᾶς
1171 2106 1249 2140 μόνος
1262 2105 1394 2132 ἀπολαύει
1409 2108 1423 2132 ὁ
1437 2106 1482 2132 τὸν
1495 2108 1583 2142 Ἰησοῦ
1600 2108 1678 2143 λόγον
1697 2108 1777 2142 δεξά-·

990 2159 1081 2184 μενος,
1101 2160 1110 2176 ‹
1133 2151 1188 2177 Καὶ
1208 2151 1355 2183 πιστεύσας
1380 2152 1418 2187 τῷ
1439 2153 1631 2180 ἀποστείλαντί
1649 2163 1700 2189 με,
1720 2154 1777 2189 ἔχει

989 2196 1060 2230 ζωὴν
1074 2195 1190 2223 αἰώνιον.
1206 2206 1215 2222 ι
1231 2194 1340 2232 Ταύτην
1352 2197 1401 2232 τὴν
1421 2198 1504 2233 πνοὴν
1518 2199 1556 2225 ἂ..
1569 2207 1646 2226 ατω..
1662 2199 1775 2235 ὀρέγει..

147 2253 210 2281 quae
224 2245 325 2280 populo
341 2244 495 2279 subjaoent,
517 2243 555 2271 uti
569 2243 698 2278 propheta
722 2243 756 2271 de
773 2243 834 2278 ipso
851 2247 932 2271 testa-

990 2241 1043 2272 τοῖς
1054 2241 1324 2276 ὑπραναόεϐηκόσιν
1338 2243 1373 2269 τὰ
1385 2243 1501 2278 αἰσθητὰ
1518 2244 1565 2270 καὶ
1579 2244 1731 2270 πατοῦσιν..
1741 2246 1777 2272 τὰ

148 2297 214 2320 tur:
235 2301 244 2317 ι
269 2291 315 2319 Sic
334 2290 401 2318 dicit
418 2290 552 2318 Dominus
570 2289 652 2322 Deus,
670 2289 716 2324 qui
739 2289 802 2317 fecit
824 2289 934 2320 coelum.

147 2343 174 2366 et
187 2337 307 2364 ﬁrmavit
326 2341 438 2370 terram,
461 2340 487 2364 et
502 2336 548 2371 qui
573 2335 620 2363 dat
644 2335 821 2370 spirationem
836 2335 934 2369 populo

145 2383 193 2419 qui
211 2391 294 2418 super
305 2391 377 2417 eam,
391 2388 418 2411 et
443 2383 570 2418 spiritum
601 2381 772 2410 calcantibus
797 2389 856 2409 eam
872 2382 904 2414 ¹²,
922 2392 930 2406 ι

146 2434 248 2456 terram
265 2428 403 2456 videlicet.
420 2428 527 2455 Dictum
551 2432 593 2455 est
611 2428 693 2455 etiam
718 2435 733 2454 a
755 2432 847 2455 vetere
863 2435 933 2462 quo—

146 2473 209 2500 dam
226 2483 233 2500 :
250 2483 259 2498 ι
281 2472 400 2508 Spiratio
420 2477 509 2500 autem
538 2473 732 2508 omnipotentis
748 2477 790 2500 est
811 2481 871 2508 qtue
891 2481 933 2500 ntc

146 2521 227 2549 docet
238 2521 270 2547 ’³.
290 2530 300 2547 ι

184 2665 300 2695 "lCor.
317 2675 377 2700 xm,
393 2666 418 2692 i.
458 2665 661 2700 “Psailxxxvt.
677 2665 721 2692 30.
761 2663 859 2692 "Gen.
873 2672 902 2696 ιι,
919 2665 943 2691 7.

147 2702 167 2718 "
181 2701 237 2730 Jos.
252 2710 291 2736 vt,
312 2698 375 2729 47f
393 2702 415 2717 ¹²
427 2701 478 2728 lsa.
496 2708 562 2733 XLII,
579 2701 606 2728 5.
645 2698 665 2716 "
677 2701 729 2727 Joh
744 2709 831 2732 xxxii,
847 2701 872 2726 8.

183 2769 239 2805 (43)
256 2770 355 2797 Confer
367 2770 436 2805 psal.
452 2770 525 2805 Iv,rin
543 2769 633 2796 titulo.

184 2803 454 2839 (44)Εισχαιρικ‹ἷ›ς,
471 2804 528 2831 Vox
558 2803 695 2835 inaudita,
721 2811 802 2838 quam
831 2807 931 2836 tamen,

149 2839 255 2867 ratione
270 2840 361 2867 habita
374 2840 517 2875 graec-italis
535 2839 711 2871 Didvmiantl'.
727 2840 770 2866 vix
785 2846 929 2873 operarum

985 2287 1138 2321 χα..μένοις
1159 2287 1215 2322 λαῷ
1237 2287 1337 2320 αὑτοῦ,
1359 2288 1397 2319 ὡς
1421 2287 1497 2315 εἶπεν
1510 2291 1525 2316 ὁ
1545 2283 1687 2325 προφήτης
1711 2291 1776 2326 περὶ

983 2331 1075 2358 αὐτοῦ·
1095 2342 1105 2357 ‹
1125 2332 1203 2359 Οὕτω
1221 2332 1295 2367 λέγει
1319 2334 1421 2369 Κύριος
1444 2336 1458 2361 ὁ
1480 2335 1546 2366 Θεὸς
1562 2336 1580 2369 ὁ,
1591 2337 1707 2371 ποιήσας
1729 2337 1776 2363 τὸν

983 2378 1096 2413 οὐρανὸν
1118 2380 1165 2406 καὶ
1189 2379 1344 2415 στερεώσας
1365 2381 1416 2416 τὴν
1436 2382 1498 2418 γῇν,
1510 2383 1524 2408 ὁ
1538 2382 1626 2414 διδοὺς
1642 2383 1726 2419 πνοὴν
1737 2383 1776 2420 τῷ

982 2424 1038 2460 λαῷ
1045 2425 1084 2460 τῷ
1097 2427 1141 2453 ἐπ’
1151 2427 1246 2462 αὐτῆς,
1265 2427 1312 2453 καὶ
1327 2427 1435 2463 πνεῦμα
1452 2430 1509 2460 τοῖς
1522 2429 1653 2456 πατοῦσιν
1662 2430 1774 2466 αὑτήνκι

985 2471 1111 2507 φανερῶν
1126 2472 1154 2499 δὲ
1169 2473 1209 2499 ὅτι
1223 2472 1272 2508 τὴν
1286 2474 1349 2508 γῆν.
1366 2473 1481 2509 Εἴρηται
1502 2474 1530 2501 δὲ
1554 2475 1601 2501 καὶ
1619 2476 1688 2511 πρὸς
1703 2485 1776 2508 τινος

985 2517 1110 2552 ἀρχαίου.
1127 2529 1136 2544 ι
1154 2519 1226 2554 Ηνοὴ
1244 2520 1271 2546 δὲ
1292 2521 1511 2556 παντοκράτορός
1522 2522 1596 2548 ἐστιν
1607 2522 1624 2557 ἡ
1640 2521 1775 2549 διδάσκου·

987 2572 1019 2590 σα
1035 2573 1079 2598 με.
1092 2574 1101 2589 ι

985 2666 1006 2682 ¹⁸
1016 2665 1073 2693 .los.
1091 2674 1146 2699 xiv,
1164 2667 1190 2696 6.
1226 2667 1249 2683 ³⁸³
1267 2668 1338 2696 Psal.
1356 2676 1437 2702 xxxv,
1454 2668 1498 2696 10.
1536 2669 1559 2686 ’θ
1571 2668 1644 2698 Psal.
1657 2678 1713 2705 ιιι,
1727 2668 1774 2700 51.

984 2768 1070 2796 errori
1085 2769 1207 2796 tribucre
1222 2769 1322 2801 ausim,
1341 2769 1386 2803 qui
1407 2777 1439 2797 ex
1462 2769 1515 2797 alio
1534 2770 1653 2804 quodam
1675 2770 1774 2797 adver-

984 2804 1040 2841 bio,
1057 2811 1082 2831 v.
1098 2811 1121 2841 c.
1136 2804 1345 2839 εὑχαριττικῶς,
1361 2805 1504 2833 barbaram
1519 2805 1588 2833 hanc
1607 2806 1774 2841 scripturam

982 2839 1145 2866 e'ilittxcrint.
1164 2840 1242 2867 l-lotr.
