1923 3071
133 129 203 158 ίϐΙῦ

750 119 869 149 DIDYMI
888 119 1125 149 ALEXANDRINI

1687 116 1762 144 1620

131 183 344 216 isfové‘swbo'etc
358 181 454 209 πάντα
467 179 502 206 τὰ
514 178 598 213 ἔθνη.
614 178 649 206 Τὸ
660 178 768 212 κράτος
776 187 836 213 μου
845 177 919 211 πρὸς
935 178 956 205 Α
969 177 1109 204 ἀπέδωκεν
1134 176 1152 203 ἃ.
1175 176 1212 212 μὴ
1237 176 1376 212 ἥρπασεν·
1400 175 1457 202 ἀλλ’
1476 171 1523 201 οὖν
1542 174 1616 209 ἡμᾶς
1637 174 1757 211 ἐλύτρω-

131 231 167 258 σὲ
181 229 315 264 φυλάξω.
335 227 398 253 Ὅτι
416 225 456 253 σὺ
472 226 488 252 ό
502 224 571 257 Θεὸς
593 223 782 258 ἁντιλήπτωρ
808 233 868 258 μου
880 221 917 254 εἲ,

133 277 188 302 lum:
201 275 325 309 lcguulur
339 281 345 299 :
360 271 415 299 Kal
426 271 478 302 σὺ,
493 269 591 303 Κύριε,
608 268 784 304 ἔθιγε-πάσεις
792 269 916 300 αὐτούς·

135 335 164 340 ——
188 320 301 345 Ἐκεῖνοι
335 317 383 352 μὲν
410 314 456 343 οὖν
482 317 573 342 ἐκεῖνα
593 314 745 350 τολμῶσιν·
773 315 820 340 καὶ
837 314 868 340 σὺ
891 314 919 339 δὲ

131 356 239 394 ἀκούεις
251 363 296 388 καὶ
311 362 418 396 βλέπεις
433 361 480 387 καὶ
503 361 584 396 γελᾷς
600 352 748 396 αὐτῶν
763 361 854 388 ἄνοιαν
867 381 872 387 .
886 376 919 380 -

131 408 184 434 Τοῦ
199 407 400 443 Χρυσοστόμου·
414 422 442 426 -—
461 406 544 441 Ἕθνη
562 406 679 433 ἐνταῦθα
693 407 742 438 τὰς
757 406 809 433 τῶν
825 406 919 440 δαιμό-

132 463 183 480 νων
194 453 267 487 λέγει
283 452 378 486 φυλάς”
400 452 480 477 -Τὸ
494 452 593 488 κράτος
607 461 655 487 μου
671 452 738 487 προς
749 452 778 478 σὲ
792 452 916 486 φυλάξω”

135 513 166 521 ν-
184 500 212 525 ’0
228 500 290 530 Υἱός
299 507 364 533 φησι
382 498 531 533 τῷῐῖατρὶ,
545 497 676 531 πρδςσέ>
692 498 830 524 τουτέστιν
845 496 919 532 παρὰ

133 546 197 572 col:
216 560 249 566 —
263 544 387 580 Διδύμου·
403 544 484 570 -Οὺ
502 543 711 577 σφετερίσασθαι
722 544 770 578 τὴν
783 543 919 578 βασιλείαν

132 589 333 626 προαιροῦμαι·
358 588 414 615 ἀλλ’
437 587 581 622 ἐκδέχομαι
602 588 677 622 παρὰ
700 587 747 614 σοῦ
770 587 853 623 αὐτὴν
873 588 920 614 λα.-

134 636 207 662 ϐεῖν·
229 634 322 670 θαρρῶ
339 633 367 659 δὲ
387 634 418 668 τῇ
443 633 525 668 πείρα
551 634 632 667 γνοῦς
648 633 788 664 πολλάκις,
812 633 853 659 ὅτι
873 633 920 659 καὶ

134 681 198 712 Θεὸς
220 681 267 707 καὶ
284 679 457 714 ἁντιλήπτωρ
482 687 533 714 μου
555 678 714 715 τυγχάνεις”
733 678 783 705 κᾶν
805 677 860 713 γὰρ
883 678 920 713 μὴ

134 727 163 760 ἐξ
184 726 252 762 ἐμῆς
269 725 406 760 δυνάμεως
423 724 497 757 ἄξιός
522 725 579 759 εἰμι
602 724 694 751 λαὸεῖν
711 724 740 750 τὺ
756 723 919 759 βασιλεύειν,

134 771 203 798 ἀλλά
225 779 256 807 γε
276 771 306 796 τὸ
325 770 370 796 σὸν
394 769 467 800 ἕλεος
484 769 653 804 προφθάσαν,
681 769 809 801 ἐπιδείξει
828 777 873 804 μοι
891 770 920 795 ὲν

134 819 191 849 τοῖς
209 817 314 852 ἐχθροῖς
332 823 397 851 μου·
412 815 449 846 ὡς
463 815 538 841 αὐτοὶ
553 815 602 850 μὲν
620 814 829 850 κολασθήσονται
840 823 846 829 ·
864 813 919 848 ἐγὼ

134 864 163 891 δὲ
179 864 228 898 τὴν
240 859 381 897 ’βασιλείαν
394 861 513 897 λήψομαι
531 861 606 897 παρὰ
623 861 672 886 σοί.

172 909 235 938 νιιι.
263 908 319 935 F0].
334 908 368 935 52
382 916 407 933 a.
431 908 470 933 Ad
499 906 662 933 versiculum
683 905 792 933 tertium
819 905 920 940 'psalmi

135 963 177 982 ux
193 962 200 980 :
223 954 250 980 '0
266 953 346 986 Θεὸς,
369 951 480 980 ἀπώσω
497 950 572 986 ἡμᾶς
596 951 645 978 καὶ
670 950 806 984 καθεῖλες
823 949 900 985 ἡμᾶς
912 959 918 965 ·

134 999 285 1033 ὼρτίσθης
302 997 351 1024 καὶ
373 998 559 1032 ᾠκτείρησας
581 996 671 1032 ἡμᾶς,
689 997 746 1024 haec
774 997 919 1030 Ieguulur:

141 1046 168 1071 Ὁ
187 1045 268 1077 Θεὸς,
285 1043 394 1071 ἀπώσω
408 1042 486 1078 ἡμᾶς
501 1043 549 1070 καὶ
567 1043 704 1076 καθεῖλες
717 1049 722 1055 ·
738 1057 771 1063 --
785 1041 917 1068 Ἐνταῦθα

135 1090 184 1125 τὴν
209 1089 396 1124 αἰχμαλωσίαν
416 1088 557 1124 προλέγει·
583 1086 644 1115 εἶτα
664 1088 712 1114 τοῦ
736 1087 802 1114 Θεοῦ
826 1087 856 1114 τὸ
881 1087 920 1114 δί-

136 1144 211 1162 καιον
235 1136 282 1161 καὶ
307 1134 515 1169 φιλάνθρωπον·
531 1149 566 1155 —-
582 1134 726 1170 Ὠργίσθης
749 1134 797 1160 καὶ
824 1133 921 1169 ᾠκτεί-

137 1190 222 1217 ρησας
235 1189 241 1196 ·
253 1182 322 1206 -Α
338 1181 446 1215 (nempe
468 1179 638 1212 Ἀθανασίου,
661 1185 687 1206 uI
706 1179 779 1213 pulo)
792 1187 799 1193 ·
823 1178 920 1214 Θυμω-

137 1225 192 1257 θεὶς
220 1224 403 1260 μετέστρεψας
427 1225 518 1259 ἡμᾶς·
543 1224 581 1252 Σ¹.
608 1222 754 1259 Ὠργίσθης
772 1223 819 1249 καὶ
843 1231 922 1258 περι-

136 1271 238 1305 ήγαγες
272 1271 355 1305 ἡμᾶς.
384 1268 432 1297 Διὰ
472 1268 522 1304 μὲν
570 1267 625 1303 γὰρ
664 1267 713 1298 τὰς
750 1267 937 1303 παρανομίας.

136 1315 285 1352 ὠργίσθης·
312 1315 380 1350 μετὰ
400 1314 428 1341 δὲ
444 1313 492 1349 τὴν
515 1313 649 1349 τιμωρίαν
671 1313 800 1348 ὴλέησας.
827 1328 862 1333 —-
877 1313 922 1339 Δι-

136 1362 232 1396 δύμου·
259 1376 295 1382 -ο-
316 1360 474 1394 Ἐλεγκτέον
499 1360 560 1390 τοὺς
584 1360 732 1394 ἀμυντικὸν
759 1358 924 1394 φρονοῦντας

137 1405 206 1437 εἶναι
230 1405 274 1432 τὸν
301 1404 479 1440 δημιουργόν·
501 1403 640 1440 ὀργίζεται
661 1403 715 1439 γὰρ
739 1405 753 1430 ὁ
771 1403 854 1436 θεὸς,
874 1403 923 1439 οὐχ

138 1453 180 1479 ἵνα
203 1451 336 1488 ἀπολέσῃ·
358 1450 415 1477 ἀλλ’
438 1450 480 1477 ίνα
501 1450 674 1486 οἱκτειρήσῃ·
700 1449 786 1485 τούτῳ
817 1450 923 1485 συνᾴδει

971 230 1055 248 σατο·
1078 221 1125 248 καὶ
1163 220 1230 248 τοῦτ’
1255 220 1329 247 ἔστιν
1348 221 1539 250 ἀποτιννῦναι,
1557 219 1705 254 ὲξαλείςςων
1727 219 1760 247 τδ

970 267 1029 293 καθ’
1051 267 1129 302 ἡμῶν
1162 266 1353 302 χειρόγραφον,
1374 265 1391 293 ἃ
1423 264 1619 300 ἡναγκάσμεθα
1649 265 1759 291 ἀποτιν-

970 311 1045 338 νύναι
1066 311 1252 347 ἐπιφερόμενα
1285 310 1344 337 καθ’
1367 311 1457 346 ὴμῶν,
1489 310 1645 345 ἐξὴλειπται
1671 309 1757 337 ταῦτα

971 358 1017 384 καὶ
1041 356 1124 395 ἦρται
1151 358 1185 384 ἐκ
1210 357 1256 384 τοῦ
1288 357 1369 392 μέσου
1401 357 1525 391 ἀφέσεως
1549 355 1691 391 ἁμαρτιῶν
1714 356 1757 382 δο-

970 403 1072 439 θείσης.

1007 448 1074 475 XIII.
1106 448 1163 475 Fol.
1192 448 1226 475 66
1251 456 1278 474 a.
1307 447 1347 474 Ad
1384 447 1545 474 versiculum
1573 446 1606 474 II»
1639 446 1757 481 ejusdem

971 494 1065 528 psalmi
1090 505 1095 521 :
1117 494 1188 528 Ἐγὼ
1211 494 1245 520 δὲ
1269 493 1306 528 τῇ
1331 493 1490 528 προσευχῇ
1526 502 1585 528 μου
1608 492 1684 527 πρὸς
1709 491 1758 524 σὲ,

972 534 1199 573 Κύριε-’καιρὸς
1222 538 1371 571 εὐδοκίας,
1392 540 1408 565 ὁ
1431 539 1513 570 Θεὸς,
1532 538 1567 564 ἐν
1590 537 1630 570 τῷ
1651 536 1760 570 πλήθει

969 585 1022 612 τοῦ
1043 584 1149 617 ἐλέους
1171 591 1229 611 σου
1249 584 1422 611 ἐπάκουσον
1440 593 1500 618 μου
1524 583 1595 618 (sic),
1617 588 1682 614 elc..
1703 583 1760 609 Ιιιιιο

972 630 1104 657 habentur
1123 638 1129 657 :
1149 629 1254 664 Καιρὺς
1276 629 1398 661 εὐδοκίας
1413 638 1419 645 ·
1436 645 1472 651 —-
1489 629 1518 656 '0
1547 629 1696 664 Σύμμαχος
1715 628 1760 655 οῦ-

969 683 1040 706 τως·
1059 674 1154 710 καιρὸς
1172 675 1327 711 διαλλαγῆς,
1345 677 1359 702 ὁ
1373 675 1455 707 Θεός·
1477 675 1555 710 ἱκανή
1575 684 1657 711 φησι.
1671 695 1680 702 .
1692 694 1700 702 .
1711 695 1718 702 .
1732 694 1738 700 .
1751 694 1758 701 .

971 722 1146 758 ὲπενεχθεῖσά
1168 731 1212 758 μοι
1231 723 1351 759 τιμωρία
1372 731 1454 758 καιρ.
1469 743 1474 750 .
1488 743 1495 749 .
1509 743 1515 750 .
1528 743 1535 749 .
1556 731 1606 758 την
1631 723 1759 757 λυθῆναι,

971 769 1018 795 καὶ
1037 768 1087 804 τὴν
1109 768 1313 803 φιλανθρωπίαν
1333 768 1382 804 τὴν
1405 769 1454 804 σὴν
1475 768 1660 804 ἀναφανῆναι·
1683 768 1759 794 εὐδο-

972 814 1033 840 κίαν
1047 814 1102 850 γὰρ
1119 814 1149 840 τδ
1171 814 1272 848 ἀγαθὸν
1292 814 1370 841 καλεῖ
1391 813 1507 849 θέλημα.
1531 829 1566 833 -
1580 813 1695 849 Διδύμου
1708 823 1714 828 ·
1726 829 1762 835 -

937 843 957 870 Β
972 861 1020 887 'Iv'
1037 860 1105 895 ἐμοῦ
1122 859 1350 895 ζωοποιουμένου,
1368 861 1416 886 σὺν
1433 860 1495 895 ἐμοὶ
1513 859 1717 895 ζωοποιηθῶσιν
1735 860 1762 887 οι

970 906 1003 932 δι’
1016 905 1152 941 ἁμαρτίας
1166 905 1267 942 νεκροί.

1005 951 1077 978 XIV.
1101 950 1213 982 Ibidem,
1230 951 1263 978 ad
1280 951 1442 978 versiculum
1461 951 1493 979 I5
1507 951 1626 985 ejusdem
1650 951 1761 985 psalmi.

971 997 1004 1023 all
1023 1005 1053 1024 ca
1075 996 1181 1024 verba:
1202 996 1362 1030 Ῥυσθείην
1386 996 1420 1023 ἐκ
1442 996 1502 1023 τῶν
1522 997 1693 1031 μισούντων
1710 1005 1760 1031 με,

972 1043 1021 1070 ναὶ
1042 1043 1076 1070 ἐκ
1097 1043 1150 1070 τοῦ
1171 1041 1288 1075 ,βάθους
1306 1042 1360 1069 τῶν
1380 1043 1507 1074 ὑδάτων,
1531 1044 1587 1070 Iure
1614 1043 1760 1076 leguntur:

1689 1149 1762 1157 ———.

976 1087 1136 1122 Ῥυσθείην
1145 1087 1179 1114 ἐκ
1193 1086 1261 1114 τῶν·
1289 1103 1322 1108 —-
1336 1089 1421 1120 Βάθος
1449 1089 1553 1115 ὑδάτων
1568 1108 1574 1115 .
1589 1108 1597 1115 .
1611 1108 1618 1115 .
1631 1108 1638 1116 .
1651 1107 1660 1114 .
1672 1108 1679 1116 .
1691 1108 1698 1115 .
1722 1098 1765 1116 ων

972 1133 1108 1169 ὲπαγομέν
1120 1153 1128 1160 .
1138 1153 1145 1161 .
1157 1153 1164 1160 .
1178 1154 1184 1161 .
1197 1153 1204 1160 .
1221 1133 1348 1160 ἐκάλεσεν
1374 1135 1492 1169 τιμωρία
1503 1154 1509 1160 .
1524 1153 1531 1161 .
1547 1154 1554 1161 .
1568 1154 1575 1161 .
1589 1154 1596 1161 .
1609 1154 1616 1161 .
1628 1155 1635 1162 .

971 1178 1085 1214 Διδύμου
1099 1187 1105 1193 ·
1123 1194 1153 1199 -
1168 1178 1254 1210 Βάθος
1272 1178 1375 1206 ὑδάτων
1392 1180 1449 1206 ἐστὶ
1461 1199 1468 1206 .
1480 1201 1487 1207 .
1498 1200 1505 1207 .
1516 1199 1523 1206 .
1535 1200 1541 1206 .
1555 1180 1595 1211 είς
1608 1180 1622 1206 ὃ
1638 1180 1760 1214 γίνονται

971 1224 1303 1258 γενναίω.....τ’.....
1322 1233 1523 1260 παρα.....α
1539 1225 1686 1261 φέροντες·
1713 1226 1761 1260 ἀφ’

972 1265 1002 1295 οῦ
1020 1288 1026 1295 .
1046 1270 1245 1305 .....μένου,
1269 1270 1360 1306 ρύεσθ.
1377 1289 1447 1298 ....
1551 1271 1648 1305 μένους
1673 1273 1761 1299 εἰπεῖν

973 1315 1017 1342 ἐπ.
1031 1334 1039 1341 .
1052 1333 1059 1340 .
1073 1334 1080 1342 .
1094 1333 1101 1341 .
1117 1334 1124 1341 .
1137 1334 1145 1341 .
1159 1332 1186 1342 ..
1202 1334 1208 1341 .
1233 1315 1399 1351 κραξάμενο.
1414 1335 1421 1342 .
1435 1335 1443 1342 .
1456 1335 1464 1343 .
1479 1334 1485 1342 .
1500 1335 1509 1343 .
1530 1316 1629 1351 βάθους
1650 1316 1681 1343 δὲ
1706 1316 1762 1343 τῶν

973 1359 1076 1386 ὑδάτων
1102 1359 1217 1395 γράφει,
1237 1360 1298 1395 οὐχὶ
1317 1360 1345 1388 δὲ
1368 1361 1400 1387 ἐκ
1421 1361 1475 1388 τῶν
1500 1360 1603 1393 βαθέων
1620 1361 1674 1388 τῶν
1699 1362 1762 1388 ὑδά-

972 1413 1038 1431 των.

1009 1449 1067 1478 XV.
1086 1449 1145 1477 Fol.
1159 1449 1193 1477 67
1206 1458 1232 1476 (ι.
1247 1450 1287 1478 All
1304 1451 1465 1479 versiculum
1485 1451 1520 1478 9‘2
1541 1457 1567 1478 el
1585 1451 1621 1479 25
1641 1451 1760 1486 ejusdem

135 1498 182 1525 τό·
197 1497 342 1533 Εὐλογήσω
360 1497 400 1528 σὲ,
416 1495 517 1533 Κύριε·
533 1496 574 1522 ὅτι
594 1496 731 1532 ὡργίσθης
749 1505 792 1531 μοι
814 1497 854 1528 είς
872 1505 923 1522 σω-
937 1515 957 1543 c
975 1497 1067 1531 psalmi
1089 1505 1095 1523 :
1112 1497 1167 1524 Kal
1191 1496 1306 1524 ἔδωκαν
1326 1499 1369 1530 εὶς
1388 1497 1419 1524 τὸ
1442 1497 1547 1532 βρῶμά
1567 1507 1627 1533 μου
1645 1498 1761 1533 χολήν·

136 1545 249 1580 τῃρίαν·
271 1545 295 1570 εί
317 1543 371 1579 γὰρ
394 1544 434 1574 είς
449 1542 585 1578 σωτηρίαν
611 1543 757 1577 ὀργίζεται,
781 1543 811 1568 οὐ
837 1543 921 1574 πάθος
944 1542 951 1543 ί
974 1542 1022 1568 καὶ
1044 1543 1087 1574 εἷς
1101 1542 1159 1575 τὴν
1172 1543 1266 1576 δίψαν
1277 1552 1336 1578 μου
1352 1543 1497 1570 ἐπότισάν
1513 1552 1552 1578 με
1568 1544 1647 1577 ὅξος.
1669 1545 1764 1578 Γενη-

137 1592 154 1626 ή
171 1590 255 1626 ὀργή·
275 1589 342 1616 ἀλλὰ
355 1589 496 1624 χρησίμως
514 1588 768 1624 παραλαμϐάνεται.

164 1635 211 1662 IX.
232 1634 289 1661 Fol.
306 1634 340 1661 52
353 1634 378 1659 Ι).
395 1633 436 1660 Ad
458 1634 619 1660 versiculum
645 1634 778 1660 decimum
800 1633 920 1668 ejusdem

137 1681 247 1715 psalmi.
264 1681 296 1706 ad
313 1687 343 1706 ea
365 1680 445 1706 verba
461 1688 468 1705 ι
485 1678 576 1708 Mth
599 1679 691 1712 λέϐης
718 1679 774 1713 τῆς
798 1679 922 1712 ἐλπίδος

133 1735 203 1763 μου,
221 1727 277 1753 Iiaac
294 1725 419 1760 leguulur
433 1734 438 1738 ”
451 1725 568 1761 Διδύμου
578 1734 584 1740 ·
594 1725 726 1752 -Μωὰϐ
738 1725 830 1759 λέϐης
847 1725 902 1760 τῆς
915 1734 921 1740 ·

135 1771 222 1798 --Τὰ
252 1771 443 1806 ἀπορραγέντα
466 1771 537 1806 μέρη
566 1771 695 1797 συνάπτει
723 1772 756 1798 δι’
777 1772 920 1807 ὁμονοίας·

135 1816 221 1844 Μωὰϐ
244 1817 297 1852 γὰρ
323 1816 404 1851 λέϐης
429 1816 541 1852 λουτροῦ
567 1816 682 1852 ἢλέὸης
706 1818 885 1853 ἀμεριμνίας·
907 1819 922 1844 ὁ

135 1863 189 1901 {ip
208 1862 358 1897 ἀπόϐλητος
381 1862 468 1888 Μωὰὸ
489 1863 532 1888 διὰ
551 1862 598 1889 τοῦ
622 1863 734 1899 λουτροῦ
755 1863 801 1890 τοῦ
826 1863 922 1898 βαπτί-

135 1916 238 1943 σματος
252 1907 265 1933 ὃ
291 1907 388 1941 ἄφεσιν
410 1906 465 1941 ἔχει
488 1901 535 1933 καὶ
551 1908 716 1943 ἀμεριμνίας
732 1908 860 1944 πρόξενον
879 1909 924 1942 γί-

134 1962 223 1991 νεται·
243 1954 289 1980 καὶ
312 1954 335 1979 οἱ
366 1953 507 1987 ἀλλόφυλοι
537 1954 638 1985 πάντες
669 1955 860 1990 ὑπετάγησαν·
881 1954 922 1990 τῷ

135 2000 208 2035 ζυγῷ
223 1999 269 2025 τοῦ
287 1998 406 2034 Χριστοῦ
422 1998 619 2034 ὺποκύψαντες.

170 2045 203 2072 Χ.
221 2045 279 2072 Fol.
296 2044 331 2072 55
344 2053 369 2071 α.
387 2044 428 2072 Ad
446 2045 608 2072 versiculum
626 2045 734 2072 lerlium
754 2045 847 2079 psalmi
862 2054 897 2073 ιι
912 2055 919 2073 :

140 2090 206 2118 Ἀπὸ
223 2089 281 2116 τῶν
301 2089 436 2124 περάτων
456 2089 512 2124 τῆς
531 2090 587 2125 γῆς
608 2089 682 2130 πρὸς
704 2090 741 2116 σὲ
762 2090 920 2125 ἐκέκραξα,

135 2137 191 2163 limo
209 2136 361 2162 habentur:
383 2135 450 2162 Ἀπὸ
472 2135 531 2162 τῶν
558 2135 694 2169 περάτων
720 2135 776 2170 τῆς
798 2136 873 2171 γῆς’
887 2152 913 2156 -

974 1588 1052 1622 θήτω
1074 1589 1093 1622 ἡ
1117 1588 1243 1623 τράπεζα
1262 1589 1361 1616 αὐτῶν
1382 1589 1510 1616 ἐνώπιον
1529 1590 1628 1617 αὐτῶν
1642 1592 1686 1623 εἰς
1704 1598 1761 1617 πα-

974 1632 1058 1668 τίδα,
1081 1639 1155 1666 οιε..
1182 1634 1238 1661 lucc
1260 1634 1407 1669 legunlur:
1430 1635 1486 1662 Kal
1514 1635 1630 1662 ἔδωκαν
1659 1637 1702 1668 εὶς
1727 1635 1763 1662 τὸ

971 1677 1078 1712 ,βρῶμά
1094 1687 1155 1712 μου
1178 1687 1228 1712 χο.
1243 1698 1250 1705 .
1264 1698 1271 1703 .
1290 1699 1296 1705 .
1309 1694 1345 1698 -
1359 1679 1413 1706 Καὶ
1439 1680 1524 1715 αὑτήν
1545 1681 1694 1716 μοι,-φησὶ,
1712 1681 1763 1717 τὴν

974 1724 1087 1759 τροφὴν,
1099 1726 1199 1760 πικρὰν
1211 1725 1258 1752 καὶ
1268 1725 1382 1760 ἀνιαράν
1393 1726 1607 1753 κατεσκεύασαν.
1622 1727 1763 1761 Ἀνὴδονος

975 1770 1029 1805 γὰρ
1042 1771 1100 1802 τοῖς
1118 1770 1175 1805 μετ’
1190 1768 1287 1806 ὀδύνης
1303 1770 1438 1798 ἐσθίουσιν
1453 1772 1527 1807 καὶὴ
1543 1772 1637 1808 ἡδίστη
1655 1773 1741 1808 τροφή
1753 1782 1762 1789 ·

975 1831 1005 1835 -
1021 1815 1178 1850 Γενηθήτω
1189 1817 1208 1851 ἡ
1219 1817 1344 1852 τράπεᾶι
1357 1817 1465 1846 αὐτῶν.
1484 1833 1521 1839 .-
1537 1818 1590 1845 Τοῦ
1605 1819 1762 1855 Χρυσοστό-

977 1871 1038 1897 μου’
1064 1878 1098 1883 -
1112 1862 1257 1889 Τουτέστιν
1307 1864 1414 1898 τρυφή·
1432 1863 1466 1890 τὰ
1483 1864 1573 1898 ἀγαθὰ
1596 1856 1685 1892 πάντα
1712 1874 1762 1901 με·

974 1906 1147 1933 ταϐαὶλέσθω
1162 1908 1209 1933 καὶ
1228 1907 1388 1934 ἀπολλύσθω
1399 1916 1405 1922 ·
1421 1908 1468 1934 καὶ
1490 1909 1662 1942 γενέσθωσαν
1678 1910 1762 1936 πᾶσιν

974 1952 1188 1988 εὐεπιχείρητοιν·
1209 1953 1256 1979 καὶ
1272 1952 1359 1988 δηλῶν
1376 1954 1417 1980 ὅτι
1436 1954 1642 1990 ἁμαρτημάτων
1673 1954 1762 1981 τίνου-

975 1994 1562 2035 σι(εἱε)δίκηνταῦταπάσχοντες,ἐπήγαγεν
1574 2006 1582 2014 ·
1597 1998 1643 2025 καὶ
1658 1998 1697 2028 είς
1713 1994 1763 2023 ἁν-

974 2042 1129 2069 ταπόδοσιν·
1148 2043 1265 2076 παγίδας
1297 2042 1326 2069 δὲ
1345 2042 1394 2073 τὰς
1411 2043 1546 2078 τιμωρίας
1564 2043 1643 2070 καλεῖ
1655 2052 1661 2058 ·
1684 2044 1764 2069 ἐσκο-

974 2089 1105 2125 τίσθησαν
1128 2089 1172 2121 δὲ,
1191 2089 1237 2116 τὸν
1254 2090 1303 2125 τῆς
1327 2089 1499 2125 δικαιοσύνης
1522 2090 1599 2125 ἥλιον
1623 2091 1660 2126 μὴ
1685 2089 1763 2122 δεξά-

977 2145 1070 2172 μενοι.
1092 2150 1127 2156 -
1149 2131 1289 2171 Διδύμου·”
1304 2151 1340 2156 --
1364 2136 1509 2172 Τράπεζα,
1539 2137 1555 2171 ἡ
1585 2136 1763 2167 θεόπνευστος

135 2182 259 2216 Διδύμου·
278 2181 374 2216 -Γῆν
389 2181 420 2207 τὸ
441 2181 521 2216 σῶμά
536 2190 617 2217 φησι·
632 2182 738 2217 πέρατα
757 2183 809 2217 γῆς
823 2182 857 2209 τὰ
877 2183 920 2210 αξ·
936 2191 960 2220 ι)
975 2183 1082 2218 Γραφή”
1103 2180 1137 2218 ἧς
1157 2183 1174 2218 ἡ
1193 2182 1242 2217 μὲν
1256 2182 1356 2218 θεωρία
1370 2182 1416 2208 καὶ
1432 2183 1449 2218 ή
1463 2182 1555 2217 νόησις
1580 2182 1674 2217 ψυχῶν
1689 2182 1765 2216 λογι-

135 2226 283 2262 σθητήρια-
300 2226 346 2260 ἀφ’
362 2223 399 2253 ὧν
417 2226 499 2253 καλὸν
521 2227 633 2262 κράζειν
650 2227 718 2263 πρὸς
732 2227 776 2254 τὸν
791 2228 858 2255 Θεὸν
874 2228 922 2255 καὶ

135 2269 349 2305 προσεύχεσθαι·
367 2270 411 2297 ἵνα
432 2270 569 2306 μηδεμίαν
585 2271 711 2307 αἴσθησιν
728 2272 923 2308 ἀντιπράττου-

135 2322 184 2341 σαν
201 2314 317 2350 ἐχωμεν.
340 2316 536 2350 -Ὠριγένους
550 2326 556 2332 ·
567 2332 603 2337 —
614 2317 667 2352 Γῆν
682 2317 732 2353 τὴν
757 2318 855 2344 κακίαν
866 2326 872 2332 '
888 2315 922 2354 ἧς

133 2362 147 2388 ό
157 2360 274 2394 ἐξελθὼν
286 2363 382 2398 κράζει
399 2363 466 2398 πρὸς
484 2364 529 2391 τὸν
544 2364 620 2391 Θεόν.

169 2408 215 2435 XI.
241 2408 298 2435 Fol.
324 2409 356 2437 59
380 2419 406 2436 ο.
427 2410 467 2437 Ad
495 2410 656 2436 versiculum
693 2415 798 2436 sexlum
825 2410 927 2445 psalmi

134 2460 184 2480 va
203 2461 259 2479 :—
276 2453 352 2479 Ἐκεῖ
379 2455 647 2489 εὐφρανθησόμεθα
678 2453 724 2480 ἐπ’
745 2453 841 2487 αὐτῷ,
865 2455 922 2483 hac

135 2498 260 2532 ll‘guntur
273 2507 279 2525 :
300 2499 375 2526 Ἐκεῖ
391 2500 657 2534 εὐφρανθησόμεθα
674 2507 726 2520 ·-
740 2499 857 2535 Διδύμου
871 2510 922 2520 ’-

140 2545 213 2571 Ἐκεῖ
226 2544 287 2571 ἀντὶ
303 2544 349 2572 τοῦ
371 2545 400 2571 ὲν
420 2546 475 2577 τοῖς
500 2545 628 2577 τοιούτοις
653 2545 788 2581 θαύμασιν
805 2546 923 2582 εὐφράν-

134 2591 219 2626 ¹ιημεν
249 2591 277 2617 ὲν
296 2590 335 2626 τῷ
357 2590 432 2627 Θεῷ·
460 2591 621 2626 ὲνήλλακται
653 2591 707 2627 γὰρ
731 2592 745 2617 ὁ
769 2591 864 2627 χρόνος
884 2591 922 2623 ὡς

134 2636 181 2662 καὶ
192 2637 220 2662 ἐν
239 2636 294 2672 τῷ·
310 2639 326 2664 d
341 2632 566 2672 μεταστρέφων,
589 2637 651 2664 ἀντὶ
666 2637 721 2673 γὰρ
731 2637 789 2670 τοῦ,
805 2639 820 2664 ό
843 2645 922 2673 μετα-

134 2689 164 2707 στ
169 2681 262 2717 ρέψας.

169 2726 227 2753 XII.
251 2727 308 2755 FoI.
327 2728 361 2756 65
374 2737 400 2756 a.
422 2729 463 2757 Ad
490 2729 651 2758 versiculum
675 2730 799 2764 quintum
827 2729 920 2763 psalmi

133 2777 227 2802 vam,
251 2773 284 2799 ad
308 2781 338 2801 ea
361 2775 441 2802 verba
461 2784 468 2803 :
486 2776 517 2803 Ἃ
534 2777 596 2811 ,οὺχ
622 2775 754 2810 ἥρπαζον
774 2775 841 2803 τότε
865 2775 922 2802 ἀπ-

132 2816 286 2852 δ-τίννυον,
315 2818 374 2848 haec
407 2820 540 2850 habemur
562 2831 570 2850 :
597 2821 732 2857 Διδύμου·
754 2835 791 2844 -
807 2821 839 2849 El
872 2820 919 2848 ml.

973 2229 1029 2256 κῶν
1047 2228 1149 2265 τροφὴν
1175 2229 1313 2264 περιέχει·
1333 2230 1348 2264 ἡ
1369 2228 1397 2255 δὲ
1416 2228 1488 2260 λέξις
1525 2229 1664 2264 τραπέζης
1684 2229 1764 2263 λόγον

973 2276 1076 2310 ἐπέχει.

1009 2321 1077 2348 XVI.
1100 2320 1157 2348 Fol.
1170 2320 1242 2347 69a.
1258 2320 1299 2347 Ad
1324 2321 1487 2348 versiculum
1512 2321 1546 2348 14
1562 2321 1658 2356 psalmi
1683 2329 1736 2348 nx
1755 2331 1761 2349 :

979 2366 1049 2401 Ἐγὼ
1070 2366 1104 2392 δὲ
1124 2365 1173 2393 διὰ
1192 2366 1304 2399 παντὸς
1327 2366 1422 2394 ἐλπιῶ
1446 2367 1496 2394 ἐπὶ
1519 2367 1573 2394 σέι
1597 2366 1647 2394 καί
1670 2374 1765 2401 προσ-

973 2412 1056 2445 θήσω
1071 2411 1121 2438 ἐπὶ
1139 2410 1242 2439 πᾶσαν
1254 2413 1312 2446 τὴν
1326 2413 1446 2439 αἴνεσίν
1459 2420 1529 2444 σου,
1546 2412 1602 2440 Ιιςῐιο
1618 2413 1763 2444 luguulur:

980 2457 1053 2492 Ἐγὼ
1061 2457 1095 2484 δὲ
1102 2457 1267 2491 διαπαντὸς
1276 2458 1385 2485 ἐλπιῶ·
1400 2472 1435 2478 --
1453 2458 1546 2485 Ταῦτα
1561 2458 1616 2494 γάρ
1632 2459 1704 2494 ὁρῶν
1724 2467 1764 2493 γι.

973 2501 1073 2536 νόμενα
1086 2503 1118 2537 τῇ
1136 2503 1175 2534 εἰς
1189 2503 1219 2539 σὲ
1236 2503 1323 2530 ἑλπίδι
1342 2503 1562 2539 βεὸαιωθήσομαι
1573 2512 1580 2519 '
1600 2505 1647 2531 καὶ
1667 2504 1764 2531 πολλα-

973 2547 1089 2574 πλασίαν
1113 2549 1250 2584 προσοίσω
1281 2549 1331 2584 τὴν
1355 2549 1500 2585 ὑμνῳδίαν.
1527 2564 1563 2569 —-
1578 2549 1712 2585 Διδύμου·
1728 2565 1764 2570 -

973 2591 1135 2628 Προσθήκην
1158 2593 1305 2629 ἐποιήσατο
1329 2596 1385 2626 τοῖς
1413 2594 1460 2621 τοῦ
1493 2594 1602 2629 Πατρὸς
1627 2595 1723 2628 ὕμνοις
1749 2596 1765 2622 ὁ

973 2638 1037 2670 Υἱός
1052 2647 1058 2653 ’
1081 2639 1129 2673 τὴν
1142 2639 1245 2674 Καινὴν
1262 2639 1399 2675 Διαθήκην
1408 2640 1477 2676 πρὸς
1497 2642 1530 2676 τῇ
1548 2640 1655 2676 Παλαιᾷ
1672 2649 1764 2676 παρα-

972 2684 1052 2716 δούς·
1076 2685 1106 2710 οὺ
1129 2684 1184 2720 γὰρ
1204 2686 1309 2712 ἀνεῖλεν
1332 2686 1367 2713 τὰ
1386 2687 1482 2722 πρῶτα
1505 2687 1625 2722 είσάγων
1647 2687 1683 2714 τὰ
1702 2687 1764 2714 δεύ-
1791 2698 1797 2701 λ

972 2738 1037 2765 τερα
1048 2739 1055 2745 ·
1074 2730 1234 2767 προσθήκην
1247 2731 1276 2758 δὲ
1288 2732 1444 2768 ἐποιήσατο.

1009 2775 1087 2803 XVII.
1104 2776 1160 2803 Fol.
1176 2776 1210 2803 80
1223 2778 1248 2805 b.
1265 2777 1305 2804 Ad
1322 2778 1486 2805 versiculum
1501 2778 1535 2806 14
1548 2777 1644 2813 psalmi
1660 2787 1764 2808 uxu:

978 2821 1162 2857 Ἐλυμήνατο
1190 2822 1289 2858 αὐτὴν
1307 2821 1345 2857 ὗς
1370 2823 1404 2851 ἐκ
1430 2823 1561 2859 δρυμοῦ·
1590 2824 1640 2852 καὶ
1654 2825 1765 2860 μονιὸς
