1923 3071
163 120 235 148 16εό

779 124 894 153 DIDYMI
915 127 1152 156 ALEXANDRINI

1724 138 1793 168 1624

199 175 276 203 Vers.
297 175 324 203 2.
348 175 519 212 Cognoscere
544 179 625 206 verba
652 179 811 214 prudentiae,
833 182 933 210 oillciut

1039 185 1084 212 Στ.
1105 185 1138 220 β’ί.
1155 186 1191 213 Τὸ
1207 187 1308 220 γνῶναι
1320 188 1414 223 λόγους
1428 189 1601 226 φρονήσεως,
1617 193 1720 229 κυρίως
1735 195 1794 222 ἐστὶ

161 221 298 256 pracipue
308 221 415 250 virtutis
429 227 480 255 est,
495 223 568 259 quod
583 229 610 251 et
624 227 713 253 caeteri
730 228 892 263 interpretes
904 237 949 257 sa-

160 265 195 292 tis
210 265 360 299 declarant,
387 268 432 302 qui
459 276 512 295 non
535 269 704 303 scripserunt
728 274 886 307 prudentia,
903 276 948 302 sed

160 311 353 346 intelligentiae.
376 313 421 340 Vel
451 314 532 341 verba
555 316 707 350 prudentia:
729 318 795 346 dicit
818 319 862 346 illa
889 328 948 355 quae

157 362 221 385 sunt
237 359 384 393 sophistica
407 364 434 388 et
450 360 548 388 callide
564 362 714 390 elaborata.

193 403 269 431 Vcrs.
283 404 310 431 3.
334 404 544 440 Reprehendens
559 414 637 435 sacer
651 416 740 436 sermo
752 409 813 438 illos
829 412 875 445 qui
900 411 945 446 ju-

155 450 258 477 stitiam
283 451 423 483 simulant.
448 456 476 479 et
501 460 559 480 eam
578 459 661 488 prout
678 460 787 489 oportet
801 463 830 484 se
847 457 946 486 habere

155 495 261 528 dicunt,
278 496 336 524 ait:
356 496 384 524 Si
400 505 464 525 vere
480 499 572 533 utique
588 500 719 534 justitiam
737 501 887 536 loquimini,
900 511 945 532 re-

155 546 197 568 cla
212 541 342 575 judicate,
357 542 403 572 lilii
420 543 570 575 hominum.

190 587 269 617 Vers.
291 588 317 615 6.
348 589 436 616 Audio
459 589 655 619 Tlteodotionis
679 592 942 628 interpretationem,

153 642 234 669 quam
254 635 282 662 in
307 634 427 664 editione
451 643 498 663 Sua
522 638 611 671 posuit
636 638 717 665 etiam
744 639 940 675 Symmachus;

155 680 180 707 hi
195 680 268 708 enint
291 681 431 716 problema
447 682 628 717 scripserunt.
649 683 718 717 Quid
735 691 777 712 est
800 686 880 720 igitur
904 692 943 715 te-

153 727 285 754 nebrosus
299 728 409 755 sermo?
427 727 564 758 Confusus
577 729 682 758 scilicet
695 738 775 759 sensu
790 737 817 759 et
832 734 940 767 phrasi;

151 773 225 800 velut
244 772 293 801 ille
305 773 376 808 apud
391 773 489 806 lsaiattt
512 775 708 810 prophetam”
731 777 776 805 Vat
796 782 874 806 terra:
892 787 941 806 na-

151 820 234 852 vium,
246 823 323 846 trans
337 819 446 846 ﬂumina
464 819 628 856 Ethiopizn!
647 821 698 855 Qui
711 823 795 850 mittit
818 825 850 852 in.
865 832 940 852 mare

150 865 268 900 obsides,
288 869 316 893 et
335 865 466 901 epistolas
488 873 656 902 papyraceas
679 876 759 903 super
783 876 867 904 aquas
886 870 905 895 ί.
927 879 936 896 ι
955 870 976 897 Β

150 911 226 940 Niltil—
236 912 309 940 enim
333 912 430 940 horum
455 912 511 939 sive
526 913 551 939 in
568 913 674 941 ratione
692 914 825 949 parabola:
841 915 938 943 dictio-

150 965 210 988 nem
227 957 398 995 perspicuam
415 957 505 991 habet,
533 958 591 987 sive
608 959 720 995 alicujus
736 960 856 988 historiae
877 969 937 988 ma-

150 1003 273 1030 nifestam
289 1004 483 1031 narrationem.
498 1003 558 1031 1am
581 1011 644 1032 vero
661 1005 814 1040 renigmatis
828 1007 935 1041 quidem

148 1049 242 1077 saltem
259 1049 362 1078 dictum
379 1049 492 1084 intelligi
519 1054 617 1085 potest,
644 1051 781 1080 tenebrosi.
797 1059 861 1079 vero
877 1059 936 1079 scr-

148 1095 241 1123 monis
263 1102 297 1123 ne
314 1095 416 1123 dictum
442 1096 566 1131 quidem.
582 1095 755 1125 Tcnebrosus
783 1106 873 1125 sermo
896 1103 937 1125 cst

146 1141 281 1175 generalis
303 1149 380 1175 vox;
404 1142 533 1177 parabola
548 1162 555 1174 .
583 1143 737 1178 peculiaris.
766 1143 937 1172 Tenebrosus

147 1187 218 1214 haud
234 1188 269 1214 ob
284 1187 351 1216 lucis
366 1187 512 1220 defectum,
531 1189 577 1216 sed
595 1189 661 1224 quia
683 1189 810 1217 ahtrusus
829 1194 882 1222 est,
899 1190 936 1217 ita

147 1238 176 1259 ut
190 1232 307 1260 tenebrae
320 1233 455 1268 ignoranti
470 1234 641 1262 oboriantur.
661 1234 749 1262 Ellam
768 1240 831 1262 sunt
852 1243 936 1263 venu—

146 1281 187 1307 sta
207 1279 443 1317 apophthegmata.
469 1278 596 1315 Enigma
607 1301 616 1314 ,
631 1281 719 1308 oratio
733 1281 839 1308 occulte
856 1281 936 1316 signi-

147 1324 232 1352 i‘tcans
247 1332 302 1352 rem
315 1332 425 1359 veram;
443 1326 587 1355 velutiliud
598 1335 605 1354 :
618 1336 627 1352 ι
642 1327 855 1363 Aperi,Lihane,
871 1335 934 1363 por-

146 1375 186 1398 tas
203 1375 273 1402 tuas,
290 1376 316 1398 et
330 1371 442 1399 devoret
463 1373 533 1408 ignis
550 1374 646 1402 cedros
662 1379 730 1402 tuas.
746 1384 756 1400 ο

180 1416 258 1443 Vcrs.
280 1409 304 1443 Ἰ.
328 1415 413 1444 Verus
425 1417 508 1445 timor
523 1423 564 1446 cst
579 1418 606 1446 in
624 1418 756 1454 religione
771 1420 933 1448 revetentia.

145 1462 300 1490 Inlcllcclus
314 1467 405 1490 autem
423 1463 519 1496 bonus.
538 1463 588 1492 Hic
611 1465 858 1501 interpungendum
881 1471 933 1494 est.

144 1507 202 1534 Non
218 1510 289 1535 enim
306 1508 405 1536 suilicit
428 1509 461 1536 ad
479 1510 672 1538 beatitudinem
698 1519 863 1547 cognoscere
886 1512 934 1540 bo-

145 1563 220 1590 num.
243 1554 293 1585 uisi
312 1554 425 1589 quisque
441 1555 468 1582 id
486 1556 568 1583 etiam
585 1563 668 1591 opere
683 1561 821 1585 exerceat.
842 1557 933 1586 Pietas
950 1548 972 1580 (ἶ

144 1610 208 1633 vero
228 1603 255 1630 in
275 1601 373 1636 Deum,
387 1600 491 1629 initium
509 1601 701 1637 intelligentiae.

181 1646 259 1676 Vere.
279 1647 305 1674 8.
335 1646 416 1674 Pater
439 1645 573 1682 justorum
597 1645 678 1674 Deus.
703 1646 831 1684 Quisquis
858 1648 930 1676 enim

143 1693 273 1729 justitiam
290 1696 408 1725 exercet,
423 1699 456 1719 ex
477 1691 532 1720 Deo
546 1695 627 1719 natus
651 1696 703 1720 est.
727 1692 813 1720 Mater
838 1698 930 1720 nostra

143 1740 274 1772 Ecclesia,
289 1739 364 1773 cujus
380 1746 494 1772 sponsus
505 1738 639 1766 Dominus
652 1742 746 1766 noster
760 1738 840 1767 .Iesus
854 1738 931 1766 Chri-

143 1790 219 1816 stus.
231 1785 316 1820 Leges
334 1788 398 1812 sunt
419 1783 573 1820 apostolica
594 1784 816 1812 constitutiones.
830 1784 930 1812 ——Etsi

142 1837 233 1861 autem
260 1839 399 1867 anagogen
422 1839 530 1867 quoque
552 1831 654 1858 habent
675 1831 839 1866 supradicta,
858 1835 929 1858 atta-

143 1887 204 1908 men
220 1877 548 1909 arcommodanturctiam
562 1876 928 1912 naturalibusgenitoribus,

142 1933 204 1953 cum
222 1932 270 1960 pro
283 1931 331 1952 sua
347 1924 374 1951 in
388 1923 475 1951 Deum
491 1923 589 1958 pietate
609 1923 710 1950 liberos
727 1923 854 1950 educant.
868 1922 928 1950 Jam

142 1977 203 1998 cum
221 1970 255 1997 sit
267 1969 318 2001 vir,
334 1969 464 2004 magister
487 1968 531 1996 ille
555 1968 601 2002 qui
628 1968 712 2003 gignit
736 1975 784 2003 per
809 1968 934 2003 Evangc-

142 2015 208 2045 lium
224 2015 349 2043 alumnos
364 2022 440 2047 suos,
457 2013 555 2048 conjux
581 2014 669 2048 hujus,
686 2019 714 2041 et
728 2018 854 2043 natorum
871 2021 928 2041 ma-

142 2065 200 2093 ter,
213 2060 333 2089 Eccle:ia
349 2065 401 2092 est,
424 2060 479 2087 imo
493 2060 581 2094 potius
602 2060 788 2087 ecclesiastica
805 2060 926 2087 doctrina

140 2111 169 2135 et
181 2107 288 2134 vivendi
304 2107 383 2133 ratio.
401 2105 430 2133 Si
452 2113 516 2141 ergo
537 2113 592 2139 me,
607 2106 704 2141 inquit,
721 2106 926 2140 proverbiorum

141 2156 290 2181 auctorem.
303 2151 731 2185 modo.utpatrisenarratorem.
750 2151 830 2178 modo
840 2155 870 2178 ut
884 2158 928 2178 sa-

142 2194 250 2231 pientiae
263 2198 291 2222 et
306 2195 427 2227 virtutis,
447 2195 472 2222 id
491 2199 533 2222 est
556 2195 662 2228 matris,
681 2196 784 2227 audies,
808 2195 926 2230 cingeris

140 2241 290 2276 gratiarum
306 2247 417 2272 corona.
441 2244 469 2268 et
487 2239 586 2267 collum
608 2244 682 2267 tuum
705 2244 799 2274 torque
814 2241 924 2268 ornabi-

142 2291 195 2319 tur,
211 2294 244 2314 ει
262 2286 435 2314 intellectuali
452 2293 520 2313 auro
542 2290 570 2314 et
593 2287 761 2313 ornamentis
787 2286 924 2314 confecto.

141 2331 251 2361 Hatcria
266 2332 338 2359 enim
353 2339 468 2364 coronae,
481 2339 534 2366 qua
550 2332 687 2359 interioris
705 2332 822 2361 hominis
838 2337 923 2367 caput

141 2377 268 2412 cingitur.
288 2381 329 2404 est
353 2376 484 2404 virtutum
500 2376 627 2409 circulus,
641 2384 701 2411 qua:
721 2378 813 2412 gratia:
831 2377 923 2412 appel-

142 2423 242 2450 lantur.
259 2422 350 2456 Itaque
374 2426 555 2449 consonanter
575 2429 683 2449 corona:
700 2422 871 2450 intcllectuali
887 2423 924 2450 in-

141 2466 300 2502 telligendus
322 2470 363 2493 est
382 2467 464 2494 etiam
481 2471 591 2501 torques
616 2474 715 2494 aureus
737 2467 835 2494 anima:
854 2468 924 2496 collo

140 2513 255 2548 injectus
271 2531 279 2544 ,
299 2511 326 2538 id
343 2515 384 2540 est
400 2511 561 2539 obedientim
582 2511 651 2546 ejus.

175 2597 251 2626 Vers.
272 2598 300 2626 9.
318 2597 452 2625 Verticem
466 2597 618 2633 collumque
633 2599 697 2626 dicit
708 2604 825 2628 mentem
844 2610 850 2627 :
867 2606 924 2628 tor-

140 2650 219 2679 quem
234 2651 298 2672 vero
311 2651 421 2671 aureum
436 2643 576 2671 scientiam
592 2647 619 2671 et
633 2644 844 2673 intellectualem
865 2647 924 2673 ani-

141 2697 190 2716 iuze
213 2694 362 2716 ornatum:
387 2689 429 2716 vel
459 2693 568 2724 torques
595 2697 693 2718 aureus
716 2695 757 2719 est
788 2691 923 2727 subjectio

139 2732 203 2766 Deo,
219 2726 247 2761 et
260 2734 410 2762 divinorum
433 2734 601 2769 eloquiorum
626 2735 831 2764 munimentum.

177 2787 183 2801 ¹
203 2786 252 2814 lsa.
271 2795 347 2820 ut",
368 2788 392 2820 l,
409 2788 436 2814 2.

1003 232 1053 267 τῆς
1066 232 1167 268 ἀρετῆς
1176 232 1309 269 δηλονότι,
1324 235 1418 272 ὥσπερ
1429 238 1476 264 καὶ
1488 238 1512 264 οὶ
1526 238 1614 265 λοιποὶ
1627 239 1793 276 ἑρμηνευταὶ

1004 278 1209 314 σαφηνίζουσιν,
1228 280 1409 314 ὲκδεδωκότες
1422 283 1459 315 ὼς
1469 303 1476 316 ,
1490 284 1520 310 οὑ
1539 285 1707 321 φρονήσεως,
1724 287 1791 315 ἀλλὰ

1003 324 1137 356 συνέσεως
1160 324 1268 360 λόγους.
1291 327 1325 354 Ἦ
1338 327 1434 362 λόγους
1460 330 1617 365 φρονήσεώς
1640 339 1706 366 φησι
1731 334 1792 365 τοὺς

1003 370 1219 406 σοφισματώδεις
1235 373 1284 399 καὶ
1302 368 1569 411 πανουργευμένους.

1035 416 1079 443 Στ.
1100 415 1135 450 γ’.
1163 417 1298 453 Ἑλέγχων
1314 420 1328 446 ὁ
1346 419 1425 454 λόγος
1441 422 1503 453 τοὺς
1520 422 1789 459 ὲπιμοριραζομένους

999 460 1049 497 τὴν
1072 462 1263 500 δικαιοσύνην,
1286 465 1334 492 καὶ
1350 465 1480 500 λέγοντας
1495 467 1567 503 ἔχειν
1584 468 1667 504 αὐτὴν
1683 469 1721 501 ὼς
1739 470 1787 503 δεῖ,

999 508 1082 542 φησιν
1093 517 1100 525 ·
1118 509 1150 535 El
1165 509 1273 545 ἀληθῶς
1286 511 1341 547 ἄρα
1362 512 1538 549 δικαιοσύνην
1552 514 1668 548 λαλεῖτε,
1683 515 1789 548 εὗθείας

999 554 1121 588 κρίνατε,
1142 555 1195 581 υἱοὶ
1212 555 1266 582 τῶν
1281 556 1442 593 ἀνθρώπων.

1035 600 1079 626 Στ.
1102 604 1140 632 ς’.
1167 602 1271 629 Ἀκούω
1294 602 1342 629 τοῦ
1367 602 1544 637 Θεοδοτίωνος
1568 606 1732 642 ἑρμηνείαν,
1754 608 1788 644 ῆν

998 645 1113 677 ἐξέδωκε
1135 647 1182 673 καὶ
1197 647 1356 684 Σύμμαχος,
1370 650 1410 677 ὅτι
1433 651 1579 688 πρόὸλημα
1595 653 1785 682 ὲκδεδώκασιν.

997 691 1030 716 Τί
1045 688 1090 718 οὖν
1113 692 1187 719 ἐστιν
1205 693 1219 719 ὁ
1244 695 1381 730 σκοτεινὸς
1406 695 1500 731 λόγος;
1530 698 1559 724 '0
1584 700 1787 734 συγκεχυμένος

996 737 1066 764 κατά
1080 746 1111 764 τε
1126 738 1206 773 λόγον
1221 740 1268 766 καὶ
1279 740 1398 768 διάνοιαν
1409 743 1455 769 καὶ
1472 743 1588 778 φράσιν
1602 742 1658 772 οἷον
1670 745 1701 772 τὸ
1712 747 1785 782 παρὰ

995 782 1033 818 τῷ
1049 784 1177 820 προφήτῃ
1195 784 1293 820 Ἡσαΐᾳ
1311 794 1317 800 ·
1336 795 1345 811 ι
1361 787 1430 814 Οὐαὶ
1464 788 1517 824 γῆς
1533 789 1643 823 πλοίων,
1657 791 1786 819 ἐπέκεινα

995 829 1124 864 ποταμῶν
1146 829 1307 861 Αίθιοπίαςῑ
1340 831 1369 858 Ὀ
1394 833 1568 861 ἀποστέλλων
1599 836 1628 862 ὲν
1663 835 1784 873 θαλάσσῃ

991 874 1093 910 ὅμηρα,
1106 875 1154 902 καὶ
1170 876 1316 908 ἐπιστολὰς
1334 876 1468 912 βιϐλὶνους
1483 879 1575 907 ἐπάνω
1588 879 1635 907 τοῦ
1651 881 1756 914 ὓδατος.
1771 891 1782 909 ›

992 920 1074 947 Οὐδὲν
1098 920 1152 956 γὰρ
1178 921 1281 949 τούτων
1312 922 1374 949 οὔτε
1400 924 1429 951 ἐν
1452 925 1620 961 παραϐολαῖς
1646 927 1694 962 τὴν
1712 927 1784 961 λέξιν

993 966 1065 1002 σαφῆ
1083 967 1149 1002 ἔχει,
1162 967 1224 994 οὔτε
1243 968 1292 1004 μὲν
1309 969 1430 1005 ἱστορίας
1444 971 1570 1007 διήγησιν
1584 973 1716 1008 φανεράν.
1727 974 1783 1001 Καὶ

991 1011 1038 1038 τοῦ
1054 1012 1103 1047 μὲν
1119 1013 1282 1049 αἰνίγματος
1298 1014 1358 1041 ἐστι
1373 1017 1442 1042 νοεῖν
1455 1016 1486 1044 τὸ
1501 1018 1593 1053 ῥητὸν,
1610 1018 1658 1045 τοῦ
1678 1019 1707 1046 δὲ
1720 1028 1784 1046 σκο-

991 1057 1080 1084 τεινοῦ
1096 1058 1176 1093 λόγου
1193 1059 1259 1090 οὐδὲ,
1267 1059 1297 1086 τὸ
1312 1060 1404 1096 ῥητόν.
1426 1061 1567 1095 Σκοτεινδς
1584 1063 1632 1099 μὲν
1644 1064 1722 1098 λόγος
1736 1073 1783 1099 γε-

991 1104 1053 1139 νική
1070 1104 1127 1130 ἐστι
1143 1105 1217 1141 φωνή
1229 1106 1263 1141 ’ἡ
1278 1105 1305 1132 δὲ
1320 1106 1473 1142 παραϐολὴ,
1491 1108 1562 1144 ίδική
1573 1118 1579 1125 ·
1591 1111 1726 1142 σκοτεινὸς
1739 1111 1781 1141 δὲ.

989 1148 1019 1174 οὐ
1036 1148 1082 1175 τὸν
1096 1149 1168 1175 κατὰ
1183 1149 1311 1186 στέρησιν
1328 1151 1426 1185 φωτὸς,
1439 1151 1506 1178 ἀλλὰ
1520 1153 1566 1179 τὸν
1578 1154 1781 1190 κεκρυμμένον,

989 1193 1027 1226 ὡς
1039 1194 1211 1227 σκοτίζεσθαι
1221 1195 1266 1222 τὸν
1276 1196 1435 1230 ἀγνοοῦντα.
1453 1198 1558 1234 Ῥὴσεις
1568 1199 1596 1226 δὲ
1607 1199 1642 1226 τὰ
1648 1199 1779 1236 καλλιεπῆ

989 1239 1207 1275 ἀποφθέγματα·
1232 1241 1346 1277 αἴνιγμα
1365 1243 1405 1274 δὲ,
1423 1243 1502 1277 λόγος
1522 1245 1580 1279 μετ’
1605 1245 1781 1281 ἐπικρύψεως

990 1285 1131 1321 σημαίνων
1149 1285 1179 1312 τὸ
1192 1286 1309 1322 ἀληθές·
1327 1288 1417 1315 όποῖόν
1433 1289 1492 1315 ἐστι
1509 1289 1550 1320 τὸ.
1571 1299 1580 1315 ε
1603 1290 1750 1324 Διάνοιξον,
1764 1293 1779 1319 ό

990 1330 1120 1364 Λίϐανος,
1137 1330 1186 1364 τὰς
1202 1332 1291 1364 πύλας
1309 1342 1368 1367 σου,
1383 1334 1430 1362 καὶ
1449 1335 1643 1373 καταφαγείτω
1658 1337 1715 1373 πῦρ
1728 1339 1778 1370 τὰς

989 1376 1101 1412 κέδρους
1119 1385 1177 1405 σου.
1198 1387 1207 1404 ι
1578 1372 1581 1374 Ὗ

1024 1434 1070 1461 Στ.
1088 1434 1121 1467 ζ’.
1144 1434 1259 1471 Ἀληθὴς
1278 1435 1332 1472 γὰρ
1347 1436 1442 1471 φόϐος,
1464 1439 1481 1473 ἡ
1499 1439 1569 1465 κατὰ
1585 1438 1720 1474 σεϐασμὸν
1732 1439 1776 1466 εὐα

988 1479 1101 1506 λάϐεια·
1120 1481 1227 1514 σύνεσις
1243 1482 1289 1515 δὲ,
1313 1483 1414 1519 ἀγαθή.
1433 1484 1480 1516 Εἰς
1500 1485 1559 1511 τόδε
1585 1485 1772 1514 ὑποστικτέον.

988 1524 1045 1551 Οὐκ
1053 1525 1133 1561 ἀρκεῖ
1143 1526 1198 1561 γὰρ
1211 1527 1250 1559 εἰς
1263 1528 1452 1564 μακαριότητα
1463 1530 1494 1556 τὸ
1505 1530 1608 1565 εἰδῆναι
1621 1531 1651 1557 τὸ
1663 1531 1775 1566 ἀγαθὸν,

987 1570 1011 1596 εἰ
1029 1570 1066 1606 μὴ
1087 1571 1134 1598 καὶ
1154 1573 1267 1607 πράττοι
1285 1582 1328 1606 τις
1347 1574 1430 1601 αὑτό·
1454 1575 1580 1603 εὐσέϐεια
1596 1576 1625 1603 δὲ
1639 1577 1680 1609 εἰς
1695 1577 1773 1609 Θεὸν,

986 1615 1056 1650 ἀρχὴ
1075 1616 1218 1649 συνέσεως.

1021 1660 1064 1691 Στ.
1083 1664 1116 1696 η’.
1137 1662 1232 1698 Πατὴρ
1255 1663 1305 1698 μὲν
1328 1664 1455 1697 δικαίων,
1478 1666 1492 1692 ό
1507 1665 1584 1698 Θεός.
1602 1667 1660 1699 Πᾶς
1682 1667 1736 1703 γὰρ
1760 1669 1773 1695 ὁ

986 1706 1070 1732 ποιῶν
1084 1706 1133 1742 τὴν
1147 1707 1321 1743 δικαιοσύνην
1338 1710 1370 1736 έκ
1403 1709 1449 1737 τοῦ
1466 1710 1531 1737 Θεοῦ
1547 1711 1699 1748 γεγένηται.
1714 1714 1773 1749 Μή-

984 1758 1037 1786 τηρ
1050 1751 1078 1777 δὲ
1101 1752 1200 1787 ἡμῶν,
1225 1754 1241 1788 ἡ
1266 1754 1421 1789 Ἐκκλησία,
1442 1753 1476 1792 ἧς
1493 1756 1609 1791 νυμφίος
1632 1758 1646 1784 ὁ
1671 1758 1772 1794 Κύριος

984 1796 1062 1832 ήμῶν
1083 1796 1187 1832 Ἰησοῦς
1205 1799 1332 1834 Χριστός.
1350 1800 1452 1836 Θεσμοὶ
1474 1801 1518 1833 δὲ,
1536 1804 1565 1828 αἰ
1590 1803 1771 1831 ἀποστολικαὶ

983 1842 1118 1876 διατάξεις
1128 1843 1247 1879 (1).-Εῐ
1265 1845 1312 1871 καὶ
1328 1846 1473 1882 ἀναγωγὴν
1488 1846 1587 1882 ἔχειτὰ
1594 1848 1770 1883 προκείμενα,

983 1885 1040 1913 ἀλλ’
1061 1887 1263 1923 έφαρμόξονται
1285 1890 1333 1916 καὶ
1356 1892 1413 1923 τοῖς
1436 1892 1507 1919 κατὰ
1530 1893 1611 1927 φύσιν
1634 1893 1769 1928 γονεῦσιν.

982 1931 1046 1958 ὅταν
1068 1931 1203 1965 θεοσεϐεῖς
1220 1934 1296 1968 δντες
1321 1935 1492 1972 ἀνατρέφωσι
1508 1937 1542 1964 τὰ
1556 1937 1648 1965 τέκνα.
1674 1940 1770 1971 "Ov-ra;

982 1975 1010 2018 δὲ
1027 1976 1125 2012 ἁνδρὺς
1147 1978 1194 2005 τοῦ
1213 1979 1387 2013 διδασκάλου,
1405 1981 1452 2008 τοῦ
1468 1983 1648 2018 γεννήσαντος
1660 1984 1703 2011 διὰ
1717 1984 1764 2011 τοῦ

982 2017 1148 2052 Εὑαγγελίου
1163 2021 1227 2051 τοὺς
1240 2021 1463 2057 παιδευομένους,
1486 2017 1604 2058 σύζυγος
1621 2025 1708 2060 τούτῳ
1722 2027 1770 2052 καὶ

984 2062 1074 2098 μήτηρ
1095 2063 1149 2090 τῶν
1171 2064 1320 2099 τεχθέντων
1345 2067 1418 2094 ἐστὶν
1442 2068 1458 2103 ἡ
1489 2068 1647 2104 Ἐκκλησία,
1668 2069 1769 2104 μᾶλλον

981 2106 1010 2133 δὲ
1026 2107 1042 2142 ή
1058 2108 1270 2146 ὲκκλησιαστικὴ
1287 2111 1382 2148 γνώμη
1403 2113 1450 2139 καὶ
1464 2113 1597 2141 πολιτεία.
1614 2115 1665 2141 Ἦν
1680 2116 1769 2142 τοίνυν

981 2152 1048 2188 ἐμοῦ
1059 2173 1068 2186 ,
1088 2154 1171 2189 φησὶ,
1189 2155 1236 2182 τοῦ
1254 2158 1535 2193 παροιμιαστοῦ,,νῦν
1553 2159 1592 2190 ὡς
1607 2160 1766 2196 καθηγητοῦ

981 2197 1029 2223 καὶ
1043 2199 1154 2234 πατρὸς,
1179 2199 1226 2226 νῦν
1242 2201 1270 2227 δὲ
1291 2202 1386 2236 σοφίας
1407 2203 1455 2229 καὶ
1472 2204 1573 2239 ἀρετῆς
1589 2205 1649 2231 ἀντὶ
1664 2206 1768 2241 μητρὸς

980 2243 1169 2279 κατακαύσῃς,
1187 2245 1325 2282 στεφθήσῃ
1342 2247 1461 2282 χαρίτων
1484 2249 1627 2284 στεφάνῳ,
1653 2250 1699 2276 καὶ
1719 2250 1767 2276 τὸν

979 2284 1112 2320 τράχηλον
1130 2287 1292 2323 κοσμηθήσῃ
1314 2289 1411 2325 κλοιῷ,
1429 2291 1461 2318 ὲκ
1478 2292 1573 2328 νοητοῦ
1596 2293 1697 2328 χρυσοῦ
1718 2294 1767 2321 καὶ

979 2329 1081 2364 κόσμου
1106 2333 1363 2370 κατεσκευασμένῳ.
1392 2335 1461 2371 Ὗλη
1487 2337 1542 2372 γὰρ
1570 2338 1701 2372 στεφάνου
1736 2340 1767 2366 ὃν

978 2374 1115 2401 ἀναδεῖται
1133 2376 1148 2411 ἡ
1165 2377 1211 2403 τοῦ
1226 2377 1280 2404 ἔσω
1299 2379 1444 2416 ἀνθρώπου
1460 2382 1581 2418 κεφαλὴ,
1596 2384 1612 2419 ἡ
1628 2384 1682 2411 τῶν
1699 2386 1766 2421 ἀρε-

977 2419 1032 2446 τῶν
1062 2421 1192 2457 περιοχὴ,
1218 2423 1330 2459 χάριτες
1359 2426 1559 2462 ὀνομαζόμεναι
1584 2419 1761 2464 τυγχάνουσι.

978 2465 1134 2500 Συμφώνως
1149 2467 1188 2503 τῷ
1207 2470 1341 2506 στεφάνῳ,
1362 2472 1449 2508 νοητῷ
1465 2473 1531 2506 όντι,
1551 2475 1699 2511 ἑκληπτέον
1716 2477 1764 2503 καὶ.

977 2510 1022 2538 τὸν
1046 2512 1165 2546 χρυσοῦν
1186 2513 1275 2542 κλοιὸν
1299 2516 1511 2553 ἐπιϐαλλόμενον
1538 2518 1579 2555 τῷ
1602 2510 1653 2556 τῆς
1675 2521 1763 2557 ψυχῆς

977 2556 1116 2593 τραχήλῳ,
1129 2560 1300 2596 τουτέστιτῷ
1312 2562 1486 2600 ὑποτακτικῷ
1501 2565 1595 2601 αὐτῆς.

1014 2602 1060 2630 Στ.
1082 2603 1113 2630 0'.
1133 2604 1264 2641 Κορυφὴν
1278 2607 1306 2633 δὲ
1322 2608 1369 2634 καὶ
1389 2608 1522 2644 τράχηλον
1535 2609 1609 2644 λέγει
1622 2611 1667 2637 τὸν
1682 2611 1744 2638 νοῦν
1755 2620 1761 2627 δ

978 2646 1066 2674 κλοιὸν
1088 2648 1116 2675 δὲ
1135 2649 1249 2685 χρύσεον
1260 2671 1268 2684 ,
1289 2651 1337 2687 τήν
1354 2652 1454 2686 γνῶσιν
1479 2655 1525 2681 καὶ
1541 2655 1587 2681 τὸν
1601 2655 1696 2691 νοητὸν
1712 2657 1761 2691 τῆς

976 2691 1065 2727 ψυχῆς
1086 2694 1203 2729 κόσμον·
1230 2695 1245 2730 ἢ
1264 2695 1352 2728 κλοιὸς
1376 2697 1505 2733 χρύσεος,
1528 2700 1544 2734 ἡ
1567 2699 1691 2736 ὑποταγὴ
1713 2700 1761 2728 τοῦ

975 2737 1053 2770 Θεοῦ,
1072 2739 1118 2766 καὶ
1133 2740 1149 2775 ἡ
1168 2741 1221 2767 τῶν
1235 2741 1315 2769 Θείων
1334 2742 1431 2778 λογίων
1446 2745 1571 2780 περιοχή.

174 2833 213 2867 (l)
229 2832 418 2860 Animadverte
434 2835 618 2863 testimonium
638 2835 742 2870 Didymi
757 2835 790 2864 de
807 2835 964 2871 Αρυειοίὶεἱδ
978 2840 1217 2871 constitutionibus.
