1923 3071
84 140 159 169 $955

654 136 868 168 FRAGMENTA
888 136 921 164 IN
943 137 1149 165 PROVERBIA.

1648 135 1711 163 “3‘26

121 197 169 224 Στ.
192 196 216 224 ι’.
236 196 290 223 Καὶ
303 196 332 222 τὸ
346 196 393 223 σὺν
407 196 496 228 ἄλλοις
511 196 560 231 μὲν
579 196 747 232 ἁμαρτάνειν
770 194 880 222 κόλασιν

970 194 1048 222 Vers.
1066 194 1110 222 l0.
1135 193 1253 222 Peccare
1273 201 1381 229 quoque
1404 200 1466 221 eum
1478 192 1539 220 aliis
1566 199 1618 219 non
1643 195 1718 219 caret

85 243 231 279 ἐτ-ιφέρει·
255 242 350 278 ἄνδρες
367 250 398 276 γε
420 243 473 277 μὴν
498 242 618 274 ἀσεϐεῖς,
636 241 661 268 οἱ
679 242 707 267 ἐν
732 240 816 276 κακίᾳ
834 240 878 267 τέ-

82 290 161 316 λειοι.

121 333 168 363 Στ.
191 336 235 360 ια’.
254 331 430 368 Κρύπτουσιν
447 332 488 364 εἰς
511 332 572 368 γῆν,
592 331 638 364 οὓς
654 332 688 359 ἂν
707 331 821 358 πείσωσι
844 331 877 358 τὰ

83 379 196 413 ἐπίγεια
216 380 323 414 φρονεῖν
333 386 339 392 '
356 379 440 414 ἄνδρα
453 378 481 405 δὲ
495 378 599 405 δίκαιον
616 379 723 414 νοήσεις
736 378 781 406 τὸν
794 377 879 413 οὖρά-

82 434 141 452 νιον
165 425 262 460 ἔχοντα
284 425 423 460 φρόνημα.
448 424 566 452 Δύναται
589 425 618 451 δὲ
641 425 730 455 ταῦτα
758 424 878 451 νοεῖσθαι

85 471 134 497 καὶ
151 471 190 502 εἰς
207 470 339 506 Χριστὸν,
357 470 406 497 καὶ
425 471 464 502 εἰς
489 470 535 498 τὸν
551 471 608 497 τῶν
630 469 762 500 Ἰουδαίων
777 470 850 497 λαόν.

122 559 163 585 Τὸ.
179 559 272 586 ἱκανὸν
296 560 314 595 ἡ
328 559 424 596 Γραφὴ
446 559 520 595 δηλοῖ
537 559 579 586 διὰ
600 558 650 585 τοῦ
667 559 825 590 καταπιεῖν,
842 558 880 590 ὡς

86 606 117 634 ὲν
126 605 166 641 τῷ
176 614 182 620 ·
197 606 272 632 «Ἵνα
281 605 318 641 μὴ
330 607 363 641 τῇ
372 605 553 641 περισσοτέρᾳ
563 605 635 641 λύπῃ
647 604 785 640 καταποθῇ
791 603 880 630 τοιοῦ-

86 658 144 681 τος.
161 660 169 676 ι
182 650 266 677 eam
281 648 338 682 οὖν,
351 651 392 677 ὅτι
416 651 468 677 Τδν
488 650 613 686 οὐράνιον
635 649 730 685 ἔχοντα
753 649 881 685 φρόνημα

86 695 249 728 καθελόντες
269 696 317 723 καὶ
333 697 504 732 νικήσαντες,
518 697 558 728 εἰς
572 697 685 728 ἑαυτοὺς
704 697 878 731 μεταστήσω-

87 751 154 777 μεν,
167 741 236 769 ὥστε
253 742 288 769 τὰ
308 742 416 777 ἐπίγεια
432 744 548 778 φρονεῖν,
583 742 642 770 Ζῶν
666 743 694 769 δὲ
714 743 878 771 καταπίεται

86 787 100 812 ὁ
115 786 196 818 δόξαν
210 786 281 822 ἔχων
295 786 378 823 ὀρθὴν
394 787 459 823 περὶ
475 787 529 814 τῶν
547 786 702 822 πρακτέων,
716 786 762 813 καὶ
775 786 878 820 ταύτην

86 832 245 860 ἀποϐαλών.

930 247 1020 275 poma.
1033 238 1090 267 Viri
1103 239 1178 278 ipipii
1193 243 1267 271 sunt,
1283 239 1308 266 iu
1325 239 1442 273 nequitia
1452 235 1645 266 consummati.

966 330 1044 358 Vers.
1062 331 1106 358 Η.
1127 330 1251 358 Obruunt
1267 338 1314 358 eos
1334 330 1384 357 sub
1405 334 1488 361 terra,
1506 328 1604 362 quibus
1620 334 1717 355 suase-

929 378 982 404 riut
1003 383 1108 404 terrena
1126 378 1256 412 cogitare.
1276 377 1369 404 Virum
1391 376 1495 411 justum
1515 375 1587 402 illum
1610 378 1719 408 reputa-

929 422 1051 456 bis,qui
1077 422 1214 451 ctrlestem
1241 422 1323 449 habet
1347 422 1430 449 animi
1455 428 1574 448 sensum.
1601 419 1719 447 Possunt

931 468 990 495 haec
1015 467 1096 497 etiam
1119 468 1152 495 de
1165 467 1278 495 Christo
1292 468 1367 495 etde
1383 466 1496 494 Iudaico
1519 466 1618 501 populo
1641 465 1720 492 intel—

927 512 983 548 ligi.

964 557 1040 591 Quod
1058 558 1171 585 multum
1185 562 1237 591 est,
1252 557 1392 592 Scriptura
1408 557 1540 584 vocabulo
1555 555 1719 591 deglutiendi

930 602 1054 636 deuolat;
1080 608 1110 631 ut
1130 604 1204 632 illic:
1233 613 1242 630 t
1262 603 1301 631 Ne
1323 604 1522 630 abundautiore
1544 603 1652 630 tristitia
1674 602 1721 628 de-

930 650 1059 685 glnlialur
1083 651 1130 686 qui
1149 650 1304 684 hujusmodi
1321 656 1361 678 est
1385 651 1405 676 '.
1424 659 1432 675 ι
1457 650 1538 676 Aiunt
1558 650 1649 684 itaque
1671 649 1722 676 ho-

931 696 1031 724 minem
1044 697 1116 724 hunc
1129 697 1232 725 caelesti
1259 697 1342 724 animi
1366 704 1446 724 sensu
1468 696 1620 730 prmditum,
1645 695 1721 722 devi-

932 744 1005 767 ctum
1022 742 1282 776 comprehendentcs
1298 741 1330 768 ad
1343 748 1390 767 nos
1405 739 1610 770 transferemus,
1625 743 1655 765 ut
1667 744 1722 766 ter—

933 794 997 813 rena
1017 787 1126 821 cogitet.
1149 787 1249 815 Vivens
1273 792 1364 814 autem
1383 786 1538 820 deglutitur,
1556 785 1602 821 qui
1621 789 1724 813 rectam

933 831 1037 859 habens
1052 832 1126 860 circa
1147 840 1188 860 res
1205 834 1324 866 agendas
1343 832 1517 864 sententiam,
1534 831 1603 859 hanc
1618 830 1723 866 ahjicit.

821 891 937 920 CAPUT
958 890 990 918 ll.

123 938 171 965 Στ.
192 940 236 965 ια’.
257 937 360 972 Βουλὴν
374 937 402 964 δὲ
423 936 497 972 λέγει
514 936 563 972 τὴν
579 936 750 973 προαίρεσιν,
767 935 829 982 καθ’
845 936 878 972 ἣν
897 956 917 982 Β

89 983 243 1019 αἱρούμεθα
258 983 293 1010 τὰ
312 983 439 1019 πρακτέα
461 984 561 1016 ποιεῖν,
585 983 601 1018 ἢ
625 983 672 1009 καὶ
694 982 730 1018 μή
744 990 751 997 ·
777 981 880 1008 ἔννοιαν

88 1029 119 1055 δὲ
135 1029 184 1064 τὴν
200 1029 264 1064 περὶ
277 1029 311 1056 τὰ
327 1028 464 1065 θεωρητὰ,
480 1028 550 1055 ὥστε
569 1027 785 1064 καταλιμπάνειν
799 1027 880 1059 αὐτὰ,

88 1075 138 1104 καὶ
149 1074 209 1110 Θεῷ
223 1074 473 1110 προσοικειοῦσθαι,
486 1074 536 1107 τὰς
551 1073 660 1107 ἐντολὰς
674 1073 756 1101 αὑτοῦ
769 1075 820 1109 ὅση
833 1072 880 1100 δύ-

88 1129 173 1156 ναμις
188 1120 382 1156 φυλάττεσθαι.

974 935 1112 965 Vers.l|.
1137 937 1288 965 Consilium
1318 937 1394 968 dicit,
1424 936 1507 964 animi
1538 935 1722 971 propositum,

931 990 986 1016 quo
1007 984 1200 1012 constituimus
1223 983 1312 1011 facere
1331 991 1390 1019 quae
1415 984 1556 1014 debemus,
1569 982 1611 1009 vel
1631 989 1720 1009 secus.

932 1029 1129 1064 Cogitationem
1146 1037 1210 1057 vero
1225 1030 1292 1058 dicit
1318 1038 1378 1065 qua:
1393 1034 1436 1057 est
1454 1029 1526 1056 circa
1547 1027 1674 1061 visibilis,
1692 1031 1723 1053 ut

933 1075 990 1102 haec
1011 1075 1180 1107 omittamus,
1197 1081 1224 1102 et
1249 1076 1282 1103 ad
1312 1076 1395 1103 Deum
1412 1075 1583 1107 accedamus,
1600 1078 1628 1102 et
1644 1079 1724 1100 man-

936 1121 995 1147 data
1016 1121 1073 1156 ejus
1091 1128 1139 1156 pro
1156 1121 1257 1149 viribus
1270 1121 1456 1149 observemus.

823 1176 940 1204 CAPUT
960 1177 1004 1206 ΙΙΙ.

127 1224 174 1251 Στ.
195 1227 230 1258 γ’.
257 1224 301 1250 Ἐν
317 1223 372 1256 ἕξει
385 1224 435 1255 τὰς
448 1222 549 1259 ἀρετὰς
563 1222 644 1258 ἔχων,
662 1222 699 1258 μὴ
714 1221 881 1252 ἐπιπολαίως

89 1269 312 1306 καταρρᾳθυμῶν
324 1269 425 1300 αὐτῶν,
440 1266 518 1300 οὗτος
540 1268 596 1304 ἔχει
621 1267 706 1300 αὑτὰς
719 1266 881 1303 γεγραμμέ-

89 1324 139 1347 νας
152 1316 198 1342 ἐπὶ
212 1315 317 1347 πλακὸς
331 1315 381 1350 τῆς
395 1314 492 1341 ἐαυτοῦ
506 1314 631 1350 καρδίας,
651 1314 698 1340 ἐπὶ
717 1314 764 1341 τοῦ
781 1313 881 1348 βάθους

90 1361 192 1397 δηλαδὴ
206 1362 257 1397 τῆς
272 1361 370 1388 ἑαυτοῦ
384 1360 483 1396 ψυχῆς,
497 1361 556 1396 ἦτοι
570 1360 620 1395 τῆς
634 1359 776 1394 διηνεκοῦς
788 1358 882 1385 ἐπιου-

92 1409 213 1445 μήσεως,
229 1408 273 1434 ἵνα
290 1408 303 1434 ό
316 1407 346 1439 ἐξ
360 1407 485 1438 ἐναντίας
502 1406 539 1442 μὴ
554 1406 718 1442 παρατρέπῃ
733 1413 774 1431 σε.

124 1455 171 1482 Στ.
191 1453 226 1489 η’.
255 1453 338 1488 Σῶμα
376 1452 406 1479 τὸ
427 1452 565 1488 ἄθροισμα
589 1451 644 1478 τῶν
668 1451 810 1485 δυνάμεων
833 1449 883 1485 τῆς

93 1498 180 1534 buxi};
189 1498 260 1532 λέγω
269 1506 276 1515 ·
287 1497 363 1528 ὀστᾶ,
377 1497 405 1523 αἱ
418 1496 528 1531 στερεαὶ
539 1496 668 1530 δυνάμεις
679 1495 764 1530 αὐτῆς
774 1503 781 1510 ο
795 1493 884 1520 πάντα

92 1544 148 1579 γὰρ
163 1543 197 1570 τὰ
210 1544 278 1570 ὀστᾶ
291 1543 370 1578 ἡμῶν
384 1541 492 1578 ὲροῦσι·
507 1541 603 1576 Κύριε,
617 1541 714 1576 Κύριε.

127 1590 173 1616 Στ.
195 1593 243 1622 ις’.
264 1588 345 1622 Δεξιὰ
358 1588 455 1623 αὐτῆς,
474 1589 491 1623 ὴ
507 1587 561 1613 τῶν
583 1587 663 1614 θείων
683 1586 833 1622 ἐπιστήμη,
854 1584 883 1618 ἐξ

91 1633 128 1663 ὧν
141 1637 157 1672 ἡ
172 1635 282 1667 αἰώνιος
298 1634 354 1671 ζωή
365 1642 371 1649 ’
389 1633 524 1669 ἀριστερὰ
544 1633 583 1665 δὲ,
602 1634 619 1668 ἡ
635 1633 688 1660 τῶν
704 1631 882 1668 ἀνθρωπίνων

90 1681 202 1721 τνῶσις.

127 1727 172 1754 Στ.
193 1730 238 1763 ιη’.
265 1726 396 1754 Ἐνταῦθα
411 1725 491 1754 πάλιν
509 1725 586 1758 ξύλον
603 1725 676 1761 ςωῆς
690 1725 735 1752 τὸν
767 1724 883 1760 σταυρὸν

90 1772 230 1808 ὀνομάζει.
256 1774 318 1805 Τοῖς
339 1771 394 1809 γᾶρ
411 1772 565 1808 εἰλικρινῶς
582 1771 779 1808 ἐξηρτημένοις
797 1771 826 1797 ἐν
844 1770 883 1806 τῷ

91 1817 201 1854 Χριστῷ
236 1818 254 1852 ἡ
276 1817 406 1853 διάφορος
425 1818 457 1844 ἐκ
480 1816 526 1843 τοῦ
544 1816 623 1849 ξύλου
643 1814 791 1847 ἀποστάζει
808 1814 882 1850 ζωή·

90 1865 145 1895 τοῖς
153 1863 181 1889 δὲ
192 1863 410 1899 ἐπερειδομένοις
418 1864 478 1895 ταῖς
487 1864 617 1898 κρηπῖσιν
629 1861 710 1888 αὐτοῦ
738 1860 883 1896 βεϐαίωσις

91 1909 178 1945 ὀχυρὰ
194 1909 317 1944 πέπηγεν
330 1909 458 1941 ἀκλινῶς,
469 1905 513 1935 οἷα
523 1908 551 1934 δὲ
565 1908 612 1934 καὶ
624 1907 670 1933 ἐπὶ
681 1906 783 1943 Κύριον
796 1908 883 1941 ἀσφα-

91 1954 145 1985 λῶς
154 1953 348 1989 ἱδρυμένοις.-
355 1953 386 1981 El
397 1953 425 1979 δέ
435 1952 512 1985 ξύλον
524 1952 607 1987 ζωῆς,
621 1952 638 1986 ἡ
649 1951 730 1985 σοφία
739 1951 785 1977 τοῦ
797 1951 865 1978 Θεοῦ
875 1960 881 1966 ·

92 1999 203 2031 δικαίως
227 1998 379 2027 κεκώλυται
403 1997 564 2033 μεταλαϐεῖν
585 1996 670 2031 αὐτῆς
685 1997 699 2022 ὁ
725 1996 821 2030 Ἀδάμ.
836 1997 884 2028 Εἰς

93 2045 146 2080 γὰρ
163 2044 326 2079 κακότεχνον
335 2043 424 2080 ψυχὴν
436 2043 517 2078 σοφία
530 2044 581 2069 οὐκ
594 2041 777 2069 εἰσελεύσεται
788 2051 794 2058 '
807 2042 883 2069 ἐπεί-

94 2101 145 2128 περ
161 2091 216 2118 ἀπὸ
238 2091 353 2127 καρπῶν
370 2089 544 2124 δικαιοσύνης
561 2089 658 2123 φύεται
673 2088 780 2124 δένδρον
799 2089 882 2124 ζωῆς,

94 2137 139 2173 Μὴ
152 2136 279 2173 εὑρηκὼς
291 2136 320 2163 δὲ
334 2136 387 2163 τίνι
403 2134 533 2171 ὁμοιώσει
545 2135 591 2162 τὸν
606 2134 750 2167 ἐλπίζοντα
764 2135 810 2162 ἐπὶ
826 2135 884 2162 Κύ-

95 2189 160 2216 ριον,
172 2181 213 2212 είς
223 2179 320 2207 ἐαυτὸν
333 2179 517 2215 μεταστρέφει
529 2179 575 2205 τὸν
585 2178 673 2213 λόγον,
686 2178 773 2213 λέγων
788 2179 826 2211 ὡς
837 2179 884 2206 ἐπὶ

95 2226 211 2262 Κύριον·
232 2226 261 2252 '0
277 2225 332 2262 γὰρ
347 2225 553 2262 ἐπερειδόμενος
570 2225 614 2251 ἐπ’
627 2225 708 2261 αὐτῇ,
726 2224 773 2252 ἅτε
794 2224 826 2260 δὴ
843 2225 884 2257 εἰς

94 2272 159 2299 Θεὸν
172 2271 301 2304 ἐλπίζων,
319 2271 392 2298 ἐστὶν
404 2271 539 2306 ἀσφαλής.

128 2319 174 2346 Στ.
191 2321 224 2345 κ’.
247 2317 391 2353 Ἀρμόττει
405 2317 484 2344 τοῦτο
494 2317 540 2344 καὶ
553 2316 600 2343 νῦν
610 2316 650 2352 τῷ
662 2316 719 2352 Υίῷ
740 2316 788 2344 τοῦ
802 2316 881 2350 Θεοῦ,

96 2365 175 2401 σοφίᾳ
190 2366 237 2393 καὶ
258 2367 388 2402 φρονήσει
404 2367 460 2394 ὄντι
475 2365 554 2393 Θεοῦ.
580 2365 661 2392 Ἀλλὰ
682 2365 729 2392 καὶ
744 2366 760 2401 ἡ
775 2365 849 2401 ψυχὴ
867 2366 884 2401 ἡ

99 2410 181 2447 πιστὴ
205 2411 243 2446 γῆ
263 2411 349 2444 ἐστιν,
373 2410 640 2440 ἑκατονταπλασίονα
654 2410 883 2446 καρποφοροῦσα·

95 2456 162 2492 αὕτη
177 2457 206 2483 δὲ
225 2457 257 2483 ἐκ
270 2457 321 2492 τῆς
341 2457 468 2493 πιότητος
489 2456 539 2491 τῆς
562 2455 658 2489 σοφίας
680 2456 785 2489 γίνεται
806 2456 885 2492 σοφὴ,

91 2503 282 2538 ,Θεμελιοῠντος
304 2503 389 2539 αὐτὴν
404 2504 447 2530 ἐπ’
466 2503 535 2538 αὐτῇ
551 2501 597 2529 τοῦ
612 2501 680 2528 Θεοῦ
697 2502 744 2528 καὶ
763 2503 881 2538 Πατρός.

101 2548 223 2584 Ἐδράζει
237 2547 292 2584 γὰρ
315 2549 384 2584 αὐτῇ
399 2547 448 2583 τὴν
461 2547 618 2583 εἰσαγωγὴν
632 2548 681 2584 τῆς
697 2546 880 2580 διδασκαλίας,

97 2594 175 2628 πῆξιν
189 2593 243 2620 ἀπὸ
261 2594 357 2629 σοφίας
374 2593 535 2629 ποιούμενος
554 2594 584 2620 ἐν
599 2594 680 2630 αὐτῇ,
693 2594 740 2620 καὶ
754 2594 798 2620 ἀεὶ
820 2593 885 2629 πρόέ

96 2640 248 2667 κόπτουσαν
268 2641 353 2676 αὐτὴν
369 2640 546 2672 ἀποδεικνύς·
563 2640 676 2676 οὐρανὸν
690 2640 719 2666 δὲ
738 2639 884 2675 ἐργάζεται

96 2685 289 2722 καθαρώτατον
297 2687 411 2722 κτίσμα,
423 2687 546 2721 ἀγγέλων
558 2687 604 2714 καὶ
616 2686 670 2714 τῶν
676 2686 778 2722 νοερῶν
788 2685 886 2712 οὐσιῶν

95 2733 262 2768 οἰκητήριον.
280 2732 409 2760 Λαϐοὖσα
419 2733 448 2760 δὲ
467 2733 594 2770 αἴσθησιν
609 2733 656 2760 τοῦ
671 2733 758 2765 ὄντος,
772 2733 819 2759 καὶ
835 2741 885 2758 κα-

96 2778 224 2806 τανοοῦσα
235 2778 286 2815 τὴν
298 2779 352 2806 τῶν
370 2780 541 2816 πραγμάτων
555 2779 708 2816 ἀκρίϐειαν,
721 2777 776 2806 οἷον
792 2778 822 2805 τὸ
837 2787 886 2806 πο-

137 2863 146 2878 ‘
162 2868 182 2896 ll
199 2869 308 2904 Cor..n,
321 2870 346 2897 7.

969 1222 1048 1251 Vcrs.
1062 1224 1087 1251 5.
1106 1223 1157 1258 Qui
1175 1223 1305 1251 virtutum
1324 1223 1547 1251 consuetudinem
1564 1222 1657 1256 habet,
1673 1231 1724 1252 nec

932 1268 1011 1296 facile
1036 1270 1069 1297 ad
1094 1270 1200 1297 illarqu
1219 1271 1380 1298 exercitium
1401 1275 1504 1304 torpct.
1523 1269 1566 1297 hic
1580 1268 1662 1297 habet
1676 1277 1727 1297 e's

932 1315 1077 1350 inscriptas
1092 1316 1118 1343 iu
1139 1315 1230 1344 tabula
1244 1316 1335 1344 cordis
1350 1316 1403 1348 sui,
1419 1316 1445 1343 in
1469 1315 1601 1350 penetrali
1623 1315 1722 1342 videli-

932 1367 975 1389 cet
997 1362 1095 1389 animm
1116 1370 1172 1390 suae
1190 1370 1238 1389 seu
1265 1362 1388 1397 perpetui
1409 1361 1533 1394 affectus,
1552 1369 1585 1389 ne
1606 1369 1725 1397 unquam

933 1408 1104 1434 adversarius
1123 1412 1148 1434 te
1162 1408 1314 1434 subvertat.

969 1453 1044 1481 Vers.
1061 1454 1089 1481 8.
1110 1455 1215 1488 Corpus
1233 1460 1292 1480 esse
1308 1452 1351 1480 aio
1382 1453 1480 1480 anima:
1501 1453 1599 1480 virium
1624 1461 1725 1489 conge-

934 1499 1011 1526 riem.
1027 1499 1093 1527 Ossa
1123 1504 1185 1527 sunt
1201 1499 1284 1526 firma:
1303 1499 1372 1526 vires
1386 1498 1460 1532 ejus,
1473 1499 1561 1526 omnia
1579 1499 1650 1526 enim
1663 1508 1724 1527 ossa

935 1550 1025 1572 nostra
1044 1546 1135 1573 dicent
1150 1555 1157 1572 :
1172 1545 1297 1578 Domine,
1314 1545 1438 1572 Domine.

972 1592 1049 1619 Vers.
1073 1591 1118 1619 l6.
1165 1591 1281 1619 Dcxtcra
1307 1591 1366 1626 ejus
1388 1595 1430 1619 est
1459 1592 1610 1619 divinarum
1636 1600 1724 1620 rerum

935 1637 1062 1670 scicntia,
1079 1638 1150 1665 unde
1167 1643 1269 1665 aeterna
1283 1638 1338 1666 vita
1357 1646 1363 1664 :
1377 1638 1503 1671 sinistra,
1517 1643 1559 1666 est
1572 1646 1663 1667 rerum
1677 1639 1727 1667 hu-

936 1691 1075 1710 manarum
1090 1684 1218 1719 cognitio.

975 1729 1053 1757 Vers.
1072 1730 1115 1757 18.
1133 1730 1182 1757 llic
1203 1738 1298 1757 rursus
1319 1731 1381 1758 vitre
1403 1730 1504 1766 lignum
1527 1730 1643 1766 appellat
1665 1739 1727 1759 cru-

935 1783 1004 1802 cem.
1022 1775 1087 1802 Nam
1102 1775 1135 1803 iis
1151 1776 1196 1810 qui
1217 1776 1321 1804 sincere
1337 1776 1446 1804 Christo
1465 1777 1617 1809 adhaerent,
1633 1778 1725 1805 multi.

935 1821 995 1855 plex
1014 1829 1046 1848 ex
1063 1821 1133 1855 ligno
1148 1826 1240 1848 manat
1252 1822 1304 1848 vita
1320 1830 1327 1848 :
1341 1827 1368 1849 et
1384 1822 1564 1850 iunitenlibus
1577 1823 1634 1850 basi
1654 1825 1724 1858 ejus,

936 1866 1039 1893 munita
1062 1866 1178 1893 lirmitas
1204 1870 1259 1893 stat
1279 1867 1516 1901 iudecliuabiliter,
1538 1869 1610 1895 velut
1631 1869 1663 1896 iis
1679 1870 1725 1904 qui

936 1909 962 1936 in
988 1909 1102 1937 Domino
1131 1914 1186 1937 tute
1203 1914 1268 1937 sunt
1290 1910 1404 1938 fundati.
1423 1926 1460 1931 -—
1477 1911 1553 1943 Quod
1577 1911 1599 1938 si
1616 1911 1676 1938 vita.-
1694 1912 1726 1938 li-

935 1963 1017 1990 gnum
1037 1955 1171 1990 sapientia
1198 1955 1247 1982 Dei
1263 1960 1317 1988 est,
1329 1956 1425 1983 merito
1442 1956 1594 1991 prohibitus
1608 1962 1650 1984 est
1667 1964 1727 1984 eatr.

935 2001 1057 2028 Adamus
1070 2000 1244 2035 participare.
1265 2000 1370 2028 Etenim
1387 2001 1413 2027 in
1429 2001 1591 2028 malitiosam
1606 2001 1726 2028 animam

935 2046 1069 2081 sapientia
1086 2053 1138 2073 non
1154 2046 1287 2079 introibit,
1303 2047 1433 2081 quoniam
1450 2054 1483 2074 ex
1494 2046 1609 2080 justitia:
1631 2046 1728 2074 fructi-

937 2093 986 2120 bus
1003 2092 1116 2127 pullulat
1131 2093 1213 2120 arbor
1226 2093 1297 2120 vitae.
1323 2092 1382 2120 Non
1408 2092 1549 2120 inveniens
1574 2098 1664 2120 autem
1681 2094 1724 2120 cui

935 2142 1075 2172 comparet
1095 2142 1250 2172 sperantem
1271 2138 1298 2165 in
1316 2137 1472 2170 Dominum,
1498 2137 1525 2165 in
1543 2145 1574 2165 se
1593 2139 1727 2167 convertit

936 2190 1088 2210 sermonem
1111 2183 1188 2218 quasi
1213 2183 1339 2218 loquatur
1357 2183 1391 2211 de
1409 2184 1524 2211 Domino
1539 2191 1546 2210 :
1562 2191 1623 2210 nam
1639 2184 1726 2218 quiin

935 2235 994 2255 eam
1014 2228 1306 2263 incumbit,‘lauquam
1325 2229 1351 2256 in
1369 2229 1523 2262 Dominum,
1542 2237 1654 2257 securus
1673 2234 1725 2257 est.

974 2318 1050 2346 Vcrs.
1074 2318 1110 2346 20
1146 2318 1278 2354 Cougruit
1296 2319 1348 2346 hoc
1368 2326 1438 2346 nunc
1453 2325 1562 2353 quoque
1581 2318 1649 2346 Filio
1666 2318 1726 2350 Dei,

935 2365 979 2398 qui
995 2364 1128 2398 sapientia
1151 2368 1178 2390 et
1206 2363 1346 2399 prudentia
1374 2364 1420 2390 Dei
1439 2369 1490 2391 est.
1515 2363 1568 2391 Sed
1592 2368 1620 2391 et
1641 2363 1728 2391 ﬁdelis

914 2424 918 2428 -
935 2410 1037 2442 anima,
1055 2415 1125 2438 terra
1140 2417 1182 2437 cst
1194 2410 1311 2437 fructum
1337 2409 1517 2444 ceiituplicem
1533 2410 1660 2437 reddens.
1680 2409 1724 2436 Illa

936 2465 1000 2484 vero
1019 2465 1051 2485 ex
1062 2457 1225 2492 pinguedine
1236 2457 1377 2492 sapientiae
1396 2457 1425 2484 lit.
1439 2457 1558 2492 sapiens,
1573 2456 1727 2484 slabilieute

935 2510 995 2530 eam
1015 2503 1042 2530 in
1060 2503 1112 2531 hac
1129 2503 1185 2530 Deo
1202 2502 1292 2530 Patre.
1313 2501 1420 2530 Fundat
1433 2503 1505 2530 enim
1521 2502 1548 2530 in
1570 2509 1601 2530 ea
1626 2502 1727 2530 doctri-

935 2556 976 2576 na:
990 2548 1187 2584 magisterium,
1203 2555 1320 2584 eamque
1341 2548 1474 2584 sapientia
1490 2552 1670 2582 coagmentat,
1685 2551 1727 2574 at-

934 2602 987 2629 que
1002 2595 1029 2622 in
1045 2595 1141 2622 melius
1155 2602 1262 2629 semper
1278 2595 1440 2629 provehens,
1453 2594 1552 2622 cmlum
1569 2593 1651 2620 veluti
1670 2592 1726 2619 elli-

935 2641 981 2672 cit,
1007 2645 1160 2668 creaturam
1180 2640 1366 2675 purissimam,
1389 2639 1546 2675 angelorum
1571 2643 1599 2666 et
1619 2637 1724 2666 intelle-

935 2686 1062 2714 ctualium
1092 2687 1307 2714 subslantiarum
1335 2686 1531 2714 habitaculum.
1557 2684 1603 2712 Illa
1633 2690 1724 2712 autem

935 2739 1016 2760 sensu
1032 2739 1124 2760 rerum
1140 2731 1330 2760 cxsistentium
1347 2735 1486 2767 percepto,
1502 2734 1530 2758 et
1551 2729 1658 2757 illarum
1677 2737 1724 2756 ac-

935 2783 1056 2807 curatam
1071 2778 1202 2807 rationem
1219 2778 1404 2811 considerans,
1419 2777 1495 2813 quasi
1512 2777 1638 2812 abyssum
1655 2775 1724 2803 titul-
