1923 3071
177 133 184 159 l
191 133 244 162 627

793 139 908 167 DIDVMI
928 139 1165 168 ALEXANDRINI

1735 146 1745 172 t
1755 145 1803 174 328

173 196 226 217 tam
245 190 407 225 judiclornm
430 193 488 226 Dei,
506 194 592 223 nubes
613 203 643 223 ea
661 195 821 225 nominavit.
842 196 890 225 Vel
909 206 960 224 nu-

1032 198 1129 226 ύδυθον
1142 199 1197 226 τῶν
1213 199 1260 226 τοῦ
1275 200 1342 226 Θεοῦ
1358 201 1510 236 κριμάτων,
1532 200 1600 235 νέφη
1615 200 1702 228 ταῦτα
1718 210 1803 237 προσ-

172 243 219 264 nes
233 238 381 272 prophetas
405 240 562 274 appellavit;
581 249 680 275 rorem,
698 243 858 272 doctrinam.

208 327 246 355 Ne
272 327 351 364 longe
370 329 451 357 abeas
471 338 485 357 a
505 331 615 365 potabili
631 332 692 359 vita:
710 341 791 368 aqua.
808 333 960 362 Consilium

173 380 261 401 autem
282 375 358 408 dicit,
372 384 436 410 erga
453 384 498 404 res
524 379 645 413 agendas
662 380 785 413 modum;
807 381 962 407 meditatio-

137 427 142 432 ·
175 429 244 454 nem,
269 429 329 448 eam
358 430 418 456 quae
439 423 468 450 ﬁt
493 424 564 451 circa
593 425 751 453 theoretica.
768 425 872 454 Collum
899 427 964 454 dicit

174 467 258 500 ipsam
275 468 403 500 animam,
421 464 480 503 qua:
494 470 587 504 jngum
615 471 721 497 Domini
751 477 851 506 portat.
889 472 964 500 Sicut

173 517 262 539 autent
292 513 388 540 collunt
409 515 590 548 pectomlihus
609 517 791 551 pra-cingitur,
809 518 849 545 sic
873 519 963 545 anima

174 559 242 586 dona
256 559 304 586 Dei
325 560 351 586 in
369 568 451 595 regno
467 562 584 595 gestabit
606 563 677 590 sicut
693 564 737 591 hic
754 565 879 591 mandata
893 565 963 600 ejus.

209 651 354 686 Impiorum
373 659 417 680 res
441 653 522 680 etiam
545 653 691 688 splendida:
713 653 903 682 maledictione
924 654 962 681 le-

175 697 298 730 riuntnr;
312 703 338 724 at
349 698 484 732 justorum
503 700 582 726 etiam
598 701 663 728 viles
678 700 888 728 benedicuntur.
908 696 960 728 Do-

177 751 248 770 mum
268 743 342 777 dicit,
364 745 505 772 rationalis
529 746 626 773 anima:
661 746 818 779 facultates;
845 747 962 782 tuguria,

175 794 280 823 partem
317 790 473 817 iracundam
497 795 523 819 et
550 793 788 826 concupiscihilem
804 800 812 820 :
828 793 862 820 ibi
889 794 962 821 enim

176 835 344 863 irrationales
359 836 480 863 habitarit
494 837 642 871 passiones.

1014 245 1107 271 εἶπεν·
1123 244 1139 280 ἢ
1155 245 1224 281 νέφη
1245 246 1309 277 τοὺς
1331 246 1474 282 προφήτας
1495 246 1620 280 ἐκάλεσε,
1640 247 1735 282 δρόσον
1754 248 1804 285 τὴν

1013 290 1196 318 διδασκαλίαν.

1050 337 1095 373 Μὴ
1111 338 1192 370 ἐκτὸς
1206 338 1273 376 γένῃ
1286 340 1332 366 τοῦ
1344 340 1461 375 ποτίμου
1473 340 1523 375 τῆς
1535 340 1607 375 ζωῆς
1625 340 1728 371 ὕδατος.
1741 340 1793 367 Bon

1013 383 1062 419 λὴν
1074 383 1102 409 δὲ
1119 383 1192 418 λέγει
1208 385 1257 420 τὴν
1271 386 1334 421 περὶ
1348 386 1474 420 πρακτέα
1487 386 1593 421 κίνησιν
1607 395 1613 401 ·
1629 385 1742 417 ἔννοιαν,
1754 385 1803 421 τὴν

1016 429 1082 465 περὶ
1092 429 1127 456 τὰ
1136 429 1292 466 θεωρητικά
1302 440 1308 447 ·
1324 432 1458 468 τράχηλον
1471 433 1519 468 τὴν
1535 432 1619 469 αὐτὴν
1629 433 1718 468 ψυχὴν
1731 431 1803 466 εἷπε,

1014 477 1065 511 τὴν
1081 477 1258 511 βαστάσασαν
1274 478 1320 505 τὸν
1334 479 1416 513 ζυγὸν
1429 479 1476 506 τοῦ
1492 480 1605 515 Κυρίου.
1625 480 1730 515 Ὥσπερ
1749 480 1778 507 δὲ
1790 482 1803 507 ὁ

1016 522 1151 557 τράχηλος
1177 524 1240 556 τοὺς
1263 524 1462 560 στηθοδέσμους
1486 526 1656 561 περίκειται,
1678 526 1764 558 οὕτως
1787 527 1804 562 ὴ

1015 567 1088 603 ψυχὴ
1117 568 1151 595 τὰ
1169 569 1217 596 τοῦ
1240 570 1308 596 Θεοῦ
1328 571 1397 607 γέρα
1417 573 1553 607 κομιεῖται
1576 573 1604 599 ὲν
1619 574 1652 608 τῇ
1670 572 1804 608 βασιλείᾳ,

1016 612 1054 644 ὡς
1067 614 1112 639 καὶ
1127 614 1156 640 ὲν
1166 614 1229 649 τῇδε
1244 615 1293 646 τὰς
1308 616 1417 648 ἐντολὰς
1431 617 1524 644 αὑτοῦ.

1052 658 1112 684 Τῶν
1126 659 1232 686 ἀσεϐῶν
1253 660 1300 687 καὶ
1315 661 1349 687 τὰ
1366 662 1477 695 ἐπίδοξα
1495 662 1695 698 κεκατήραται·
1709 662 1763 688 τῶν
1777 661 1807 688 δὲ

1015 703 1128 730 δικαίων
1146 705 1238 732 καὶτὰ
1251 706 1431 742 εὐτελέστερα
1446 707 1605 743 ηὺλὸγηται.
1623 705 1702 734 Οἷκον
1719 707 1747 733 δὲ
1765 707 1808 732 λέ-

1022 758 1064 784 γει
1086 751 1134 786 τῆς
1156 751 1268 787 λογικῆς
1289 752 1378 787 ψυχῆς
1404 753 1453 785 τὰς
1467 753 1611 788 δυνάμεις·
1626 753 1754 783 ἐπαύλεις
1767 752 1806 781 δὲ,

1016 795 1066 828 τὰς
1075 796 1122 822 τοῦ
1135 796 1252 832 Θυμικοῦ
1266 798 1313 824 καὶ
1325 798 1371 824 τοῦ
1381 798 1580 835 ἐπιθυμητικοῦ
1590 807 1596 814 ·
1607 799 1634 825 ἐν
1648 799 1742 829 αὐταῖς
1752 797 1808 832 γὰρ

1017 840 1053 867 τὰ
1066 841 1150 876 ἄλογα
1166 843 1334 878 διατρίϐουσι
1351 844 1436 880 πάθη.

903 883 1020 914 CAPUT
1039 887 1082 914 IV.

215 927 293 955 Vers.
312 928 338 956 8.
369 927 460 955 llonor
486 929 636 963 sapientiae,
653 929 844 957 mandatorum
870 930 966 958 obser-

1053 935 1098 962 Στ.
1119 939 1155 971 η’.
1177 937 1250 973 Τιμὴ
1266 937 1373 972 σοφίας,
1389 939 1404 973 ἠ
1420 938 1537 973 τήρησις
1551 938 1606 964 τῶν
1620 937 1749 964 ἐντολῶν·
1766 947 1810 964 σο-

176 975 278 1002 vantia.
302 973 440 1009 Sapientia
460 975 596 1008 Christus,
618 975 695 1010 cujus
709 983 809 1010 sponsa
833 982 884 1009 est,
905 984 965 1011 quas

177 1029 239 1047 eum
257 1021 402 1048 virtutibus
419 1022 534 1048 honorat
548 1022 649 1054 anima,
665 1029 746 1056 quam
771 1021 815 1050 ille
829 1022 967 1057 amplexa-

177 1067 260 1094 hitur.

218 1112 295 1140 Vers.
312 1113 357 1140 ‘10.
375 1112 496 1148 Simplici
511 1113 593 1140 veluti
608 1114 721 1147 puerulo
737 1113 846 1148 praemia
860 1120 969 1147 semper

178 1159 302 1193 proponit
333 1159 530 1186 atlcnlionibus
555 1159 624 1194 eius,
653 1159 788 1194 erigitque
817 1164 893 1186 extra
918 1159 969 1186 ali-

178 1207 286 1239 quando
312 1206 478 1241 prolapsum.
508 1205 575 1232 Viue
610 1205 708 1238 fontes,
737 1206 870 1237 virtutes;
900 1205 970 1232 unde

179 1260 247 1287 aqua
267 1253 369 1283 vivens,
394 1251 494 1279 Christi
520 1251 632 1286 agnitio.
648 1251 804 1278 Proticienti
835 1251 970 1286 sapientia

180 1297 255 1324 multi
272 1298 368 1329 fontes,
385 1306 436 1324 non
454 1305 533 1329 unus.
557 1298 604 1324 sed
630 1304 679 1332 pro
697 1297 826 1324 virtutum
848 1304 969 1324 numero.

180 1343 214 1370 lis
233 1343 278 1377 qui
303 1343 447 1370 observant
471 1343 520 1370 has
536 1343 711 1375 monitiones,
726 1343 782 1370 vita
796 1343 863 1370 liunt
881 1350 888 1369 :
906 1343 970 1370 item

180 1389 289 1424 prmtnia
305 1394 378 1416 sunt.

217 1487 295 1516 Vers.
312 1487 364 1515 ‘26.
380 1488 447 1516 Vita:
463 1488 514 1515 iter
528 1493 602 1516 recte
617 1475 792 1524 persequere,
807 1489 903 1524 inquit.
919 1488 972 1516 Pc-

180 1533 228 1560 des
243 1538 306 1560 sunt
317 1533 444 1561 tralaticii
460 1533 538 1568 hujus
554 1539 661 1567 motus;
677 1543 739 1563 nam
752 1536 837 1563 virtus
853 1535 972 1563 medium

181 1584 264 1607 tenet.

1019 981 1068 1015 φία
1079 981 1107 1008 δὲ
1123 983 1136 1008 ὁ
1149 982 1275 1018 Χριστὸς,
1287 981 1318 1010 οὗ
1332 984 1424 1020 νύμφη
1438 985 1454 1020 ἡ
1467 984 1510 1026 δια
1520 984 1573 1010 τῶν
1585 984 1690 1020 ἀρετῶν
1700 984 1810 1019 τιμῶσα

1018 1028 1100 1055 αὐτὸν
1118 1029 1203 1065 ψυχὴ,
1218 1030 1279 1064 ἥτις
1293 1030 1338 1056 ὑπ’
1354 1030 1436 1056 αὑτοῦ
1455 1030 1699 1066 περιληῳθήσεται.

1054 1115 1101 1142 Στ.
1126 1118 1158 1143 κ’.
1183 1115 1316 1151 Καθάπερ
1335 1117 1425 1152 νηπίῳ
1442 1117 1496 1144 τινὶ
1519 1117 1617 1153 παιδίῳ
1639 1117 1744 1144 ἔπαθλα
1768 1118 1812 1144 ἀεὶ

1017 1162 1077 1192 ταῖς
1094 1163 1240 1197 προσοχαῖς
1257 1162 1357 1197 τίθησι,
1371 1163 1418 1189 καὶ
1432 1162 1560 1198 διεγείρει
1575 1162 1627 1195 ἔξω
1637 1171 1686 1189 που
1701 1163 1811 1189 διεπτο-

1017 1207 1127 1242 ημένον.
1153 1209 1244 1242 Πηγαὶ
1271 1208 1298 1235 δὲ
1321 1209 1405 1244 ζωῆς,
1434 1210 1461 1236 αἱ
1476 1210 1584 1245 ἀρεταὶ,
1599 1210 1645 1244 ἀφ’
1659 1206 1696 1236 ὧν
1709 1210 1739 1235 τὸ
1755 1209 1810 1241 ζῶδ

1020 1254 1102 1290 ὓδωρ,
1116 1256 1132 1291 ὴ
1148 1255 1248 1289 γνῶσις
1261 1256 1278 1291 ἡ
1292 1255 1339 1282 τοῦ
1354 1255 1484 1292 Χριστοῦ.
1497 1256 1543 1291 Τῷ
1555 1257 1625 1283 κατὰ
1639 1257 1733 1291 σοφίαν
1744 1265 1811 1292 προ-

1020 1301 1164 1336 κόπτογτι,
1184 1302 1281 1329 πολλαὶ
1297 1303 1401 1338 πηγαὶ,
1420 1304 1467 1330 καὶ
1487 1303 1518 1330 οὺ
1537 1304 1586 1338 μία
1604 1303 1725 1338 γίνεται·
1744 1303 1811 1329 ἀλλὰ

1021 1347 1092 1374 κατὰ
1111 1348 1141 1374 τὸ
1157 1348 1259 1383 πλῆθος
1277 1349 1331 1375 τῶν
1347 1349 1464 1384 ἀρετῶν.
1480 1349 1542 1380 Τοῖς
1558 1349 1608 1380 τὰς
1625 1348 1813 1384 παραινέσεις,

1022 1394 1098 1429 φησι,
1122 1394 1286 1429 φυλάττουσι
1307 1395 1419 1427 ταύτας,
1439 1395 1495 1431 ζωὴ
1519 1395 1658 1429 γίνονται·
1683 1392 1762 1422 αὗται
1783 1394 1814 1420 τὸ

1021 1440 1113 1469 ἆθλον.

1057 1489 1102 1515 Στ.
1121 1491 1178 1521 κζ’.
1200 1488 1254 1524 Τὴν
1267 1488 1338 1515 κατὰ
1350 1488 1396 1514 τὸν
1410 1487 1466 1523 βίον
1479 1487 1593 1524 πορείαν
1608 1487 1695 1523 ὀρθῶς
1711 1487 1823 1522 βάδιζεκ

1022 1534 1098 1569 φησί.
1116 1534 1200 1565 Πόὂες
1213 1533 1266 1560 εἰσὶ
1278 1533 1329 1568 τῆς
1341 1533 1430 1569 ψυχῆς
1452 1535 1480 1560 at
1516 1533 1697 1569 μεταϐατικαὶ
1713 1532 1815 1567 ταύτης

1025 1579 1124 1616 ὁρμαί·
1145 1580 1262 1615 μεσότης
1274 1580 1328 1616 γάρ
1342 1581 1415 1606 ἐστιν
1436 1582 1452 1615 ἠ
1470 1580 1565 1616 ἀρετή.

917 1637 1032 1664 CAPUT
1055 1637 1086 1664 V.

917 1637 972 1664 CA]

222 1683 302 1712 Vers.
325 1682 353 1709 2.
379 1682 450 1710 Cave
477 1682 601 1710 attendas
624 1683 804 1711 fraudulenta:
829 1683 969 1716 doctrina",

1029 1637 1032 1646 '
1055 1637 1086 1664 V.

1060 1683 1105 1709 Στ.
1129 1683 1162 1718 β’.
1182 1682 1229 1718 Μὴ
1244 1683 1361 1719 πρόσεχε
1378 1683 1505 1719 ἀπατηλῇ
1521 1682 1694 1718 διδασκαλίᾳ,
1711 1682 1756 1709 διὰ
1767 1682 1819 1717 τῆς

182 1736 243 1763 qure
256 1736 304 1764 per
322 1728 414 1756 dulces
433 1736 572 1756 sermones
597 1729 711 1764 inescat,
726 1730 751 1758 id
767 1734 810 1758 est
835 1730 931 1758 haeresi
946 1735 973 1758 et

183 1775 345 1803 idololatriae
361 1781 389 1803 et
404 1775 577 1810 vaniloquiis.

226 1822 305 1849 Veis.
323 1822 351 1850 5.
370 1821 487 1849 Auditus
511 1826 599 1855 tenus,
622 1821 718 1850 harum
746 1830 836 1850 rerum
854 1822 973 1850 bonitas.

183 1868 258 1896 Talis
286 1873 328 1896 est
343 1869 445 1897 erroris
471 1873 580 1901 natura,
604 1870 752 1904 perniciem
780 1869 869 1902 celare
894 1869 974 1901 solet,

184 1915 378 1948 iucunditatem
395 1922 449 1949 pra:
463 1922 491 1942 se
507 1915 590 1947 ferre,
605 1919 634 1941 ut
649 1915 782 1949 decipiat;
799 1915 879 1942 aliter
891 1914 974 1946 enim,

183 1961 277 1989 statim
290 1960 414 1988 homines
426 1961 596 1988 recederent.
613 1959 670 1988 Non
686 1961 721 1988 ita
736 1961 818 1994 Deus,
836 1961 881 1996 qni
899 1961 977 1988 dulce

185 2007 263 2040 relat,
273 2006 437 2034 laboriosum
456 2000 593 2041 pioponit.
608 2005 700 2040 Neque
714 2007 792 2039 dixit,
806 2006 914 2040 Deﬂnit,
930 2007 976 2033 sed

187 2053 319 2086 Destillat,
348 2059 383 2079 ne
410 2052 543 2080 satiatura
564 2052 688 2080 videatur
710 2052 879 2084 amaritudo;
913 2059 976 2079 nam

186 2104 278 2133 postea
311 2098 371 2126 l'elle
396 2099 516 2126 amarior
538 2099 694 2136 .sentietur.
721 2097 780 2125 Non
809 2102 911 2133 quanta
938 2101 979 2125 est

186 2145 279 2181 (vitii)
295 2144 422 2177 dulcedo,
439 2149 513 2172 tanta
531 2142 800 2178 etiamamaritudo,
822 2145 868 2172 sed
895 2144 979 2171 multo

187 2193 284 2228 major.

225 2237 303 2266 Vers.
323 2238 350 2265 8.
371 2238 427 2265 Vise
445 2238 553 2264 nomine
584 2242 700 2264 mentem
715 2245 776 2272 quin
796 2237 829 2264 ad
848 2237 976 2264 virtutem

189 2282 284 2317 tendit;
304 2284 349 2311 hic
370 2283 529 2310 denotavit:
546 2283 586 2310 vel
613 2283 727 2310 fortasse
748 2284 858 2311 mandat
887 2283 979 2310 virtuti

189 2334 219 2356 ut
235 2337 284 2357 nos
296 2337 310 2356 ο
326 2329 445 2363 nequitia
458 2333 575 2362 separet.

1025 1729 1226 1765 χρηστολογίας
1239 1728 1414 1764 δελεαζούσῃ.
1431 1729 1570 1755 τουτέστιν
1591 1729 1706 1764 αἱρέσει,
1721 1728 1769 1754 καὶ
1785 1729 1818 1764 τῇ

1025 1774 1229 1810 εἰδωλολατρία,
1245 1775 1292 1801 καὶ
1316 1775 1441 1810 ματαίοις
1453 1767 1567 1810 ῥήμασι.

1061 1822 1107 1848 Στ.
1126 1820 1158 1855 γ’⁴
1176 1822 1267 1857 Μέχρι
1279 1821 1329 1856 τῆς
1340 1821 1436 1856 ἀκοῆς,
1450 1821 1541 1848 αὐτῶν
1553 1821 1584 1848 τὸ
1594 1821 1686 1848 καλόν.
1697 1820 1820 1856 Τοιαύτη

1026 1867 1081 1903 γὰρ
1101 1867 1117 1902 ἡ
1130 1867 1236 1902 ἀπάτη·
1253 1868 1282 1894 τὸ
1304 1868 1352 1903 μὲν
1368 1868 1490 1904 ὀλέθριον
1502 1870 1636 1905 κρύπτειν
1650 1868 1740 1898 εἴωθε,
1755 1877 1823 1904 πρη-

1028 1914 1154 1941 6ἀλλεται
1168 1914 1196 1940 δὲ
1218 1914 1247 1940 τὸ
1269 1914 1330 1949 ἡδὺ,
1354 1914 1426 1941 ὥστε
1451 1913 1569 1951 ἐλ.εἴν’ἦ
1591 1915 1646 1950 γὰρ
1666 1915 1698 1942 ἂν
1719 1915 1824 1946 εὐθέως

1027 1961 1215 1996 ἀπεπήδησαν.
1239 1961 1267 1987 Ὀ
1283 1961 1310 1988 δὲ
1335 1960 1401 1993 Θεὸς
1428 1962 1477 1997 οὐχ
1497 1961 1599 1994 οὕτως·
1626 1961 1694 1988 ἀλλὰ
1714 1961 1746 1988 τὸ
1772 1962 1824 1997 ήδὺ

1029 2007 1211 2042 ἀποκρύπτει,
1229 2007 1260 2034 τὸ
1278 2007 1306 2034 δὲ
1324 2008 1452 2034 ἐπίπονον
1468 2007 1624 2043 προτίθησι.
1643 2008 1697 2034 Καὶ
1713 2008 1763 2034 οὐκ
1785 2005 1825 2034 εἶ-

1029 2060 1089 2083 πεν,
1116 2052 1256 2088 Ἀποῤῥεῖ,
1272 2052 1350 2085 ἀλλὰ,
1373 2052 1534 2085 Ἀποστὰζει
1563 2052 1601 2085 ὡς
1621 2053 1658 2088 μὴ
1681 2052 1824 2090 προσκορῆ

1029 2097 1155 2132 γενέσθαι
1180 2099 1229 2134 τὴν
1258 2099 1382 2134 πικρίαν,
1404 2098 1517 2135 ὕστερον
1544 2098 1634 2134 μέντοι
1660 2099 1825 2135 πικρότερον

1029 2143 1127 2178 χολῆς·
1144 2144 1194 2179 οὐχ
1213 2144 1276 2171 ὅσον
1288 2144 1318 2170 τὸ
1339 2145 1399 2180 ἡδὺ,
1421 2145 1550 2172 τοσοῦτον
1567 2145 1598 2172 τὸ
1618 2145 1716 2180 πικρόν
1727 2152 1733 2159 ·
1755 2143 1827 2171 ἀλλὰ

1030 2188 1120 2224 πολλῷ
1135 2189 1224 2216 πλέον.

1066 2235 1110 2261 Στ.
1127 2238 1162 2270 η’.
1192 2235 1265 2262 Ὀδδν
1292 2233 1368 2263 εἶπεν
1393 2237 1511 2264 ἐνταῦθα
1529 2237 1575 2264 τὸν
1601 2238 1647 2263 ἐπὶ
1661 2237 1711 2273 τὴν
1723 2237 1828 2272 ἀρετὴν

1030 2281 1155 2308 ὁδεύοντα
1164 2281 1234 2308 νοῦν·
1259 2283 1275 2318 ἢ
1292 2283 1363 2318 τάχα
1377 2283 1426 2319 τὴν
1443 2283 1542 2320 ἀρετὴν
1562 2284 1728 2320 προστάσσει
1741 2283 1830 2319 χωρί-

1032 2327 1088 2359 ζειν
1101 2328 1173 2362 ἡμᾶς
1188 2327 1242 2353 ἀπὺ
1254 2328 1362 2360 κακίας.

226 2374 305 2401 Vers.
324 2374 368 2401 Η.
390 2374 417 2400 ιιι
433 2378 476 2401 est
489 2374 514 2400 in
533 2378 691 2405 senectute;
709 2373 749 2400 vel
773 2374 893 2401 carnium
913 2382 972 2401 con-

1067 2360 1171 2400 Στ.“ια¹.
1186 2373 1328 2401 Τουτέστιν
1341 2374 1369 2400 ὲν
1382 2375 1466 2410 γήρᾳ·
1482 2375 1499 2410 ἥ
1515 2374 1559 2401 διὰ
1566 2374 1613 2400 τοῦ
1628 2373 1831 2409 κατατριϐἦναι

192 2421 299 2447 tritione
322 2420 432 2447 denotat
457 2420 692 2455 intemperantiam
715 2427 774 2454 quae
798 2424 839 2447 est
854 2420 975 2454 quaedam

191 2466 339 2500 corruptio.

228 2511 306 2540 Vers.
334 2512 378 2544 12,
402 2512 444 2538 Η.
475 2511 626 2538 Introducit
653 2510 788 2538 hominem
813 2516 982 2546 corruptum,

192 2559 236 2594 qui
252 2563 336 2586 semet
351 2558 486 2592 vituperat
502 2557 564 2592 quia
581 2555 750 2591 disciplinam
761 2556 860 2589 oderit,
871 2557 981 2592 aitque:

192 2605 264 2633 Perii
276 2610 303 2633 et
320 2604 446 2632 contabui
465 2605 629 2632 conterenda
649 2609 745 2630 carnes
762 2610 836 2630 meas
857 2603 884 2630 in
906 2603 983 2630 luxu-

194 2651 253 2684 riis,
269 2655 297 2678 et
311 2651 394 2678 vitam
407 2649 601 2686 propemodum
611 2649 723 2685 proieci.
737 2649 799 2677 Ideo
811 2650 898 2684 palam
912 2650 982 2677 facta

194 2701 236 2723 est
256 2696 360 2731 punitio
383 2703 442 2723 mea
461 2696 488 2722 in
511 2694 599 2723 medio
618 2693 746 2722 Ecclesia
774 2701 806 2723 ac
824 2695 982 2731 Synagogae.

195 2744 244 2770 Εςι
258 2744 329 2770 enim
343 2745 400 2771 haec
414 2743 573 2778 paenitentis
587 2749 649 2775 vox,
662 2741 708 2776 qui
724 2741 843 2768 nondum
855 2745 897 2766 est
913 2739 938 2764 in
953 2745 984 2765 ea

196 2790 370 2817 extremitate
386 2790 428 2817 cui
446 2790 585 2825 proximus
598 2789 658 2816 fuit.
673 2787 724 2815 Par
736 2786 801 2814 illud
816 2791 857 2814 est
871 2793 879 2813 :
893 2794 902 2810 ι
914 2785 986 2812 Pene

195 2835 274 2862 eil'nsi
290 2840 351 2862 sunt
364 2842 473 2870 gressus
489 2836 540 2862 mei
554 2835 574 2862 ³.
592 2844 601 2860 ι
619 2834 742 2868 Namque
757 2831 899 2866 evigilans,
923 2837 969 2858 seu

233 2891 244 2908 ⁸
255 2890 326 2919 Psal.
347 2899 433 2920 Lxxu.
449 2892 478 2918 2.

1031 2419 1080 2450 τὰς
1113 2419 1232 2455 σάρκας,
1263 2419 1313 2455 τὴν
1342 2420 1491 2447 ἀκολασίαν
1527 2420 1602 2456 δηλοῖ
1634 2419 1739 2456 φθοράν
1767 2428 1832 2445 τινα

1032 2462 1124 2491 οὖσαν.

1069 2511 1115 2539 Στ.
1134 2511 1178 2542 ιϐ’,
1204 2511 1237 2538 ιδ.
1272 2511 1382 2545 Εισάγει
1401 2512 1450 2539 τὸν
1468 2511 1655 2547 διαφθαρέντα
1681 2512 1835 2543 κακίζοντα

1034 2556 1142 2588 ἑαυτὸν,
1158 2556 1196 2588 ὡς
1213 2557 1366 2592 μισήσαντα
1383 2557 1518 2590 παιδείαν,
1536 2558 1583 2585 καί
1596 2566 1688 2593 φησιν·
1707 2557 1836 2583 ’Δπολοί-

1033 2611 1088 2638 μην
1104 2602 1137 2629 ἂν
1149 2603 1196 2630 καὶ
1213 2602 1372 2639 διεφθάρην,
1395 2603 1566 2640 κατατρίψας
1582 2603 1632 2635 τὰς
1655 2603 1760 2638 σάρκας
1780 2611 1835 2637 μου

1032 2649 1061 2675 ὲν
1077 2648 1218 2680 ἀσωτίαις,
1237 2649 1283 2676 καὶ
1297 2649 1347 2685 τὴν
1361 2648 1434 2685 ζωὴν
1453 2649 1538 2685 αὐτὴν
1562 2648 1662 2685 μικροῦ
1688 2649 1744 2675 δεῖν
1765 2656 1837 2683 προ·

1032 2694 1156 2730 ηκάμην.
1169 2695 1214 2721 Διὸ
1226 2695 1343 2730 φανερὸν
1357 2695 1467 2729 ἐγένετο
1481 2696 1511 2721 τὸ
1525 2694 1662 2730 ἐπιτίμιόν
1683 2703 1733 2729 μου
1743 2695 1772 2720 ὲν
1786 2693 1836 2729 μέ-

1035 2747 1073 2775 σῳ
1096 2740 1260 2775 Ἐκκλησίας
1276 2741 1324 2768 καὶ
1339 2741 1517 2776 Συναγωγῆς.
1528 2740 1768 2775 Μετανενοηκότος
1780 2739 1836 2775 γὰρ

1034 2786 1051 2820 ὴ
1067 2785 1154 2821 φωνὴ,
1172 2786 1219 2813 καὶ
1237 2787 1274 2822 μὴ
1288 2787 1432 2822 γεγονότος
1446 2788 1475 2814 ὲν
1488 2783 1511 2822 ᾧ
1528 2786 1595 2823 παρ’
1611 2786 1702 2820 ὀλίγον
1717 2785 1837 2820 γεγένη-

1035 2839 1090 2858 ται.
1102 2832 1215 2868 Ὅμοιον
1230 2834 1277 2860 καὶ
1285 2832 1326 2862 τὸ,
1338 2834 1423 2870 ιΠαρ’
1444 2833 1536 2868 ὀλίγον
1559 2831 1674 2868 ἐξεχύθη
1688 2832 1724 2859 τὰ
1740 2830 1837 2866 διαϐή-
