1923 3071
67 142 137 169 ῒῧέθ

636 142 753 169 FiiAGM
759 142 849 170 ΕΝΤΑ
870 138 913 170 ΙΝ’
924 143 1133 171 PROVERBIA.

1638 142 1707 171 {659

67 203 141 239 pati
159 203 394 238 μωρίλνανὴᾁας
411 202 465 238 γὰρ
484 203 530 230 καὶ
547 203 696 238 αἰσϐηθεῖς,
715 203 769 230 Ποῦ
794 203 861 234 ἔστι,

934 206 1048 240 iensque,
1064 204 1295 239 ubinam,'iuquil,
1310 210 1391 238 prope
1403 202 1460 230 fui?
1475 203 1614 237 Quomodo
1627 203 1708 238 igitur

65 249 151 283 λέγει,
174 249 205 275 τὸ
223 248 297 284 παρὰ
315 248 427 284 μικρόν;
444 248 506 280 Πῶς
526 247 573 276 οὖν
588 249 628 275 Ξνι
641 249 689 284 τὴν
703 249 735 275 ὲκ
751 249 802 283 τῆς
815 249 865 284 φύ-

69 303 138 326 ιῖεως
155 295 254 330 μανίαν
269 303 343 329 παρα
348 294 519 329 μυθήσασθαι
530 303 536 327 ;

104 340 152 367 Στ.
165 343 204 366 ιε’.
230 340 261 366 Ἦ
278 339 378 374 γνῶσις
405 341 452 367 καὶ
470 341 558 378 φρέαρ
576 341 643 373 ἐστὶ,
655 340 701 368 καὶ
710 341 797 376 πηγή·
810 342 867 372 τοῖς

68 389 119 421 μὲν
139 386 368 422 προσερχομένοις
382 388 442 418 ταῖς
469 387 580 422 ἀρεταῖς
613 387 702 422 φρέαρ
723 386 790 413 ἐστι·
812 388 867 418 τοῖς

67 432 96 458 δὲ
111 433 174 459 κατ’
193 433 277 464 αὑτὰς
290 433 467 465 τελειωθεῖσι,
487 433 574 468 πηγή.
591 433 706 466 Λέγεται
723 432 750 459 δὲ
768 433 785 468 ἡ
801 432 868 467 γνῶ-

69 488 112 510 σις
120 480 167 505 καὶ
185 480 287 516 μήτηρ,
301 480 348 506 κα)⁸
361 479 440 516 γυνὴ,
459 480 506 506 καὶ
524 479 637 515 ἀδελφήο
660 480 762 515 μήτηρ,
777 479 817 506 ὅτι
833 479 867 505 δι’

68 526 159 561 αὐτῆς·
175 527 228 553 ὑπὸ
245 527 291 553 τοῦ
311 526 474 553 διδασκάλου
497 526 697 561 γεγεννήμεθα·
721 525 800 561 γυνὴ,
827 526 867 551 ὅτι

70 572 190 599 συνοῦσα
207 572 294 599 τίκτει
323 572 425 608 ἀρετὰς
446 573 492 599 καὶ
514 572 584 608 ὀρθὰ
605 572 738 607 δόγματα’
753 571 866 606 ἀδελφὴ,

69 617 112 644 ὅτι
136 617 166 650 ἐξ
191 618 249 651 ἑνὸς
273 617 341 644 Θεοῦ
362 618 525 653 γεγόναμεν.
539 618 595 644 Καὶ
617 615 683 644 εἶπα
694 617 744 653 τὴν
772 617 868 651 σοφίαν

70 662 191 698 ἀδελφήν
198 684 201 688 .
751 682 755 685 .

109 709 156 736 Στ.
173 713 221 742 ις’,
247 709 290 741 ιζ’.
308 710 379 745 Ὅρα
407 709 444 741 ὼς
463 709 494 736 οὐ
520 709 598 744 μόνον
622 710 654 745 τῇ
677 707 793 744 ἀφθονίᾳ
820 707 870 742 τὴν

71 753 200 781 εὐκολίαν
220 754 399 786 ἐνδείκνυται,
421 754 488 780 ἀλλὰ
507 755 553 781 καὶ
566 753 605 788 τῷ
622 753 725 789 μηδένα
741 752 869 778 κοινωνὸν

72 800 145 834 ἔχειν
178 800 229 835 τῆς
258 799 454 831 ἀπολαύσεως·
477 800 649 832 διπλασιάζει
674 799 702 825 δὲ
730 798 796 826 αὐτὸ
823 798 870 824 καὶ

71 847 170 882 κτῆσιν
190 847 332 874 ἀποκαλεῖ·
363 845 417 874 οἶδε
434 847 489 883 γὰρ
499 847 548 882 τὴν
564 846 609 873 τοῦ
627 846 790 882 πράγματος
806 846 868 881 ἡδο-

72 901 134 927 νην.

916 258 1058 286 possumus
1071 258 1104 278 ex
1120 255 1214 277 natura
1230 250 1327 277 orienti
1340 250 1451 277 insaniae
1465 249 1576 277 mederi.

954 338 1032 366 γεγε.
1055 339 1098 366 15.
1121 338 1240 366 Scientia
1270 338 1350 365 simul
1379 342 1420 365 est
1445 342 1542 372 puteus:
1569 344 1602 364 ac
1625 337 1707 365 fons:

918 385 958 412 bis
972 386 1017 420 qui
1034 385 1067 412 ad
1085 385 1198 414 virtutes
1218 384 1367 416 accedunt,
1391 388 1503 418 puteus;
1533 383 1584 410 illis
1608 383 1654 418 qui
1680 384 1707 411 in

918 432 957 459 eis
974 435 1036 458 sunt
1050 430 1172 466 perfecti,
1197 431 1268 457 forts.
1286 429 1405 456 Scieulia
1429 429 1526 456 dicitur
1548 429 1628 456 etiam
1653 437 1708 456 ma-
1753 422 1763 430 ’

920 483 969 510 ter,
987 485 1065 510 uxor,
1081 484 1159 505 soror
1178 486 1184 503 :
1201 481 1298 508 mater,
1319 476 1381 510 quia
1404 483 1452 510 per
1468 483 1527 502 eam
1551 484 1565 502 a
1580 476 1709 510 magistro

919 524 1066 558 gignimur;
1095 531 1173 556 uxor,
1205 522 1267 557 quia
1294 521 1417 555 copulata
1446 522 1516 556 parit
1547 522 1660 549 virtutes
1682 526 1710 548 et

921 574 994 597 recta
1011 569 1155 604 dogmata;
1172 576 1260 600 soror,
1277 568 1339 602 quia
1352 575 1384 594 ex
1404 575 1458 595 uno
1471 567 1524 596 Deo
1539 568 1707 596 exsistimus.

920 616 952 642 Et
965 615 1019 643 dixi
1035 615 1195 650 sapientiae:
1210 613 1294 642 Soror
1312 621 1370 640 mea
1384 621 1425 641 es.

957 706 1032 734 Vers.
1055 701 1099 738 16,
1121 706 1164 732 I7.
1186 704 1293 731 Videsis
1308 704 1443 739 quomodo
1457 711 1508 731 non
1529 703 1609 731 modo
1626 703 1711 730 almu-

921 752 1010 780 dantia
1027 751 1184 779 facilitatem
1200 750 1329 784 ostendit,
1347 750 1395 777 sed
1410 755 1437 778 et
1457 750 1592 777 neminem
1610 750 1711 777 haben-

921 801 954 826 σεο
969 799 1057 834 gaudii
1076 798 1246 833 participem.
1264 797 1386 832 Duplicat
1404 801 1494 823 autem
1510 803 1571 823 eam
1590 803 1658 828 rem,
1685 801 1711 822 ct

922 844 1120 880 possessionem
1148 842 1279 877 appellat;
1317 841 1393 868 novit
1422 841 1494 868 enim
1526 841 1644 875 ejusdem
1673 841 1711 867 rei

889 890 908 916 Β
924 889 1103 924 voluptatem.

798 948 914 976 CAPUT
934 946 979 975 VI.

110 997 157 1024 Στ.
173 1001 207 1034 η’.
222 998 283 1026 Κᾶν
296 999 345 1034 τὴν
367 997 486 1034 φυσικὴν
494 998 549 1024 τῶν
563 997 668 1032 ἀλόγων
680 997 812 1033 ἐργασίαν
827 996 870 1032 μί-

77 1051 172 1077 μησαι·
191 1042 207 1078 ἦ
221 1042 427 1076 ῖσθι,τουτέστι
439 1041 578 1076 πορεύου,
594 1041 691 1068 Πολλοὶ¹
716 1042 770 1076 γὰρ
797 1042 867 1075 ἀγα-

76 1088 236 1123 θοεργοῦσιν
261 1089 315 1115 ἀπὸ
338 1084 487 1124 θεωρίαζῆ
513 1088 608 1123 ἀκοῆς,
630 1088 677 1114 καὶ
691 1088 741 1114 οὐκ
764 1087 794 1119 ἐξ
812 1088 872 1114 ἐπι-

77 1135 196 1170 στήμης.
216 1134 355 1166 Μελίσσας
378 1134 452 1168 λέγει
478 1135 621 1170 προφήτας
634 1134 682 1161 καὶ
695 1133 872 1165 ἀποστόλους,

76 1177 114 1207 ὧν
136 1181 160 1206 οἱ
189 1180 264 1207 πόνοι
292 1181 422 1216 χρήσιμοι
449 1182 506 1212 τοῖς
527 1189 557 1206 τε
588 1179 716 1216 μεγάλοις
743 1179 793 1214 τὴν
818 1178 874 1211 ἓξιν

77 1227 124 1253 καὶ
144 1228 200 1258 τοῖς
225 1226 355 1262 βραχέσι·
387 1226 471 1262 κηρὸν
494 1227 543 1262 μὲν
571 1225 616 1254 οὖν
643 1226 716 1261 λέγει
746 1226 781 1253 τὰ
803 1225 874 1260 πρά-

76 1282 181 1307 γματα·
220 1273 281 1309 μέλι
309 1273 352 1306 δὲ,
391 1273 440 1308 τὴν
472 1273 575 1299 τούτων
608 1272 736 1308 Θεωρίαν.
769 1271 875 1306 Ὥσπερ

77 1319 171 1354 ὁδηγεῖ
196 1318 244 1350 τὰς
273 1316 353 1353 αἶγας
378 1319 392 1345 ὁ
425 1319 525 1351 κτῖλος,
553 1318 644 1350 οὕτως
675 1320 688 1345 ὁ
720 1319 804 1353 ἐσσὴν
825 1317 875 1349 τὰς

79 1365 220 1399 μελίσσας.
256 1365 345 1391 Καλὸν
378 1363 424 1392 οὗν
454 1366 529 1401 παρὰ
566 1365 656 1392 πάντα
685 1365 731 1392 τὸν
765 1365 822 1400 βίον
859 1363 877 1397 ἡ

78 1410 164 1443 τάξις.

115 1457 160 1483 Στ.
178 1456 221 1484 ιϐ’.
243 1457 356 1492 ’Ἄφρων
371 1458 384 1483 ὁ
406 1457 494 1488 ἄθεος,
513 1457 569 1484 ὁτὸ
591 1456 758 1493 θεωρητικὸν
778 1454 878 1482 ἀπολέ-

81 1510 140 1533 σας’
155 1502 314 1537 παράνομος
329 1501 368 1535 δὲ,
387 1502 401 1527 ὁ
411 1502 442 1528 τὸ
457 1501 618 1537 πρακτικόν.

959 993 1038 1021 Yers.
1059 993 1085 1020 8.
1107 992 1193 1026 Ipsam
1212 992 1351 1018 brutorum
1368 990 1517 1017 naturalem
1532 996 1643 1023 operam
1657 988 1720 1015 imi-

924 1046 996 1074 tare;
1013 1040 1064 1073 vel,
1091 1041 1154 1067 vade
1178 1040 1280 1066 dictum
1302 1043 1343 1065 est
1367 1044 1415 1072 pro
1433 1037 1513 1063 scias.
1541 1034 1616 1062 Multi
1641 1034 1712 1061 enim

922 1085 1033 1112 theoria:
1057 1089 1135 1112 tenus
1161 1090 1188 1112 et
1209 1084 1315 1111 auditus
1338 1083 1406 1110 bene
1423 1086 1520 1116 agunt,
1552 1087 1604 1107 non
1623 1085 1712 1106 autem

923 1137 1007 1165 usque
1029 1129 1062 1156 ad
1083 1129 1264 1164 disciplinam.
1286 1128 1357 1160 Apes
1382 1126 1447 1153 dicit
1463 1125 1608 1160 prophetas
1633 1130 1715 1158 atque

923 1175 1068 1211 apostolos,
1096 1183 1211 1210 quorum
1242 1174 1349 1200 labores
1376 1172 1457 1199 utiles
1485 1176 1548 1198 sunt
1579 1176 1634 1198 tum
1650 1170 1713 1196 'alta

923 1222 1078 1250 conditione
1093 1221 1223 1256 prmditis,
1246 1226 1301 1247 tum
1325 1220 1407 1246 etiam
1432 1218 1595 1249 humilibus;
1624 1216 1713 1246 fartim

924 1268 987 1295 dicit
1012 1268 1136 1303 negotia;
1160 1267 1222 1299 mei,
1248 1267 1343 1294 horum
1373 1265 1515 1291 theoriam.
1547 1263 1623 1290 Sicut
1643 1263 1718 1289 ducit

922 1314 1039 1349 capellas
1059 1314 1134 1340 cieur
1155 1311 1268 1344 animal,
1296 1311 1331 1338 ita
1353 1318 1399 1338 rex
1427 1317 1501 1345 apes.
1531 1309 1646 1336 Pulchra
1674 1316 1717 1335 res

923 1360 1012 1394 itaque
1027 1359 1053 1386 in
1065 1359 1138 1386 omni
1155 1358 1208 1385 vita
1224 1358 1292 1385 ordo
1309 1362 1362 1384 est.

959 1449 1037 1477 Vers.
1059 1450 1105 1477 12.
1124 1449 1255 1484 [nsipiens
1274 1453 1316 1476 est
1336 1448 1445 1480 albens,
1469 1447 1514 1482 qui
1541 1446 1716 1473 tinnit-ticam

924 1496 1032 1529 abolet;
1046 1495 1165 1530 iniquus,
1185 1495 1229 1530 qui
1248 1495 1405 1529 practicam.

900 1553 922 1580 Τ
942 1552 999 1580 VII.

853 1555 871 1582 P

117 1602 163 1628 Στ.
180 1604 216 1628 α’.
231 1601 309 1629 Κατὰ
327 1601 418 1628 κοινοῦ
436 1601 563 1636 φύλαξον,
582 1602 614 1629 ἵν’
667 1611 719 1635 σοι,
737 1557 874 1639 φησὶῗῖαὶ

944 1555 999 1580 VII.

963 1598 1040 1626 Vers.
1074 1598 1099 1625 i.
1123 1597 1190 1624 Lato
1221 1604 1301 1625 sensu
1335 1597 1433 1624 dicitur
1463 1595 1586 1628 custodi;
1613 1599 1642 1622 ut
1670 1594 1718 1623 tibi

84 1647 180 1683 βιῶναι
197 1646 270 1682 ζωὴν
284 1646 403 1678 αἰώνιον,
423 1647 470 1674 καὶ
493 1647 639 1683 διορατικῷ
655 1647 791 1682 γενέσθαι.
805 1647 875 1674 Πολ-

82 1691 120 1727 λῷ
132 1691 187 1727 γὰρ
209 1691 256 1718 τοῦ
282 1691 335 1718 τῶν
364 1692 496 1727 ὀμμάτων
518 1692 606 1727 φωτὸς
631 1692 819 1729 λαμπρότερον
847 1693 879 1720 αι

82 1738 136 1765 τῶν
152 1737 231 1765 θείων
247 1737 362 1764 ἐντολῶν
378 1738 508 1774 τηρήσεις
520 1739 586 1774 ἡμῖν
605 1739 821 1772 ἀναλὰμπουσιν.

119 1784 163 1810 Στ.
182 1787 217 1818 τ’.
232 1784 311 1819 Χεὶρ,
324 1784 341 1819 ἡ
353 1783 498 1820 ὁλοσχερὴς
526 1784 635 1820 πρᾶξις
657 1784 787 1817 δάκτυλος
807 1785 844 1817 δὲ,
859 1787 876 1821 ἡ

86 1829 269 1864 μερικωτέρα.
282 1829 445 1864 Πειθόμενος
466 1830 495 1856 δέ
523 1839 568 1865 μοι
590 1830 720 1858 πλατεῖαν
734 1831 805 1865 ’ἐξεις
828 1832 876 1867 τὴν

85 1872 199 1908 καρδίαν
212 1873 251 1904 είς
268 1873 401 1909 ὑποδοχὴν
414 1874 468 1901 τῶν
481 1875 595 1910 ἀρετῶν.

121 1918 166 1944 Στ.
186 1917 228 1943 ιϐ’.
245 1918 382 1944 Συνοικεῐν
406 1918 484 1953 ἀνδρὶ
517 1922 718 1955 προσποιεῖται,
741 1921 780 1952 ὡς
807 1921 878 1947 κατὰ

86 1962 166 1998 νόμον
179 1961 284 1998 βιοῦσα·
302 1965 348 1989 καὶ
361 1963 469 1999 ἀναιρεῖ
481 1964 569 1992 πάντα
585 1965 620 1991 τὰ
637 1965 740 2001 φοϐερὰ
755 1967 803 1992 καὶ
820 1975 876 1993 κω-

86 2008 192 2040 λυτικὰ,
219 2009 269 2043 τὴν
293 2009 448 2045 ἀποδημίαν
476 2010 683 2047 προὸαλλομὲνη
708 2011 756 2038 τοῦ
789 2020 877 2039 συνοι-

87 2062 207 2086 κουντος.

120 2100 165 2126 Στ.
182 2100 233 2133 κζ’.
259 2101 288 2127 '0
315 2101 369 2137 γὰρ
386 2100 461 2133 οἶκος
492 2102 578 2138 αὐτῆς
597 2102 652 2129 ὁδοὶ
668 2103 742 2138 eam,
763 2104 802 2135 εἰς
828 2112 877 2130 τα-

89 2148 152 2182 μεῖα.
164 2147 280 2174 θανάτου
297 2148 474 2183 κατάγουσαι.
496 2149 527 2176 Οἱ
546 2149 600 2185 γὰρ
624 2149 780 2185 πειθόμενοι
797 2151 877 2186 αὐτῇ,

89 2193 174 2228 χοῖκοὶ
188 2194 325 2229 γινόμενοι
343 2195 408 2230 παρ’
429 2195 514 2230 αὐτῆς
531 2195 577 2222 καὶ
593 2195 693 2231 γήινοι,
706 2195 793 2228 οὕτως
810 2197 878 2223 ἀπο-

89 2238 206 2267 λοῦνται.
224 2240 261 2266 Τὸ
277 2239 316 2271 δὲ,
333 2249 341 2266 ι
364 2241 425 2267 Ἐπὶ
437 2241 574 2277 πέταυρον
593 2241 668 2277 ᾅδου,
692 2252 700 2268 ι
711 2243 734 2268 nl
748 2242 836 2269 λοιποὶ
849 2243 878 2269 ἐν

90 2284 198 2326 βάθεσιν
211 2285 296 2313 εἷπον.

928 1645 1076 1679 contingat,
1099 1644 1196 1679 inquit,
1212 1643 1264 1670 vita
1278 1648 1378 1670 :cterna
1397 1642 1461 1674 frui,
1479 1646 1507 1670 et
1523 1649 1584 1669 esse
1596 1642 1720 1677 specula-

929 1692 994 1718 tivo.
1023 1691 1155 1718 Czeterum
1181 1690 1265 1717 tnulto
1290 1689 1428 1717 oculorum
1459 1689 1519 1716 luce
1551 1688 1720 1723 splendidius

929 1737 1083 1764 divinorum
1102 1736 1292 1764 mandatorum
1306 1735 1478 1762 observantia
1497 1734 1591 1769 fulget.

964 1781 1043 1810 Vers.
1062 1782 1088 1808 ὃ.
1110 1781 1203 1808 Manus
1218 1785 1258 1807 est
1274 1785 1327 1807 tota
1344 1780 1432 1812 actio;
1449 1779 1558 1812 digitus,
1572 1786 1634 1813 pars
1649 1779 1718 1814 ejus.

930 1827 958 1855 Si
973 1827 1038 1854 mihi
1054 1826 1220 1858 obediveris,
1238 1825 1321 1852 latum
1336 1832 1384 1852 cor
1405 1825 1518 1852 habebis
1541 1825 1574 1851 ad
1591 1826 1719 1853 virtutum

930 1868 1124 1906 reccptionein.

965 1918 1042 1945 Vers.
1065 1917 1111 1944 I9.
1132 1915 1259 1942 Ilabitare
1275 1923 1335 1942 cum
1352 1915 1450 1942 marito
1460 1915 1578 1949 simulat,
1596 1915 1673 1950 quasi
1685 1916 1719 1943 ad

930 1964 995 1999 legis
1011 1971 1133 1991 normam
1147 1963 1255 1992 vivens;
1280 1969 1427 1996 omnesth
1444 1966 1554 1989 lllliOI‘CS
1565 1967 1592 1990 ct
1607 1959 1734 1997 impedi?

931 2015 1019 2038 menta
1038 2009 1136 2041 aufert,
1149 2008 1393 2043 peregrinationem
1411 2009 1582 2043 prmtendens
1598 2008 1720 2044 conjugis

930 2050 982 2084 sui.

967 2103 1043 2131 Vers.
1059 2103 1103 2128 ‘27.
1127 2103 1225 2129 Domus
1236 2103 1295 2138 ejus
1307 2101 1357 2128 viae
1377 2100 1488 2133 inferni,
1503 2108 1562 2135 qua:
1575 2101 1608 2128 ad
1626 2101 1720 2128 mortis

931 2149 1068 2177 conclavia
1087 2150 1188 2175 ducunt
1217 2147 1283 2174 Nam
1300 2147 1344 2181 qui
1359 2147 1510 2181 hujnsmodi
1539 2147 1644 2174 mulieri
1662 2154 1720 2174 mo-

933 2204 989 2224 rem
1015 2195 1161 2230 gesserint,
1185 2194 1247 2221 lutei
1275 2194 1308 2220 al:
1331 2193 1390 2228 ipsa
1415 2193 1479 2219 facti
1497 2197 1523 2219 et
1541 2193 1652 2224 terreni,
1681 2193 1721 2219 sic

932 2242 1067 2276 peribunt.
1091 2241 1167 2274 Quod
1197 2245 1285 2267 autent
1311 2239 1356 2266 hic
1382 2238 1481 2266 dicitur
1498 2248 1506 2263 ι
1522 2238 1561 2265 Ad
1579 2243 1720 2273 pctaurum

898 2287 1058 2315 υἱοῖσι-υἱ»
1098 2286 1188 2313 cat-teri
1226 2286 1388 2319 interpretes
1424 2284 1545 2311 Scribant
1581 2282 1720 2318 profundi-

930 2339 1022 2361 tatem.

808 2387 923 2416 CAPUT
944 2390 1013 2417 V'Ill.

126 2430 171 2456 Στ.
187 2430 240 2456 x6".
256 2429 345 2456 Πολλὰ
365 2430 551 2465 σημαίνουσα,
566 2430 692 2465 καθάπερ
716 2431 839 2466 εἴπομεν,
864 2434 881 2467 ὴ

92 2477 172 2512 ἀρχὴ,
190 2477 238 2503 νῦν
249 2476 278 2503 τὺ
288 2476 372 2503 ἀΐδιον
382 2476 468 2512 δηλοῖ,
483 2476 531 2503 καὶ
545 2477 575 2503 τὺ
587 2476 684 2509 αἴτιον,
702 2478 749 2504 καὶ
762 2477 793 2504 τὸ
807 2487 883 2514 ποιη-

92 2522 172 2549 τικόν.
193 2522 225 2548 Ἦ
249 2522 276 2548 δὲ
296 2520 373 2557 ἀρχὴ
396 2522 477 2560 τινῶν
491 2523 564 2549 ἐστιν
589 2522 672 2558 ἀρχὴ,
690 2523 737 2549 καὶ
754 2524 883 2559 σημαίνει

93 2569 193 2603 σχέσιν,
206 2568 263 2595 ἀλλ’
278 2569 327 2594 οὐκ
342 2568 480 2596 οὑσίωσιν.
490 2568 531 2595 Τὰ
546 2568 600 2605 γὰρ
617 2568 685 2604 πρός
699 2578 736 2603 τι,
758 2570 880 2596 τοιαῦτα’

91 2614 126 2645 ὡς
139 2614 167 2640 τὸ
180 2613 265 2646 δεξιὸν
292 2614 338 2640 καὶ
350 2614 504 2650 ἀριστερόν.
519 2614 605 2641 Οὐσία
621 2615 710 2642 τοίνυν
725 2613 818 2651 οὖσαή
835 2617 881 2644 τοῦ

92 2660 157 2687 (ι)εοῦ
170 2661 261 2695 σοφία,
278 2661 328 2688 οὐκ
341 2661 418 2697 ἀρχὴ
437 2661 518 2688 τινῶν
533 2663 601 2688 ἐστι·
625 2662 672 2688 καὶ
692 2662 746 2698 πρὸ
765 2663 881 2695 κτίσεως

94 2706 144 2742 παρ
159 2707 215 2742 ἔχει
231 2708 260 2734 τὸ
277 2705 346 2733 εἶναι
364 2708 445 2741 σοφία
469 2707 518 2741 (ἓ).
550 2707 646 2734 Ἠνίκα
661 2707 690 2734 δὲ
713 2709 804 2743 σχέσιν
831 2710 881 2746 τὴν

94 2753 158 2789 πρὸς
175 2753 208 2780 τὰ
223 2753 326 2788 γενητὰ
339 2753 454 2785 δέξεται,
470 2753 530 2779 τότε
549 2754 620 2789 ἀρχὴ
633 2754 737 2788 γίνεται
748 2755 802 2782 τῶν
814 2756 880 2784 ὁδῶν

94 2797 138 2826 τοῦ
150 2799 217 2826 Θεοῦ
233 2799 382 2834 ποιητικῶν
397 2799 443 2826 καὶ
463 2799 657 2835 προνοητικῶν,
671 2800 711 2831 είς
731 2800 764 2827 τὰ
785 2801 880 2837 ἔργαὸι

128 2867 165 2902 (2)
187 2867 280 2896 Valent
295 2868 353 2898 licet:
367 2872 462 2896 contra
479 2868 613 2897 redivivos
634 2869 812 2904 pantbeistas.

971 2435 1048 2462 \‘ers.
1070 2434 1115 2461 '22.
1136 2433 1203 2460 Cum
1218 2433 1323 2460 initium
1338 2432 1432 2464 multa,
1451 2435 1480 2458 ut
1492 2430 1622 2463 diximus,
1635 2430 1716 2465 signi-

932 2483 1005 2515 ﬁcet,
1020 2489 1092 2509 nunc
1110 2486 1240 2508 aeternum
1257 2479 1401 2514 signiﬁcat,
1416 2484 1442 2506 ct
1457 2477 1581 2510 causalc,
1603 2482 1630 2504 et
1644 2485 1722 2505 crea-

933 2529 1028 2557 tirunt.
1062 2527 1121 2555 Jam
1146 2527 1253 2554 initium
1287 2526 1401 2560 alicujus
1419 2525 1457 2552 rei
1483 2529 1525 2552 est
1542 2523 1666 2556 initium;
1695 2526 1721 2550 (ιι

932 2575 1088 2602 relationem
1101 2574 1281 2603 demonstrat,
1298 2580 1350 2599 non
1363 2571 1553 2598 substantiam.
1570 2569 1632 2596 Haec
1647 2568 1720 2595 enim

933 2621 1001 2648 ratio
1015 2628 1057 2648 est
1078 2627 1169 2647 eorum
1192 2627 1252 2654 qua;
1271 2622 1334 2645 sunt
1354 2617 1386 2644 ad
1402 2616 1514 2651 aliquid,
1542 2619 1572 2642 ut
1596 2615 1720 2641 dextrum

933 2672 1015 2700 atque
1046 2666 1196 2693 sinistrum.
1232 2663 1389 2692 Substautia
1413 2663 1504 2696 itaque
1529 2667 1591 2688 cum
1618 2660 1652 2687 sit
1674 2659 1719 2686 Dei

933 2713 1075 2747 sapientia,
1100 2720 1151 2739 non
1167 2717 1209 2739 est
1225 2709 1339 2745 alicujus
1355 2709 1392 2736 rei
1406 2708 1529 2741 initium;
1546 2714 1606 2734 nam
1621 2711 1648 2733 et
1659 2711 1724 2733 ante

933 2760 1096 2787 creationem
1118 2758 1250 2793 sapientia
1274 2762 1342 2784 erat.
1366 2755 1417 2782 Sed
1445 2758 1586 2790 postquam
1612 2752 1722 2780 relatio-

934 2813 994 2833 nem
1011 2812 1074 2840 erga
1097 2811 1140 2833 res
1160 2808 1267 2833 creatas
1284 2802 1385 2831 habere
1408 2801 1488 2836 coepit
1501 2820 1508 2834 ,
1533 2804 1597 2827 tunc
1614 2799 1720 2827 initium
