1923 3071
171 139 237 169 1631

791 134 910 163 υιῡιιιι
926 133 1163 162 ALEXANDBINI

1734 130 1744 156 l
1752 129 1806 157 (ἰδὲ

172 198 242 226 facta
255 200 298 224 est
314 196 416 223 viarum
429 194 487 227 Dei,
503 194 598 229 agendi
610 201 643 221 ac
653 193 821 229 providendi,
835 193 869 220 ad
881 199 962 227 opera

1027 192 1066 228 ηὴν
1081 191 1197 226 ὓπαρξιν
1214 191 1245 216 ὲκ
1274 189 1320 216 τοῦ
1344 188 1516 224 Δημιουργοῦ
1543 187 1599 222 ἔχει
1632 188 1715 222 μηδὲν
1738 187 1806 223 αὓτη

172 252 233 279 qltm
257 241 444 270 exsistentiam
469 247 484 267 a
505 239 634 268 Creatore
660 239 769 271 habent,
792 245 853 273 quae
874 243 963 265 tamen

174 289 242 317 nihil
256 287 281 315 ei
301 287 446 316 conferunt
461 290 490 313 ut
508 286 543 313 sit
559 285 707 320 sapientia;
733 284 779 311 scd
803 284 907 317 relatio,
930 282 964 310 ob

174 342 255 370 quam
281 333 388 361 initium
408 332 509 359 dicitur
531 336 559 359 et
581 331 710 362 creatrix,
734 335 798 357 tunc
816 329 965 357 subsisten-

175 381 240 408 tiam
267 379 360 407 habuit
389 378 498 414 quando
523 377 605 413 etiam
638 384 680 404 res
710 380 807 404 creatae
824 385 831 403 :
849 382 965 410 namque

176 426 283 455 initium
303 433 355 453 non
372 423 479 452 exsistit
495 427 558 450 ante
577 422 620 449 illa
646 430 761 457 quorum
777 426 819 449 est
836 421 941 448 initium
955 428 963 453 ;

177 479 265 508 neque
285 471 328 499 illa
354 475 414 506 post
434 471 485 497 hoc
511 469 637 496 dicuntur
663 475 741 500 esse;
759 467 808 495 etsi
835 472 966 494 creatura:

177 517 357 547 substantiam
374 516 399 543 in
420 520 540 550 tempore
554 514 700 549 accipiunt.
721 512 781 540 Jam
799 512 965 547 sempiterna

177 572 238 592 cum
255 564 289 590 sit
305 561 449 598 sapientia,
470 560 584 596 tempori
599 567 651 587 non
667 560 769 587 subest.
794 558 902 586 Socium
925 562 967 585 est

178 611 268 646 itaque
283 609 388 636 initium
406 608 550 635 creaturis.
565 607 617 634 Sed
628 606 700 634 enim
721 606 766 642 qui
784 610 846 632 ante
861 608 967 632 creatu-

179 663 224 682 ras
248 653 366 685 exsistit,
388 658 481 687 utpote
502 651 644 687 sapientia,
661 651 745 679 Filius
773 651 837 683 Dci,
860 649 966 677 etiarnsi

156 716 159 720 -
179 701 243 728 dicit
258 709 265 727 :
285 709 295 726 ι
308 699 436 726 Dominus
448 699 550 726 creavit
569 698 640 730 me‘,
654 707 663 723 ι
683 698 708 725 id
726 705 777 724 non
792 687 825 725 di:
838 696 965 724 substan-

183 745 220 773 tia
239 744 440 779 intelligendum
461 747 512 775 est,
532 743 578 770 sed
594 742 628 770 de
643 742 772 770 relatione
785 749 848 777 erga
861 745 968 769 creatu-

179 798 236 819 ras.
252 791 291 818 Ad
307 797 387 825 opera
399 789 470 816 enim
486 796 515 816 se
531 788 667 816 conditam
682 788 757 821 dicit,
773 793 801 814 ut
812 788 849 815 sit
861 786 967 819 initium

180 836 329 863 activarutn
352 839 378 861 et
403 833 638 868 providentialiutn
655 834 758 860 viarum
788 833 845 865 Dei,
872 833 898 860 id
926 837 968 860 est

1019 236 1214 271 συνενεγκόντα
1234 235 1301 270 πρὸς
1322 234 1352 260 τὸ
1375 231 1446 260 εἶναι
1473 233 1578 267 σοφίαν·
1597 232 1653 259 ἀλλ’
1673 233 1689 268 ἡ
1715 233 1807 267 σχέσις

1017 281 1078 308 καθ’
1096 282 1128 316 ῆν
1145 280 1215 316 ἀρχὴ
1231 280 1277 306 καὶ
1291 279 1457 314 δημιουργὸς
1471 278 1590 312 λέγεται,
1605 277 1666 304 τότε
1690 277 1807 313 ὑπέστη,

1017 330 1062 356 ὅτε
1078 329 1126 355 καὶ
1145 328 1179 355 τὰ
1199 327 1344 362 γενόμενα.
1368 325 1452 362 Ἀρχὴ
1468 325 1522 360 γὰρ
1538 325 1567 352 οὐ
1584 324 1758 360 προῦπάρχει
1770 322 1808 350 ὧν

1018 374 1091 401 ἐστιν
1110 374 1191 409 ἀρχή⁴
1203 372 1265 400 οὒτε
1277 371 1364 399 ταῦτα
1387 373 1446 407 μετ’
1464 371 1572 406 ἐκείνην
1585 371 1717 406 ὑπάρχειν
1732 370 1808 404 λέγε-

1018 427 1073 450 ται,
1103 419 1127 444 εἰ
1153 418 1203 453 τὴν
1218 416 1312 444 οὐσίαν
1336 416 1444 452 ἔχουσιν
1459 417 1487 442 ἐν
1509 415 1597 451 χρόνῳ
1611 415 1645 441 τὰ
1662 415 1806 449 minuam.

1019 464 1094 492 Οὖσα
1110 464 1165 500 γὰρ
1183 464 1268 495 ἀΐδιος
1296 464 1312 498 ἡ
1348 462 1428 497 σοφία
1464 462 1513 496 οὐχ
1541 461 1684 488 ὑπόκειται
1708 460 1807 496 χρόνῳ.

1018 510 1139 544 Σύξυγος
1149 507 1195 536 οὖν
1216 511 1231 545 ή
1246 508 1316 545 ἀρχὴ
1326 510 1382 540 τοῖς
1400 508 1540 543 κτίσμασι.
1558 507 1746 542 Προῡπάρχων
1759 507 1809 542 τῆς

1019 558 1142 589 κτίσεως,
1161 556 1241 590 σοφία
1255 555 1301 586 ὢν,
1314 556 1328 582 ὁ
1347 555 1410 586 Υἱὸς
1421 554 1467 581 τοῦ
1485 553 1564 585 Θεοῦ,
1576 553 1622 580 ἐὰν
1634 553 1716 588 λέγει·
1731 562 1740 578 ι
1753 553 1810 579 Κύ-

1021 611 1078 639 ριος
1092 601 1184 629 ἑκτισέ
1199 610 1244 637 με,
1262 612 1271 627 ι
1295 601 1332 636 μὴ
1345 601 1474 627 οὐσίωσιν
1485 600 1535 634 τὴν
1552 599 1652 634 νόησιν.
1668 598 1727 633 ἔχῃ,
1751 597 1809 624 ἀλλ’

1020 648 1061 679 εἰς
1080 647 1171 682 σχέσιν
1195 647 1244 681 τὴν
1261 646 1329 681 πρὸς
1361 645 1394 671 τὰ
1422 644 1569 679 κτίσματα.
1594 644 1641 675 Εἰς
1667 643 1735 678 ἔργα
1754 642 1810 677 γὰρ

1020 694 1144 722 ἐκτίσθαι
1159 693 1250 728 φησὶν,
1260 692 1306 719 ἐπὶ
1320 692 1359 727 τῷ
1367 692 1437 728 ἀρχὴ
1453 690 1588 718 εἶναιτῶν
1603 690 1755 725 ποιητικῶν
1764 690 1812 716 καὶ

1021 739 1209 776 προνοητικῶν
1222 739 1296 769 eam
1317 737 1364 765 τοῦ
1381 737 1460 770 Θεοῦ,
1483 737 1621 764 τουτέστιν
1643 736 1727 767 αἰτία,
1752 736 1811 761 εἰσ-

1021 785 1166 820 αγωγικῶς
1183 794 1214 820 γε
1237 785 1290 820 μὴν
1308 784 1347 810 ἐτι
1370 784 1466 810 εἰπεῖν.
1486 783 1514 809 '0
1531 782 1595 813 Υἱὸς
1611 781 1658 808 τοῦ
1677 780 1744 807 Θεοῦ
1762 781 1810 807 ἇν-

1022 832 1130 868 Θρωπος
1150 831 1272 866 γέγονεν,
1288 829 1431 857 ἀναλαϐὼν
1448 828 1500 864 τὴν
1512 828 1557 854 τοῦ
1577 827 1670 854 δούλου
1691 825 1809 861 μορφήν·

180 888 270 914 causa,
298 884 327 907 ut
349 879 511 907 scliolaslico
535 886 611 906 more
637 878 788 913 loquamur.
814 878 861 905 Dei
883 878 968 905 Filius

1027 879 1068 905 ml.
1087 877 1140 914 πρὸ
1158 877 1263 904 αἰώνων
1285 875 1323 902 ὣν
1347 875 1394 902 καὶ
1414 875 1509 906 ἀΐδιος,
1525 873 1584 900 καθ’
1599 873 1613 899 ὂ
1631 872 1697 903 Θεὸς
1724 871 1813 905 Λόγος

182 926 270 954 factus
285 931 327 953 est
341 925 432 958 homo,
451 929 587 960 assumpta
609 924 681 952 servi
697 925 800 958 forma;
815 924 891 959 isque
907 924 968 951 licet

182 973 218 1001 sit
233 977 297 999 ante
309 971 405 999 sarcula
420 976 549 1004 azternus,
569 976 702 1006 quatenus
719 971 766 998 Dei
781 970 898 998 Verbum
915 976 968 1002 est,

183 1018 358 1046 nihilominus
383 1023 490 1054 creatus
514 1017 613 1045 dicitur
640 1022 781 1052 postquam
799 1017 968 1044 nativitatem

182 1066 216 1094 de
240 1065 322 1094 Maria
350 1063 452 1095 habuit,
485 1063 571 1091 factus
603 1071 691 1091 caro:
709 1067 739 1090 ut
765 1063 810 1098 qui
837 1062 971 1090 voluerint

184 1111 331 1138 secundum
346 1108 430 1136 Deum
450 1109 599 1142 ambulare,
614 1114 641 1136 et
655 1108 686 1136 ad
704 1108 798 1140 Deum,
818 1109 868 1136 hoc
891 1112 970 1135 utan-

185 1159 228 1182 tur
242 1154 385 1188 magistro,
398 1153 545 1188 exemplari
566 1153 674 1188 optima;
692 1153 763 1186 vitae,
780 1157 808 1180 et
821 1153 970 1181 doctrinam

185 1201 297 1228 asseclis
310 1200 438 1227 tradenti.
463 1199 582 1234 Denique
596 1200 666 1234 quod
687 1199 846 1226 vocabulum
873 1206 989 1229 «orer,

185 1245 223 1271 vit
236 1253 245 1270 ι
262 1252 314 1271 non
330 1244 427 1278 ubique
440 1243 574 1278 signiﬁcet
591 1243 679 1270 facere
691 1244 881 1276 substantiam,
896 1244 972 1271 testis

185 1290 268 1317 David
284 1290 327 1325 qui
341 1290 379 1316 ait
393 1299 399 1316 :
412 1289 484 1317 «Cor
501 1289 627 1316 mundum
642 1297 704 1317 crea
722 1290 747 1316 in
765 1297 817 1322 me,
833 1289 902 1316 Deus
915 1289 937 1316 '.
957 1298 966 1314 ι

185 1336 306 1364 Postulat.
321 1336 403 1368 enim,
417 1344 470 1363 non
485 1336 561 1370 quasi
577 1343 625 1363 cor
646 1343 698 1363 non
715 1336 821 1368 habeat,
846 1337 892 1363 sed
910 1335 972 1370 quia

188 1382 214 1408 id
230 1381 434 1416 inquinaverat,
453 1388 614 1415 recuperare
628 1382 784 1408 mundatum
799 1383 881 1416 cupit.
903 1381 973 1409 Pau-

187 1429 228 1457 lus
240 1435 347 1462 quoque
363 1428 426 1454 dum
441 1428 497 1461 ait,
519 1428 586 1455 duos
609 1435 702 1455 creare
726 1427 752 1454 in
773 1435 853 1455 unum
875 1436 972 1455 novum

188 1475 346 1508 hominem“,
359 1482 411 1502 non
436 1474 614 1501 substantiam
644 1474 769 1501 collatam
802 1474 972 1508 hominibus,

188 1521 235 1549 sed
249 1521 380 1548 unitatem
397 1528 430 1548 cx
443 1520 586 1548 concordia
605 1520 731 1547 ostendit.
747 1520 822 1553 Quod
842 1520 970 1555 iuterprc.

188 1571 239 1597 tes,
258 1575 268 1591 ‹
281 1565 388 1593 Creavit
399 1573 441 1592 me
453 1575 462 1591 ι
482 1565 633 1595 ediderunt.

225 1611 300 1639 Vers.
321 1612 366 1640 25.
389 1611 456 1638 Dicit
470 1611 519 1638 hoc
532 1618 591 1645 pro,
605 1610 720 1638 Causam
741 1611 852 1645 protulit
869 1615 895 1637 et
912 1610 974 1638 l‘un-

189 1657 342 1684 damentttm
365 1662 561 1683 creaturarum.
581 1655 734 1682 Secundum
753 1655 836 1683 illud:
856 1665 864 1681 t
879 1655 975 1683 0.nnia

190 1704 216 1730 in
234 1710 264 1730 se
282 1702 432 1734 constituit,
446 1706 472 1729 et
486 1701 541 1736 ipse
554 1706 596 1728 est
607 1705 671 1729 ante
687 1701 776 1728 omnia
794 1702 814 1728 ".
831 1711 841 1727 ι
867 1702 900 1729 Et
917 1702 974 1736 ipse

190 1747 320 1774 Dominus
349 1745 528 1781 dicit:rEgo
557 1753 616 1774 sum
645 1746 806 1780 principium
843 1752 975 1773 creatura:

190 1793 238 1821 Dei
263 1793 284 1821 ⁸.
300 1802 309 1818 ι
332 1792 397 1819 Nam
420 1792 488 1820 sicut
508 1792 709 1820 fundamentum
732 1792 858 1819 Ecclesiae
883 1792 976 1820 volens

189 1846 260 1872 esse,
274 1839 354 1866 homo
372 1838 430 1865 ﬁeri
444 1837 581 1870 sustinuit,
598 1842 626 1865 ut
646 1846 676 1865 ca
696 1838 721 1865 in
738 1838 796 1872 ipso
810 1838 976 1866 stabiliretur

190 1885 352 1918 immobilis;
373 1885 408 1911 ita
432 1884 512 1911 etiam
536 1889 669 1911 creatura:
684 1885 776 1911 volens
792 1884 976 1916 exsistentiam

190 1933 266 1965 dare,
283 1932 316 1958 ad
331 1931 388 1965 ejus
403 1937 524 1957 normam
539 1938 568 1957 se
583 1929 807 1962 acemnmodavil,
822 1929 976 1963 przedictam

190 1977 348 2004 relationem
370 1977 515 2009 inducens,
542 1975 629 2002 factus
649 1975 745 2002 l‘uturis
770 1974 850 2001 rebus
871 1974 976 2000 initium

193 2027 222 2050 et
237 2030 330 2050 causa.
345 2022 471 2050 Attamen
484 2021 608 2057 quamvis
622 2021 767 2048 secundum
782 2020 838 2047 haec
852 2019 888 2046 fni
902 2027 978 2047 crea-

191 2072 244 2099 tus,
263 2072 326 2095 ante
339 2067 429 2095 omnia
446 2075 488 2095 me
509 2067 578 2094 Deus
595 2066 703 2101 genuit,
725 2066 769 2100 qui
795 2065 918 2092 videlicet
937 2068 978 2091 est

191 2113 285 2140 Filius.

227 2159 303 2186 Vers.
323 2158 368 2185 27.
390 2157 530 2185 Thronum
546 2165 594 2192 pro
612 2164 660 2185 suo
673 2164 766 2190 regno,
783 2160 876 2183 ventos
887 2159 976 2182 autem

1020 925 1104 956 ἐστὶν,
1133 922 1256 950 ἐκτίσθαι
1273 921 1380 956 λέγεται
1404 921 1445 947 ὄτι
1469 919 1594 955 γέννησιν
1618 918 1667 953 τὴν
1687 918 1720 944 ἐκ
1746 917 1811 944 Μα-

1022 972 1082 1007 ρὶας
1105 968 1180 1003 ἔσχε,
1200 967 1344 1002 γενόμενος
1358 966 1435 1002 σὰρξ·
1452 965 1489 997 ὡς
1505 965 1537 992 ἂν
1557 965 1582 990 οἱ
1600 963 1722 995 θέλοντες
1740 963 1813 990 κατὰ

1020 1017 1087 1044 Θεὸν
1101 1014 1204 1042 ὁδεύειν
1227 1013 1273 1042 καὶ
1304 1013 1371 1047 πρὸς
1401 1011 1477 1043 Θεὸν,
1505 1010 1628 1046 χρῶνται
1648 1008 1811 1043 διδασκάλῳ,

1021 1061 1202 1096 ὑπογραμμὸν
1219 1058 1330 1095 ἀρίστου
1347 1057 1404 1092 βίου
1426 1056 1473 1083 καὶ
1487 1054 1658 1086 διδασκαλίαν
1679 1054 1734 1085 τοῖς
1749 1054 1814 1079 ἐποσ

1023 1108 1114 1144 μένοις
1135 1107 1298 1142 παρέχοντα.
1318 1104 1378 1129 Ὅτι
1402 1102 1430 1129 δὲ
1444 1102 1484 1133 τὸ,
1501 1111 1510 1126 ‹
1534 1101 1650 1130 ἔκτισεν,
1669 1109 1678 1125 ι
1694 1099 1724 1126 οὐ
1738 1099 1814 1133 δηλοῖ

1022 1153 1131 1183 πάντως
1153 1151 1291 1182 οὑσίωσιν,
1319 1148 1393 1182 δηλοί
1420 1147 1506 1180 λέγων
1526 1147 1541 1172 ὁ
1556 1145 1646 1172 Δαϐίδ·
1670 1154 1678 1170 ‹
1691 1144 1813 1180 Καρδίαν

1022 1196 1145 1232 καθαρὰν
1160 1196 1252 1223 κτίσον
1267 1196 1295 1221 ἐν
1314 1192 1388 1230 ἐμοὶ.
1406 1192 1420 1218 ὁ
1434 1191 1510 1228 Θεξς.
1534 1200 1542 1217 ι
1559 1191 1633 1217 Αἰτεί
1643 1190 1697 1224 γὰρ
1713 1189 1763 1224 οὐχ
1776 1188 1813 1219 ὡς

1024 1243 1062 1279 μὴ
1083 1243 1163 1278 ἔχων.
1186 1242 1287 1274 λαΰεῖν,
1307 1241 1364 1268 ἀλλ’
1389 1241 1426 1273 ὡς
1448 1239 1571 1276 ριπώσας
1593 1236 1687 1271 αὐτὴν.
1714 1235 1812 1270 ἀναλα-

1024 1291 1080 1317 ϐεῖν
1108 1288 1186 1321 αὖθις
1212 1287 1432 1323 κεκαθαρμένην.
1462 1286 1516 1312 Καὶ
1545 1284 1651 1316 Παῦλος
1668 1282 1697 1309 δὲ
1726 1280 1815 1314 λέγων

1023 1332 1085 1368 τοὺς
1098 1335 1144 1362 δύο
1155 1334 1295 1367 κτίζεσθαι
1311 1334 1351 1365 εἱς
1373 1332 1421 1358 ἕνα
1434 1331 1526 1358 καινὸν
1539 1329 1691 1366 ἄνθρωπον,
1704 1329 1752 1355 οὐκ
1768 1326 1814 1353 οὗ-

1025 1382 1119 1409 σίωσιν
1141 1380 1302 1417 ἀνθρώπων,
1323 1379 1380 1406 ἀλλ’
1400 1379 1497 1406 ἕνωσιν
1525 1377 1555 1410 ἐξ
1579 1376 1704 1411 ὁμονοίας
1727 1373 1810 1408 δηλοῖ-

1024 1428 1118 1464 ὥσπερ
1145 1429 1170 1455 οἱ
1196 1426 1411 1464 ἐρμηνεύσαντες
1444 1434 1454 1451 (
1483 1423 1625 1451 Ἐκτισατὸ
1662 1430 1697 1457 με
1726 1430 1736 1447 ο
1768 1421 1814 1454 EE,-

1026 1475 1128 1502 έδωκαν
1143 1466 1195 1508 (δ).’

1061 1607 1106 1633 Στ.
1123 1608 1175 1639 κγ’.
1198 1603 1269 1630 Ἀντὶ
1285 1603 1341 1636 τοῦ,
1363 1601 1521 1628 Κατέϐαλεν
1536 1600 1624 1626 αἰτίαν
1635 1607 1664 1625 τε
1685 1599 1732 1625 καὶ
1746 1607 1815 1634 κρη-

1026 1653 1090 1679 πῖδα
1107 1651 1160 1678 τῶν
1179 1649 1346 1685 κτισμάτων·
1359 1648 1429 1675 κατὰ
1443 1647 1482 1678 τὺ,
1499 1655 1508 1671 ι
1524 1646 1616 1672 Πάντα
1625 1647 1654 1671 ἐν
1664 1644 1738 1679 αὐτῷ
1752 1653 1816 1670 σον-

1027 1698 1137 1732 έστηκε,
1149 1695 1196 1722 καὶ
1214 1695 1294 1726 αὐτὸς
1308 1695 1364 1720 ἐστι
1381 1693 1432 1729 πρὸ
1459 1692 1577 1719 πάντων.
1599 1700 1607 1716 ι
1624 1690 1677 1716 Καὶ
1691 1689 1772 1720 αὐτὸς
1786 1689 1815 1714 δέ

1027 1751 1110 1778 φησιν
1124 1743 1138 1768 ὸ
1152 1741 1264 1777 Κύριος⁸
1281 1750 1291 1766 ‹
1313 1738 1383 1774 Ἐγώ
1400 1739 1458 1774 εἰμι
1473 1739 1489 1774 ἡ
1504 1736 1634 1773 ἀρχὴτῆς
1644 1735 1758 1766 κτίσεως
1767 1733 1816 1761 τοῦ

1026 1788 1104 1816 Θεοῦ.
1115 1798 1124 1814 ι
1135 1788 1179 1819 Ὠς
1190 1787 1244 1823 γὰρ
1261 1786 1384 1821 θεμέλιος
1399 1784 1557 1820 βουλόμενος
1563 1780 1630 1809 εἶναι
1643 1781 1692 1816 τῆς
1700 1780 1817 1815 Ἐκκλη-

1028 1836 1097 1867 σίας,
1124 1834 1266 1870 ἄνθρωπος
1295 1832 1425 1866 ὑπέμεινε
1453 1828 1591 1864 γενέσθαι,
1614 1828 1648 1854 ἵν’
1677 1828 1721 1853 ἐπ’
1740 1826 1819 1861 αὖτῷ

1028 1880 1136 1915 ἱδρυνοῇ
1155 1879 1191 1914 μὴ
1223 1877 1401 1912 σαλευομένη·
1416 1875 1487 1902 οὕτω
1500 1874 1547 1901 καὶ
1564 1874 1596 1908 τῇ
1624 1873 1711 1899 κτίσει
1726 1880 1817 1906 παρα-

1028 1927 1101 1960 σχεῖν
1120 1924 1151 1950 τὸ
1166 1921 1235 1950 εἶναι
1251 1922 1423 1958 βουλόμενος,
1442 1921 1502 1947 κατ’
1531 1919 1616 1954 αὐτὴν
1633 1917 1754 1951 γέγονεν,
1768 1916 1820 1950 τὴν

1027 1969 1229 2005 προειρημένην
1250 1967 1342 2002 σχέσιν
1365 1966 1493 1999 εἰσάγων,
1523 1963 1664 1997 γινόμενος
1688 1961 1743 1991 τοῖς
1758 1960 1815 1985 Eco-

1029 2017 1118 2051 μένοις
1131 2014 1201 2050 ἁρχὴ
1216 2013 1262 2040 καὶ
1278 2012 1362 2039 αἰτια-
1380 2010 1436 2038 ἀλλ’
1453 2011 1476 2037 εἰ
1491 2009 1538 2036 καὶ
1558 2007 1628 2035 κατὰ
1656 2006 1751 2036 ταῦτα,
1764 2014 1816 2039 φη-

1029 2061 1081 2093 σὶν,
1098 2059 1235 2094 ἐκτίσθην,
1245 2057 1313 2085 ἀλλὰ
1330 2057 1382 2093 πρὸ
1393 2056 1501 2083 πάντων
1515 2055 1597 2089 γεννᾷ
1613 2061 1646 2088 με
1663 2051 1738 2083 Θεὸς,
1748 2051 1818 2085 ὅπερ

1027 2107 1102 2133 ἔστιν
1118 2106 1193 2132 Υἱόν.

1063 2151 1168 2183 Στ.κζ’.
1191 2150 1291 2186 Θρόνον
1312 2149 1362 2183 τὴν
1377 2146 1474 2174 ἑαυτοῦ
1494 2144 1642 2182 βασιλείαν,
1662 2142 1819 2178 ἁνέμουςδὲ

193 2214 242 2240 pro
267 2205 491 2233 intellectualibus
511 2205 649 2240 spiritibus
673 2205 749 2232 dicit.
770 2203 818 2232 Vel
842 2203 971 2238 quomodo

1029 2198 1064 2225 τὰ
1078 2197 1158 2233 νοερᾶ
1173 2195 1315 2230 πνεύματα
1332 2194 1418 2228 λέγει’
1439 2193 1455 2228 ἢ
1472 2191 1563 2222 καθὼς
1582 2190 1628 2217 καὶ
1641 2188 1732 2216 Δαυῑδ·
1758 2198 1767 2213 ι
1789 2188 1820 2213 '0

1154 2242 1167 2247 -
1201 2242 1207 2247 .
1235 2241 1240 2247 .
1336 2239 1342 2247 .
1434 2238 1440 2247 .
1469 2237 1474 2245 .
1602 2235 1626 2247 ,ι
1654 2234 1820 2247 .._...._-__-,..

192 2253 275 2280 David
294 2261 301 2279 :
319 2252 387 2286 «Qui
407 2251 527 2279 ambulat
544 2259 625 2286 super
648 2258 748 2286 pennas
772 2250 949 2282 ventorum’;
964 2258 973 2274 ι

193 2299 291 2332 quibus
311 2297 400 2326 verbis
425 2297 511 2325 levem
535 2302 616 2332 atque
640 2298 826 2331 ineorpoream
849 2296 975 2323 substan-

194 2346 258 2372 t'am
279 2345 325 2372 Dei
340 2345 397 2372 vult
416 2345 556 2371 denotare.

231 2388 308 2416 Vers.
336 2389 381 2416 29.
402 2389 501 2423 Specta
528 2388 720 2415 distribuentes
743 2387 811 2413 inter
834 2393 864 2413 se
885 2392 975 2419 opera,

195 2433 356 2468 sapientiam
375 2437 456 2466 atque
473 2433 565 2459 Deum.
589 2433 635 2459 Ille
658 2432 784 2464 faciebat,
804 2430 906 2464 inquit;
930 2437 979 2464 ego

194 2478 379 2513 disponebam.
404 2477 459 2504 Cur
482 2483 571 2504 autem
587 2477 690 2503 valida?
707 2476 775 2509 Quia
791 2475 862 2502 nullo
882 2474 979 2502 funda-

195 2527 287 2551 mento
313 2527 410 2558 egent;
436 2530 497 2549 nam
519 2523 575 2549 sola
600 2522 645 2548 Dei
664 2522 803 2549 voluntate
820 2522 978 2547 consistunt.

231 2612 309 2640 Vers.
328 2611 374 2639 ’55-
396 2610 458 2644 Vel,
483 2611 545 2647 quia
572 2610 664 2638 statim
691 2618 723 2637 ac
747 2617 873 2644 apparco,
899 2609 979 2634 vitam

196 2660 314 2694 pmbco,
334 2658 388 2690 vel,
409 2653 473 2692 quia
489 2666 536 2694 per
554 2657 746 2686 rerelatiouem
763 2655 981 2683 condescendens

231 2717 331 2745 ‘Prov.
347 2715 467 2748 vut,22.
500 2716 515 2735 ν’
535 2715 606 2743 Psal.
642 2722 669 2748 ι,
693 2713 737 2741 12.

1030 2242 1187 2278 περιπατῶν
1199 2241 1246 2266 ἐπὶ
1259 2239 1403 2275 πτερύγων
1429 2237 1546 2273 ἀνέμων·
1566 2246 1575 2262 ι
1599 2235 1630 2262 τὸ
1654 2234 1821 2268 κουφότερυν

1030 2287 1112 2315 αὐτοῦ
1125 2287 1174 2322 τῆς
1195 2286 1287 2317 οὐσίας
1309 2285 1356 2312 καλ⁵
1371 2283 1515 2318 ἀσώματον
1537 2281 1711 2317 παραστῆσαι
1725 2278 1821 2315 βουλό-

1033 2341 1121 2368 μενος,
1519 2346 1521 2349 .

1067 2378 1112 2403 Στ.
1136 2376 1187 2403 κο’.
1209 2376 1280 2410 Ὅρα
1302 2372 1509 2410 διαιρουμένους
1531 2372 1566 2399 τὰ
1589 2371 1667 2407 ἔργα,
1698 2371 1747 2404 τὴν
1773 2377 1820 2394 σου

1030 2423 1093 2458 φίαν
1117 2422 1164 2450 καὶ
1194 2421 1238 2448 τὸν
1261 2421 1339 2447 Θεόν.
1373 2420 1401 2445 Ὀ
1437 2419 1485 2454 μὲν
1516 2418 1613 2449 ἐποίει,
1645 2416 1736 2451 φησίν·
1764 2414 1822 2448 ἐγὼ

1029 2469 1057 2495 δὲ
1082 2468 1214 2504 ἧρμοζον.
1251 2465 1360 2501 ἰσχυρὰ
1389 2464 1436 2495 δὲ.
1464 2464 1537 2495 πῶς
1570 2463 1607 2489 Οὐ
1634 2460 1750 2495 δεόμενὰ
1781 2469 1823 2504 Tt:

1030 2523 1075 2546 vo;
1088 2513 1257 2548 ὑποδάθρας·
1281 2511 1407 2547 βουλήσει
1433 2509 1492 2544 γὰρ.
1514 2508 1582 2544 μόνῃ
1606 2507 1750 2542 κατέχεται
1773 2503 1823 2532 τοῦ

1031 2561 1109 2587 eaut-1.

1071 2606 1115 2632 Στ.
1129 2605 1176 2631 λε’.
1191 2604 1226 2630 Ἦ
1242 2603 1283 2630 ὅτι
1297 2603 1355 2638 ἅμα
1374 2601 1413 2637 τῷ
1429 2601 1545 2636 φανῆναι
1570 2598 1682 2634 παρέχω
1698 2596 1783 2632 ζωὴν,
1806 2596 1822 2631 ἢ

1035 2652 1075 2678 ὅτι
1097 2649 1266 2683 ἀποκαλύψει
1281 2649 1334 2675 τινὶ
1360 2645 1583 2680 συγκαταϐαίνων
1609 2643 1677 2680 πρὸς
1690 2642 1739 2678 τὴν
1753 2641 1820 2668 ἐκεῖ·

789 2713 799 2728 ⁸
816 2711 911 2746 Ephcs.
931 2718 959 2742 11,

1058 2710 1067 2725 ⁷
1082 2709 1139 2737 Col.
1158 2716 1176 2741 ι,
1191 2708 1234 2740 16,
1251 2707 1298 2735 Π,
1335 2705 1346 2722 ⁸
1363 2704 1439 2733 Joan.
1454 2702 1560 2736 “11,25.
1597 2702 1608 2718 ⁸
1621 2699 1692 2728 Psal.
1706 2705 1767 2730 ent,
1779 2698 1807 2725 3.

234 2796 273 2830 (3)
290 2797 360 2824 Cilat
372 2797 444 2824 hunc
457 2795 544 2823 locum
560 2801 638 2823 suum
654 2792 781 2827 Didymus
799 2790 868 2818 infra
885 2791 910 2818 in
921 2788 1116 2817 contmentario
1137 2786 1171 2815 ad
1184 2785 1206 2814 ll
1221 2786 1284 2814 Cor.
1303 2791 1363 2818 cap.
1388 2791 1413 2815 ν,
1431 2782 1472 2816 I'l,
1497 2780 1568 2816 quod
1594 2783 1634 2807 est
1660 2777 1718 2806 veri
1746 2775 1826 2810 hujus

199 2832 287 2867 operis
303 2831 494 2859 testimonium.
