1923 3071
86 136 159 166 1655
661 139 874 169 FRAGMENTA

953 139 1161 169 PROVERBIA.
1653 142 1722 170 £653

82 203 134 221 νου
163 193 314 226 ἀσθένειαν,
351 193 412 220 τότε
445 193 597 230 ἑξέρχεται’
623 194 680 232 ζωὴ
702 196 757 232 γὰρ
769 197 817 228 ὢν.
835 197 883 224 καὶ

947 197 1084 224 inﬁrmitati
1099 203 1167 232 eius,
1193 200 1256 224 tunc
1271 197 1409 232 egreditur
1425 205 1432 224 :
1449 204 1511 225 nam
1526 205 1587 225 cum
1606 199 1659 225 vita
1674 199 1723 232 ait,

82 240 141 273 ἔξω
163 239 308 274 γενόμενος
329 241 384 271 τοῖς
406 239 567 275 δυναμένοις
599 241 663 268 ἰδεῖν
687 242 778 273 αὐτὸν,
808 242 881 278 ζωὴν

945 248 961 270 :t
993 247 1069 269 extra
1106 243 1245 270 hominum
1274 248 1465 278 conspectum,
1493 244 1574 271 vitam
1610 245 1720 279 praebet.

82 286 188 313 δίδωσι·
214 286 322 321 θέλησιν
349 285 378 312 δὲ
398 287 414 321 ἦ
432 287 543 323 ἀγάπην
559 288 652 324 φησὶν,
666 289 682 323 ἢ
694 290 736 316 ὅτι
752 289 880 324 ἐποίησεν

945 289 1107 316 ίοίυιιιιιιοηι
1125 288 1166 316 vel
1181 296 1337 324 pro-amore
1353 289 1433 323 dicit;
1452 290 1494 317 vel
1510 290 1572 324 quia
1594 290 1658 317 fecit
1675 297 1723 317 nos

89 332 163 367 ἡμᾶς
185 332 376 365 αὐτεξουσίως
398 333 438 365 εἰς
454 333 485 360 τὸ
496 333 622 370 ἑτοίμους
634 332 704 362 εἶναι
716 335 845 370 πράττειν
862 335 880 361 ἂ

946 335 1012 362 iberi
1025 335 1129 362 arbitrii
1148 339 1299 370 compotes,
1320 340 1350 363 ut
1365 335 1398 362 ad
1419 337 1521 371 agenda
1537 344 1595 371 quae
1617 341 1722 372 Oportet

87 377 135 405 δεῖ.

945 381 1020 408 parati
1038 381 1133 408 simus.

814 450 929 478 CAPUT
944 447 990 477 lX.

121 504 167 531 Στ.
187 504 220 539 β’.
242 503 423 536 Ἐκκλινάτω,
440 504 484 531 ἵνα
505 505 635 541 φρόνησιν
648 505 728 542 λάϐῃ·
749 505 881 541 ῥώννυται

84 549 141 584 γὰρ
155 550 169 575 ὁ
181 548 279 584 ἀτελὴς
293 549 346 575 ὑπὸ
361 549 417 576 τῶν
429 549 480 585 τῆς
502 550 598 584 σοφίας
614 550 701 585 λόγων
716 551 763 577 καὶ
778 559 882 586 μυστη-

87 604 164 630 ριων.

123 642 169 669 Στ.
182 645 212 668 ε’.
234 642 266 667 Ἦ
280 641 349 677 αύτὴ
362 642 456 678 ιτροφὴ
479 642 529 668 -καὶ
555 642 625 678 κρέα
642 642 805 678 ὀνομάζεται
836 643 884 670 καὶ

87 683 172 722 ἄρτος
186 688 233 713 καὶ
246 687 316 721 γάλα
330 687 377 714 καὶ
388 685 469 719 οἶνος.
484 688 558 722 Πλὴν
572 689 596 714 οἱ
610 688 728 724 ἄφρονες
743 689 780 721 ὡς
798 689 883 725 ἄρτου

84 733 178 760 αὐτῶν
188 734 407 769 μεταλαμϐάνειν
423 734 548 768 λέγονται
566 735 613 761 καὶ
630 735 668 767 ὡς
685 736 757 762 οἴνου
772 744 885 771 κεκερα-

87 778 199 813 σμένου·
217 778 280 805 εἰδὲ
294 778 384 813 τοῦτο,
401 779 459 810 πῶς
475 779 634 815 νοήσομεν·‹
650 780 748 815 ’Ἄρτον
761 780 884 814 ἀγγέλων

87 824 190 860 ἔφαγεν
207 825 369 861 ἀνθρωπος;
385 835 393 851 ι
415 826 514 861 Ἀρτον
531 826 559 852 δέ
573 835 617 862 μοι
635 826 692 853 νόει
707 827 757 858 τὰς
771 827 885 862 στερεὰς

85 870 199 902 ἐντολὰς
222 871 269 897 τοῦ
286 870 365 903 Θεοῦ,
381 871 428 897 καὶ
453 869 535 902 οἶνον,
557 871 608 907 τὴν
633 872 666 898 ἐκ
693 871 807 908 μελέτης
830 871 884 898 τῶν

88 915 169 942 θείων
184 915 300 950 Γραφῶν
312 915 459 950 ἐπίγνωσιν
477 915 570 942 αὐτοῦ·
589 915 721 948 ὡσαύτως
740 916 770 943 δὲ
787 916 834 943 καὶ
853 916 885 943 τὸ

87 961 162 987 θεῖον
182 960 260 996 σῶμα
270 961 320 988 καὶ
332 960 423 996 τίμιον
439 957 508 997 αἷμα
524 961 617 990 αὑτοῦ.

968 505 1045 534 Vers.
1065 505 1092 533 2.
1114 506 1245 540 Declinet,
1260 506 1382 542 inquam,
1395 511 1425 534 ut
1435 507 1605 542 prudentiam
1620 508 1721 539 discat;

932 559 993 579 nam
1010 552 1155 579 roboratur
1169 551 1343 586 imperfectus
1357 559 1371 578 a
1385 552 1526 587 sapientia:
1538 553 1627 580 verbis
1640 556 1722 588 atque

935 596 1083 632 mysteriis.
1313 627 1315 629 _

970 642 1047 670 Vers.
1061 641 1092 670 -5,
1115 642 1213 669 Eadem
1225 649 1287 670 esca
1301 643 1455 670 nominatur
1465 648 1493 671 et
1507 650 1582 675 caro,
1595 649 1620 670 et
1632 644 1722 678 panis,

932 692 961 714 et
979 687 1031 720 lac,
1046 691 1073 714 et
1085 687 1189 714 vinum.
1210 687 1404 715 Verumtamen
1423 688 1581 723 insipientes
1596 693 1722 722 tanquam

932 741 1027 768 panem
1041 740 1070 761 se
1085 741 1193 773 sumere
1210 734 1305 761 dicunt
1321 739 1348 762 et
1366 735 1458 762 vinum
1477 735 1599 764 mistum.
1614 734 1690 767 Quod
1701 735 1723 762 si

933 780 968 806 ita
996 787 1026 808 se
1046 780 1169 812 haberet,
1192 781 1329 815 quomodo
1347 781 1430 808 verba
1455 780 1499 808 illa
1520 780 1723 815 intelligemus:

935 825 1056 852 «Panem
1079 825 1236 859 angelorum
1261 826 1433 853 manducavit
1456 825 1536 853 homo
1562 824 1623 852 "in
1649 824 1724 852 Nunc

934 877 1029 904 panem
1057 877 1164 897 mecum
1197 870 1314 905 intellige
1334 871 1419 898 solida
1450 871 1496 898 Dei
1528 870 1671 903 mandata;
1698 875 1726 897 et

933 915 1038 947 vinum,
1050 914 1215 949 agnitionem
1234 914 1280 942 Dei
1298 922 1330 941 ex
1348 915 1500 942 divinarum
1519 914 1721 949 Scripturarum

935 961 1119 988 meditatione.
1147 960 1279 988 Similiter
1305 961 1425 988 divinum
1445 968 1556 997 quoque
1575 967 1673 994 carpas
1695 963 1726 986 ὀι

931 1007 1083 1041 pretiosum
1105 1006 1262 1042 sanguinem
1277 1006 1348 1042 ejus.

821 1071 937 1100 CAPUT
956 1071 991 1101 Χ.

121 1138 169 1165 Στ.
195 1141 226 1165 ε’.
261 1135 368 1165 ’Δκοῦει
388 1139 402 1164 ὁ
426 1138 540 1173 φυσικὸς
565 1138 684 1174 νοήμων,
703 1147 711 1163 ι
731 1135 852 1180 ᾟμέρας
869 1139 884 1165 ὁ

971 1138 1048 1168 Vers.
1069 1140 1096 1167 5.
1115 1140 1198 1167 Audit
1222 1140 1351 1169 cordatus
1376 1139 1504 1176 physicus
1524 1149 1531 1166 :
1551 1149 1561 1165 ι
1578 1140 1627 1166 Per
1657 1141 1726 1168 diem

85 1182 164 1220 ἣλιος
176 1184 207 1211 ού
228 1185 379 1218 συγκαύσει
394 1193 434 1217 σε,
449 1184 509 1211 οὐδὲ
525 1184 541 1219 ἡ
570 1184 669 1219 σελήνη
683 1184 733 1220 τὴν
759 1183 853 1211 νύκτα.
875 1194 884 1210 ι

88 1231 145 1262 Τὰς
164 1230 294 1266 βιωτικάς
307 1229 450 1265 φροντίδας
465 1228 560 1264 καῦμα
572 1229 657 1255 καλεῖ’
675 1229 738 1261 τοὺς
749 1229 794 1255 ὑπ’
803 1228 886 1256 αὐτοῦ

86 1278 117 1305 δὲ
135 1277 348 1314 ξηραινομένους
377 1276 455 1304 καλεῖ
471 1277 576 1312 χόρτον·
592 1277 606 1302 ὁ
619 1275 648 1302 δὲ
668 1275 764 1312 Σωτὴρ
777 1276 821 1302 διὰ
835 1276 886 1311 τῆς

88 1323 245 1359 παραϐολῆς
261 1323 311 1354 τὰς
323 1321 426 1357 θλίψεις
440 1321 524 1357 δηλοῖ·
542 1321 590 1353 τὰς
602 1321 674 1348 κατὰ
685 1321 732 1348 τοῦ
754 1321 834 1355 λόγου
855 1321 884 1348 δὲ

88 1369 212 1400 καὶτοὺς
228 1369 365 1404 διωγμοὺς
381 1368 492 1394 ἐκάλεσε
511 1367 616 1402 καῦμα.

124 1414 169 1442 Dr.
189 1417 235 1448 ιγ’.
250 1414 279 1441 '0
293 1413 374 1447 σοφὸς
399 1411 584 1449 ἐπιτιμητικῷ
609 1412 681 1447 λόγῳ
698 1412 738 1444 είς
757 1412 883 1448 αἴσθησιν

89 1459 151 1494 ἄγει
161 1459 206 1487 τὸν
216 1458 407 1495 βαρυκάρδιον.

939 1185 978 1213 sol
997 1193 1049 1213 non
1070 1191 1130 1214 uret
1145 1190 1180 1220 te,
1206 1195 1294 1222 neque
1310 1187 1372 1214 luna
1392 1194 1439 1222 per
1452 1191 1560 1213 noctem
1577 1186 1611 1212 “.
1626 1196 1634 1211 ι
1651 1186 1728 1213 Mun-

938 1231 1022 1258 danas
1034 1238 1113 1259 curas
1129 1237 1223 1259 mstum
1242 1237 1336 1265 vocat;
1361 1236 1387 1259 et
1403 1232 1448 1266 qui
1464 1232 1497 1258 ab
1515 1239 1547 1259 eo
1566 1237 1727 1263 exuruntur.

938 1275 1003 1304 dicit
1020 1276 1121 1304 fenum.
1140 1278 1175 1304 At
1197 1276 1322 1305 Salvator
1343 1278 1369 1304 in
1393 1277 1520 1313 parabola
1543 1276 1731 1304 lribulationes

937 1329 998 1350 esse
1013 1323 1135 1350 ostendit
1155 1324 1192 1355 ";
1214 1329 1241 1351 et
1257 1323 1317 1352 illus
1332 1328 1425 1351 contra
1441 1330 1548 1351 sacrant
1568 1323 1730 1355 doctrinam,

933 1375 1039 1395 necnon
1054 1370 1256 1404 persecutiones
1268 1389 1276 1401 ,
1292 1370 1436 1404 appellavit
1447 1375 1554 1397 aestum.

969 1413 1047 1441 Vers.
1070 1415 1113 1442 l5.
1135 1415 1248 1450 Sapiens
1278 1415 1461 1450 increpatorio
1479 1423 1604 1443 sermone
1619 1415 1652 1442 ad
1667 1421 1731 1442 sen—

935 1467 995 1486 sum
1013 1465 1122 1488 revocat
1141 1461 1277 1488 hominem
1295 1461 1449 1490 excordem.

815 1537 933 1567 CAPUT
952 1539 999 1568 XI.

119 1606 172 1635 ’Στ.
191 1606 223 1639 ζ’.
257 1605 338 1642 Ὀρᾷς
365 1605 406 1632 ὅτι
417 1605 448 1632 οὺ
464 1605 494 1633 τὸ
511 1604 654 1640 ἐπιθυμεῖν
677 1585 803 1640 πονήρὸν,
817 1604 885 1632 ἀλλὰ

87 1654 122 1681 τὸ
142 1652 255 1680 τοιῶσδε
286 1650 446 1687 ἐπιθυμεῖν,
470 1651 605 1687 πονηρῶς
633 1650 693 1677 Τῶν
721 1650 750 1676 δὲ
778 1650 885 1678 ἀσεϐῶν

91 1701 139 1727 καὶ
166 1698 273 1730 ἐλπίδες
303 1698 431 1732 πονηραί’
463 1699 516 1725 πᾶν
543 1697 598 1733 γὰρ
619 1697 633 1724 ὃ
659 1696 787 1729 ὲλπίσει,
831 1697 885 1723 ἀπ-

91 1747 185 1774 ὡλεια.

978 1607 1052 1635 Vers.
1077 1607 1104 1635 7.
1125 1607 1223 1635 Viden'
1239 1607 1310 1642 quod
1331 1614 1383 1634 non
1399 1607 1561 1635 desiderium
1575 1609 1674 1634 malum
1685 1607 1730 1638 sit.

940 1654 986 1681 sed
1000 1654 1070 1688 quod
1089 1653 1134 1681 tali
1148 1653 1227 1681 modo
1240 1653 1406 1686 desiderare.
1427 1653 1548 1680 malum?
1573 1653 1625 1681 Sed
1639 1658 1729 1681 tamen

941 1699 1083 1733 impiortnn
1106 1706 1167 1733 spes
1191 1699 1254 1733 ipsa!
1276 1699 1405 1734 improbae
1423 1704 1496 1727 sunt.
1515 1698 1581 1726 Nam
1602 1699 1732 1734 quidquid

942 1745 1040 1779 impius
1055 1750 1139 1780 optat,
1156 1745 1271 1779 perditio
1288 1750 1341 1773 est.

127 1793 173 1819 Dr.
195 1795 229 1828 η’.
243 1792 290 1824 Τὸ,
313 1801 323 1817 ι
347 1791 419 1817 Ἀπ’
433 1790 528 1823 αὑτοῦ,
553 1799 563 1816 ι
584 1790 634 1825 οὐχ
648 1789 686 1822 ὡς
705 1789 886 1825 ὑποκειμένου

977 1791 1052 1818 Vers.
1071 1791 1098 1818 8.
1123 1790 1208 1818 Verba
1236 1789 1312 1818 «Pro
1335 1790 1432 1826 justo»
1463 1797 1515 1817 non
1540 1790 1577 1817 ita
1604 1790 1732 1817 dicuntur

86 1837 139 1865 Ἰτοῦ
156 1835 284 1868 εὐσεϐοῦς
300 1837 332 1872 τῇ
352 1836 425 1871 δίκῃ,
443 1835 500 1862 ἀλλ’
525 1834 618 1870 ἐπειδὴ
633 1836 649 1871 ἡ
663 1835 748 1869 παγὶς
769 1835 886 1871 ἕστηκεν

93 1884 147 1911 ἀπὸ
159 1882 206 1910 τοῦ
218 1881 337 1917 πονηροῦ
346 1881 418 1908 κατὰ
429 1881 477 1907 τοῦ
487 1880 604 1910 δικαῖου.
615 1882 629 1907 ὁ
639 1881 687 1915 μὲν
699 1880 813 1915 εὐσεϐὴς
829 1880 888 1916 ῥύε-

88 1936 137 1957 ται
147 1928 178 1961 ἐξ
193 1928 276 1963 αὐτῆς
291 1926 368 1962 παρὰ
384 1926 432 1952 τοῦ
444 1926 522 1958 Θεοῦ,
535 1926 549 1952 ὁ
562 1926 590 1952 δὲ
604 1926 705 1961 ἀσεϐὴς
727 1925 888 1960 ἐγκαταλει-

93 1975 171 2010 φθεὶς
197 1974 272 2009 παρὰ
285 1973 336 2008 τῆς
356 1972 431 2004 θείας
459 1972 587 2008 προνοίας
607 1971 701 1999 πίπτει
723 1973 751 1998 ἐν
769 1973 848 2008 αὐτῇ·
871 1972 887 2007 ἢ

88 2020 134 2049 ’ὃτι
158 2019 252 2056 ἐπειδὴ
274 2020 288 2046 ὁ
314 2019 419 2051 δίκαιος
436 2018 577 2045 ὑπόκειταί
600 2027 671 2045 τισιν
688 2018 725 2050 ὡς
747 2018 888 2054 ἄνθρωπος

91 2067 256 2104 ¹ἁμαρτίαις,
272 2064 358 2092 ὲλθὼν
370 2064 398 2091 δὲ
413 2065 427 2091 ὁ
443 2063 544 2099 ἀσεϐὴς
565 2064 613 2091 καὶ
629 2065 817 2099 κακοποιήσας
842 2064 888 2090 τὸν

94 2115 209 2145 δίκαιον1
225 2112 280 2139 τῶν
305 2112 354 2147 μὲν
372 2110 514 2146 ἁμαρτιῶν
535 2110 582 2136 καὶ
597 2110 652 2137 τῶν
674 2110 829 2146 μελλουσῶν
845 2119 889 2136 κο-

94 2161 200 2188 λάσεων
213 2158 348 2195 ἐρρύσατο
359 2157 450 2190 αὑτὸν,
469 2157 509 2188 εἰς
525 2156 622 2183 ἑαυτὸν
645 2157 674 2183 δὲ
689 2156 737 2188 τὰς
754 2156 889 2192 τιμωρίας

96 2206 252 2238 ὑπεδέξατο,
271 2203 444 2239 παραδίδοται
459 2202 487 2229 δὲ
505 2203 553 2238 οὐχ
569 2202 621 2229 ὑπό
636 2211 708 2235 τινος
725 2202 816 2235 ἄλλον,
833 2202 889 2228 ἀλλ’

97 2253 150 2281 ὑπο
168 2253 217 2288 τῆς
242 2251 310 2282 ἰδίας
325 2250 439 2283 κακίας,
461 2250 500 2282 ὡς
523 2250 719 2286 προπαραδοὺς
739 2249 835 2277 ἑαυτὸν
851 2250 891 2281 εἰς

98 2299 226 2333 ἀδόκιμον
242 2297 315 2326 νοῦν.
452 2315 454 2317 ›

133 2345 179 2371 Στ.
201 2344 249 2371 κδ’.
272 2345 303 2371 Oi
320 2343 482 2377 συνάγοντες
506 2339 609 2376 φθορὰν
641 2338 816 2366 ἐλαττοῦνται
837 2340 891 2366 τῶν

98 2389 214 2424 ἀρετῶν*
235 2389 252 2425 ἢ
277 2390 301 2416 οἱ
326 2388 422 2423 λόγους
451 2386 627 2421 συνάγοντες,
649 2385 695 2411 καὶ
710 2385 762 2420 ’μὴ
790 2385 892 2411 μεταδι-

99 2434 199 2466 δόντες.

938 1837 1016 1872 quasi
1040 1835 1085 1863 hic
1100 1835 1266 1862 damnationi
1292 1835 1324 1862 sil
1343 1835 1491 1868 obnoxius;
1512 1835 1559 1862 sed
1582 1835 1644 1870 quia
1668 1842 1729 1862 cum

942 1883 1054 1917 laqueus
1069 1881 1172 1916 positus
1190 1881 1271 1908 fuerit
1285 1881 1318 1908 ab
1337 1881 1459 1916 improbo
1472 1881 1601 1908 adversus
1614 1880 1728 1915 justum.

939 1928 999 1962 pius
1015 1927 1125 1961 quidem
1149 1926 1210 1953 inde
1228 1925 1342 1960 eripitur
1368 1933 1382 1952 a
1409 1925 1482 1958 Deo,
1506 1925 1603 1960 impius
1629 1931 1694 1952 vero
1715 1932 1731 1951 a

940 1973 1029 2000 divina
1043 1971 1214 2000 Providentia
1227 1971 1370 1999 derelictus
1381 1971 1407 1998 in
1422 1971 1496 1998 illum
1514 1971 1604 2003 cadit;
1621 1970 1661 1998 vel
1670 1970 1732 2004 quia

941 2026 1002 2044 cum
1020 2018 1102 2045 etiam
1115 2017 1206 2051 justus
1223 2017 1343 2051 peccatis
1360 2015 1506 2050 aliquibus,
1530 2019 1622 2049 utpote
1639 2015 1730 2045 homo.

940 2065 1073 2091 obnoxius
1086 2063 1139 2096 sit;
1153 2064 1174 2090 si
1190 2063 1288 2098 impius
1301 2062 1493 2097 superveniens
1507 2061 1731 2096 adligatiustum.

943 2120 957 2138 τι
974 2111 1092 2146 peccatis
1107 2118 1167 2138 eum
1183 2114 1210 2138 et
1227 2109 1326 2137 futuris
1342 2109 1480 2145 suppliciis
1492 2109 1573 2141 eruit,
1592 2108 1638 2136 sed
1655 2108 1682 2136 in
1703 2115 1733 2134 so

942 2164 1035 2192 pcenas
1052 2156 1111 2183 illas
1127 2156 1242 2183 derivat.
1269 2154 1399 2182 Traditur
1423 2160 1513 2182 autem
1542 2162 1595 2181 non
1615 2154 1648 2181 ab
1669 2153 1723 2180 alio

943 2200 1026 2236 'quam
1045 2209 1059 2228 a
1075 2200 1122 2236 sua
1139 2201 1246 2235 propria
1264 2200 1377 2232 malitia,
1394 2200 1522 2234 quoniam
1538 2204 1617 2227 antea
1631 2199 1688 2234 jam
1703 2206 1733 2226 se

943 2247 1092 2274 tradiderat
1106 2247 1133 2274 in
1148 2251 1265 2274 mentem
1278 2247 1431 2281 rcprobam.

979 2323 1054 2351 Vers.
1083 2323 1130 2351 2i.
1154 2323 1206 2356 Qui
1237 2322 1417 2357 corruptelam
1443 2328 1544 2357 augent
1575 2321 1734 2349 minuuntur

944 2372 1107 2402 virtutibus;
1146 2371 1187 2397 vel
1221 2369 1408 2404 intelliguntur
1434 2369 1452 2396 ii
1480 2368 1525 2403 qui
1553 2367 1734 2395 litteraturam

945 2425 1023 2444 suam
1040 2422 1181 2452 augentes,
1198 2417 1259 2443 aliis
1274 2423 1325 2443 non
1339 2415 1552 2442 communicant.

134 2481 180 2507 Στ.
204 2479 255 2507 κθν.
286 2480 316 2507 '0
340 2479 382 2514 ἐφ’
405 2479 513 2514 ἑκάστῳ
538 2477 593 2505 τῶν
618 2476 816 2512 ἐλαττωμάτων
844 2477 886 2503 τοί

981 2474 1058 2501 Vers.
1076 2474 1122 2501 99.
1137 2473 1188 2506 Qui
1212 2474 1244 2500 ad
1262 2473 1384 2508 singulos
1409 2472 1518 2499 familia:
1535 2478 1591 2499 sum
1612 2470 1735 2498 defectus

101 2526 166 2553 ἰδίου
177 2525 253 2553 οῐκου
274 2526 469 2562 δυσχεραίνων,
492 2525 583 2556 ἄοικος
595 2524 672 2551 ἔσται
683 2532 689 2539 ·
703 2523 842 2550 δουλεύσει
860 2524 888 2550 δὲ

100 2573 193 2608 ἄφρων
206 2573 340 2609 φρονίμῳ.

135 2619 180 2645 Στ.
196 2619 246 2646 λα’.
277 2618 390 2654 Ἀσεϐὴς
402 2618 502 2650 τοίνυν,
517 2617 610 2653 φησὶν,
624 2617 638 2644 ὁ
648 2616 693 2643 τὸν
706 2617 772 2643 Θεὸν
790 2616 887 2651 μισῶνυ

104 2664 264 2701 ἁμαρτωλὸς
273 2664 313 2695 δὲ,
329 2664 344 2690 ὁ
362 2664 427 2699 περὶ
437 2662 486 2695 τὰς
502 2661 615 2698 πρᾶξεις
634 2661 769 2697 πονηρός·
785 2661 889 2688 δίκαιον

103 2710 130 2738 δὲ
144 2710 262 2738 ἐνταῦθα
281 2710 328 2737 τὸν
351 2709 501 2745 πρακτικὸν
522 2708 592 2744 μετὰ
608 2708 689 2742 λόγου
709 2707 757 2734 καὶ
775 2708 888 2742 ἐπιστή-

104 2764 155 2790 μης
169 2755 259 2790 λέγει’
276 2755 361 2790 πολλὴ
375 2755 429 2791 γάρ
445 2755 518 2780 ἐστιν
531 2755 547 2789 ἡ
560 2753 610 2789 τῆς
623 2752 795 2788 δικαιοσύνης
810 2752 888 2788 ἀκρί-

101 2801 171 2829 (ista.

141 2879 165 2898 ’θ
178 2878 250 2908 Psal.
273 2886 375 2912 uxvtl,
395 2877 442 2906 25.

943 2521 1140 2552 stomachetur,
1159 2520 1218 2547 sine
1231 2519 1331 2547 familia
1352 2519 1415 2552 crit,
1431 2518 1533 2546 serviet
1550 2521 1638 2544 autem
1662 2516 1731 2543 insi-

942 2568 1019 2603 piens
1040 2566 1176 2602 prudenti.

981 2612 1057 2640 Vers.
1076 2612 1121 2639 51.
1149 2611 1249 2646 Impius
1268 2610 1314 2638 ille
1329 2615 1371 2638 est
1383 2629 1391 2643 ,
1408 2609 1454 2644 qui
1473 2609 1557 2636 Deum
1571 2607 1646 2640 odit;
1669 2613 1734 2641 pec-

943 2664 1030 2693 cator,
1042 2659 1088 2694 qui
1106 2657 1211 2686 actibus
1230 2665 1348 2692 nequam
1363 2660 1414 2684 est.
1431 2655 1537 2684 Justum
1549 2655 1602 2682 hoc
1615 2654 1675 2681 loco
1688 2653 1715 2680 di

943 2705 981 2733 cit
997 2705 1084 2733 virum
1102 2709 1242 2733 actuosum
1258 2709 1313 2730 tum
1336 2703 1426 2732 verbis
1440 2707 1496 2730 tum
1515 2700 1648 2734 scientia;
1663 2698 1732 2727 mul-

944 2757 987 2780 tus
1004 2751 1076 2780 enim
1096 2757 1138 2781 est
1148 2750 1262 2787 iustitia:
1279 2750 1362 2785 rigor.

481 2878 500 2893 “
521 2876 590 2905 Psal.
605 2883 667 2911 cxx,
683 2876 709 2904 6.
748 2875 770 2892 "
786 2875 879 2903 Matth.
893 2881 954 2908 xm,
970 2874 1048 2902 6-21.
