1923 3071
173 84 240 113 1635

791 85 906 112 υιυγιιι
927 86 1160 115 ΑΙιΕλΑΝὒΒΙΝΙ

1739 81 1817 113 I633

900 144 975 172 CAPl

215 187 289 215 Vers.
315 187 342 215 2.
360 187 410 216 llic
428 188 526 216 melior
547 196 598 215 non
614 193 655 216 est
670 190 895 224 comparativum,
917 191 964 218 sed

1114 193 1146 228 β’.
1168 192 1204 219 Τὸ
1218 193 1355 228 κρεῖσσον,
1369 191 1400 218 οὺ
1419 189 1607 227 συγκριτικὸν.
1622 189 1680 216 ἀλλ’
1690 189 1754 216 ἀντὶ
1763 191 1817 217 τοῦ

173 243 220 269 pro
236 235 306 262 bono
320 235 431 262 dicitttr.

210 281 290 308 Vers.
310 282 336 309 9.
363 281 411 308 Vir
435 287 571 315 actuosus,
588 282 638 310 etsi
659 282 757 316 idiota,
781 282 966 310 honorabilior

174 331 215 354 est
233 333 265 353 eo
280 327 324 361 qui
341 327 424 354 verbo
439 327 607 361 pompiticus
623 331 665 354 ομι
679 332 705 354 et
723 329 804 356 iners.

214 372 291 399 Vers.
309 373 351 400 Μ.
372 373 399 400 ld
414 379 454 400 est
474 373 578 400 radices
597 373 734 408 justorum
758 382 808 401 non
828 373 965 408 exstirpa-

176 418 284 450 bnntur,
304 418 381 445 home
399 419 504 446 scilicet
521 419 742 448 consuetudines.

218 463 293 491 Vers.
313 464 354 490 l7.
374 465 507 499 Quidqui-l
530 465 640 496 dixerit,
656 466 782 499 operibus
797 471 923 501 testatur,
938 474 965 496 et

161 510 199 544 ,εἰ
216 510 279 543 quid
293 518 374 544 opere
389 511 545 538 credibilius
560 516 620 538 est:
637 512 678 539 vel
695 512 729 540 ita
746 513 820 546 dicit,
835 522 893 549 pro,
908 523 968 550 per-

178 556 316 590 spicuam,
345 556 504 590 probatam,
530 557 815 592 irrepreltcnsibilem,
845 560 967 587 idoneam

178 601 293 636 denique
306 601 390 636 ipsam
401 602 597 629 demonstrare.
614 602 663 630 Rei
679 610 744 630 vero
757 603 856 638 iniqua:
871 609 968 632 testem

179 647 244 673 dicit
261 654 334 679 eum,
355 647 401 682 qui
421 647 528 675 etiamsi
551 648 651 682 injusla
673 649 765 683 faciat,
784 658 815 677 ea
832 650 968 684 defendit;

179 693 300 720 delusum
317 699 422 726 autem,
436 695 481 729 qui
497 695 563 721 nihil
580 701 683 722 rectum
699 695 790 723 habet.

219 738 298 766 Vers.
331 739 377 766 25.
403 739 500 767 Sermo
523 740 556 767 de
579 741 765 775 punitionibus
796 747 880 770 terret
908 750 970 770 eum

180 786 223 819 qui
242 793 327 819 nuper
340 787 373 812 ad
386 786 534 820 practieam
549 787 630 814 vitam
644 788 778 820 accessit;
797 793 904 816 recreat
919 797 970 816 ιιι-η

181 835 233 857 tem
250 832 458 865 promissionum
477 833 599 859 nuntius.
619 832 686 859 Nam
711 833 848 868 perfectus
861 835 970 869 quidem

1015 238 1118 273 ἀγαθοῦ

1050 286 1097 311 Στ.
1121 285 1154 314 θ’.
1183 285 1213 313 '0
1239 285 1392 321 πρακτικὸς
1411 284 1459 311 καὶ
1481 283 1600 317 ἰδιώτης,
1622 281 1670 309 τοῦ
1692 281 1722 309 ἐν
1738 280 1788 316 λόγ
1801 292 1816 316 ῃ
1844 305 1849 308 .

1016 331 1064 358 καὶ
1077 330 1184 367 κομψοῦ
1198 332 1245 358 καὶ
1262 331 1416 365 ἀπράκτου,
1434 328 1598 364 τιμιώτερος
1613 328 1662 363 (5).

1052 378 1097 405 Στ.
1124 377 1167 404 ιϐ’.
1185 379 1217 404 Al
1235 377 1309 413 ῥίζαι
1326 377 1381 404 τῶν
1403 375 1514 403 δικαίων
1531 376 1581 401 οὐκ
1603 374 1813 410 ἐξαροήσονταῑ,

1017 424 1155 452 τουτέστιν
1168 425 1196 451 αἱ
1215 424 1317 458 ἀγαθαὶ
1335 423 1416 455 ἕξεις.

1054 470 1100 496 Στ.
1119 469 1161 502 ιζ’.
1187 471 1220 496 '0
1233 470 1280 496 ἐὰν
1293 468 1370 504 λέγῃ,
1388 468 1465 503 φησὶ,
1481 466 1625 494 πιστοῦται
1640 467 1696 498 τοῖς
1709 465 1814 501 ἐργοις⁸

1018 516 1066 543 καὶ
1081 517 1106 543 εἰ
1121 516 1201 552 ἔργου
1219 516 1277 542 ἐστὶ
1296 514 1453 550 πιστότερον
1464 521 1471 528 ·
1493 511 1509 549 ἢ
1526 513 1586 540 ἀντὶ
1601 512 1659 546 τοῦ,
1679 511 1814 547 φανερὰν,

1021 561 1270 597 βεϐασανισμένην,
1291 561 1468 595 ἀνέλεγκτον,
1490 560 1586 596 ἱκανὴν
1607 559 1692 594 αὐτὴν
1712 558 1816 585 ὲπιδεῖ-
1857 585 1860 589 ,

1021 608 1079 642 ξαι·
1096 608 1196 635 ἀδίκων
1213 608 1241 634 δὲ
1261 601 1377 644 μάρτυς,
1395 607 1409 633 ὁ
1431 606 1559 642 συνιστᾷν
1581 605 1729 641 ἐπιχειρῶν
1748 604 1767 632 ἃ
1782 603 1818 632 ἂν

1020 654 1100 681 ἄδικα
1115 654 1223 690 πράττῃ
1235 661 1242 668 '
1258 653 1343 685 δόλιος
1354 653 1393 685 δὲ,
1407 653 1445 684 ὡς
1457 652 1534 679 οὐδὲν
1547 651 1618 688 ἔχων
1633 651 1724 683 εὐθὲς.

1058 742 1103 769 Στ.
1118 745 1168 769 κε’.
1189 741 1221 769 ’0
1238 741 1286 778 μὲν
1300 741 1354 769 τῶν
1372 740 1510 768 κολάσεων
1525 738 1605 775 λόγος
1621 740 1752 776 ταράσσει
1771 739 1817 766 τὶν

1022 787 1084 823 ἄρτι
1106 787 1242 821 φοιτῶντα
1263 787 1302 823 τῷ
1326 787 1471 823 πρακτικῷ
1493 786 1557 822 βίῳ·
1581 787 1723 822 εὐφραίνει
1750 785 1779 812 δὲ
1803 786 1818 812 ὁ

1024 832 1077 859 τῶν
1090 833 1274 868 ἐπαγγελιῶν.
1306 833 1337 860 '0
1354 833 1407 869 γὰρ
1418 833 1521 865 τέλειος
1535 833 1638 864 δίκαιος
1650 833 1680 858 οὺ
1697 831 1818 867 φοὸηϐήι

177 877 267 911 iustus
294 885 345 903 non
372 878 477 904 timebit
496 877 530 905 ab
555 877 693 905 auditione
712 879 781 906 mala
803 880 836 912 η,
863 880 969 908 Domini

1041 887 1100 906 εται
1117 880 1171 906 ἀπὸ
1188 879 1273 915 ἀκοῆς
1294 880 1434 915 πονηρᾶς,
1457 879 1539 914 φόϐον
1562 879 1631 914 ἔχων
1653 878 1754 914 Κυρίου
1773 877 1820 904 τὸν

181 923 305 950 timorem
323 923 424 950 habens
439 923 485 958 qui
500 924 626 951 omnibus
645 926 769 960 superior
783 930 834 954 cst.

221 969 297 997 Vers.
313 970 357 997 26.
381 969 475 998 Justus
501 972 626 1000 humana:
650 974 776 1000 conscius
804 973 970 1001 inﬁrmitatis

181 1014 310 1049 ignoscit,
322 1016 427 1043 etiamsi
437 1017 541 1044 amicus
556 1019 708 1052 peccaverit
722 1027 728 1045 :
747 1018 788 1045 vel
804 1019 866 1052 quia
883 1019 971 1046 sciens

181 1060 280 1087 factum
297 1069 357 1088 esse
378 1063 494 1089 amicttm
520 1064 554 1090 ad
584 1064 729 1097 imaginem
758 1064 816 1096 Dei,
837 1068 970 1091 consonat

180 1106 231 1133 sibi
256 1108 377 1135 modeste
409 1110 547 1142 sentiens,
569 1117 653 1144 seque
675 1110 825 1142 cohibens;
853 1114 880 1137 et
903 1111 971 1137 nihil

180 1151 288 1180 hostilis
309 1154 419 1182 malitia:
437 1156 572 1188 retinens,
592 1156 752 1190 tranquillas
775 1156 848 1183 fovet
865 1156 969 1191 cogita-

181 1206 278 1227 ttoncs.

1023 926 1208 962 ὑπεραίροντα
1226 926 1326 954 πάντα.

1060 972 1106 999 Στ.
1130 975 1186 1004 κς¹.
1218 972 1246 997 '0
1263 971 1312 1007 μὲν
1330 970 1444 1004 δίκαιος,
1466 970 1545 1002 εἰδὼς
1567 970 1618 1006 τὴν
1644 969 1820 1005 ἀνθρωπίνην

1022 1018 1173 1051 ἀσθένειαν,
1192 1016 1384 1052 συγγινώσκει,
1400 1016 1452 1043 κᾶν
1470 1017 1622 1052 ἁμάρτημα
1689 1016 1721 1042 τὺ
1743 1015 1821 1051 παρὰ

1022 1064 1070 1091 τοῦ
1087 1063 1165 1098 φίλου
1177 1073 1184 1080 ·
1206 1064 1224 1099 ἢ
1238 1064 1280 1090 ὅτι
1295 1062 1486 1098 ἐπιγινώσκων
1506 1063 1546 1089 ὃτι
1567 1063 1626 1089 κατ’
1640 1062 1734 1088 εἰκόνα
1749 1061 1819 1088 Θεοῦ

1026 1110 1100 1136 ἐστιν
1116 1110 1130 1136 ὁ
1146 1108 1237 1143 φίλος,
1254 1108 1399 1144 σύμφωνος
1413 1108 1508 1135 ἑαυτοῦ
1529 1109 1587 1134 ἐστι
1606 1107 1820 1144 μετριοφρονῶν,

1026 1156 1073 1183 καὶ
1089 1155 1235 1190 φυλάσσων
1255 1155 1361 1186 ἑαυτὸν,
1377 1154 1424 1180 καὶ
1440 1154 1523 1189 μηδὲν
1540 1154 1590 1188 τῆς
1605 1154 1705 1190 ἐχθρᾶς
1721 1155 1822 1185 κακίας

1024 1202 1104 1236 ἔχων,
1121 1201 1319 1232 ἀστασιάστους
1333 1199 1389 1235 ἔχει
1406 1200 1469 1232 τοὺς
1482 1199 1640 1235 λογισμούς.

904 1257 1017 1285 CAPUT
1040 1257 1110 1285 XIII.

219 1300 299 1328 Vcrs;
317 1300 344 1328 2.
361 1299 455 1329 Justus
481 1301 561 1329 ﬁnem
581 1303 688 1331 virtutis
703 1311 758 1331 sua:
779 1307 971 1338 consequetur,

183 1346 230 1374 sed
248 1346 339 1380 injusti
357 1346 474 1374 fructum
491 1356 543 1375 non
557 1354 668 1384 carpent
684 1355 830 1377 maturum.
845 1349 973 1376 Tcrrebit

181 1399 211 1419 se
227 1392 314 1426 ipsum
335 1393 452 1427 iniqttus,
475 1402 527 1422 nun
547 1394 687 1422 inveniens
701 1395 888 1422 defensionem
907 1403 971 1430 pec-

183 1445 243 1466 εσυ)
262 1447 322 1467 δυο.

1063 1304 1110 1330 Στ.
1130 1303 1162 1338 β’.
1187 1303 1216 1330 ’0
1235 1303 1284 1338 μὲν
1297 1302 1350 1338 γὰρ
1365 1302 1420 1335 ἕξει
1435 1301 1465 1329 τὸ
1475 1300 1550 1333 τέλος
1567 1302 1616 1337 τῆς
1629 1301 1741 1338 ἀρετῆς,
1755 1302 1780 1328 οἱ
1794 1302 1823 1328 Et

1031 1349 1136 1386 καρπὸν
1153 1350 1202 1385 οὐχ
1225 1349 1334 1382 ἕξουσιν
1350 1348 1464 1385 ὦριμον·
1483 1348 1596 1384 πτοήσει
1610 1347 1632 1374 δ’
1652 1348 1758 1381 ἑαυτὸν,
1773 1349 1822 1383 οὐχ

1028 1396 1161 1432 εὑρίσκων
1181 1395 1311 1430 συστῆναι
1325 1396 1357 1430 τῇ
1371 1394 1470 1422 ἑαυτοῦ
1486 1394 1618 1430 ἁμαρτίᾳ.

222 1484 300 1512 Vers.
327 1485 370 1512 14.
402 1485 455 1512 Lex
483 1485 632 1517 naturalis,
658 1493 692 1513 ex
711 1493 762 1520 qua
781 1485 892 1521 pullulat
916 1485 975 1512 vita:

1066 1484 1111 1510 Στ.
1131 1483 1170 1510 ιδ’.
1187 1483 1278 1518 Νόμος
1288 1483 1302 1510 ό
1314 1482 1439 1517 φυσικὸς,
1452 1482 1498 1516 ἀφ’
1511 1477 1542 1508 οὗ
1557 1481 1634 1518 βρύει
1645 1481 1675 1508 τὺ
1688 1481 1740 1517 τῆς
1753 1481 1822 1518 ζωῆς

183 1529 363 1558 cattsa.Justo
385 1532 457 1558 enim
476 1532 518 1559 lex
538 1539 589 1558 non
612 1537 653 1559 est
675 1532 762 1566 posita
777 1531 817 1564 ";
846 1539 925 1566 pmua
940 1533 972 1557 ad

185 1581 308 1609 mortem,
326 1577 431 1604 irrctito
456 1578 586 1612 peccatis.
605 1577 675 1604 Fons
691 1577 769 1608 vitat,
787 1577 974 1603 mainlalorunt

183 1623 332 1649 exsecutio.
362 1622 447 1650 Justis
475 1622 620 1658 gentilibus
657 1622 881 1650 circumcisorum
911 1629 976 1656 opes

184 1668 334 1703 obtingent.

1028 1530 1130 1557 αἴτιον·
1147 1530 1244 1565 δικαίῳ
1258 1529 1312 1565 γὰρ
1328 1529 1409 1564 νόμος
1427 1529 1457 1555 οὐ
1475 1530 1580 1554 κεῖται·
1599 1528 1719 1563 τιμωρία.
1734 1527 1764 1555 δὲ
1779 1528 1823 1554 ἐπὶ

1028 1576 1142 1602 θάνατον
1159 1576 1198 1611 τῷ
1212 1574 1403 1610 παγιδευθέντι
1426 1575 1520 1606 κακοῖς
1534 1582 1541 1589 ο
1556 1575 1572 1610 ἡ
1590 1574 1666 1609 πηγὴ
1681 1573 1771 1609 ζωῆς,
1789 1575 1822 1600 τὰ

1027 1621 1097 1657 ἔργα
1117 1621 1170 1647 τῶν
1195 1620 1320 1648 ἐντολῶν.
1343 1619 1465 1651 Δικαίοις
1484 1620 1541 1650 τοῖς
1560 1618 1664 1645 ἔθνεσιν
1681 1620 1696 1645 ὀ
1721 1619 1776 1645 τῶν
1792 1620 1822 1646 ἑκ

1030 1669 1183 1703 περιτομῆς
1197 1667 1312 1698 πλοῦτος
1326 1666 1545 1702 προσγενήσεται
1558 1665 1606 1701 (6),

910 1723 1026 1752 CAPUT
1045 1723 1115 1751 XIV.

225 1772 303 1799 Vers.
323 1772 366 1798 10.
385 1770 461 1799 Mens
476 1771 579 1806 peccati
598 1772 707 1799 conscia
727 1771 819 1799 dolere
840 1771 906 1798 facit
921 1772 979 1798 aui-

187 1825 274 1851 mam;
293 1818 388 1844 domus
410 1818 565 1853 impiorum,
585 1818 667 1845 animi
686 1819 793 1845 habitus
812 1823 839 1845 et
861 1826 978 1845 consue-

188 1864 312 1895 tudines;
330 1863 503 1890 tabernacula
522 1869 583 1891 sunt
600 1864 682 1891 animi
703 1864 850 1898 proposita.
868 1863 914 1891 Est
936 1864 978 1890 via

186 1916 246 1942 quae
261 1909 368 1937 videtur
389 1913 472 1941 recta,
485 1917 516 1936 ea
532 1916 591 1944 qua:
607 1909 733 1936 videntur
745 1909 890 1940 exsistere,
907 1909 978 1936 exsi-

188 1954 321 1980 stentibus
345 1958 523 1986 anteponens.
546 1947 715 1981 'Constanter
745 1954 816 1988 quod
844 1955 976 1989 agendum

189 2003 230 2026 est
257 1999 400 2026 deliberat.
417 1999 523 2026 Partem
543 2000 684 2032 tenebunt,
701 1998 741 2026 vei
766 1999 836 2026 inter
859 2006 889 2026 se
913 2006 978 2033 par-

180 2046 308 2079 tientur;
325 2054 385 2072 nam
403 2045 478 2073 ferox
509 2054 562 2073 non
579 2048 631 2073 erit
645 2045 764 2073 timidus.

230 2091 309 2118 Vers.
326 2091 377 2124 20,
391 2091 436 2118 Ξῖ).
455 2091 509 2118 lloc
534 2092 598 2118 mihi
621 2091 729 2118 videtur
742 2099 794 2118 non
812 2091 981 2120 adhortatio-
997 2081 1019 2108 θ

189 2137 229 2163 nis
241 2137 327 2172 gratia
339 2137 439 2168 dicere,
449 2138 496 2164 sed
506 2138 577 2172 quod
592 2139 752 2173 contingere
762 2138 841 2170 solet,
857 2145 979 2165 narrare.

190 2183 291 2210 Deinde
317 2185 494 2211 correctionis
521 2184 654 2212 rationem
682 2184 780 2212 habent
807 2185 948 2219 sequentia
972 2193 979 2211 :

191 2238 202 2255 ε
218 2231 267 2262 Qui
288 2230 399 2265 despicit
418 2238 574 2265 pauperem,
592 2235 684 2266 peccat
698 2228 892 2258 :Imala'eitim
918 2231 982 2257 hinc

189 2277 382 2310 consequentia
396 2281 499 2312 patent.
515 2276 571 2304 Nisi
586 2277 683 2311 aliquis
695 2277 823 2311 corrigat,
837 2285 982 2311 quemnam

190 2321 286 2350 horum
307 2325 458 2358 pmniteat?
480 2324 546 2358 Quis
569 2324 636 2351 alios
663 2324 835 2351 laudaverit?
852 2323 901 2356 Qui
926 2325 981 2350 vir-

192 2370 257 2397 tutis
278 2371 416 2398 stndiosus
432 2375 482 2404 est,
496 2371 616 2398 abundat
630 2377 712 2404 opere
727 2373 754 2396 et
771 2369 903 2400 scientia;
921 2376 980 2394 nam

190 2417 223 2444 de
235 2416 322 2444 ofﬁcio
332 2424 438 2451 semper
451 2417 583 2451 cogitans,
596 2416 682 2450 magis
694 2414 825 2450 proﬁciet.
841 2413 877 2440 At
893 2414 980 2441 mollis

190 2466 218 2489 et
235 2462 372 2495 indolens,
390 2462 415 2489 id
429 2467 470 2490 est
491 2462 611 2489 laborum
631 2460 759 2494 fugitans,
776 2460 905 2486 virtutum
919 2467 980 2494 ege-

191 2511 260 2534 state
278 2507 420 2534 laborabit.

1066 1771 1111 1796 Στ.
1139 1762 1164 1796 ιθ.
1202 1770 1231 1796 '0
1257 1770 1319 1803 νοῦς
1344 1771 1539 1807 αἰσθανόμενος
1567 1770 1722 1806 ἁμαρτίας,
1746 1769 1824 1806 ὀδυνᾷ

1031 1815 1082 1851 τὴν
1102 1815 1191 1850 ψυχήν
1204 1824 1211 1831 ο
1233 1816 1318 1842 οἰκίαι
1334 1817 1362 1843 δὲ
1379 1817 1434 1843 τῶν
1450 1816 1566 1849 ἀσεϐῶν,
1587 1815 1658 1848 ἕξεις
1673 1815 1721 1842 καὶ
1735 1815 1824 1843 διειῡέ-

1031 1871 1088 1893 σεις
1098 1870 1104 1877 ·
1121 1862 1218 1897 σκηναὶ
1230 1862 1258 1889 δέ
1275 1863 1343 1890 εἰσιν
1357 1864 1385 1889 αἱ
1401 1863 1590 1899 προαιρέσεις’
1605 1862 1662 1888 ἔστι
1678 1861 1706 1888 δὲ
1719 1861 1789 1893 ὁδὸς,
1807 1862 1822 1896 ἢ

1032 1907 1108 1934 δοκεῖ
1122 1907 1189 1944 ὀρθὴ
1212 1906 1293 1942 εἶναι,
1312 1910 1329 1944 ἡ
1350 1908 1404 1936 τῶν
1419 1909 1502 1935 ὄντων
1518 1909 1553 1935 τὰ
1566 1908 1696 1935 δοκοῦντα
1711 1908 1824 1943 προκρί-

1032 1962 1125 1982 νουσα.
1143 1955 1323 1991 Καρτερικῶς
1345 1955 1376 1981 τὺ
1398 1954 1534 1990 πρακτέον
1555 1954 1702 1989 λογίζεται.
1722 1953 1824 1989 Μερὶδα

1033 1999 1190 2034 σχήσουσιν,
1213 1999 1228 2036 ἦ
1246 1999 1478 2035 συμμερίσονται·
1497 1999 1511 2024 ὁ
1532 1998 1635 2034 θρασὺς
1658 1997 1712 2033 γὰρ
1728 1997 1779 2023 οὐκ
1794 1997 1824 2023 ἂν

1032 2045 1074 2080 εἴη
1093 2044 1189 2076 δειλός.

1070 2091 1115 2117 Στ.
1130 2093 1223 2124 κ’,κγ’.
1243 2089 1327 2119 Τοῦτο
1346 2090 1408 2125 ἐμοὶ
1420 2089 1494 2116 δοκεῖ
1507 2089 1544 2121 ὼς
1559 2089 1608 2115 οὐκ
1624 2089 1652 2114 ὲν
1666 2087 1743 2120 τάξει
1759 2096 1825 2123 παρ-

1035 2135 1165 2167 αινέσεως
1187 2135 1319 2169 τέθεικεν,
1344 2135 1412 2163 ἀλλὰ
1435 2135 1469 2161 τὰ
1485 2135 1626 2170 συμϐάντα
1643 2133 1823 2169 ἀπαγγέλλει·

1035 2180 1094 2210 εἶτα
1113 2182 1296 2218 διορθωτικῶς
1316 2183 1346 2209 τὸ
1368 2183 1555 2218 ἐπαγόμενον·
1571 2182 1667 2215 τὸ,ι”0
1686 2182 1823 2217 ἀτιμάζων

1035 2229 1138 2264 πένητα
1165 2229 1386 2265 ἁμαρτάνειητὰ
1404 2229 1458 2264 γὰρ
1473 2229 1566 2256 αὐτόοι
1579 2228 1645 2264 δῆλα
1658 2229 1732 2255 κακά
1742 2238 1748 2243 ο
1768 2229 1821 2255 οὐίέ

1036 2274 1188 2310 διορθοῦταί
1205 2284 1257 2307 τις,
1272 2275 1322 2301 οὐχ
1333 2274 1366 2301 ἂν
1383 2269 1532 2310 καταγνοίη
1554 2274 1609 2301 τῶν
1626 2274 1770 2300 τοιούτων·
1786 2273 1822 2304 τίς

1036 2320 1059 2347 δ’
1073 2321 1105 2347 ἂν
1119 2321 1182 2352 τοὺς
1195 2320 1291 2352 ἄλλους
1304 2321 1488 2353 ὲπαινὲσειεν;
1507 2321 1535 2346 'O
1550 2320 1620 2356 ὑπὲρ
1633 2320 1734 2356 ἀρετῆς
1748 2327 1820 2354 φρον-

1035 2366 1117 2398 τίζων
1143 2366 1297 2401 περιττεύει
1309 2366 1406 2402 πράξει
1419 2366 1465 2392 καὶ
1477 2366 1587 2400 γνώσειδ
1601 2366 1654 2392 Καὶ
1667 2366 1722 2401 γὰρ
1734 2367 1749 2392 ὁ
1764 2366 1825 2402 περὶ

1035 2413 1089 2440 τῶν
1106 2414 1251 2448 πρακτέων
1265 2414 1308 2441 ἀεὶ
1320 2415 1430 2441 σκοπῶν
1463 2414 1518 2447 ἕξει
1530 2423 1556 2440 τι
1572 2414 1654 2440 πλέον
1666 2423 1672 2428 ·
1688 2415 1703 2440 ὁ
1722 2414 1750 2441 δὲ
1764 2415 1825 2450 ἡδὺς

1035 2461 1081 2487 καὶ
1095 2461 1256 2497 ἀνάλγητος,
1272 2461 1356 2496 ἤγουν
1371 2461 1385 2487 ὁ
1406 2461 1467 2492 τοὺς
1487 2460 1586 2492 πόνους
1608 2459 1810 2496 ἐκτρεπόμενος

1035 2506 1064 2532 ὲν
1080 2507 1167 2543 ἐνδείᾳ
1181 2507 1256 2534 ἔσται
1269 2507 1324 2533 τῶν
1339 2506 1454 2542 ἀρετῶν.

916 2550 1030 2579 CAPUT
1053 2552 1119 2580 XVI.

228 2599 305 2629 Vers.
323 2600 367 2630 lli.
389 2601 472 2628 Ndus
496 2601 574 2627 modo
596 2599 728 2635 signiﬁcat
756 2598 863 2630 locum,
890 2599 969 2626 modo

226 2659 250 2676 ¹⁸
269 2660 324 2686 Pal.
339 2667 394 2692 cxl,
408 2660 435 2687 7.
475 2659 496 2673 ”
515 2657 605 2684 ΙΤῑιιι.
625 2657 682 2689 I,9.

230 2707 266 2740 (ι)
283 2707 329 2733 Sic
347 2707 402 2733 fere
420 2707 501 2732 etiam
521 2710 631 2733 sanctus
653 2705 771 2740 Cyrillus
792 2705 818 2732 in
838 2711 978 2740 commen:

177 2764 180 2767 .
194 2739 399 2774 tariol‘lpistnlm
414 2743 446 2767 ad
463 2742 543 2767 llebr.
560 2749 578 2773 ι,
591 2741 620 2772 4,
633 2739 709 2773 cujus
728 2747 775 2766 nos
791 2739 979 2766 commentarii

195 2777 325 2809 du-perditi
345 2776 472 2810 reliquias
486 2777 619 2803 edidimus
634 2776 658 2802 in
673 2776 722 2802 hac
737 2774 788 2804 PP.
803 2783 869 2802 nova
887 2774 982 2802 biblio—

198 2811 273 2838 theca
289 2815 307 2837 t.
321 2810 362 2837 lll.

1059 2599 1103 2626 Στ.
1122 2603 1169 2632 ις’.
1187 2600 1234 2631 Τὸ,
1247 2598 1350 2631 venti,
1365 2598 1430 2625 ποτὲ
1442 2598 1487 2625 τὸν
1497 2599 1579 2626 τόπον
1596 2598 1732 2635 σημαίνει,
1762 2598 1824 2625 ποτε

1070 2701 1108 2736 (5)
1131 2701 1210 2738 Juxta
1224 2707 1300 2729 vetus
1315 2702 1378 2738 illud
1394 2711 1400 2729 :
1418 2701 1469 2728 Odi
1483 2701 1616 2728 hominum
1627 2702 1720 2738 ignava
1735 2709 1823 2735 opem,

1038 2737 1220 2771 philosophica
1235 2737 1374 2762 sententia.

1075 2773 1114 2807 (ϐ)
1132 2773 1215 2799 Sicuti
1236 2771 1303 2798 Jobo
1325 2771 1513 2807 incircumcisn
1535 2772 1610 2806 (non
1635 2776 1724 2800 tamen
1743 2771 1825 2801 idelo~

1038 2815 1097 2835 rutn
1112 2807 1227 2842 cultori)
1243 2814 1290 2834 sua
1309 2806 1442 2834 naturalis
1456 2806 1560 2840 justitia
1578 2807 1690 2841 profuit.
