1923 3071
178 127 244 156 ίὰἱὲιῦ

796 124 911 152 [ΝΠΥΜΙ
932 122 1167 152 ALEXANDIIINI

1749 123 1823 153 1640

898 180 1013 208 CAPUT
1035 180 1108 208 XIX.

208 241 285 270 Vers.
303 242 330 268 7.
351 239 406 267 Non
424 245 531 266 omnem
547 238 652 274 perticit
673 237 821 272 nequitiam
845 237 958 272 timpns-
974 236 995 264 Α

174 287 250 314 tibile
280 287 353 314 enim
380 286 459 319 est),
475 284 522 312 sed
555 291 587 312 ea
621 288 710 318 patrat
735 291 794 318 qua:
823 283 971 311 consistere

160 326 278 373 jqneunt
293 341 300 365 ;
322 332 367 360 sed
384 340 398 358 a
416 333 485 358 male
501 330 625 358 faciendo
639 338 691 357 tton
710 329 818 357 desinit.
836 329 883 356 Vel
899 330 972 363 rogi-

174 378 302 405 tationem
326 377 426 404 bonatn
457 375 523 403 dicit
554 374 708 407 Christum;
733 374 790 408 ipse
814 374 886 401 enim
909 382 970 401 eam

174 428 295 459 praestat.
315 423 347 450 Et
361 422 486 458 quisquis
504 421 572 448 bene
584 421 650 456 agit,
671 421 790 448 inveniet
806 428 880 448 eunt.
904 420 971 447 Nam

173 470 353 504 prudentem,
371 470 524 504 quicunque
539 475 609 502 opus
629 468 728 495 bonum
744 466 822 499 facit,
843 467 970 502 appellat.

211 517 288 544 Vcrs.
303 516 348 543 24.
364 515 414 548 Qui
431 522 483 542 non
501 518 573 541 recte
585 510 661 545 vivit',
679 513 821 541 abscondit
836 513 862 540 in
879 514 968 540 aninta

174 568 223 588 sua
250 568 347 588 manus
374 559 484 594 injuste.
505 558 606 594 Agrum
628 566 706 586 suum
728 558 822 586 nolens
835 559 971 591 excolere,

175 607 311 640 quomodo
335 605 501 632 saturabitur
524 603 657 639 panibus?
676 603 743 630 Nam
772 603 896 637 practice:
918 603 971 630 vir-

178 656 248 678 tutes
272 659 399 677 ntanunnt
424 650 514 676 locum
543 653 647 682 tettent,
663 656 759 684 pauent
776 653 898 676 nostrunt
927 650 970 677 ori

176 698 362 728 admoventes,
381 702 476 730 panem
503 694 548 729 qui
570 694 601 722 de
619 695 688 722 cmlo
708 695 856 722 descendit.
874 694 973 729 Nequit

176 742 269 777 igitur,
284 743 329 777 qui
345 740 478 776 ejusmodi
492 743 544 773 est,
559 747 592 767 tte
602 740 636 768 ab
653 740 730 768 initio
746 740 856 775 quidem
869 740 972 776 juvari,

175 789 238 824 quia
254 789 329 824 piger
340 792 393 818 est.

1045 236 1090 261 Στ.
1108 234 1141 266 ζ’.
1179 234 1217 261 Οὐ
1245 234 1333 261 πᾶσαν
1358 233 1470 261 ἐκτελεῖς
1487 233 1537 270 τὴν
1559 233 1658 262 κακίαν
1675 234 1805 270 (ἀδύνατο

1026 281 1101 316 γὰρ),
1117 280 1186 308 ἀλλὰ
1202 281 1317 316 πράττει
1328 280 1362 306 τὰ
1376 280 1560 316 συνυπάρχειν
1571 281 1723 317 δυνάμενα·
1740 281 1780 309 ἔτι
1792 283 1819 309 δὲ

1021 324 1178 351 κακοποιῶν
1202 324 1253 352 οὐκ
1277 324 1432 353 ἐπαύσατο.
1463 325 1499 352 Ἣ
1522 325 1627 352 ἔννοιαν
1653 326 1758 363 ἀγαθὴν
1775 328 1819 354 τὸν

1022 369 1139 406 Χριστὸν
1159 370 1251 404 λέγει’
1267 370 1348 402 αὐτὸς
1362 371 1417 407 γὰρ
1432 371 1518 406 αὐτὴν
1534 372 1638 407 ἐγγυᾷ·
1655 373 1703 399 καὶ⁸
1725 374 1779 405 πᾶς
1792 374 1818 400 δὲ

1021 415 1036 441 ὁ
1052 415 1143 450 ἀγαθά
1158 416 1285 452 πράττων
1311 416 1422 452 εὑρήσει
1437 417 1518 444 αὐτόν
1529 425 1535 431 ·
1551 417 1683 453 φρόνιμον
1695 419 1748 455 γὰρ
1775 419 1818 446 τὸν

1025 463 1080 489 πᾶν
1093 462 1173 498 ἔργον
1185 462 1288 496 ἀγαθὸν
1304 462 1435 490 ποιοῦντα
1450 463 1535 498 λέγει.

1061 510 1107 536 Στ.
1125 509 1174 537 κδ’.
1198 510 1227 537 '0
1246 509 1284 546 μὴ
1298 509 1386 545 ὀρθῶς
1417 510 1493 545 βιοὺς
1513 509 1631 547 κρύπτει
1647 511 1677 538 ἐν
1696 513 1728 547 τῇ
1747 511 1816 548 ψυχῇ

1023 556 1074 588 τὰς
1092 557 1187 592 χεῖρας
1202 555 1302 588 ἀδίκως
1313 565 1320 573 ·
1339 557 1390 592 τὴν
1404 556 1501 583 ἑαυτοῦ
1519 558 1571 592 γῆν
1594 557 1762 592 ἐργάσασθαι
1783 558 1818 594 μὴ

1026 601 1197 637 βουλόμενος.
1215 601 1274 633 πῶς
1286 601 1513 637 ἐμπλησθήσεται
1523 603 1630 638 ἀρτων;
1641 603 1674 629 Αἱ
1686 603 1742 639 γὰρ
1755 612 1820 639 πρα-

1024 648 1118 676 κτικαὶ
1145 648 1244 684 ἀρεταὶ
1267 648 1367 684 χειρῶν
1392 648 1521 683 ἐπέχουσι
1547 648 1640 683 λόγον,
1668 649 1714 676 τὸν
1738 650 1818 685 ἀρτον

1024 693 1103 730 ἡμῶν
1117 693 1324 729 προσφέρουσαι
1339 693 1378 729 τῷ
1391 694 1506 729 στόματι
1519 694 1565 720 τὸν
1581 695 1630 721 ἀπ’
1644 695 1761 730 οὐρανοῦ
1775 703 1820 722 χαι

1024 739 1156 767 ταὸἁντα.
1180 740 1218 766 οὺ
1235 739 1347 766 δύναται
1370 740 1462 767 τοίνυν
1481 737 1558 772 οὗτος
1577 740 1637 767 οὐδὲ
1662 741 1711 776 τὴν
1733 741 1819 776 ἀρχὴν

1024 786 1210 822 ὠφεληθῆναι,
1219 786 1335 823 ὀκνηρὸς
1347 785 1395 813 ὥν.

888 833 1005 861 CAPUT
1025 831 1096 859 XXI.

211 880 289 908 Vers.
304 881 349 907 2t.
365 880 391 907 Id
405 879 598 914 csl,judicium
620 879 712 907 obruit
724 879 867 914 impiorum
880 879 971 906 defen-

1062 879 1107 906 Στ.
1127 879 1180 906 κα’.
1200 878 1304 913 Ἥγοον
1323 880 1341 914 ἡ
1352 878 1443 914 κρίσις
1458 878 1592 905 καλύπτει
1608 878 1658 914 τὴν
1672 878 1819 913 ἀπολογίαν

175 925 290 953 sionem.
309 925 426 960 Superat
439 925 512 953 eniut
540 926 611 953 Deus
624 925 693 953 bene
713 930 826 960 agentes
846 933 973 953 rentum:-

175 972 326 1000 tationibus
338 972 406 1000 suis.

1024 924 1080 952 τῶν
1098 925 1216 953 ἀσεϐῶν,
1240 925 1420 961 Ὑπερΰάλλει
1439 925 1493 960 γὰρ
1509 926 1524 952 ὁ
1539 925 1606 957 Θεὸς
1625 925 1687 956 τοὺς
1707 922 1737 952 εὖ
1760 933 1818 951 ποι-

1025 970 1123 1002 οῦντας
1137 972 1199 1002 ταῖς
1213 970 1354 1006 ἀμοιϐαῖς,

880 1014 995 1042 CAPUT
1015 1014 1102 1042 XXII.

216 1061 294 1089 Vers.
307 1061 352 1089 26.
374 1062 412 1090 Ne
430 1063 522 1092 tradas
544 1068 570 1091 te
589 1063 622 1090 ad
645 1061 820 1090 ditl'erendam
838 1062 972 1097 poenitet»

176 1107 250 1140 tiam,
268 1109 418 1136 reveretttia
441 1109 595 1143 cujuslibet.
614 1107 681 1135 Nam
697 1108 718 1134 si
731 1107 866 1140 moriaris,
884 1113 972 1141 neque

177 1159 283 1188 tempus
300 1154 447 1189 pmnitendi
462 1155 601 1188 habueris,
626 1161 763 1189 nunquam
784 1153 905 1188 requiem
927 1153 970 1179 itt-

175 1201 277 1227 venies.

1061 1062 1108 1088 Στ.
1126 1067 1178 1093 κε’.
1192 1061 1238 1096 Μὴ
1253 1061 1324 1087 δίδου
1341 1062 1453 1088 σεαυτὸν
1465 1063 1506 1093 εἰς
1518 1061 1549 1088 τὸ
1561 1061 1756 1098 ὑπερτίθεσθαι
1774 1071 1819 1098 μει-

1024 1108 1142 1139 τανοεῖν,
1156 1106 1350 1142 αἰσχυνόμενός
1366 1115 1436 1134 τινα.
1459 1107 1522 1134 Ἐὰν
1537 1107 1592 1144 γὰρ
1605 1108 1756 1145 ἀποθάνῃς,
1773 1109 1820 1135 καὶ

1024 1152 1074 1178 οὐκ
1090 1152 1154 1188 ἔχῃς
1169 1151 1266 1188 καιρὸν
1286 1152 1334 1179 τοῦ
1352 1153 1534 1188 μετανοῆσαι,
1546 1153 1640 1181 οὐκέτι
1662 1154 1733 1188 ἕξεις
1752 1155 1818 1182 άνάι

1024 1206 1137 1226 παυσιν.

884 1255 1002 1284 CAPUT
1019 1256 1114 1285 XXIII.

214 1302 294 1330 Vers.
311 1303 358 1330 23.
387 1303 536 1331 lntroducit
560 1303 593 1330 ad
618 1310 648 1330 se
673 1302 793 1330 invidum
820 1302 971 1336 diabolum,

175 1348 345 1383 comeditque
363 1348 511 1376 bnccellam
538 1355 614 1376 suam
639 1355 701 1374 cum
722 1355 766 1381 eo,
782 1347 806 1375 is
832 1347 878 1382 qui
896 1355 971 1376 vanae

175 1395 267 1429 gloria:
290 1402 382 1428 causa,
398 1395 440 1422 vel
466 1399 496 1422 ut
521 1394 674 1422 hominibus
696 1393 810 1428 placeat,
838 1394 970 1422 bonorum

175 1441 321 1475 quidquam
335 1449 446 1476 operum
462 1441 527 1468 facit
542 1449 549 1465 :
565 1448 627 1468 nant
646 1440 726 1467 ltonto
747 1439 901 1474 ltujusmodi
920 1440 969 1466 Ita-

176 1486 222 1514 bet
237 1488 387 1516 mercedem
404 1495 490 1515 suam.
507 1486 642 1514 Nimirum
657 1485 781 1513 diabolus
802 1486 867 1512 talia
886 1493 968 1520 opera

171 1533 331 1561 ‘bominibus
355 1532 476 1560 facienda
503 1532 640 1567 proponit,
658 1537 686 1558 ut
703 1531 828 1558 laudibus
846 1531 969 1558 humane

176 1579 378 1614 approbationis
409 1579 582 1614 pessutndet,
612 1583 640 1606 et
668 1577 778 1606 aeternis
803 1577 882 1605 bonis
910 1585 972 1612 spe-

175 1626 232 1655 lict.

1062 1301 1106 1330 Στ.
1123 1307 1174 1339 κγ’;
1197 1304 1309 1339 Εἰσάγει
1323 1304 1351 1330 δὲ
1368 1305 1431 1339 παρ’
1445 1300 1533 1340 ἐαυτῷ
1549 1304 1594 1331 τὸν
1612 1304 1746 1339 βάσκανον
1759 1305 1818 1333 διὰ-

1026 1348 1115 1381 ὔολον,
1135 1351 1184 1377 καὶ
1198 1350 1299 1386 τρώγει
1323 1350 1369 1377 τὸν
1387 1350 1482 1386 ψωμὸν
1501 1351 1584 1378 αὐτοῦ
1607 1353 1665 1387 μετ’
1687 1351 1781 1385 αὐτοῦ,
1803 1351 1816 1380 ὗ

1027 1395 1097 1431 μετὰ
1116 1396 1280 1430 κενοδοξίας,
1298 1396 1314 1433 ἢ
1331 1396 1594 1433 άνθρωπαρεσκείας
1616 1398 1702 1426 ποιῶν
1718 1408 1744 1426 τι
1763 1398 1819 1425 τῶν

1025 1441 1136 1476 ἀγαθῶν
1160 1442 1263 1478 ἔργων·
1287 1443 1301 1469 ό
1323 1442 1376 1478 γὰρ
1398 1443 1518 1474 τοιοῦτος
1539 1443 1638 1478 ἀπέχει
1657 1444 1703 1471 τὸν
1723 1444 1819 1480 μισθὸν

1024 1487 1117 1514 αὑτοῦ.
1134 1489 1188 1515 Καὶ
1199 1488 1255 1524 γὰρ
1266 1490 1280 1515 ὁ
1296 1488 1418 1521 διάϐολος
1434 1491 1546 1525 φανεροῐ
1559 1489 1629 1516 αὐτὰ
1642 1491 1698 1522 τοῖς
1711 1486 1812 1526 ἀνθρώ-

1025 1543 1104 1567 ποις,
1123 1532 1166 1561 ἵνα
1185 1535 1229 1562 διὰ
1247 1535 1293 1562 τοῦ
1312 1535 1424 1562 ἐπαίνου
1448 1534 1494 1561 τοῦ
1517 1536 1585 1571 πρὸς
1612 1536 1657 1563 τὸν
1674 1536 1819 1572 ἀνθρωπά-

1026 1586 1124 1616 ρεσκον
1135 1581 1297 1618 λοιμανῆται
1310 1581 1357 1608 καὶ
1369 1581 1544 1618 ἀποστερήσῃ
1558 1582 1611 1609 τῶν
1622 1583 1740 1609 αἰωνίων
1755 1583 1819 1617 ἁγα-

987 1623 1007 1650 C
1027 1626 1091 1653 θῶν.

886 1669 1004 1698 CAPUT
1024 1670 1121 1699 XXIV.

220 1716 298 1744 Vers.
313 1716 359 1743 20.
381 1715 456 1742 lland
482 1720 591 1751 gignent
613 1715 727 1743 virtutes
747 1716 862 1751 improbi
883 1724 971 1750 neque

180 1766 254 1790 recta
271 1762 394 1796 dogmata
409 1761 482 1796 (sunt
495 1761 568 1788 enim
584 1762 625 1789 lue
637 1762 826 1797 generationes
842 1762 962 1795 animze),

181 1808 243 1842 quia
269 1807 411 1834 Dominum
439 1815 490 1834 tton
517 1807 623 1834 timent.
649 1808 699 1841 Qui
720 1812 809 1835 autent
829 1808 855 1835 in
875 1808 972 1835 timore

181 1854 287 1881 Domini
304 1858 424 1886 ntanent,
441 1854 595 1889 progeniem
611 1854 732 1889 quotidie
752 1861 785 1881 ex
804 1862 833 1882 se
849 1854 971 1886 reddent,

180 1905 208 1928 ct
220 1907 281 1935 spes
294 1909 387 1928 eorum
403 1909 454 1928 non
468 1902 585 1929 recedet.
595 1901 734 1929 Prmdictis
743 1902 800 1929 haec
809 1902 973 1937 subsequun-

184 1951 237 1974 tur.
263 1947 380 1980 Inimici,
399 1947 495 1982 inquit,
511 1947 624 1982 hnprobi
643 1955 705 1975 cum
733 1953 834 1980 essent,
858 1948 971 1975 aliorum

181 1992 301 2027 lapsibus
326 1993 501 2027 Iretabantur;
519 1995 566 2020 sed
592 1994 663 2028 quod
686 1999 713 2020 tu
734 1995 880 2028 vitupet‘as,
908 2001 973 2021 cave

134 2058 143 2066 .
179 2038 304 2066 imiteris.
337 2038 403 2065 Nam
435 2039 585 2066 ntundanus
608 2047 701 2066 eorum
726 2039 854 2073 splendor
892 2043 972 2073 atque

181 2084 289 2117 illusio,
322 2084 371 2111 bac
395 2084 450 2110 vita
484 2088 577 2117 tenus,
606 2090 634 2111 et
657 2089 744 2112 morte
772 2085 970 2119 exstinguitur:

180 2137 252 2166 sa‘pe
271 2130 364 2163 etiam,
384 2130 535 2157 viventibus
554 2129 642 2157 adhuc
663 2131 716 2157 reis
746 2130 893 2158 evanescit.

1061 1719 1105 1746 Στ.
1123 1721 1156 1746 κ’.
1176 1716 1212 1746 Οὖ
1225 1718 1384 1753 γεννήσουσι
1400 1720 1513 1756 πονηροὶ
1525 1721 1625 1756 ἀρετὰς
1639 1721 1682 1748 καὶ
1695 1717 1818 1757 δόγματα

1025 1763 1096 1798 ὀρθά
1108 1763 1214 1798 (ταῦτα
1226 1764 1281 1801 γάρ
1293 1765 1351 1791 ἐστι
1365 1766 1524 1802 γεννήματα
1538 1766 1587 1801 τῆς
1599 1766 1716 1802 ψυχῆς),
1732 1767 1778 1794 διὰ
1788 1767 1819 1794 τὸ

1028 1809 1065 1844 μὴ
1078 1809 1221 1844 φοϐεῖσθαι
1233 1811 1332 1843 αὐτοὺς
1346 1811 1391 1838 τὸν
1405 1811 1521 1847 Κύριονο
1534 1812 1559 1839 οἱ
1569 1812 1596 1839 δὲ
1613 1810 1689 1845 δντες
1699 1814 1728 1840 ὲν
1744 1813 1820 1850 φόϐῳ

1026 1855 1128 1891 Κυρίου
1152 1856 1215 1892 ὅλην
1227 1856 1276 1892 τὴν
1288 1857 1394 1892 ἡμέραν
1407 1857 1513 1890 ἕξουσιν
1528 1857 1637 1892 ἔκγονα,
1649 1858 1697 1886 καὶ
1708 1860 1724 1894 ἡ
1741 1859 1820 1892 ἐλπὶς

1025 1901 1113 1928 αὐτῶν
1125 1901 1175 1928 οὐκ
1190 1902 1384 1938 ἀποστήσεται.
1393 1904 1397 1908 ¹
1407 1900 1563 1930 Ἀκολουθεῖ
1575 1903 1696 1932 δὲταῦτα
1710 1906 1767 1938 τοῖς
1781 1906 1820 1933 ει-

1028 1947 1167 1982 ρημένοις.
1193 1944 1223 1974 Οὶ
1241 1947 1289 1983 μὲν
1308 1948 1363 1984 γάρ
1378 1948 1487 1984 ἐχθροὶ,
1507 1949 1584 1984 φησὶ,
1604 1951 1716 1986 πονηροὶ
1731 1951 1818 1984 ὖντες,

1026 1993 1127 2029 ἐτέρων
1141 1993 1285 2030 ἐπέχαιρον
1300 1994 1454 2030 πτώμασιν·
1469 1994 1483 2021 ὅ
1497 1995 1525 2022 δὲ
1542 1995 1636 2032 μέμφῃ
1650 1996 1700 2028 σὺ,
1716 1996 1753 2032 μὴ
1769 1996 1818 2032 ζη-

1026 2038 1126 2075 λώσῃς.
1141 2038 1178 2065 Τὸ
1195 2039 1248 2074 γὰρ
1261 2038 1386 2076 λαμπρὸν
1402 2040 1482 2075 δῆθεν
1498 2040 1586 2067 αὐτῶν
1603 2041 1649 2068 καὶ
1666 2042 1818 2077 ἀπατηλὸν,

1029 2081 1108 2118 μέχρι
1128 2082 1223 2109 τούτου
1239 2079 1288 2110 τοῦ
1306 2083 1372 2119 βίου,
1389 2085 1436 2111 καὶ
1451 2084 1591 2112 σϐέννυται
1605 2085 1734 2122 τελευτῇ·
1751 2086 1818 2113 πολι

1025 2127 1103 2159 λάκις
1118 2128 1146 2155 δὲ
1168 2129 1214 2155 καὶ
1226 2129 1266 2155 ἔτι
1279 2129 1388 2161 ζώντων
1402 2130 1611 2166 διελεγχθέντων
1626 2131 1754 2166 ἐσϐέσθη.

885 2185 1000 2215 CAPUT
1022 2185 1106 2212 XXX.

219 2235 299 2262 Vers.
316 2234 342 2260 7.
357 2234 419 2262 llaec
434 2233 475 2262 vel
489 2234 596 2268 sapiens
613 2233 662 2268 Ipsi
679 2233 818 2269 sapientia:
836 2233 912 2266 dicit,
930 2234 969 2261 vel

1059 2233 1104 2260 Στ.
1121 2233 1153 2265 ζ’.
1176 2233 1204 2260 '0
1224 2231 1304 2268 σοφὸς
1323 2233 1408 2260 ταῦτα
1429 2235 1463 2270 τῇ
1485 2233 1565 2270 σοφίᾳ
1583 2234 1679 2269 φησὶν,
1696 2234 1713 2271 ἢ
1734 2236 1749 2261 ὁ
1769 2235 1818 2262 τοῦ

180 2281 280 2308 Cltristi
297 2288 392 2307 servus
415 2280 537 2307 Domino.
554 2279 589 2306 At
603 2279 655 2306 duo
668 2280 770 2311 dicens,
790 2279 866 2314 plura
891 2279 968 2314 petit.

181 2325 234 2353 Sed
256 2333 315 2360 quae
337 2325 444 2352 videtur
470 2325 556 2358 prima
586 2324 748 2358 postulatio,
776 2332 808 2351 ea
829 2325 969 2351 exordium

180 2371 270 2406 potius
298 2371 449 2406 postulandi
471 2376 530 2403 est;
554 2375 615 2398 erat
637 2371 708 2397 enim
733 2370 878 2404 impetrare
899 2369 969 2404 quod

180 2418 257 2454 petit,
281 2417 394 2444 dicens:
415 2416 453 2443 Ne
481 2416 549 2443 meis
579 2416 703 2451 precibus
732 2422 812 2442 aures
835 2415 969 2446 obstrttas,

179 2463 227 2491 sed
240 2462 352 2497 gratiam
366 2461 555 2499 largire..Post
568 2468 639 2495 qum,
653 2460 769 2494 primum
780 2459 871 2486 subdit
884 2465 972 2494 postu-

180 2507 264 2535 latum
293 2506 421 2533 :Vanutn
449 2513 602 2533 sermonem
636 2505 787 2539 falsamque
810 2506 970 2532 sententiam

180 2552 274 2589 procul
293 2560 336 2580 me
351 2551 429 2586 pelle,
451 2559 484 2578 ne
507 2551 549 2578 Itis
564 2555 650 2582 satur,
671 2549 785 2577 mendax
803 2550 875 2577 fiant.
892 2551 971 2578 Salu-

181 2601 248 2627 ritas
261 2598 415 2633 superbiam
437 2603 510 2624 creat
528 2597 645 2630 facitque
660 2600 689 2622 ιιι
706 2596 788 2623 ltonto
803 2595 970 2629 superiorem

180 2653 208 2672 se
231 2643 487 2679 reprehensionibus
514 2647 598 2676 putet,
617 2642 699 2669 verbo
720 2646 747 2668 et
775 2649 857 2675 opere
881 2641 972 2668 inson—

180 2696 244 2719 tem.
262 2691 327 2718 Nam
343 2691 434 2721 verba,
451 2690 516 2723 Quis
535 2697 576 2716 tne
592 2689 678 2716 videt?
696 2689 761 2715 dicit
776 2696 835 2722 pro.
852 2687 918 2721 Quis
930 2697 972 2715 tne

181 2737 376 2771 reprehendet?
392 2736 431 2764 Ne
456 2736 524 2763 forte
542 2735 675 2770 sapientia
693 2734 797 2769 plenus,
821 2734 971 2769 incompre-

182 2782 322 2809 hensibilis
334 2782 393 2809 aliis
405 2782 510 2808 videar:
522 2781 564 2808 vel
586 2781 666 2808 etiattt
679 2779 794 2806 mendax
813 2786 970 2814 appaream,

183 2827 323 2860 superiora
340 2828 436 2853 ltortttn
458 2827 546 2860 captui
564 2827 688 2861 loquens.

221 2870 296 2899 ‘t'ers.
317 2871 360 2898 15.
380 2871 481 2898 Ilirudo
497 2871 523 2898 itt
552 2871 674 2899 dulcibus
693 2870 770 2905 aquis
785 2869 919 2902 nascitur,
938 2870 971 2897 de

1022 2276 1141 2312 Χριστοῦ
1152 2277 1243 2309 δοῦλος
1258 2277 1296 2312 τῷ
1305 2278 1409 2313 Κυρίῳ.
1420 2278 1472 2304 Δύο
1485 2278 1514 2305 δὲ
1529 2279 1619 2314 φήσας
1629 2301 1635 2311 ,
1650 2279 1715 2314 περὶ
1727 2280 1820 2306 πλειό-

1022 2331 1074 2349 νων
1100 2323 1184 2349 αίτεῖ·
1217 2322 1284 2349 ἀλλὰ
1315 2323 1344 2350 τὸ
1373 2323 1468 2350 δοκοῦν
1493 2323 1601 2359 πρῶτον
1623 2325 1819 2360 προαιτητικόν

1022 2369 1080 2394 ἐστι
1106 2368 1153 2394 τοῦ
1176 2369 1270 2403 τυχεῖν
1291 2365 1328 2395 ὧν
1351 2370 1423 2396 αἰτεῖ
1446 2369 1588 2403 λέγοντος·
1609 2370 1655 2405 Μή
1676 2379 1727 2405 μου
1747 2379 1819 2406 παρ-

1022 2414 1150 2450 αχούσῃς,
1164 2414 1232 2440 ἀλλὰ
1246 2414 1318 2440 δίδου
1332 2414 1381 2450 τὴν
1394 2415 1473 2449 χάριν
1483 2423 1490 2430 ’
1508 2415 1551 2449 ἐφ’
1562 2411 1584 2449 ᾧ
1599 2415 1630 2441 τὸ
1643 2415 1753 2451 πρῶτον
1767 2417 1819 2442 επ-

1023 2458 1124 2493 ήγαγεν
1137 2457 1199 2494 αῖτη
1205 2466 1257 2493 μα·
1268 2457 1388 2485 Μάταιον
1404 2458 1481 2492 λόγον
1490 2479 1496 2489 ,
1514 2459 1563 2494 τὴν
1575 2459 1749 2495 ψευδώνυμον
1766 2469 1820 2496 μα-

1023 2504 1092 2539 κράν
1111 2511 1162 2538 μου
1185 2504 1309 2539 ποίησον,
1323 2504 1368 2531 ἴνα
1391 2505 1427 2539 μὴ
1450 2504 1591 2540 πλησθεὶς,
1609 2505 1710 2540 ψευδὴς
1731 2505 1820 2539 γένω-

1024 2558 1084 2584 μαι.
1105 2549 1134 2576 Ὀ
1149 2549 1229 2586 κόρος
1245 2549 1432 2585 ὑπερηφανίαν
1446 2551 1528 2582 ποιεῖ,
1545 2551 1592 2577 καὶ
1604 2551 1733 2579 τὸ”δοκείν
1745 2552 1819 2586 ὑπὲρ

1023 2595 1134 2631 ἔλεγχον
1147 2594 1233 2622 εἶναι·
1248 2596 1320 2631 λόγῳ
1338 2596 1385 2623 καὶ
1405 2595 1478 2632 ἔργῳ
1496 2596 1533 2627 ὡς
1553 2597 1756 2633 ἀναμάρτητον.
1780 2598 1819 2624 Τὸ

1022 2641 1086 2677 γὰρ,
1100 2642 1149 2673 Τίς
1168 2650 1201 2677 με
1217 2642 1279 2678 ὁρᾷ,
1295 2642 1354 2668 ἀντὶ
1367 2641 1425 2674 τοῦ,
1448 2642 1579 2678 Ἐλέγχει,
1597 2643 1693 2679 φησιν·
1713 2643 1756 2669 ἵνα
1778 2644 1818 2679 μὴ

1024 2687 1154 2723 πλησθεὶς
1167 2688 1272 2722 σοφίας,
1286 2687 1478 2722 ἀκατάληπτος
1486 2686 1556 2714 εἴναι
1568 2688 1636 2721 δόξω
1647 2690 1701 2721 τοῖς
1712 2689 1816 2722 ἄλλοις,

1023 2733 1039 2769 ἦ
1051 2734 1099 2760 καὶ
1111 2733 1230 2768 ψεύστης
1241 2733 1308 2765 δόξω
1318 2734 1352 2760 τὰ
1366 2733 1437 2768 ὑπὲρ
1449 2734 1560 2766 τούτους
1572 2734 1669 2761 λαλῶν.

1062 2868 1106 2894 ΣτΔ
1128 2870 1168 2896 ιε’.
1187 2867 1217 2893 'II
1229 2867 1323 2902 βδέλλα
1333 2866 1454 2894 τίκτεται
1465 2867 1514 2902 μὲν
1527 2867 1555 2894 ἐν
1567 2867 1623 2899 τοῖς
1633 2867 1745 2902 γλυκέσι
1752 2868 1821 2902 τῶν,
