1923 3071
125 155 188 183 ιειι

688 154 904 183 FRAGMENTA
926 156 958 183 IN
981 156 1188 185 PROVERBIA.

1687 161 1757 188 16ὶῖ

123 213 242 254 ὑδάτων,
266 211 462 247 σκωληκοειδὲς
483 209 553 238 οὖσαν
570 220 595 238 τι
615 211 700 244 ζῶον·
731 213 857 249 λειοτὰτη
885 214 913 240 δέ

968 216 1054 249 specie
1077 216 1209 243 vermium
1237 215 1348 248 animal,
1370 215 1512 243 lmvissima
1530 217 1623 250 lactui,
1642 225 1701 252 qua:
1722 218 1756 245 iis

121 262 178 288 ἐστι
192 261 226 296 τῇ
237 261 303 295 ἀφῇ,
316 260 377 294 ἥτις
390 259 446 290 τοῖς
460 258 555 294 χανδδν
568 259 614 285 τοῦ
632 259 728 292 ὓδατος
740 261 915 296 μεταλαμϐά-

120 314 195 333 νουσι
204 326 211 338 ,
225 304 375 338 λεληθότως
388 303 581 338 ὑπεισέρχεται
593 305 626 340 τῇ
640 304 758 340 λειότητι
770 314 776 320 ·
793 304 854 332 εἶτα
871 315 915 332 πε-

122 351 284 388 ριπλακεῖσα
294 350 366 376 ἔνδον
379 350 432 376 τινὶ
443 349 496 376 τῶν
511 350 624 386 μορίων,
637 351 668 377 οὐ
681 352 813 388 πρότερον
827 353 914 388 ἀπορ-

122 398 264 433 ῥήγνυται,
281 396 333 427 ἓως
347 395 380 422 ἂν
396 396 428 431 τῇ
446 396 557 422 ἐκπόσει
572 396 619 422 τοῦ
635 397 751 432 αἵματος
765 398 914 434 ἀποκτείνῃ

119 444 165 469 τὸν
173 442 316 477 ἄνθρωπον
325 450 331 457 ·
343 442 496 477 αἱμοπότης
506 441 560 477 γάρ
572 442 639 474 ἐστι¹
656 443 703 469 καὶ
717 443 841 469 ἐντεῦθεν
854 444 915 479 τρέ-

121 497 201 523 φεται
220 489 267 515 καὶ
285 487 407 520 αὒξεται,
423 487 516 524 Ταύτῃ
533 487 581 514 νῦν
600 488 693 514 εἴκασε
710 489 757 515 τὸν
780 488 913 518 διάϐολον.

119 537 193 568 ὅστις
209 535 255 570 βίᾳ
267 533 323 560 τῶν
337 533 488 569 ἀνθρώπων
503 535 617 570 κρατεῖν
625 535 655 560 οὐ
669 534 828 569 δυνάμενος·
843 538 914 571 τρισὶ

121 582 175 618 γὰρ
185 581 318 617 κέχρηται
332 579 448 615 μάλιστα
459 581 520 607 κατ’
531 580 621 606 αὐτῶν
632 580 738 617 ὁρμητη
745 581 821 616 ρίοις,
832 581 914 616 ῆδων,

120 627 234 661 θέλγων,
251 625 374 657 ἀπατῶν,
391 625 438 652 καὶ
454 625 499 652 διὰ
515 625 596 652 τοῦτο
612 627 682 653 κατὰ
698 627 794 662 μικρὸν
809 626 915 662 λεληθό-

120 679 175 702 τως
191 671 289 703 αὐτοὺς
308 671 428 706 ἀναιρῶν
440 679 448 687 ο
465 671 574 706 πρῶτον
592 671 641 706 μὲν
664 672 718 707 γὰρ
733 673 831 704 αὐτοὺς
854 674 915 705 ταῖς

120 717 170 751 τῆς
183 717 355 751 ψευδοδοξίας
370 717 438 747 ὁδοῖς
453 717 545 751 ἐνάγει
559 717 626 752 πρὸς
639 718 788 749 ἀπώλειαν,
802 719 870 754 ὅπερ
881 718 913 755 δὴ

121 763 167 788 καὶ
179 762 245 798 ᾅδην
259 763 347 794 καλεῖ,
357 762 396 798 τῷ
410 762 482 789 τέλει
494 763 544 798 τῆς
558 763 636 798 δίκης
647 763 753 795 δεικνὺς
764 764 812 799 τῆς
825 764 914 799 ἁμαρ-

120 811 180 841 τίας
195 809 231 837 ,τὸ
249 810 378 844 μέγεθος·
394 809 488 836 ἔπειτα
506 810 676 845 περιϐάλλων
698 812 730 846 τῇ
749 811 799 845 τῆς
813 811 913 837 ἀκολα-

122 855 182 886 σίας
193 855 355 890 ἡδυπαθείᾳ,
368 855 420 890 ὃδὴ
435 856 481 882 καὶ
493 855 582 891 ἔρωτα
595 856 673 882 καλεί
681 856 828 891 γυναικῶν.
851 857 914 883 Ἐπὶ

966 263 1011 296 qui
1030 269 1126 297 aquam
1142 270 1189 290 ore
1202 263 1292 297 patttlo
1311 263 1433 296 ebibunt,
1447 263 1560 290 latenter
1575 264 1610 291 ob
1624 271 1700 292 suam
1714 264 1756 292 he-

966 309 1074 335 vitatem
1102 309 1173 335 subit
1200 318 1206 335 :
1234 309 1331 336 deimle
1352 309 1418 343 parti
1445 309 1525 337 alicui
1543 309 1665 337 interiori
1691 311 1755 339 insi-

966 359 1056 386 nuata,
1074 354 1145 381 haud
1159 360 1221 381 ante
1233 355 1404 389 dirumpitur,
1423 363 1503 390 quam
1527 355 1685 391 sanguinein
1702 356 1757 384 ebi-

966 400 1053 427 bendo
1064 400 1200 427 hominem
1214 399 1391 427 interemerit.
1407 399 1456 427 Est
1480 401 1552 427 enitn
1578 401 1754 436 sanguisuga,

964 449 992 471 ct
1003 445 1064 473 inde
1075 445 1154 472 alitur
1161 451 1242 480 atque
1253 444 1360 472 crescit.
1371 444 1438 472 lluic
1450 453 1521 473 nttnc
1533 445 1668 473 diabolum
1681 454 1755 475 com-

966 496 1053 524 parat,
1080 491 1127 525 qui
1151 498 1212 518 cum
1235 490 1260 518 vi
1284 495 1400 525 nequeat
1419 490 1573 519 horninibus
1593 491 1686 526 poliri.
1707 493 1756 520 tri-

966 539 1014 563 bns
1035 536 1205 571 potissimum
1219 535 1303 562 utitur
1319 537 1449 564 adversus
1463 545 1511 565 eos
1534 538 1746 570 incursionibus,

968 581 1117 621 voluptate,
1147 580 1345 614 delenimento,
1380 582 1463 616 dolo,
1494 587 1575 617 atque
1606 585 1642 610 ita
1675 584 1756 618 pede-

966 626 1059 654 lentim
1088 627 1257 662 latenterque
1286 627 1358 662 ipsos
1373 629 1520 662 perimcns,
1543 629 1630 664 primo
1646 629 1756 664 quidem

964 680 1013 707 per
1031 672 1090 699 falsi
1102 673 1233 708 dogmatis
1249 673 1308 702 vias
1328 674 1401 701 ducit
1415 675 1448 701 ad
1467 674 1659 709 perditionem,
1675 684 1756 710 quam

965 717 1101 746 infernum
1129 724 1206 746 vocat
1221 728 1229 747 :
1247 719 1306 754 ipso
1322 720 1447 748 vindicta:
1461 721 1526 754 ﬁne,
1544 722 1757 757 magnitudinem

966 764 1072 798 peccati
1103 764 1303 792 demonstrans.
1336 765 1436 793 Deinde
1471 766 1585 793 luxuriae
1612 767 1755 794 dulcedine

964 809 1065 842 obrttit,
1091 817 1172 843 quem
1198 809 1341 836 mulierum
1370 818 1489 838 amoretn
1512 812 1639 846 appellat.
1661 811 1758 840 Postea

968 855 1087 888 pecunia:
1111 862 1205 881 amore
1227 862 1275 881 seu
1301 857 1427 888 avaritia,
1455 864 1536 891 quam
1561 858 1642 884 etiam
1659 863 1757 886 terram

120 901 225 931 τούτοις
240 900 416 936 φιλαργυρίᾳ,
433 901 492 935 ἢτοι
507 900 660 936 πλεονεξίᾳ,
676 901 744 936 ὅπερ
755 901 786 937 δὴ
801 901 847 927 καὶ
863 902 913 936 γῆν

968 908 1034 934 aqua
1059 908 1199 935 nunquam
1224 907 1373 929 saturatam
1393 903 1475 937 dicit;
1504 912 1622 939 namque.
1641 912 1756 933 arenosa

119 947 169 972 οὐκ
184 946 393 981 ὲμπιπλαμένην
410 946 505 977 ὓδατος
521 945 573 981 ἔφη
584 955 590 961 ·
609 947 720 982 τοιαύτη
737 946 791 982 γὰρ
809 948 825 982 ἡ
840 947 914 982 ψαμ-

123 991 213 1026 μώδης
231 992 380 1026 ἄπληστος.
399 991 492 1018 Ταῦτα
506 992 596 1019 τοίνυν
611 992 664 1018 εἰσὶ
679 993 714 1018 τὰ
733 992 818 1028 πάθη,
836 992 915 1019 ἀτινα

122 1037 264 1072 ἐξεύρηται
277 1037 316 1073 τῷ
333 1038 442 1073 πονηρῷ
457 1038 525 1073 πρὸς
539 1037 588 1073 τὴν
609 1038 663 1064 τῶν
690 1038 842 1074 ἀνθρώπων
863 1039 914 1065 ἀπ-

121 1083 228 1115 ώλειαν,
246 1083 316 1118 ἅπερ
327 1084 413 1115 οὕτως
422 1084 493 1117 φιλεῖ
507 1082 555 1110 καὶ
569 1083 686 1118 στέργει,
699 1084 736 1116 ὡς
751 1084 783 1110 ειν
799 1084 912 1118 θυγατέ-

124 1138 172 1165 ρας
187 1130 264 1160 ίδίας.
285 1130 322 1156 Τὸ
342 1130 470 1166 τέταρτον
484 1130 513 1156 δὲ
529 1129 607 1156 καλεῖ
623 1130 673 1164 τὴν
691 1129 795 1156 τούτων
818 1129 914 1165 τριϐὴν

123 1176 170 1202 καὶ
186 1175 330 1211 συνήθειαν
341 1183 347 1190 ·
363 1176 423 1202 οὐδὲ
440 1175 494 1211 γὰρ
511 1175 525 1201 ὁ
539 1175 607 1210 πρὸς
620 1174 693 1207 ἅπαξ
705 1175 913 1210 ψευδοδοξήσας,

121 1221 137 1256 ἢ
155 1220 318 1255 πορνεύσας,
338 1220 354 1255 ἢ
369 1219 541 1255 ἐπιθυμήσας
555 1220 604 1246 τοῦ
619 1220 752 1253 πλείονος,
769 1219 849 1252 εὐθὺς
864 1221 915 1246 ὐπ-

120 1266 202 1292 έπεσε
217 1267 273 1297 τοῖς
287 1265 458 1300 παθήμασιν,
472 1264 532 1291 ἀλλ’
542 1266 556 1291 ό
570 1266 603 1300 τῇ
618 1265 748 1300 συνηθείᾳ
761 1264 852 1291 λοιπὸν
867 1265 914 1291 καὶ

120 1313 170 1348 τὴν
198 1312 324 1347 αἴσθησιν
354 1310 495 1346 ἡττηθείς·
514 1310 652 1342 τοιούτους
681 1311 735 1346 γὰρ
764 1310 798 1338 ἂν
824 1311 913 1346 εὕροις

120 1360 182 1390 τοὺς
197 1360 258 1390 ταῖς
274 1357 458 1392 ψευδοδοξίαις
473 1357 702 1392 ὲντεθαμμένους,
721 1357 849 1384 οὐδέποτε
867 1357 914 1383 κό-

122 1414 167 1441 ρον
184 1405 385 1440 λαμϐάνοντας,
401 1403 459 1430 ἀλλ’
472 1403 515 1430 ἀεὶ
528 1403 766 1438 προεπιτείνοντας
780 1403 814 1430 τὰ
829 1403 913 1438 πάθη,

120 1451 157 1483 ὡς
169 1452 215 1478 καὶ
227 1451 336 1486 ἐτέρους
356 1450 403 1476 ἐπὶ
416 1449 502 1476 ταῦτα
520 1449 734 1485 προτρέπεσθαι.
750 1450 855 1484 Ὥσπερ
868 1447 915 1476 οὖν

123 1498 168 1523 καὶ
188 1497 258 1532 ὕδωρ
280 1497 326 1523 καὶ
345 1496 400 1532 πῦρ
416 1497 449 1532 τῇ
476 1496 593 1532 χορηγίᾳ.
615 1495 669 1522 τῶν
691 1495 853 1531 προσφόρων
884 1495 914 1521 οὐ

122 1541 254 1574 παύεται,
277 1540 338 1567 οὐδὲ
360 1540 450 1575 λέγει,
474 1541 584 1576 Ἀρκεῖ,
600 1540 668 1567 ἀλλὰ
694 1540 793 1576 μᾶλλον
813 1540 914 1567 ἐπαῦον

121 1588 235 1622 γίνεται·
248 1587 278 1613 τό
291 1595 320 1613 τε
332 1586 402 1622 ὕδωρ
415 1587 448 1622 τῇ
466 1587 581 1622 ἐπιρροῇ
601 1586 646 1613 τοῦ
661 1586 757 1618 ὕδατος
782 1587 812 1613 οὺ
825 1586 914 1622 λήγει,

123 1632 180 1658 ἀλλ’
203 1631 316 1664 αὒξεται
327 1640 334 1646 -
359 1631 377 1658 ἃ.
394 1631 441 1658 καὶ
466 1631 497 1657 σὺ
508 1651 516 1663 ,
532 1631 625 1666 φησὶν,
643 1628 665 1658 ὦ
680 1633 744 1664 παῖ,
761 1631 913 1666 γινώσκων,

122 1678 225 1713 ἀπέχου
239 1677 352 1711 τούτων,
369 1678 413 1704 ἴνα
427 1677 464 1714 μὴ
476 1677 561 1715 λάθῃς
577 1678 647 1705 κατὰ
663 1678 749 1714 βραχὺ
759 1699 766 1710 ,
788 1679 915 1715 καθάπερ

122 1725 219 1760 βδέλλῃ
230 1724 365 1761 λειοτάτῃ,
383 1725 415 1760 τῇ
435 1724 514 1760 ἡδονῇ
527 1724 572 1751 τὸν
588 1724 645 1760 βίον
661 1724 882 1761 ἀποσυλώμενος.

157 1781 201 1807 Στ.
223 1781 265 1813 ιϐ’,
285 1784 320 1807 κ’.
343 1781 418 1816 Ἴχνη
436 1780 515 1807 ἀετοῦ
539 1781 705 1816 πετομένου,
731 1782 747 1817 ἡ
770 1781 816 1808 τοῦ
833 1782 915 1817 σοφοῦ

121 1826 205 1862 ψυχὴ,
221 1827 249 1862 ἢ.
261 1827 341 1861 σοφὸς
357 1825 434 1858 οὖσα,
454 1826 593 1859 ἀδυνάτως
613 1827 670 1863 ἔχει
685 1828 753 1863 πρὸς
770 1828 799 1855 τδ
817 1828 915 1863 γνῶναι

122 1873 167 1906 ἀφ’
184 1872 284 1906 ἑαυτῆς
297 1873 331 1899 τὰ
345 1872 392 1898 τοῦ
412 1873 507 1908 νοητοῦ
519 1872 598 1899 ἀετοῦ
612 1874 776 1908 πετάσματα
785 1882 791 1889 ·
809 1875 873 1909 περὶ
885 1872 915 1901 οὗ

122 1917 290 1952 γέγραπται·
310 1918 400 1948 Ἀετὸς
415 1918 429 1942 ὁ
446 1917 533 1952 μέγας
548 1918 594 1943 καὶ
608 1919 622 1944 ὁ
638 1919 745 1954 μακρὸς
759 1920 792 1954 τῇ
805 1919 914 1945 ἐκτάσει

122 1964 170 1991 καί
185 1964 291 2000 πλήρης
313 1963 431 1998 ὀνύχων,
446 1964 496 1990 οὐκ.
515 1963 585 1998 ἔχων
603 1964 676 1999 ἴχνος
694 1965 744 1999 τῆς
764 1965 916 2000 παρουσίας

122 2009 168 2036 τοῦ
188 2009 322 2041 διαϐόλου,
345 2011 369 2036 εἰ
387 2009 434 2036 καὶ
455 2010 578 2045 προέπτη
599 2019 644 2045 μοι
664 2010 745 2037 πόθεν
767 2011 817 2037 οὐκ
839 2010 913 2037 οἴδα·

122 2056 291 2087 ἐκκλίνοντος
307 2056 361 2092 γὰρ
386 2057 433 2083 ἀπ’
456 2055 523 2091 ἐμοῦ
542 2056 588 2083 τοῦ
606 2056 738 2092 πονηροῦ,
755 2057 805 2084 οὐκ
820 2057 916 2091 ἐγίνω-

123 2111 206 2134 σκον,
224 2102 262 2137 τῷ
285 2103 322 2138 μὴ
345 2102 418 2138 ἔχειν
437 2112 470 2138 με
491 2103 559 2137 πρὸς
582 2103 664 2130 αὐτὸν
684 2102 775 2129 πόθον.
798 2102 915 2138 Τοιαύτη

120 2149 181 2179 ὁδὸς
196 2148 359 2184 μοιχαλίδος,
380 2149 396 2183 ἡ
417 2148 596 2183 νενοθευμένη
612 2148 782 2174 διδασκαλία.

159 2195 205 2220 Στ.
224 2193 276 2220 κδ’.
294 2195 323 2220 ’0
337 2193 367 2225 ἐξ
379 2192 464 2220 ἐθνῶν
476 2193 549 2226 λαὸς,
561 2193 653 2225 δοῦλος
666 2193 705 2220 ὢν
720 2193 768 2228 τῆς
779 2194 916 2229 ἁμαρτίας

966 951 1049 979 certe,
1063 947 1223 974 insatiabilis
1235 953 1287 975 est.
1300 947 1435 981 llaeigitur
1445 949 1586 983 passiones
1597 954 1672 980 sunt.
1688 957 1758 984 quas

971 992 1106 1026 malignus
1113 993 1144 1019 ad
1154 992 1292 1019 hominum
1300 993 1446 1027 perniciem
1454 993 1627 1029 excogitavit;
1637 1001 1759 1028 quasque

966 1038 1023 1073 ipse
1035 1039 1105 1066 haud
1114 1046 1192 1066 secus
1213 1039 1299 1073 diligit
1311 1039 1436 1074 fovetque
1450 1047 1531 1074 quant
1543 1040 1666 1074 proprias
1678 1039 1757 1067 tilias.

966 1084 1097 1117 Quartum
1105 1084 1180 1117 dicit,
1193 1085 1286 1112 horum
1298 1089 1404 1112 actuum
1415 1083 1594 1119 frequentiam
1607 1090 1759 1113 etconsuc-

966 1131 1087 1157 tudinem
1103 1140 1109 1157 τ
1126 1138 1212 1164 neqtte
1227 1131 1298 1157 enim
1316 1130 1360 1164 qui
1378 1130 1461 1158 semel
1474 1138 1584 1165 pravam
1595 1131 1758 1159 sententiam

965 1177 1096 1211 suscepit,
1130 1183 1177 1203 ant
1195 1181 1328 1203 sc0rtatus
1349 1181 1390 1203 est
1406 1195 1413 1208 ,
1439 1182 1485 1203 aut
1502 1177 1578 1212 plura
1594 1177 1757 1212 concupivit,

965 1222 1055 1249 subito
1081 1222 1176 1248 incidit
1200 1222 1226 1248 in
1249 1221 1298 1249 has
1319 1222 1471 1257 passiones,
1492 1222 1538 1250 sed
1559 1223 1758 1250 consuetudine

965 1268 1053 1303 potius
1069 1275 1097 1294 et
1111 1275 1193 1295 scnsu
1208 1267 1304 1294 vietus.
1328 1267 1408 1295 Tales
1443 1268 1594 1303 comperies
1611 1269 1656 1303 qui
1682 1268 1758 1296 falsis

965 1312 1137 1347 opinionibus
1164 1316 1226 1338 sunt
1253 1311 1353 1344 obruti,
1384 1320 1521 1347 nunquam
1543 1313 1649 1340 scilicet
1666 1313 1752 1341 satie-

966 1363 1019 1385 tate
1038 1366 1130 1385 earum
1147 1358 1217 1392 capi,
1239 1358 1286 1384 sed
1307 1357 1449 1392 passiones
1464 1366 1526 1385 suas
1548 1358 1630 1386 latius
1649 1367 1758 1394 semper

966 1404 1095 1440 proferre,
1122 1404 1148 1430 in
1170 1408 1273 1430 tantum
1301 1408 1331 1430 ut
1357 1403 1424 1431 alios
1451 1411 1559 1438 quoque
1586 1405 1620 1431 ad
1645 1405 1755 1432 easdem

967 1451 1118 1477 hortentur.
1143 1449 1221 1477 Velut
1237 1456 1307 1484 aqua
1321 1453 1348 1476 et
1362 1448 1433 1483 ignis
1447 1449 1618 1484 suppeditata
1642 1450 1755 1477 materia

965 1503 1083 1530 congrua
1107 1501 1159 1521 non
1180 1493 1319 1525 desinunt,
1337 1500 1426 1528 neque
1453 1492 1555 1526 dicunt,
1577 1492 1691 1526 Sullieit,
1709 1495 1756 1521 sed

968 1542 1165 1568 incrementum
1189 1540 1278 1576 potitus
1301 1539 1454 1575 accipiunt;
1483 1540 1600 1574 itemque
1621 1547 1689 1575 aqua
1713 1541 1755 1567 in-

967 1586 1038 1613 lluxn
1072 1594 1148 1621 aqum
1176 1594 1228 1613 non
1258 1587 1389 1620 subsidet,
1416 1587 1463 1613 sed
1491 1591 1613 1622 augetur.
1643 1586 1708 1626 Qua:
1728 1592 1755 1614 tu

966 1640 1141 1667 cognoscens,
1158 1640 1174 1660 ο
1191 1640 1267 1667 puer.
1281 1632 1370 1659 abhis
1387 1632 1502 1665 abstine,
1519 1640 1551 1660 ne
1563 1632 1676 1666 inscius,
1691 1641 1756 1668 pan-

967 1679 1040 1706 latitn
1054 1685 1180 1714 tanquam
1196 1678 1358 1706 mollissima:
1371 1677 1500 1710 hirudini,
1513 1677 1645 1713 voluptati
1659 1679 1749 1713 praeda

967 1725 1026 1751 tias.

1001 1781 1078 1808 νει-ς.
1098 1780 1141 1812 19,
1156 1780 1201 1807 ‘20.
1226 1780 1343 1815 Vestigia
1368 1771 1464 1815 aquilae
1495 1780 1611 1807 volantis
1628 1780 1758 1815 sapientis

966 1831 1007 1853 est
1023 1827 1121 1859 anima,
1142 1833 1215 1860 qutc,
1234 1825 1285 1852 etsi
1310 1825 1430 1859 sapiens,
1448 1829 1567 1852 attamen
1593 1825 1662 1852 haud
1688 1826 1758 1860 potis

967 1877 1008 1898 cst
1024 1871 1219 1906 cognoscendis
1238 1878 1285 1904 per
1301 1878 1330 1897 se
1346 1870 1431 1904 ipsam
1451 1870 1641 1897 intellectualis
1655 1870 1752 1904 aquilae

966 1917 1107 1944 volatibus.
1127 1915 1164 1943 De
1181 1923 1233 1950 qua
1260 1916 1389 1949 scriptum
1416 1920 1476 1942 est:
1496 1914 1591 1949 Aquila
1617 1922 1713 1948 magna
1729 1920 1758 1942 et

966 1962 1112 1997 prwlonga,
1138 1962 1216 1995 plena
1239 1961 1382 1996 unguibus,
1410 1968 1464 1987 tton
1491 1961 1593 1988 habens
1616 1960 1756 1995 vestigium

967 2009 1116 2044 praesentiae
1133 2008 1243 2039 diaboli,
1258 2013 1346 2034 utrttm
1373 2008 1406 2035 ad
1432 2015 1474 2034 nte
1499 2007 1622 2034 alicunde
1645 2007 1755 2034 advola-

967 2054 1045 2086 verit,
1066 2053 1166 2080 nescio.
1191 2052 1257 2080 Nam
1280 2052 1431 2079 declinante
1446 2059 1461 2078 a
1482 2059 1525 2078 me
1547 2051 1675 2086 maligno,
1701 2060 1755 2079 non

966 2099 1058 2132 sensi,
1090 2099 1152 2134 quia
1180 2098 1282 2126 nullum
1309 2098 1366 2132 ejus
1394 2098 1459 2125 tnilti
1485 2095 1649 2125 desiderium
1675 2099 1754 2126 inest.

967 2145 1040 2172 Talis
1059 2150 1101 2172 est
1116 2145 1158 2172 via
1177 2144 1317 2176 adulterae,
1337 2151 1434 2178 nempe
1449 2144 1540 2178 spuria
1554 2143 1688 2171 doctrina.

1004 2190 1082 2219 Vcrs.
1096 2191 1141 2217 9‘2.
1164 2190 1279 2225 Populus
1301 2190 1427 2218 nimirum
1452 2190 1587 2223 ethnicus,
1611 2190 1657 2225 qui
1677 2195 1756 2217 antea

123 2241 171 2266 καί
186 2239 234 2266 τοῦ
256 2239 379 2265 διαϐόλου
402 2239 432 2265 τὸ
452 2239 602 2275 πρότερον·
627 2239 730 2271 οὕτως·
764 2240 823 2266 Ἐπ’
845 2239 913 2266 ἔθνει

970 2238 1072 2272 peccati
1088 2243 1114 2264 et
1127 2236 1225 2264 diaboli
1248 2244 1342 2264 servus
1362 2241 1430 2264 erat.
1456 2236 1502 2264 Sic
1525 2237 1590 2264 illud
1608 2246 1614 2264 :
1629 2236 1656 2263 In
1677 2243 1756 2272 gente

123 2285 245 2320 ἀσυνέτῳ
261 2284 406 2320 παροργιῶ
426 2285 515 2319 ὑμᾶς·
533 2285 597 2317 καὶ,
615 2285 727 2320 ’Ἄφρων
745 2284 850 2320 πλησθῇ
871 2293 912 2311 σι-

123 2331 188 2358 τίων
198 2331 253 2358 τῶν
264 2331 314 2366 τῆς
327 2331 400 2366 ζωῆς
410 2340 416 2346 ·
430 2331 488 2364 καὶ,
499 2331 609 2366 Μισητὴ
623 2331 702 2366 γυνὴ,
718 2331 731 2358 ὅ
740 2331 799 2357 ἐστι
815 2332 911 2370 πόρνη”

124 2377 210 2413 πόρνη
221 2378 275 2413 γὰρ
286 2375 320 2413 ἦν
335 2378 352 2413 ἡ
366 2377 395 2410 ἐξ
408 2376 491 2404 ἐθνῶν
510 2377 668 2412 Ἐκκλησία,
681 2377 770 2404 ὀπίσω
785 2377 853 2404 θεῶν
867 2377 915 2404 ἀλ-

124 2423 237 2458 λοτρίων
259 2423 446 2458 πορευομένη·
470 2423 517 2449 καὶ
536 2423 636 2454 οἰκέτις
654 2423 755 2458 ἐκϐάλῃ
780 2424 914 2458 τὴννὲαυ-

124 2469 172 2502 τῆς
190 2469 297 2504 κυρίαν,
317 2470 332 2504 ἡ
349 2468 403 2495 τῶν
418 2468 503 2495 ἐθνῶν
524 2468 672 2503 Ἐκκλησία
683 2469 732 2503 τὴν
748 2469 913 2504 Συναγωγὴν

123 2511 206 2540 οὖσαν
222 2514 336 2549 κυρίαν⁸
354 2513 457 2548 ταύτης
473 2513 527 2548 γὰρ
544 2515 558 2539 ὁ
571 2513 651 2548 νόμος
670 2513 717 2539 καὶ
733 2514 757 2540 οἱ
775 2514 914 2549 προφῆται

122 2558 180 2585 δέον
188 2559 332 2594 mih—Ti};
340 2559 515 2595 διανοητικῆς
525 2556 695 2594 ἐπισκέψεως
711 2559 791 2594 δούλη
809 2561 824 2595 ἡ
843 2560 914 2587 κατὰ

122 2604 154 2630 τὸ
165 2604 293 2640 γράμμα,
305 2606 337 2640 ἣν
352 2605 472 2632 Ἰουδαῖοι
486 2605 534 2640 μὲν
542 2604 579 2636 ὡς
589 2605 733 2632 δέσποιναν
745 2606 912 2641 προετίμων·

123 2650 158 2676 τ3ι
174 2650 202 2677 δὲ
220 2650 284 2685 ἔθνη
301 2651 542 2686 μεταλαμϐάνοντα
570 2651 600 2677 τὸ
626 2651 706 2686 ῥητὸν
730 2652 770 2683 εἰς
786 2652 816 2678 τὸ
833 2661 914 2678 πνευ-

125 2697 256 2730 ματικὸν,
268 2697 317 2733 τὴν
336 2698 372 2729 ὡς
390 2698 532 2725 δέσποιναν
556 2698 621 2733 παρ’
639 2698 753 2730 ἐκείνοις
777 2698 913 2731 ἐξέϐαλον,

125 2742 173 2777 τὴν
189 2742 346 2778 σωματικὴν
360 2741 408 2768 τοῦ
428 2742 510 2778 νόμου
526 2743 730 2779 παρατήρησιπι

159 2830 206 2856 Στ.
223 2833 275 2856 κε’.
291 2830 331 2856 Τὰ
351 2829 413 2866 ἔθνη
433 2831 530 2866 φησιν,
544 2829 585 2863 οἷς
602 2831 652 2858 οὐκ
668 2832 741 2858 ἔστιν
759 2833 851 2867 ἰσχὺς,
870 2833 916 2859 καὶ

127 2874 334 2912 θησαυρίζουσιν
349 2877 454 2908 ἑαυτοῖς
469 2876 502 2902 δι’
517 2877 605 2912 ἔργων
618 2877 727 2912 ἀγαθῶν
741 2879 790 2914 τὴν
807 2878 915 2906 αἰώνιον

242 2921 379 2952 ΡΑτιιοι..
400 2923 458 2954 Gtt.
484 2923 635 2953 XXXIX.

967 2283 1112 2317 insipiente
1137 2282 1250 2309 irritaho
1278 2290 1342 2315 vos;
1364 2287 1411 2309 et:
1442 2282 1564 2309 Stolidus
1587 2284 1755 2310 saturabitur

968 2330 1038 2357 escis
1062 2329 1140 2360 vitaz;
1163 2328 1341 2356 et:0dibilis
1365 2328 1478 2362 tnulier,
1503 2329 1527 2356 id
1551 2334 1592 2356 est
1615 2330 1753 2357 meretrix.

968 2375 1033 2408 Quae
1055 2375 1127 2403 enim
1152 2382 1223 2402 nunc
1246 2382 1279 2402 ex
1304 2374 1430 2410 gentibus
1453 2380 1496 2402 est
1516 2375 1645 2409 Ecclesia,
1658 2383 1690 2402 ca
1707 2376 1756 2404 fuit

968 2423 1032 2449 olitn
1052 2422 1192 2454 meretrix,
1212 2423 1324 2448 deorum
1341 2421 1491 2450 alienorum
1506 2423 1646 2450 sectatrix.
1664 2422 1697 2449 Et
1710 2431 1757 2450 an-

967 2469 1030 2496 cilla
1048 2469 1137 2503 ejicict
1151 2468 1286 2496 dominam
1300 2475 1377 2495 suam
1391 2477 1398 2502 ;
1415 2469 1536 2502 gentium
1551 2469 1684 2502 Ecclesia,
1703 2469 1756 2504 Sy-

969 2523 1098 2550 nagogatu
1114 2521 1173 2549 qua:
1189 2513 1296 2541 domina
1309 2519 1385 2547 erat;
1401 2515 1464 2542 huic
1482 2515 1553 2542 enim
1567 2515 1675 2543 obnoxii
1692 2520 1756 2542 sunt

968 2562 1009 2587 lex
1038 2566 1065 2587 et
1091 2562 1238 2595 prophetat.
1257 2576 1292 2581 —
1309 2561 1500 2588 intellectualis
1521 2561 1649 2589 doctrina:
1676 2569 1755 2589 serva

966 2612 1024 2634 erat
1039 2607 1081 2633 illa
1099 2615 1158 2641 qua:
1175 2609 1324 2634 secundum
1347 2607 1464 2634 litteram
1485 2613 1534 2639 cst,
1554 2615 1690 2642 quamque
1706 2607 1754 2635 Ju«

966 2653 1015 2680 dati
1040 2659 1069 2679 ut
1097 2653 1234 2680 dominatu
1257 2657 1335 2680 antea
1362 2654 1567 2680 reverebantur.
1597 2653 1632 2681 At
1654 2654 1754 2682 ethnici

967 2699 1105 2726 tnaterialc
1125 2699 1239 2727 verbum
1268 2700 1294 2727 itt
1316 2700 1438 2734 spiritale
1462 2705 1662 2733 convertentes,
1682 2701 1754 2728 illaut

967 2752 1025 2778 qum
1052 2745 1122 2779 apud
1150 2745 1224 2780 ipsos
1249 2745 1356 2773 domina
1384 2751 1444 2773 crat
1467 2746 1637 2782 expulerunt,
1658 2755 1755 2782 nempe

967 2791 1134 2825 corporalem
1152 2792 1218 2827 legis
1235 2792 1446 2819 observantiam.

1003 2835 1081 2863 Vers.
1096 2836 1142 2865 25.
1163 2837 1264 2864 Gentes
1278 2838 1352 2870 dicit.
1372 2839 1469 2873 quibus
1485 2848 1537 2868 non
1554 2846 1617 2868 sunt
1631 2841 1712 2873 vires,
1726 2847 1753 2868 et

970 2885 1058 2908 tamen
1072 2882 1122 2910 sibi
1139 2882 1324 2910 thesaurizant
1348 2885 1424 2912 bonis
1446 2885 1502 2913 suis
1523 2886 1650 2921 operibus
1668 2887 1748 2912 vita-.n

1558 2932 1598 2962 52
