1923 3071
180 132 250 160 1645

799 134 914 164 οιῡγδιι
938 135 1176 167 ALEXANDRINI

1738 144 1806 172 ιοιι

178 194 316 218 aeternam.
335 190 367 218 Et
381 189 582 226 elimrogryllii;
601 191 682 225 piscis
703 199 798 225 genus,
814 194 854 221 vel
867 195 957 231 lepore

1022 196 1104 232 ζωήν.
1116 197 1171 224 Καὶ
1182 198 1206 224 οἱ
1222 198 1418 234 χοιρογρύ).λιοι
1430 207 1435 214 ·
1451 195 1521 232 εἶδος
1534 199 1635 235 ίχθύος,
1651 201 1710 236 ἦτοι
1723 202 1747 229 οῑ
1761 202 1810 229 λα-

178 236 224 270 qui
242 236 410 270 appellantur
434 236 570 268 histrices,
592 236 618 263 id
639 240 681 263 est
703 237 804 265 ethnici
827 240 901 273 prius
924 241 967 268 iu-

180 280 259 314 lirmi,
275 281 308 306 ad
321 280 456 307 Christum
471 285 563 315 postea
580 281 778 316 c0nfugientes.
799 283 876 311 Petra
894 285 966 312 enim

179 324 375 359 cltmrogrylliis
394 324 549 359 confugium
565 330 616 358 est,
634 326 659 352 iu
679 326 777 361 quibus
796 329 905 364 degunt.
927 329 965 356 Tu

178 378 284 405 quoque
298 370 379 405 igitur
391 391 400 404 ,
419 371 518 406 inquit,
537 379 692 406 quanquam
710 373 846 400 inlirntum
860 383 890 403 es
908 377 967 404 ani-

179 416 241 448 mal,
256 416 373 450 confuge
388 417 421 443 ad
442 423 546 451 petram
567 425 638 444 vera:
669 418 740 452 fidei,
768 420 860 455 ibique
882 422 964 449 vitam

177 461 305 487 emenda.
336 459 469 495 Operibus
497 460 582 487 fretus
609 461 634 487 in
663 468 773 496 regnum
803 463 964 497 ingreditur.

177 504 267 540 Itaque
277 510 303 533 et
318 511 356 538 ιιι,
372 505 469 540 inquit,
492 513 525 533 ne
544 510 655 540 propter
683 506 744 534 fidei
768 507 964 540 ittﬁrntilalettt,

176 553 210 578 de
237 551 369 578 caelorum
399 558 481 585 regno
514 551 658 586 desperes;
678 552 724 579 sed
739 553 879 581 conlidens
903 561 966 588 pro-

178 595 364 630 missiouibus,
395 603 476 631 opera
499 597 650 631 aggredere
685 605 744 632 quae
767 598 832 626 illud
858 607 966 635 prome-

176 646 279 668 rentur.
311 640 367 668 Leo
390 640 535 674 Christus;
554 646 650 668 cuncta
667 642 737 669 enim
748 643 893 671 rationalia
911 651 966 678 prae

147 680 150 683 ’
175 686 361 721 illo,jumenta
375 690 445 713 sunt.
462 685 567 720 Moyses
579 686 650 712 enim
661 686 699 713 ait
712 695 718 713 :
735 687 807 721 «Ego
821 692 910 715 autem
923 689 967 716 itt-

174 730 234 758 fans
246 738 305 758 sum
323 731 354 757 ¹⁸.
371 740 381 757 ι
396 730 509 765 Propter
523 729 672 757 naturalem
685 730 864 765 alacritatem,
879 731 962 760 libere

175 776 298 803 incedere
312 776 420 802 dicitttr.

210 821 287 849 Vers.
305 822 349 849 51.
371 821 472 856 Nempe
485 821 529 849 ille
539 829 589 856 pro
600 821 720 857 peccatis
741 822 828 850 hostia
844 823 962 859 oblatus,

1021 242 1088 275 γωοὶ
1100 243 1129 283 poi.
1145 243 1307 278 καλούμενοι
1323 243 1437 279 οἴστροι,
1453 245 1488 271 τὰ
1506 245 1602 281 πρώην
1621 246 1720 282 ἀσθενῆ
1734 246 1808 283 ἔθνη.

1018 280 1210 322 καταφυγόντα.
1234 288 1304 324 πρὸς
1328 289 1373 316 τὸν
1389 280 1629 327 Χριστόν-πέτρα
1649 280 1828 326 ﬂexura."

1018 331 1093 367 φυγὴ
1107 334 1164 364 τοῖς
1180 334 1403 369 χοιρογρυλλίοις,
1420 335 1444 361 οἳ
1460 336 1624 371 ἐποιήσαντο
1641 338 1670 362 ὲν
1684 338 1806 373 πέτραις.

1017 378 1073 404 Καὶ
1090 378 1122 405 σὺ
1145 376 1207 411 οὖν,
1221 380 1298 414 φησὶ.
1316 380 1369 406 κᾶν
1384 380 1496 412 ἀσθενὲς
1518 380 1552 417 ᾖς
1576 382 1661 415 ζῶον,
1680 383 1807 411 ὲπιλαὸοὖ

1016 423 1066 458 τῆς
1087 423 1192 459 πέτρας
1211 424 1261 459 τῆς
1284 425 1401 460 ἀληθοῦς
1421 425 1550 458 πίστεως,
1572 428 1622 454 καὶ
1643 428 1710 462 πρὸς
1724 428 1807 465 αὐτὴν

1016 469 1062 495 τὸν
1075 468 1132 503 βίον
1143 469 1290 497 ὰπεύθυνε.
1304 471 1440 506 Πράξεσιν
1453 472 1623 507 ἐρειδόμενος
1638 473 1678 505 είς
1692 474 1741 510 τὴν
1758 475 1806 509 βα-

1017 513 1118 541 σιλείαν
1135 516 1298 552 είσέρχεται.
1317 517 1422 544 Οὐκοῦν
1439 517 1487 544 καὶ
1501 518 1551 551 σὺ,
1569 519 1648 554 φησὶ,
1665 520 1701 555 μὴ
1718 519 1761 546 διὰ
1773 521 1804 546 τὸ

1016 559 1129 592 ἀσθενὲς
1145 561 1196 595 τῆς
1213 562 1331 594 πίστεως
1345 563 1500 599 ἀπιστήσῃς
1513 565 1546 600 τῇ
1559 565 1614 591 τῶν
1629 565 1750 601 οὐρανῶν
1760 565 1805 601 βας

1017 603 1116 641 σιλείᾳ,
1134 605 1203 633 ἀλλὰ
1217 607 1354 634 πιστεύων
1369 609 1403 644 τῇ
1421 609 1485 644 περὶ
1501 609 1587 645 αὐτῆς
1602 611 1758 646 ὑποσχέσει,
1772 611 1805 638 τὲ

1015 650 1118 686 ταύτης
1130 652 1259 687 ποιητικὰ
1277 653 1408 689 μετέρχου
1424 654 1635 690 προστάγματα.
1650 656 1726 683 Λέων
1737 657 1806 692 Χρι-

1017 697 1077 728 στός
1092 705 1098 712 ·
1116 697 1204 725 πάντα
1218 698 1273 733 γὰρ
1286 698 1321 725 τὰ
1335 699 1431 733 λογικὰ
1443 699 1512 736 πρὸς
1527 701 1608 728 at)er
1622 702 1709 737 κτήνη
1734 702 1804 729 είσί’

1015 741 1137 778 Μωῡοῆς
1148 744 1202 780 γάρ
1219 752 1301 780 φησιν
1312 752 1335 770 ·‹
1347 744 1417 779 Ἐγὼ
1433 745 1462 771 δὲ
1475 745 1571 780 ἄλογός
1581 746 1618 781 (7)
1626 747 1691 782 ειμι.
1699 747 1749 774 »Τδ
1758 746 1806 783 τὴν

1015 789 1134 824 φυσικὴν
1151 789 1194 816 ὲνέ
1200 791 1514 826 ργειαν,ἀνεμποδίστως
1523 791 1672 819 διαϐαίνειν
1685 793 1805 828 λέγεται.

1050 835 1096 861 Στ.
1109 834 1165 861 λα’.
1190 835 1219 861 'U
1240 836 1311 872 ὑπὲρ
1330 836 1473 872 ἁμαρτιῶν
1490 837 1694 873 προσενεχθεὶς,
1714 840 1762 866 καὶ
1777 841 1805 866 ὲν

173 873 202 894 et
226 866 280 894 alte
303 867 442 900 incedens,
467 867 547 894 habet
571 875 714 902 sequacem
742 876 863 903 gregem.
882 869 959 898 «Cum

1017 878 1078 914 ὕψει
1099 880 1215 916 βαίνων,
1240 866 1300 917 ἔχει.
1323 866 1497 918 ἐρεπιομένην
1513 866 1804 920 ἀὺτῷᾚτὴνηᾶγέλην.

173 912 307 939 exaltatns
337 912 424 944 fuero,
445 912 541 947 inquit,
558 920 653 941 otnnes
667 914 699 941 ad
720 922 762 942 me
778 915 883 942 trahant
899 916 932 943 ιθ.
949 926 958 942 ι

173 956 265 997 (iullus
289 958 410 992 magistri
437 966 578 992 personam
597 960 678 992 gerit,
704 960 749 994 qui
764 961 921 994 ,doetrinam
936 963 962 990 in

173 1002 316 1030 animabus
335 1011 439 1037 serens,
465 1011 532 1031 voce
552 1005 642 1032 valida
663 1005 787 1033 diurnam
813 1007 900 1035 lucem
915 1015 964 1035 an-

174 1049 278 1075 nuntiat
291 1057 298 1076 :
315 1058 324 1074 ι
337 1049 528 1077 Paenitentiam
550 1051 633 1085 agite,
648 1053 876 1088 appropinquavit
890 1055 962 1082 enim

174 1102 285 1130 regnum
308 1095 438 1122 cmlorum
459 1095 559 1124 “.rHic
579 1096 613 1123 ab
631 1097 710 1124 initio
727 1099 809 1126 corda
821 1099 962 1127 horninum

173 1148 188 1167 e
206 1148 303 1168 somno
326 1142 485 1175 suscitabat,
504 1146 532 1168 et
550 1142 681 1170 adventus
694 1143 736 1170 sui
753 1144 779 1170 in
795 1151 877 1172 carne
892 1145 961 1172 diem

173 1187 266 1215 multis
282 1187 389 1215 iudiciis
411 1188 603 1222 portendebat;
630 1188 755 1216 tenebras
780 1189 904 1224 pellebat,
935 1196 963 1219 et

173 1237 302 1260 :cternam
321 1233 408 1260 lucem
423 1234 529 1262 cunctis
552 1239 646 1269 aperte
666 1235 842 1268 ostendebat;
867 1237 962 1264 ambu-

172 1279 231 1306 lans
247 1279 318 1306 inter
331 1279 447 1306 feminas
465 1279 601 1312 alacriter,
613 1280 638 1306 id
652 1285 693 1306 est
709 1280 736 1306 in
749 1280 891 1314 Ecclesiis,
907 1282 962 1309 ala-

172 1325 255 1352 criter
276 1323 446 1360 fortiterque,
463 1329 492 1352 ut
506 1325 562 1359 ipse
573 1325 609 1351 ait
623 1335 629 1352 :
647 1334 656 1350 ‹
670 1325 738 1353 Ecce
750 1333 799 1361 ego
820 1327 960 1354 vobiscum

171 1377 231 1396 sum
257 1369 382 1396 omnibus
403 1369 496 1397 diebus
513 1377 598 1405 usque
619 1370 653 1397 ad
674 1370 765 1398 saeculi
788 1379 960 1400 consumma-

172 1416 271 1442 tionem
288 1415 320 1442 ".
332 1424 342 1441 ι
951 1424 954 1427 -

209 1460 285 1488 Vers.
301 1461 346 1488 52.
367 1459 415 1487 Vel
430 1461 451 1487 si
466 1466 491 1488 te
505 1461 532 1488 in
549 1467 659 1488 sensum
685 1461 890 1496 Scripturarum
909 1464 961 1491 im-

171 1507 285 1540 mittas;
305 1506 358 1539 vel,
378 1507 431 1534 nisi
444 1507 572 1535 habueris
583 1507 697 1534 docilem
714 1515 819 1541 aurem,
836 1509 882 1538 sed
895 1517 960 1537 con-

1019 925 1120 952 εὋταν
1131 927 1186 962 γὰρ
1200 927 1310 962 ὑψωθῶ,
1322 929 1400 964 φησὶ,
1409 929 1513 961 πάντας
1526 930 1632 957 ἑλκύσω
1642 931 1710 966 πρὸς
1718 932 1804 966 ἐμαυ-

1014 971 1072 998 τόν.
1086 981 1095 997 ι
1119 972 1147 998 Ὁ
1166 973 1316 1010 ἀλεκτρὶὼν
1328 975 1488 1002 διδασκάλου
1508 976 1653 1011 πρόσωπον
1667 977 1761 1012 φέρει,
1777 977 1805 1010 ὃς

1014 1017 1059 1043 τὸν
1072 1017 1150 1051 λόγον
1164 1019 1282 1054 σπείρων
1293 1021 1322 1046 ὲν
1332 1021 1390 1052 ταῖς
1401 1020 1510 1056 ψυχαῖς,
1522 1021 1640 1057 ἰσχυρῶς
1650 1021 1709 1048 ἐστι
1723 1030 1806 1057 προσ-

1014 1063 1153 1098 αγγέλλων
1169 1065 1199 1091 τὸ
1214 1065 1282 1100 φῶς.
1304 1075 1314 1092 ‹
1333 1066 1495 1094 Μετανοεῖτε
1509 1075 1515 1082 ·
1535 1068 1633 1102 ἧγγικε
1652 1068 1706 1103 γὰρ
1721 1069 1738 1104 ἡ
1755 1068 1806 1104 βα·

1016 1109 1104 1135 σιλεία
1131 1110 1184 1137 τῶν
1208 1111 1340 1147 οὐρανῶν,
1367 1121 1378 1139 ι
1403 1109 1488 1144 Οὗτος
1510 1111 1543 1148 ἦν
1561 1115 1576 1140 ὁ
1593 1114 1640 1140 ἀπ’
1660 1114 1747 1150 ἀρχῆς
1765 1113 1805 1142 δι·

1014 1156 1134 1187 υπνίζωδ
1150 1157 1199 1189 τὰς
1209 1158 1322 1193 καρδίας
1331 1159 1385 1185 τῶν
1394 1158 1547 1196 ἀνθρώπων
1555 1180 1561 1191 ,
1579 1160 1627 1187 καὶ
1640 1159 1689 1195 τὴν
1699 1160 1806 1197 ἡμέραν

1013 1202 1061 1237 τῆς
1086 1202 1220 1238 ένσάρκου
1239 1204 1319 1231 αὑτοῦ
1341 1206 1490 1241 παρουσίας
1510 1206 1554 1233 διὰ
1574 1206 1677 1233 πολλῶν
1695 1215 1804 1243 προμη-

1013 1246 1098 1273 νύωψ
1110 1248 1157 1275 καὶ
1172 1249 1268 1281 σκότος
1277 1250 1422 1283 ὲκθλίὸων,
1440 1251 1487 1278 καὶ
1500 1252 1529 1278 τὸ
1542 1252 1600 1286 φῶς
1613 1252 1722 1279 αἰώνιον
1738 1254 1805 1280 πᾶσι

1013 1293 1140 1327 φανερῶς
1165 1294 1360 1322 ὑποδεικνύων,
1395 1295 1609 1332 Ἐμπεριπατῶν
1636 1297 1664 1323 ἐν
1683 1296 1805 1332 θηλείαις

1012 1337 1148 1373 εὐψύχως,
1160 1340 1298 1367 τουτέστιν
1310 1342 1338 1367 ὲν
1350 1342 1411 1372 ταῖς
1429 1341 1612 1376 Ἐκκλησίαις,
1625 1341 1748 1377 εὐψύχως
1756 1343 1806 1370 καὶ

1012 1384 1162 1418 γενναίως,
1186 1384 1225 1417 ὥς
1244 1394 1341 1422 φησιν·
1368 1396 1377 1412 ι
1405 1387 1470 1413 Ἰδοὺ
1492 1387 1548 1421 ἐγὼ
1568 1387 1626 1422 μεθ’
1643 1388 1720 1423 ὑμῶν
1745 1389 1804 1424 είμι

1012 1429 1103 1460 πάσας
1115 1429 1165 1461 τὰς
1182 1430 1289 1466 ἡμέρας
1309 1431 1361 1462 ἕως
1376 1432 1426 1467 τῆς
1448 1432 1603 1464 συντελείας
1617 1431 1663 1458 τοῦ
1677 1432 1798 1464 αἰῶνος..

1048 1475 1094 1501 Στ.
1110 1475 1166 1509 ,λοι
1183 1477 1219 1502 Ἦ
1236 1477 1284 1503 καὶ
1296 1477 1342 1504 ἐὰν
1354 1478 1393 1509 εἰς
1404 1477 1450 1504 τδν
1464 1477 1526 1504 νοῦν
1537 1478 1592 1505 τῶν
1606 1478 1721 1514 Γραφῶν
1737 1477 1804 1505 καθ-

1013 1521 1056 1556 ιῇς
1083 1522 1212 1549 σεαυτόν·
1236 1523 1264 1558 ἢ,
1294 1523 1340 1550 ἐὰν
1361 1523 1402 1559 μὴ
1424 1523 1488 1559 έχῃς
1509 1524 1658 1560 μαθητικὸν
1672 1522 1728 1557 οὖς,
1744 1524 1804 1551 ἀλλ’

171 1559 262 1580 tnmax
283 1553 376 1586 fueris,
393 1560 456 1580 num
475 1553 588 1580 audies?
621 1562 631 1579 ι
644 1553 672 1581 Si
699 1554 760 1588 quis
778 1560 867 1582 autem
886 1556 959 1584 vide-

1017 1546 1218 1601 έντιλογητικὺς
1281 1546 1403 1604 ἀκούσᾟέ
1426 1546 1487 1595 «Ἓξ
1501 1546 1530 1595 8:1
1544 1546 1586 1601 τις
1603 1546 1754 1604 φιλόνεικος
1767 1569 1803 1597 εἷ.

173 1604 216 1625 tur
231 1599 417 1626 contcntiosus
429 1605 497 1630 esse.
513 1605 563 1626 nos
579 1599 657 1626 talem
670 1601 892 1629 consuetudinem
905 1611 958 1631 non

171 1644 302 1672 habemus
320 1644 353 1670 ".
367 1653 376 1669 ι

1014 1613 1094 1648 ἡμεῖς
1110 1613 1238 1650 τοιαύτην
1259 1614 1402 1650 συνήθειαν
1422 1615 1471 1642 οὐκ
1483 1615 1590 1651 ἔχομεν.
1613 1625 1623 1642 ο

873 1704 992 1735 CAPUT
1013 1709 1111 1739 XXXI.

206 1746 285 1775 Vers.
297 1746 516 1781 5.Voluptatibus
532 1751 577 1774 aut
594 1747 723 1776 doctrinis
731 1748 826 1776 alienis
833 1757 898 1778 cave
912 1753 960 1782 des

168 1801 233 1828 opes
242 1797 311 1821 tuas.
322 1792 649 1827 Prudentervinumbibe;
662 1802 757 1829 nempc
767 1803 836 1824 verm
843 1797 905 1825 vitis
917 1800 958 1826 vi-

169 1847 232 1866 uum
246 1843 320 1874 pota,
341 1839 542 1874 Scripturarum
569 1840 672 1867 scilicet
694 1841 955 1878 interpretationem,

169 1889 196 1910 ιιι
213 1891 302 1912 rerum
322 1883 575 1919 contemplationem
589 1893 596 1912 :
614 1885 696 1912 multa
715 1894 776 1913 cum
792 1888 956 1918 discretione

167 1934 285 1957 tuentem
305 1937 412 1957 exerce.

205 1987 280 2015 Vers.
301 1987 328 2014 6.
348 1987 426 2014 Nunc
444 1993 589 2014 mmroretn
611 1987 675 2014 dicit
701 1994 749 2022 pro
776 1987 879 2017 labore.
904 1989 955 2024 Qui

167 2040 232 2068 ergo
255 2037 366 2067 propter
392 2031 473 2059 Deum
494 2031 621 2058 laborant
640 2037 666 2059 et
680 2032 782 2065 dolent,
812 2039 954 2068 postquam

167 2079 326 2115 pinguedine
338 2078 434 2106 domus
446 2077 550 2105 Domini
562 2078 687 2106 inebriati
704 2078 814 2113 fuerint,
831 2080 953 2108 dolorum

166 2122 368 2149 obliviscantur.
779 2122 781 2124 ’
829 2151 833 2155 _

203 2167 280 2195 Vers.
298 2167 323 2194 8.
346 2166 517 2201 Propositum
536 2171 609 2194 tuum
625 2167 658 2195 ad
671 2169 814 2196 verborum
832 2178 953 2199 meorum

166 2213 362 2242 observantiam
380 2213 505 2246 oblirma,
522 2220 582 2248 quae
598 2213 646 2241 Dei
662 2213 747 2249 ipsius
760 2220 834 2244 sunt.

1048 1759 1093 1786 Στ.
1102 1757 1137 1793 γ’.
1147 1759 1267 1791 Ἡδοναῖς
1275 1759 1291 1795 ἢ
1300 1759 1419 1795 διδαχαῖς
1426 1759 1629 1796 ἁλλοτρίαιςτδν
1637 1760 1682 1787 σὺν
1688 1759 1803 1788 πλοῦτον

1011 1803 1050 1840 μὴ
1061 1804 1166 1836 δώσεις.
1190 1805 1268 1832 Μετὰ
1280 1806 1378 1841 βουλῆς
1390 1806 1532 1834 οῐνοπὸτει.
1550 1807 1601 1833 Τὸν
1614 1807 1663 1841 τῆς
1673 1806 1802 1842 ἀληθινῆς

1011 1850 1133 1885 ἀμπέλου
1155 1851 1240 1878 πίνων
1258 1850 1344 1884 οἶνον,
1364 1851 1413 1887 τὴν
1428 1851 1482 1879 τῶν
1497 1851 1612 1888 Γραφῶν
1635 1853 1801 1888 ἑρμηνείαν,

1009 1896 1057 1923 καὶ
1070 1896 1118 1932 τὴν
1132 1896 1186 1923 τῶν
1198 1896 1282 1924 ὄντων
1299 1897 1427 1933 θεωρίαν,
1445 1897 1516 1933 μετὰ
1532 1898 1633 1934 πολλῆς
1648 1898 1803 1934 προσέρχου

1005 1942 1170 1978 διακρίσεως
1186 1945 1219 1979 τῇ
1234 1944 1284 1980 τῆς
1301 1944 1420 1976 διανοίας
1433 1945 1588 1980 ἐπισκέψει.

1043 1987 1088 2014 Στ.
1105 1990 1141 2020 ς’.
1155 1987 1212 2015 Νῦν
1226 1987 1315 2024 λύπην
1332 1987 1392 2016 εἷπε
1406 1989 1451 2016 τὸν
1467 1990 1559 2018 πόνον,
1572 1991 1604 2017 Οἱ
1617 1988 1664 2018 οὖν
1673 1991 1719 2018 διὰ
1730 1991 1802 2018 Θεὸν

1007 2033 1158 2065 κοπιῶντες
1181 2034 1229 2061 καὶ
1251 2035 1428 2071 ὀδυνώμενοι,
1452 2036 1495 2062 ἐπ’
1520 2037 1553 2064 ἂν
1573 2037 1729 2072 μεθυσθῶσι
1751 2038 1802 2073 τῆς

1007 2078 1076 2114 πρὸς
1088 2078 1136 2105 τοῦ
1148 2079 1223 2106 οἴκου
1239 2080 1341 2116 Κυρίου
1356 2081 1493 2117 πιότητος,
1505 2082 1560 2110 τῶν
1572 2083 1673 2110 ὀδυνῶν
1687 2083 1801 2110 ἐπιλαν-

1005 2123 1142 2152 Θάνονται.

1039 2171 1132 2207 Στ.η’.
1154 2172 1211 2207 Τὴν
1227 2172 1384 2209 προαίρεσίν
1405 2183 1453 2202 σου
1478 2174 1523 2210 ἔχε
1541 2175 1582 2208 είς
1605 2175 1636 2202 τὸ
1653 2176 1802 2213 προσέχειν

1002 2220 1066 2252 τοὺς
1081 2220 1178 2255 λόγους
1193 2229 1244 2257 μου
1254 2241 1261 2254 ,
1278 2222 1442 2258 εἰρημένους
1454 2221 1507 2249 ὑπὸ
1518 2221 1596 2250 Θεοῦ.

795 2273 911 2302 CAPUT
929 2275 978 2304 XX
998 2277 1036 2314 (in
1053 2277 1171 2312 Graeco).

200 2317 278 2346 Vers.
295 2318 340 2345 23.
364 2317 466 2344 Ventus
479 2316 577 2345 boreas
587 2317 711 2346 diabolus
728 2324 782 2352 est,
797 2321 842 2354 qui
858 2321 953 2349 incitat

1040 2325 1085 2350 Στ.
1102 2328 1154 2359 κγ’,
1172 2326 1288 2360 Ἄνεμος
1302 2325 1410 2361 βορέας,
1423 2327 1438 2352 ὁ
1450 2325 1583 2357 διάϐολος,
1593 2325 1734 2361 διεγείρων
1749 2324 1800 2354 καὶ

164 2369 245 2398 atque
271 2368 357 2390 tentat
380 2369 488 2390 sanctos
517 2364 543 2390 in
563 2364 723 2391 excelsitate
748 2366 860 2399 positos,
881 2375 949 2400 quos

165 2409 247 2436 nollet.
269 2409 397 2444 operari;
419 2409 471 2441 vel,
493 2410 573 2436 verba
592 2416 766 2438 commovens
783 2417 877 2439 contra
903 2421 951 2442 sua

163 2455 298 2487 dogmata.

1004 2371 1142 2406 πειράζων
1156 2371 1219 2403 τοὺς
1235 2372 1330 2406 ἁγίους
1342 2371 1460 2407 ὑψηλοὺς
1473 2372 1572 2403 αὐτοὺς
1585 2372 1677 2404 ὄντας,
1695 2373 1742 2399 καὶ
1758 2373 1799 2408 μὴ

1005 2416 1089 2443 θέλων
1105 2417 1267 2452 ἐργάζεσθαι
1277 2426 1284 2434 ε
1305 2418 1322 2454 ἢ
1340 2418 1455 2453 ἐγείρων
1469 2417 1565 2452 λόγους
1578 2418 1648 2445 κατὰ
1661 2418 1716 2445 τῶν
1731 2419 1798 2445 ἐαυ-

1002 2462 1050 2489 τοῦ
1064 2463 1215 2499 δογμάτων.
1223 2471 1225 2473 ’

779 2511 894 2540 CAPUT
914 2514 998 2544 XXVI
1014 2516 1056 2554 '(in
1068 2519 1185 2555 Graeco).

199 2555 274 2582 Vers.
291 2555 319 2582 3.
341 2554 411 2590 Ergo
433 2555 513 2582 sicuti
543 2555 600 2582 lucc
627 2554 659 2581 ad
682 2554 799 2583 officium
825 2558 952 2587 animalia

164 2603 312 2638 impellunt,
337 2603 372 2629 ita
392 2602 479 2637 virga,
505 2602 531 2629 id
550 2601 766 2637 estobjurgatio,
780 2609 888 2639 gentem
903 2606 955 2633 ini-

163 2657 244 2684 quam
260 2649 383 2683 corrigit.

200 2695 276 2722 Vers.
291 2695 317 2722 7.
340 2694 453 2728 Horum,
470 2693 569 2730 inquit,
589 2695 729 2730 exstingue
745 2696 833 2730 potius
850 2697 953 2731 princi-

162 2746 264 2775 patum.
290 2746 316 2768 et
342 2749 429 2776 neque
449 2742 598 2777 practicum
615 2748 702 2776 neque
716 2742 866 2770 theoricum
882 2743 951 2779 regi-

163 2791 224 2811 nten
239 2786 270 2813 iis
284 2787 411 2814 concede.

1037 2565 1081 2591 Στ.
1097 2565 1131 2599 γ’.
1151 2566 1257 2601 Ὥσπερ
1270 2562 1316 2592 οὖν
1328 2565 1414 2594 ταῦτα
1430 2567 1576 2603 μεταφέρει
1591 2567 1691 2603 μᾶλλον
1704 2567 1751 2595 ἐπὶ
1763 2567 1797 2594 τὸ

1001 2608 1030 2637 εὖ
1054 2611 1114 2646 ἔχον
1131 2611 1164 2638 τὰ
1186 2611 1358 2644 ζῶα,ὀῦτως
1376 2614 1392 2648 ἡ
1414 2612 1527 2648 ῥάϐδος,
1542 2613 1682 2641 τουτέστιν
1705 2615 1795 2641 ὲπιτι-

1003 2655 1062 2690 μία,
1077 2655 1107 2681 τὸ
1124 2656 1281 2691 παράνομον
1295 2656 1372 2688 ἔθνος
1389 2657 1525 2693 ῥυθμίζει.

1036 2698 1080 2724 Στ.
1096 2699 1128 2730 ζ’.
1144 2698 1204 2726 Τῶν
1219 2699 1358 2733 τοιούτων,
1375 2702 1452 2736 φησὶ,
1470 2702 1607 2738 περιαίρει
1625 2703 1727 2738 μᾶλλον
1741 2702 1795 2740 τὴν

998 2743 1166 2777 δυναστείαν,
1182 2745 1229 2772 καὶ
1246 2746 1315 2781 μήτε
1328 2747 1484 2783 πρακτικὴν
1495 2747 1582 2784 ἀρχὴν
1597 2749 1666 2784 μήτε
1677 2749 1793 2786 λογικὴν

998 2788 1103 2819 τούτοις
1117 2789 1264 2825 ἐγχείριζερ

197 2839 220 2856 ¹⁸
238 2839 322 2866 Exod.
339 2848 375 2872 γι,
393 2842 434 2868 l(l.
473 2841 494 2857 ¹⁶
507 2839 584 2868 Joan.
602 2848 651 2874 xvi,
665 2841 709 2868 52.
740 2841 761 2857 ⁸⁷
774 2841 870 2872 Matth.
885 2844 959 2877 "1,2?

1018 2844 1040 2860 ¹⁶
1054 2843 1149 2872 Matth.
1165 2852 1260 2878 xxvtn,
1278 2844 1320 2873 τεο.
1359 2847 1380 2862 ¹⁹
1395 2846 1402 2874 l
1415 2846 1479 2874 Gor.
1499 2854 1536 2879 ιι,
1555 2847 1598 2874 Ιΰ.

198 2893 238 2930 (7)
259 2894 382 2929 Ἂλογος,
397 2895 496 2923 infans.
515 2896 569 2924 Sed
587 2888 657 2924 nunc
675 2904 689 2924 a
703 2896 816 2932 Didymo
831 2897 989 2932 intelligitur
1001 2900 1163 2937 iumentum.
