  <div class='ocr_page' id='page_1' title='image "/cluster/home/n/w/nwhite01/storage/ocr_20150623/39/njp.32101010943528/828.png"; bbox 0 0 1923 3071; ppageno 0'>
   <div class='ocr_carea' id='block_1_1' title="bbox 125 166 194 196">
    <p class='ocr_par' dir='ltr' id='par_1_1' title="bbox 125 166 194 196">
     <span class='ocr_line' id='line_1_1' title="bbox 125 166 194 196; baseline -0.014 0"><span class='ocrx_word' id='word_1_1' title='bbox 125 166 194 196; x_wconf 67' lang='grc' dir='ltr'>ιειξς</span> 
     </span>
    </p>
   </div>
   <div class='ocr_carea' id='block_1_2' title="bbox 709 157 1168 191">
    <p class='ocr_par' dir='ltr' id='par_1_2' title="bbox 709 157 1168 191">
     <span class='ocr_line' id='line_1_2' title="bbox 709 157 1168 191; baseline -0.013 0"><span class='ocrx_word' id='word_1_2' title='bbox 709 161 925 191; x_wconf 77' lang='lat' dir='ltr'><strong>FRAGMENTA</strong></span> <span class='ocrx_word' id='word_1_3' title='bbox 946 158 978 187; x_wconf 87' lang='lat' dir='ltr'><strong>IN</strong></span> <span class='ocrx_word' id='word_1_4' title='bbox 997 157 1168 187; x_wconf 77' lang='lat' dir='ltr'><strong>JOANNEM.</strong></span> 
     </span>
    </p>
   </div>
   <div class='ocr_carea' id='block_1_3' title="bbox 1688 155 1757 184">
    <p class='ocr_par' dir='ltr' id='par_1_3' title="bbox 1688 155 1757 184">
     <span class='ocr_line' id='line_1_3' title="bbox 1688 155 1757 184; baseline 0 -1"><span class='ocrx_word' id='word_1_5' title='bbox 1688 155 1757 184; x_wconf 64' lang='grc'><strong>1646</strong></span> 
     </span>
    </p>
   </div>
   <div class='ocr_carea' id='block_1_4' title="bbox 157 209 926 255">
    <p class='ocr_par' dir='ltr' id='par_1_4' title="bbox 157 217 918 255">
     <span class='ocr_line' id='line_1_4' title="bbox 157 217 918 255; baseline -0.005 -7"><span class='ocrx_word' id='word_1_6' title='bbox 157 223 204 250; x_wconf 89' lang='grc' dir='ltr'><strong>Στ.</strong></span> <span class='ocrx_word' id='word_1_7' title='bbox 227 224 267 248; x_wconf 85' lang='grc' dir='ltr'>ιε’.</span> <span class='ocrx_word' id='word_1_8' title='bbox 291 220 322 247; x_wconf 82' lang='grc' dir='ltr'><strong>Εἰ</strong></span> <span class='ocrx_word' id='word_1_9' title='bbox 341 219 396 248; x_wconf 74' lang='grc' dir='ltr'><strong>ἀπὸ</strong></span> <span class='ocrx_word' id='word_1_10' title='bbox 416 218 532 255; x_wconf 80' lang='grc' dir='ltr'>καρπῶν</span> <span class='ocrx_word' id='word_1_11' title='bbox 549 218 724 253; x_wconf 81' lang='grc' dir='ltr'><strong>δικαιοσύνης</strong></span> <span class='ocrx_word' id='word_1_12' title='bbox 744 218 842 253; x_wconf 75' lang='grc' dir='ltr'>φύεται</span> <span class='ocrx_word' id='word_1_13' title='bbox 863 217 918 245; x_wconf 76' lang='grc' dir='ltr'>δέν-</span> 
     </span>
    </p>
   </div>
   <div class='ocr_carea' id='block_1_5' title="bbox 986 209 1760 255">
    <p class='ocr_par' dir='ltr' id='par_1_5' title="bbox 1005 209 1760 247">
     <span class='ocr_line' id='line_1_5' title="bbox 1005 209 1760 247; baseline -0.009 -4"><span class='ocrx_word' id='word_1_14' title='bbox 1005 215 1083 244; x_wconf 77' lang='lat' dir='ltr'><strong>Vers.</strong></span> <span class='ocrx_word' id='word_1_15' title='bbox 1100 215 1144 242; x_wconf 69' lang='grc'><strong>45.</strong></span> <span class='ocrx_word' id='word_1_16' title='bbox 1165 213 1192 242; x_wconf 90' lang='lat' dir='ltr'><strong>Si</strong></span> <span class='ocrx_word' id='word_1_17' title='bbox 1206 220 1238 241; x_wconf 72' lang='lat' dir='ltr'><strong>ex</strong></span> <span class='ocrx_word' id='word_1_18' title='bbox 1253 211 1366 247; x_wconf 63' lang='lat' dir='ltr'><strong>justitite</strong></span> <span class='ocrx_word' id='word_1_19' title='bbox 1389 210 1522 238; x_wconf 82' lang='lat' dir='ltr'><strong>fructibus</strong></span> <span class='ocrx_word' id='word_1_20' title='bbox 1543 209 1664 238; x_wconf 87' lang='lat' dir='ltr'><strong>nascitur</strong></span> <span class='ocrx_word' id='word_1_21' title='bbox 1679 211 1760 238; x_wconf 82' lang='lat' dir='ltr'><strong>arbor</strong></span> 
     </span>
    </p>
   </div>
   <div class='ocr_carea' id='block_1_6' title="bbox 123 263 918 303">
    <p class='ocr_par' dir='ltr' id='par_1_6' title="bbox 123 263 918 303">
     <span class='ocr_line' id='line_1_6' title="bbox 123 263 918 303; baseline -0.005 -9"><span class='ocrx_word' id='word_1_22' title='bbox 123 267 184 302; x_wconf 66' lang='lat' dir='ltr'><strong>Spw</strong></span> <span class='ocrx_word' id='word_1_23' title='bbox 200 267 286 303; x_wconf 79' lang='grc' dir='ltr'>ζωῆς,</span> <span class='ocrx_word' id='word_1_24' title='bbox 302 266 355 298; x_wconf 79' lang='grc' dir='ltr'>πᾶς</span> <span class='ocrx_word' id='word_1_25' title='bbox 371 267 386 292; x_wconf 87' lang='grc' dir='ltr'><strong><em>ὁ</em></strong></span> <span class='ocrx_word' id='word_1_26' title='bbox 402 265 532 301; x_wconf 86' lang='grc' dir='ltr'>κρύπτων</span> <span class='ocrx_word' id='word_1_27' title='bbox 546 264 597 300; x_wconf 85' lang='grc' dir='ltr'>τὴν</span> <span class='ocrx_word' id='word_1_28' title='bbox 617 264 793 300; x_wconf 89' lang='grc' dir='ltr'>δικαιοσύνην</span> <span class='ocrx_word' id='word_1_29' title='bbox 807 265 840 300; x_wconf 81' lang='grc' dir='ltr'><strong>τῇ</strong></span> <span class='ocrx_word' id='word_1_30' title='bbox 860 263 918 291; x_wconf 86' lang='grc' dir='ltr'>ἀδι-</span> 
     </span>
    </p>
   </div>
   <div class='ocr_carea' id='block_1_7' title="bbox 968 256 1760 295">
    <p class='ocr_par' dir='ltr' id='par_1_7' title="bbox 968 256 1760 295">
     <span class='ocr_line' id='line_1_7' title="bbox 968 256 1760 295; baseline -0.006 -7"><span class='ocrx_word' id='word_1_31' title='bbox 968 261 1040 293; x_wconf 69' lang='lat' dir='ltr'><strong>vitte,</strong></span> <span class='ocrx_word' id='word_1_32' title='bbox 1058 260 1184 295; x_wconf 81' lang='lat' dir='ltr'><strong>quisquis</strong></span> <span class='ocrx_word' id='word_1_33' title='bbox 1197 259 1288 287; x_wconf 88' lang='lat' dir='ltr'><strong>obruit</strong></span> <span class='ocrx_word' id='word_1_34' title='bbox 1303 257 1447 293; x_wconf 89' lang='lat' dir='ltr'><strong>iniquitate</strong></span> <span class='ocrx_word' id='word_1_35' title='bbox 1461 256 1608 291; x_wconf 73' lang='lat' dir='ltr'><strong>justitiam,</strong></span> <span class='ocrx_word' id='word_1_36' title='bbox 1624 263 1684 292; x_wconf 65' lang='lat' dir='ltr'><strong>qua;</strong></span> <span class='ocrx_word' id='word_1_37' title='bbox 1702 263 1760 283; x_wconf 84' lang='lat' dir='ltr'><strong>ma-</strong></span> 
     </span>
    </p>
   </div>
   <div class='ocr_carea' id='block_1_8' title="bbox 123 303 926 348">
    <p class='ocr_par' dir='ltr' id='par_1_8' title="bbox 123 308 921 348">
     <span class='ocr_line' id='line_1_8' title="bbox 123 308 921 348; baseline -0.004 -9"><span class='ocrx_word' id='word_1_38' title='bbox 123 313 181 348; x_wconf 77' lang='grc' dir='ltr'>κίᾳ,</span> <span class='ocrx_word' id='word_1_39' title='bbox 196 313 257 348; x_wconf 74' lang='grc' dir='ltr'>ἥτις</span> <span class='ocrx_word' id='word_1_40' title='bbox 267 311 376 346; x_wconf 84' lang='grc' dir='ltr'>λέγεται</span> <span class='ocrx_word' id='word_1_41' title='bbox 394 310 467 346; x_wconf 80' lang='grc' dir='ltr'>χεὶρ,</span> <span class='ocrx_word' id='word_1_42' title='bbox 479 309 509 337; x_wconf 78' lang='grc' dir='ltr'>οὐ</span> <span class='ocrx_word' id='word_1_43' title='bbox 525 309 660 346; x_wconf 86' lang='grc' dir='ltr'>βρώσεται</span> <span class='ocrx_word' id='word_1_44' title='bbox 674 310 708 336; x_wconf 82' lang='grc' dir='ltr'>ὲκ</span> <span class='ocrx_word' id='word_1_45' title='bbox 723 309 770 336; x_wconf 79' lang='grc' dir='ltr'><strong>τοῦ</strong></span> <span class='ocrx_word' id='word_1_46' title='bbox 782 309 832 345; x_wconf 85' lang='grc' dir='ltr'>τῆς</span> <span class='ocrx_word' id='word_1_47' title='bbox 846 308 921 344; x_wconf 79' lang='grc' dir='ltr'>ζωῆς</span> 
     </span>
    </p>
   </div>
   <div class='ocr_carea' id='block_1_9' title="bbox 986 303 1580 348">
    <p class='ocr_par' dir='ltr' id='par_1_9' title="bbox 988 303 1580 338">
     <span class='ocr_line' id='line_1_9' title="bbox 988 303 1580 338; baseline -0.01 -3"><span class='ocrx_word' id='word_1_48' title='bbox 988 316 1020 336; x_wconf 90' lang='lat' dir='ltr'><strong>us</strong></span> <span class='ocrx_word' id='word_1_49' title='bbox 1032 308 1141 338; x_wconf 80' lang='lat' dir='ltr'><strong>dicitur.</strong></span> <span class='ocrx_word' id='word_1_50' title='bbox 1154 314 1206 334; x_wconf 87' lang='lat' dir='ltr'><strong>non</strong></span> <span class='ocrx_word' id='word_1_51' title='bbox 1220 306 1345 334; x_wconf 85' lang='lat' dir='ltr'><strong>comedet</strong></span> <span class='ocrx_word' id='word_1_52' title='bbox 1355 304 1388 332; x_wconf 86' lang='lat' dir='ltr'><strong>de</strong></span> <span class='ocrx_word' id='word_1_53' title='bbox 1400 303 1463 331; x_wconf 61' lang='lat' dir='ltr'><strong>vita:</strong></span> <span class='ocrx_word' id='word_1_54' title='bbox 1473 303 1580 331; x_wconf 84' lang='lat' dir='ltr'><strong>arbore.</strong></span> 
     </span>
    </p>
   </div>
   <div class='ocr_carea' id='block_1_10' title="bbox 123 357 243 393">
    <p class='ocr_par' dir='ltr' id='par_1_10' title="bbox 123 357 243 393">
     <span class='ocr_line' id='line_1_10' title="bbox 123 357 243 393; baseline 0 -9"><span class='ocrx_word' id='word_1_55' title='bbox 123 357 243 393; x_wconf 79' lang='grc' dir='ltr'>δένδρου.</span> 
     </span>
    </p>
   </div>
   <div class='ocr_carea' id='block_1_11' title="bbox 725 410 1148 446">
    <p class='ocr_par' dir='ltr' id='par_1_11' title="bbox 725 410 1148 446">
     <span class='ocr_line' id='line_1_11' title="bbox 725 410 1148 446; baseline -0.007 -6"><span class='ocrx_word' id='word_1_56' title='bbox 725 410 840 440; x_wconf 81' lang='lat' dir='ltr'><strong>CAPUT</strong></span> <span class='ocrx_word' id='word_1_57' title='bbox 861 410 958 439; x_wconf 81' lang='lat' dir='ltr'><strong>XXVII</strong></span> <span class='ocrx_word' id='word_1_58' title='bbox 977 411 1016 446; x_wconf 88' lang='lat' dir='ltr'><strong>(in</strong></span> <span class='ocrx_word' id='word_1_59' title='bbox 1031 410 1148 445; x_wconf 77' lang='lat' dir='ltr'><strong>Grtnco).</strong></span> 
     </span>
    </p>
   </div>
   <div class='ocr_carea' id='block_1_12' title="bbox 158 457 935 498">
    <p class='ocr_par' dir='ltr' id='par_1_12' title="bbox 158 457 935 498">
     <span class='ocr_line' id='line_1_12' title="bbox 158 457 935 498; baseline -0.006 -7"><span class='ocrx_word' id='word_1_60' title='bbox 158 462 203 491; x_wconf 78' lang='grc' dir='ltr'><strong>Στ.</strong></span> <span class='ocrx_word' id='word_1_61' title='bbox 220 466 273 498; x_wconf 85' lang='grc' dir='ltr'>κγ’.</span> <span class='ocrx_word' id='word_1_62' title='bbox 290 461 351 490; x_wconf 85' lang='grc' dir='ltr'><strong>Τῶν</strong></span> <span class='ocrx_word' id='word_1_63' title='bbox 370 460 500 498; x_wconf 77' lang='grc' dir='ltr'><strong>μαθητῶν</strong></span> <span class='ocrx_word' id='word_1_64' title='bbox 520 470 581 495; x_wconf 83' lang='grc' dir='ltr'>σου,</span> <span class='ocrx_word' id='word_1_65' title='bbox 598 460 643 489; x_wconf 73' lang='grc' dir='ltr'>ἵνα</span> <span class='ocrx_word' id='word_1_66' title='bbox 661 457 698 496; x_wconf 86' lang='grc' dir='ltr'>μὴ</span> <span class='ocrx_word' id='word_1_67' title='bbox 717 459 785 496; x_wconf 79' lang='grc' dir='ltr'>πρὸς</span> <span class='ocrx_word' id='word_1_68' title='bbox 799 459 848 496; x_wconf 82' lang='grc' dir='ltr'>τὴν</span> <span class='ocrx_word' id='word_1_69' title='bbox 863 459 935 493; x_wconf 61' lang='grc' dir='ltr'>ἕξιν</span> 
     </span>
    </p>
   </div>
   <div class='ocr_carea' id='block_1_13' title="bbox 123 507 494 549">
    <p class='ocr_par' dir='ltr' id='par_1_13' title="bbox 123 507 494 549">
     <span class='ocr_line' id='line_1_13' title="bbox 123 507 494 549; baseline 0.003 -15"><span class='ocrx_word' id='word_1_70' title='bbox 123 508 230 549; x_wconf 75' lang='grc' dir='ltr'>ἐπάγῃς</span> <span class='ocrx_word' id='word_1_71' title='bbox 243 508 293 544; x_wconf 81' lang='grc' dir='ltr'>τὴν</span> <span class='ocrx_word' id='word_1_72' title='bbox 310 507 494 536; x_wconf 81' lang='grc' dir='ltr'><strong>διδασκαλίαν.</strong></span> 
     </span>
    </p>
   </div>
   <div class='ocr_carea' id='block_1_14' title="bbox 158 597 919 636">
    <p class='ocr_par' dir='ltr' id='par_1_14' title="bbox 158 597 919 636">
     <span class='ocr_line' id='line_1_14' title="bbox 158 597 919 636; baseline -0.008 -7"><span class='ocrx_word' id='word_1_73' title='bbox 158 602 204 629; x_wconf 80' lang='grc' dir='ltr'><strong>Στ.</strong></span> <span class='ocrx_word' id='word_1_74' title='bbox 229 600 280 628; x_wconf 74' lang='grc' dir='ltr'>κδ’.</span> <span class='ocrx_word' id='word_1_75' title='bbox 301 600 356 636; x_wconf 87' lang='grc' dir='ltr'><strong>Τὴν</strong></span> <span class='ocrx_word' id='word_1_76' title='bbox 386 599 503 636; x_wconf 83' lang='grc' dir='ltr'><strong>θεωρίαν</strong></span> <span class='ocrx_word' id='word_1_77' title='bbox 528 599 582 626; x_wconf 84' lang='grc' dir='ltr'><strong>τῶν</strong></span> <span class='ocrx_word' id='word_1_78' title='bbox 609 597 780 633; x_wconf 80' lang='grc' dir='ltr'>γεγονότων,</span> <span class='ocrx_word' id='word_1_79' title='bbox 800 597 856 624; x_wconf 75' lang='grc' dir='ltr'>καὶ.</span> <span class='ocrx_word' id='word_1_80' title='bbox 869 597 919 632; x_wconf 82' lang='grc' dir='ltr'>τὴν</span> 
     </span>
    </p>
   </div>
   <div class='ocr_carea' id='block_1_15' title="bbox 126 642 919 684">
    <p class='ocr_par' dir='ltr' id='par_1_15' title="bbox 126 642 919 684">
     <span class='ocr_line' id='line_1_15' title="bbox 126 642 919 684; baseline -0.006 -9"><span class='ocrx_word' id='word_1_81' title='bbox 126 648 240 684; x_wconf 76' lang='grc' dir='ltr'><strong>θεωρίαν</strong></span> <span class='ocrx_word' id='word_1_82' title='bbox 255 647 305 684; x_wconf 79' lang='grc' dir='ltr'><strong>τῆς</strong></span> <span class='ocrx_word' id='word_1_83' title='bbox 321 647 402 682; x_wconf 77' lang='grc' dir='ltr'>ἁγίας</span> <span class='ocrx_word' id='word_1_84' title='bbox 420 646 550 682; x_wconf 82' lang='grc' dir='ltr'>Τριάδος,</span> <span class='ocrx_word' id='word_1_85' title='bbox 572 645 674 681; x_wconf 72' lang='grc' dir='ltr'>ἔνδυμα</span> <span class='ocrx_word' id='word_1_86' title='bbox 691 642 762 672; x_wconf 77' lang='grc' dir='ltr'>εἶναι</span> <span class='ocrx_word' id='word_1_87' title='bbox 779 644 854 679; x_wconf 88' lang='grc' dir='ltr'>λέγει</span> <span class='ocrx_word' id='word_1_88' title='bbox 873 643 919 671; x_wconf 81' lang='grc' dir='ltr'>νοῦ</span> 
     </span>
    </p>
   </div>
   <div class='ocr_carea' id='block_1_16' title="bbox 126 691 660 731">
    <p class='ocr_par' dir='ltr' id='par_1_16' title="bbox 126 691 660 731">
     <span class='ocr_line' id='line_1_16' title="bbox 126 691 660 731; baseline -0.006 -10"><span class='ocrx_word' id='word_1_89' title='bbox 126 694 258 731; x_wconf 82' lang='grc' dir='ltr'>καθαροῦ,</span> <span class='ocrx_word' id='word_1_90' title='bbox 272 694 305 721; x_wconf 83' lang='grc' dir='ltr'>ὲκ</span> <span class='ocrx_word' id='word_1_91' title='bbox 323 693 423 729; x_wconf 79' lang='grc' dir='ltr'>βύσσου</span> <span class='ocrx_word' id='word_1_92' title='bbox 439 693 487 720; x_wconf 82' lang='grc' dir='ltr'>καὶ</span> <span class='ocrx_word' id='word_1_93' title='bbox 504 691 660 728; x_wconf 86' lang='grc' dir='ltr'>πορφύρας.</span> 
     </span>
    </p>
   </div>
   <div class='ocr_carea' id='block_1_17' title="bbox 143 771 162 782">
    <p class='ocr_par' dir='ltr' id='par_1_17' title="bbox 143 771 162 782">
     <span class='ocr_line' id='line_1_17' title="bbox 143 771 162 782; baseline 0 -2"><span class='ocrx_word' id='word_1_94' title='bbox 143 771 162 782; x_wconf 72' lang='grc' dir='ltr'>ι.</span> 
     </span>
    </p>
   </div>
   <div class='ocr_carea' id='block_1_18' title="bbox 1006 454 1762 491">
    <p class='ocr_par' dir='ltr' id='par_1_18' title="bbox 1006 454 1762 491">
     <span class='ocr_line' id='line_1_18' title="bbox 1006 454 1762 491; baseline -0.009 -5"><span class='ocrx_word' id='word_1_95' title='bbox 1006 458 1083 486; x_wconf 86' lang='lat' dir='ltr'><strong>Vers.</strong></span> <span class='ocrx_word' id='word_1_96' title='bbox 1100 458 1147 485; x_wconf 70' lang='lat'><strong>25.</strong></span> <span class='ocrx_word' id='word_1_97' title='bbox 1163 454 1361 491; x_wconf 85' lang='lat' dir='ltr'><strong>Discipuiorum</strong></span> <span class='ocrx_word' id='word_1_98' title='bbox 1377 459 1496 487; x_wconf 89' lang='lat' dir='ltr'><strong>tuorum,</strong></span> <span class='ocrx_word' id='word_1_99' title='bbox 1515 461 1550 481; x_wconf 87' lang='lat' dir='ltr'><strong>ne</strong></span> <span class='ocrx_word' id='word_1_100' title='bbox 1565 460 1598 481; x_wconf 80' lang='lat' dir='ltr'><strong>ex</strong></span> <span class='ocrx_word' id='word_1_101' title='bbox 1613 456 1762 482; x_wconf 83' lang='lat' dir='ltr'><strong>consuetu-</strong></span> 
     </span>
    </p>
   </div>
   <div class='ocr_carea' id='block_1_19' title="bbox 863 501 1510 538">
    <p class='ocr_par' dir='ltr' id='par_1_19' title="bbox 863 501 1510 538">
     <span class='ocr_line' id='line_1_19' title="bbox 863 501 1510 538; baseline -0.009 -5"><span class='ocrx_word' id='word_1_102' title='bbox 863 526 866 528; x_wconf 56' lang='grc' dir='ltr'><em>η</em></span> <span class='ocrx_word' id='word_1_103' title='bbox 970 505 1033 532; x_wconf 87' lang='lat' dir='ltr'><strong>dine</strong></span> <span class='ocrx_word' id='word_1_104' title='bbox 1048 510 1151 532; x_wconf 78' lang='lat' dir='ltr'><strong>Iunium</strong></span> <span class='ocrx_word' id='word_1_105' title='bbox 1168 501 1355 538; x_wconf 73' lang='lat' dir='ltr'><strong>magisterium</strong></span> <span class='ocrx_word' id='word_1_106' title='bbox 1370 507 1510 529; x_wconf 77' lang='lat' dir='ltr'><strong>exerceas.</strong></span> 
     </span>
    </p>
   </div>
   <div class='ocr_carea' id='block_1_20' title="bbox 741 550 1142 587">
    <p class='ocr_par' dir='ltr' id='par_1_20' title="bbox 741 550 1142 587">
     <span class='ocr_line' id='line_1_20' title="bbox 741 550 1142 587; baseline -0.005 -8"><span class='ocrx_word' id='word_1_107' title='bbox 741 551 856 579; x_wconf 81' lang='lat' dir='ltr'><strong>CAPUT</strong></span> <span class='ocrx_word' id='word_1_108' title='bbox 876 550 961 578; x_wconf 72' lang='lat' dir='ltr'><strong>XXXI</strong></span> <span class='ocrx_word' id='word_1_109' title='bbox 982 551 1020 587; x_wconf 88' lang='lat' dir='ltr'><strong>(in</strong></span> <span class='ocrx_word' id='word_1_110' title='bbox 1041 550 1142 586; x_wconf 74' lang='lat' dir='ltr'><strong>\‘ulg.).</strong></span> 
     </span>
    </p>
   </div>
   <div class='ocr_carea' id='block_1_21' title="bbox 1011 591 1762 624">
    <p class='ocr_par' dir='ltr' id='par_1_21' title="bbox 1011 591 1762 624">
     <span class='ocr_line' id='line_1_21' title="bbox 1011 591 1762 624; baseline -0.009 0"><span class='ocrx_word' id='word_1_111' title='bbox 1011 596 1089 624; x_wconf 84' lang='lat' dir='ltr'><strong>Vers.</strong></span> <span class='ocrx_word' id='word_1_112' title='bbox 1103 596 1149 623; x_wconf 71' lang='grc'><strong>22.</strong></span> <span class='ocrx_word' id='word_1_113' title='bbox 1170 596 1300 623; x_wconf 86' lang='lat' dir='ltr'><strong>Actarum</strong></span> <span class='ocrx_word' id='word_1_114' title='bbox 1313 601 1401 621; x_wconf 87' lang='lat' dir='ltr'><strong>rerum</strong></span> <span class='ocrx_word' id='word_1_115' title='bbox 1415 591 1632 624; x_wconf 87' lang='lat' dir='ltr'><strong>meditationem.</strong></span> <span class='ocrx_word' id='word_1_116' title='bbox 1658 597 1762 619; x_wconf 83' lang='lat' dir='ltr'><strong>necnoa</strong></span> 
     </span>
    </p>
   </div>
   <div class='ocr_carea' id='block_1_22' title="bbox 973 635 1766 671">
    <p class='ocr_par' dir='ltr' id='par_1_22' title="bbox 973 635 1766 671">
     <span class='ocr_line' id='line_1_22' title="bbox 973 635 1766 671; baseline -0.01 -1"><span class='ocrx_word' id='word_1_117' title='bbox 973 647 1073 670; x_wconf 73' lang='lat' dir='ltr'><strong>sanctae</strong></span> <span class='ocrx_word' id='word_1_118' title='bbox 1097 641 1238 669; x_wconf 71' lang='lat' dir='ltr'><strong>Trinitatis</strong></span> <span class='ocrx_word' id='word_1_119' title='bbox 1265 638 1416 671; x_wconf 88' lang='lat' dir='ltr'><strong>theoriam,</strong></span> <span class='ocrx_word' id='word_1_120' title='bbox 1440 637 1625 665; x_wconf 85' lang='lat' dir='ltr'><strong>indumentum</strong></span> <span class='ocrx_word' id='word_1_121' title='bbox 1650 643 1710 663; x_wconf 86' lang='lat' dir='ltr'><strong>esse</strong></span> <span class='ocrx_word' id='word_1_122' title='bbox 1727 635 1766 662; x_wconf 89' lang='lat' dir='ltr'><strong>ait</strong></span> 
     </span>
    </p>
   </div>
   <div class='ocr_carea' id='block_1_23' title="bbox 973 687 1510 724">
    <p class='ocr_par' dir='ltr' id='par_1_23' title="bbox 973 687 1510 724">
     <span class='ocr_line' id='line_1_23' title="bbox 973 687 1510 724; baseline -0.011 -8"><span class='ocrx_word' id='word_1_123' title='bbox 973 688 1092 716; x_wconf 81' lang='lat' dir='ltr'><strong>hominis</strong></span> <span class='ocrx_word' id='word_1_124' title='bbox 1109 688 1182 724; x_wconf 89' lang='lat' dir='ltr'><strong>puri,</strong></span> <span class='ocrx_word' id='word_1_125' title='bbox 1195 695 1227 715; x_wconf 86' lang='lat' dir='ltr'><strong>ex</strong></span> <span class='ocrx_word' id='word_1_126' title='bbox 1242 687 1322 722; x_wconf 87' lang='lat' dir='ltr'><strong>bysso</strong></span> <span class='ocrx_word' id='word_1_127' title='bbox 1336 689 1363 713; x_wconf 88' lang='lat' dir='ltr'><strong>et</strong></span> <span class='ocrx_word' id='word_1_128' title='bbox 1379 691 1510 720; x_wconf 81' lang='lat' dir='ltr'><strong>purpura.</strong></span> 
     </span>
    </p>
   </div>
   <div class='ocr_carea' id='block_1_24' title="bbox 172 765 1331 781">
    <p class='ocr_par' dir='ltr' id='par_1_24' title="bbox 172 765 1331 781">
     <span class='ocr_line' id='line_1_24' title="bbox 172 765 1331 781; baseline -0.003 -6"><span class='ocrx_word' id='word_1_129' title='bbox 172 765 1331 781; x_wconf 56' lang='grc' dir='ltr'>Μ</span> 
     </span>
    </p>
   </div>
   <div class='ocr_carea' id='block_1_25' title="bbox 684 856 1207 904">
    <p class='ocr_par' dir='ltr' id='par_1_25' title="bbox 684 856 1207 904">
     <span class='ocr_line' id='line_1_25' title="bbox 684 856 1207 904; baseline -0.002 -1"><span class='ocrx_word' id='word_1_130' title='bbox 684 857 953 904; x_wconf 86' lang='lat' dir='ltr'><strong>EJUSDEM</strong></span> <span class='ocrx_word' id='word_1_131' title='bbox 984 856 1207 903; x_wconf 84' lang='lat' dir='ltr'><strong>DIDYMI</strong></span> 
     </span>
    </p>
   </div>
   <div class='ocr_carea' id='block_1_26' title="bbox 325 952 1537 995">
    <p class='ocr_par' dir='ltr' id='par_1_26' title="bbox 325 952 1537 995">
     <span class='ocr_line' id='line_1_26' title="bbox 325 952 1537 995; baseline -0.009 0"><span class='ocrx_word' id='word_1_132' title='bbox 325 962 560 995; x_wconf 75' lang='lat' dir='ltr'><strong>FRAGMENTA</strong></span> <span class='ocrx_word' id='word_1_133' title='bbox 583 961 736 992; x_wconf 70' lang='lat' dir='ltr'><strong>INEDITA</strong></span> <span class='ocrx_word' id='word_1_134' title='bbox 753 958 1018 990; x_wconf 73' lang='lat' dir='ltr'><strong>COMMENTARII</strong></span> <span class='ocrx_word' id='word_1_135' title='bbox 1043 958 1092 988; x_wconf 85' lang='lat' dir='ltr'><strong>AD</strong></span> <span class='ocrx_word' id='word_1_136' title='bbox 1111 956 1267 988; x_wconf 85' lang='lat' dir='ltr'><strong>JOANNIS</strong></span> <span class='ocrx_word' id='word_1_137' title='bbox 1287 952 1537 986; x_wconf 84' lang='lat' dir='ltr'><strong>EVANGELIUM</strong></span> 
     </span>
    </p>
   </div>
   <div class='ocr_carea' id='block_1_27' title="bbox 129 1036 1766 1082">
    <p class='ocr_par' dir='ltr' id='par_1_27' title="bbox 129 1036 1766 1082">
     <span class='ocr_line' id='line_1_27' title="bbox 129 1036 1766 1082; baseline -0.005 -10"><span class='ocrx_word' id='word_1_138' title='bbox 129 1045 206 1082; x_wconf 66' lang='lat' dir='ltr'><strong>(list,</strong></span> <span class='ocrx_word' id='word_1_139' title='bbox 223 1045 292 1073; x_wconf 83' lang='lat' dir='ltr'><strong>Bibl.</strong></span> <span class='ocrx_word' id='word_1_140' title='bbox 303 1053 367 1072; x_wconf 76' lang='lat' dir='ltr'><strong>nova</strong></span> <span class='ocrx_word' id='word_1_141' title='bbox 377 1044 499 1078; x_wconf 73' lang='lat' dir='ltr'><strong>Patrum,</strong></span> <span class='ocrx_word' id='word_1_142' title='bbox 510 1045 554 1078; x_wconf 85' lang='lat' dir='ltr'><strong>iV,</strong></span> <span class='ocrx_word' id='word_1_143' title='bbox 568 1052 602 1076; x_wconf 63' lang='lat' dir='ltr'><strong>tl,</strong></span> <span class='ocrx_word' id='word_1_144' title='bbox 614 1044 674 1071; x_wconf 74' lang='lat' dir='ltr'><strong>M7.</strong></span> <span class='ocrx_word' id='word_1_145' title='bbox 686 1043 752 1071; x_wconf 85' lang='lat' dir='ltr'><strong>Vide</strong></span> <span class='ocrx_word' id='word_1_146' title='bbox 766 1043 834 1070; x_wconf 79' lang='lat' dir='ltr'><strong>infra</strong></span> <span class='ocrx_word' id='word_1_147' title='bbox 848 1043 979 1071; x_wconf 84' lang='lat' dir='ltr'><strong>Monilum</strong></span> <span class='ocrx_word' id='word_1_148' title='bbox 991 1046 1024 1070; x_wconf 82' lang='lat' dir='ltr'><strong>ad</strong></span> <span class='ocrx_word' id='word_1_149' title='bbox 1042 1042 1203 1077; x_wconf 83' lang='lat' dir='ltr'><strong>Fragmenta</strong></span> <span class='ocrx_word' id='word_1_150' title='bbox 1216 1043 1241 1069; x_wconf 85' lang='lat' dir='ltr'><strong>in</strong></span> <span class='ocrx_word' id='word_1_151' title='bbox 1257 1040 1342 1075; x_wconf 67' lang='lat' dir='ltr'><strong>Epist.</strong></span> <span class='ocrx_word' id='word_1_152' title='bbox 1361 1039 1390 1066; x_wconf 88' lang='grc'><strong>11</strong></span> <span class='ocrx_word' id='word_1_153' title='bbox 1405 1039 1439 1066; x_wconf 82' lang='lat' dir='ltr'><strong>ad</strong></span> <span class='ocrx_word' id='word_1_154' title='bbox 1457 1037 1588 1072; x_wconf 83' lang='lat' dir='ltr'><strong>Corinth.,</strong></span> <span class='ocrx_word' id='word_1_155' title='bbox 1603 1038 1656 1066; x_wconf 86' lang='lat' dir='ltr'><strong>col.</strong></span> <span class='ocrx_word' id='word_1_156' title='bbox 1674 1036 1766 1074; x_wconf 78' lang='grc'><strong>1677.)</strong></span> 
     </span>
    </p>
   </div>
   <div class='ocr_carea' id='block_1_28' title="bbox 924 1121 958 1130">
    <p class='ocr_par' dir='ltr' id='par_1_28' title="bbox 924 1121 958 1130">
     <span class='ocr_line' id='line_1_28' title="bbox 924 1121 958 1130; baseline -0.029 0"><span class='ocrx_word' id='word_1_157' title='bbox 924 1121 958 1130; x_wconf 71' lang='lat'><strong>.—</strong></span> 
     </span>
    </p>
   </div>
   <div class='ocr_carea' id='block_1_29' title="bbox 505 1200 545 1227">
    <p class='ocr_par' dir='ltr' id='par_1_29' title="bbox 505 1200 545 1227">
     <span class='ocr_line' id='line_1_29' title="bbox 505 1200 545 1227; baseline 0.025 -1"><span class='ocrx_word' id='word_1_158' title='bbox 505 1200 533 1226; x_wconf 82' lang='lat' dir='ltr'><strong>A’</strong></span> <span class='ocrx_word' id='word_1_159' title='bbox 538 1221 545 1227; x_wconf 89' lang='lat'><strong>.</strong></span> 
     </span>
    </p>
   </div>
   <div class='ocr_carea' id='block_1_30' title="bbox 254 1242 796 1282">
    <p class='ocr_par' dir='ltr' id='par_1_30' title="bbox 254 1242 796 1282">
     <span class='ocr_line' id='line_1_30' title="bbox 254 1242 796 1282; baseline 0.004 -10"><span class='ocrx_word' id='word_1_160' title='bbox 254 1242 332 1272; x_wconf 80' lang='grc' dir='ltr'><strong>ΚΕΦ.</strong></span> <span class='ocrx_word' id='word_1_161' title='bbox 353 1246 388 1273; x_wconf 79' lang='grc' dir='ltr'><strong>Δ’.</strong></span> <span class='ocrx_word' id='word_1_162' title='bbox 408 1246 453 1272; x_wconf 88' lang='grc' dir='ltr'><strong>Στ.</strong></span> <span class='ocrx_word' id='word_1_163' title='bbox 472 1246 522 1274; x_wconf 82' lang='grc' dir='ltr'>κδ’.</span> <span class='ocrx_word' id='word_1_164' title='bbox 540 1247 661 1282; x_wconf 79' lang='grc' dir='ltr'><strong>Πνεῦμα</strong></span> <span class='ocrx_word' id='word_1_165' title='bbox 680 1248 696 1274; x_wconf 87' lang='grc' dir='ltr'><em>ό</em></span> <span class='ocrx_word' id='word_1_166' title='bbox 714 1246 796 1279; x_wconf 79' lang='grc' dir='ltr'>Θεός.</span> 
     </span>
    </p>
   </div>
   <div class='ocr_carea' id='block_1_31' title="bbox 174 1288 923 1324">
    <p class='ocr_par' dir='ltr' id='par_1_31' title="bbox 174 1288 923 1324">
     <span class='ocr_line' id='line_1_31' title="bbox 174 1288 923 1324; baseline 0 -9"><span class='ocrx_word' id='word_1_167' title='bbox 174 1288 251 1315; x_wconf 74' lang='grc' dir='ltr'>Ἐπεὶ</span> <span class='ocrx_word' id='word_1_168' title='bbox 265 1289 379 1324; x_wconf 86' lang='grc' dir='ltr'>ἀόρατος</span> <span class='ocrx_word' id='word_1_169' title='bbox 397 1290 411 1316; x_wconf 76' lang='grc' dir='ltr'>(ι</span> <span class='ocrx_word' id='word_1_170' title='bbox 428 1288 512 1322; x_wconf 81' lang='grc' dir='ltr'>Θεὸς,</span> <span class='ocrx_word' id='word_1_171' title='bbox 527 1289 668 1316; x_wconf 83' lang='grc' dir='ltr'>ἀκολουθεί</span> <span class='ocrx_word' id='word_1_172' title='bbox 679 1289 707 1316; x_wconf 86' lang='grc' dir='ltr'>δὲ</span> <span class='ocrx_word' id='word_1_173' title='bbox 722 1289 776 1316; x_wconf 83' lang='grc' dir='ltr'><strong>τῶν</strong></span> <span class='ocrx_word' id='word_1_174' title='bbox 798 1289 923 1324; x_wconf 79' lang='grc' dir='ltr'>ἀοράτων</span> 
     </span>
    </p>
   </div>
   <div class='ocr_carea' id='block_1_32' title="bbox 131 1331 922 1372">
    <p class='ocr_par' dir='ltr' id='par_1_32' title="bbox 131 1331 922 1372">
     <span class='ocr_line' id='line_1_32' title="bbox 131 1331 922 1372; baseline 0.001 -11"><span class='ocrx_word' id='word_1_175' title='bbox 131 1335 163 1361; x_wconf 82' lang='grc' dir='ltr'><strong>τὺ</strong></span> <span class='ocrx_word' id='word_1_176' title='bbox 186 1331 347 1370; x_wconf 72' lang='grc' dir='ltr'>ἀσώματονσ</span> <span class='ocrx_word' id='word_1_177' title='bbox 374 1334 519 1371; x_wconf 80' lang='grc' dir='ltr'><strong>ἀσώματος</strong></span> <span class='ocrx_word' id='word_1_178' title='bbox 543 1335 598 1371; x_wconf 78' lang='grc' dir='ltr'>ἄρα</span> <span class='ocrx_word' id='word_1_179' title='bbox 617 1335 631 1361; x_wconf 79' lang='grc' dir='ltr'><strong>ὁ</strong></span> <span class='ocrx_word' id='word_1_180' title='bbox 652 1335 720 1367; x_wconf 75' lang='grc' dir='ltr'>Θεὸς</span> <span class='ocrx_word' id='word_1_181' title='bbox 735 1335 789 1368; x_wconf 86' lang='grc' dir='ltr'>ὢν,</span> <span class='ocrx_word' id='word_1_182' title='bbox 806 1335 922 1372; x_wconf 82' lang='grc' dir='ltr'>ἀόρατός</span> 
     </span>
    </p>
   </div>
   <div class='ocr_carea' id='block_1_33' title="bbox 131 1381 923 1417">
    <p class='ocr_par' dir='ltr' id='par_1_33' title="bbox 131 1381 923 1417">
     <span class='ocr_line' id='line_1_33' title="bbox 131 1381 923 1417; baseline 0.001 -10"><span class='ocrx_word' id='word_1_183' title='bbox 131 1381 209 1408; x_wconf 79' lang='grc' dir='ltr'>ἐστιν</span> <span class='ocrx_word' id='word_1_184' title='bbox 219 1389 226 1397; x_wconf 89' lang='grc'><strong>·</strong></span> <span class='ocrx_word' id='word_1_185' title='bbox 245 1381 270 1408; x_wconf 77' lang='grc' dir='ltr'>εἰ</span> <span class='ocrx_word' id='word_1_186' title='bbox 285 1381 312 1408; x_wconf 86' lang='grc' dir='ltr'>δὲ</span> <span class='ocrx_word' id='word_1_187' title='bbox 328 1381 416 1414; x_wconf 81' lang='grc' dir='ltr'>τοῦτο,</span> <span class='ocrx_word' id='word_1_188' title='bbox 435 1381 580 1417; x_wconf 82' lang='grc' dir='ltr'>λεγόμενος</span> <span class='ocrx_word' id='word_1_189' title='bbox 594 1381 713 1417; x_wconf 77' lang='grc' dir='ltr'>πνεῦμα,</span> <span class='ocrx_word' id='word_1_190' title='bbox 727 1381 757 1408; x_wconf 86' lang='grc' dir='ltr'>οὐ</span> <span class='ocrx_word' id='word_1_191' title='bbox 773 1381 923 1417; x_wconf 76' lang='grc' dir='ltr'>κεκινημέ-</span> 
     </span>
    </p>
   </div>
   <div class='ocr_carea' id='block_1_34' title="bbox 131 1427 925 1464">
    <p class='ocr_par' dir='ltr' id='par_1_34' title="bbox 131 1427 925 1464">
     <span class='ocr_line' id='line_1_34' title="bbox 131 1427 925 1464; baseline 0.001 -11"><span class='ocrx_word' id='word_1_192' title='bbox 131 1434 177 1458; x_wconf 69' lang='lat' dir='ltr'><strong>ve;</strong></span> <span class='ocrx_word' id='word_1_193' title='bbox 191 1427 246 1463; x_wconf 84' lang='grc' dir='ltr'>ἀὴρ</span> <span class='ocrx_word' id='word_1_194' title='bbox 261 1427 320 1462; x_wconf 76' lang='grc' dir='ltr'>εἴη·</span> <span class='ocrx_word' id='word_1_195' title='bbox 334 1428 364 1454; x_wconf 85' lang='grc' dir='ltr'><strong>ού</strong></span> <span class='ocrx_word' id='word_1_196' title='bbox 382 1427 437 1464; x_wconf 82' lang='grc' dir='ltr'>γὰρ</span> <span class='ocrx_word' id='word_1_197' title='bbox 451 1429 491 1454; x_wconf 80' lang='grc' dir='ltr'><strong>ὅτι</strong></span> <span class='ocrx_word' id='word_1_198' title='bbox 507 1427 583 1463; x_wconf 85' lang='grc' dir='ltr'><strong>παρά</strong></span> <span class='ocrx_word' id='word_1_199' title='bbox 595 1428 749 1462; x_wconf 83' lang='grc' dir='ltr'>ἀνθρώποις</span> <span class='ocrx_word' id='word_1_200' title='bbox 763 1427 862 1462; x_wconf 84' lang='grc' dir='ltr'>ἄνεμον</span> <span class='ocrx_word' id='word_1_201' title='bbox 876 1427 925 1462; x_wconf 86' lang='grc' dir='ltr'>δη-</span> 
     </span>
    </p>
   </div>
   <div class='ocr_carea' id='block_1_35' title="bbox 133 1471 924 1508">
    <p class='ocr_par' dir='ltr' id='par_1_35' title="bbox 133 1471 924 1508">
     <span class='ocr_line' id='line_1_35' title="bbox 133 1471 924 1508; baseline 0 -10"><span class='ocrx_word' id='word_1_202' title='bbox 133 1471 175 1498; x_wconf 83' lang='grc' dir='ltr'>λοῖ</span> <span class='ocrx_word' id='word_1_203' title='bbox 189 1472 220 1498; x_wconf 84' lang='grc' dir='ltr'><strong>τὺ</strong></span> <span class='ocrx_word' id='word_1_204' title='bbox 235 1472 361 1507; x_wconf 81' lang='grc' dir='ltr'>πνεῦμα,</span> <span class='ocrx_word' id='word_1_205' title='bbox 384 1473 491 1508; x_wconf 81' lang='grc' dir='ltr'><strong>ἀνάγκη</strong></span> <span class='ocrx_word' id='word_1_206' title='bbox 512 1473 559 1499; x_wconf 79' lang='grc' dir='ltr'>καὶ</span> <span class='ocrx_word' id='word_1_207' title='bbox 575 1473 622 1499; x_wconf 73' lang='grc' dir='ltr'><strong>ἐπὶ</strong></span> <span class='ocrx_word' id='word_1_208' title='bbox 639 1472 706 1499; x_wconf 83' lang='grc' dir='ltr'>Θεοῦ</span> <span class='ocrx_word' id='word_1_209' title='bbox 728 1471 806 1499; x_wconf 78' lang='grc' dir='ltr'>τοῦτο</span> <span class='ocrx_word' id='word_1_210' title='bbox 823 1471 924 1507; x_wconf 85' lang='grc' dir='ltr'>σημαί-</span> 
     </span>
    </p>
   </div>
   <div class='ocr_carea' id='block_1_36' title="bbox 133 1515 922 1553">
    <p class='ocr_par' dir='ltr' id='par_1_36' title="bbox 133 1515 922 1553">
     <span class='ocr_line' id='line_1_36' title="bbox 133 1515 922 1553; baseline 0 -11"><span class='ocrx_word' id='word_1_211' title='bbox 133 1515 238 1543; x_wconf 79' lang='grc' dir='ltr'>νεσθαι.</span> <span class='ocrx_word' id='word_1_212' title='bbox 255 1516 362 1553; x_wconf 80' lang='grc' dir='ltr'>Ὥσπερ</span> <span class='ocrx_word' id='word_1_213' title='bbox 373 1517 464 1543; x_wconf 85' lang='grc' dir='ltr'>τοίνυν</span> <span class='ocrx_word' id='word_1_214' title='bbox 480 1516 539 1552; x_wconf 82' lang='grc' dir='ltr'><strong>φῶς</strong></span> <span class='ocrx_word' id='word_1_215' title='bbox 552 1517 710 1552; x_wconf 80' lang='grc' dir='ltr'>λεγόμενον,</span> <span class='ocrx_word' id='word_1_216' title='bbox 725 1516 786 1542; x_wconf 69' lang='grc' dir='ltr'>ἐπεὶ</span> <span class='ocrx_word' id='word_1_217' title='bbox 801 1516 838 1552; x_wconf 82' lang='grc' dir='ltr'><strong>μὴ</strong></span> <span class='ocrx_word' id='word_1_218' title='bbox 851 1516 922 1550; x_wconf 61' lang='grc' dir='ltr'>ὄψιν,</span> 
     </span>
    </p>
   </div>
   <div class='ocr_carea' id='block_1_37' title="bbox 134 1561 923 1598">
    <p class='ocr_par' dir='ltr' id='par_1_37' title="bbox 134 1561 923 1598">
     <span class='ocr_line' id='line_1_37' title="bbox 134 1561 923 1598; baseline -0.001 -9"><span class='ocrx_word' id='word_1_219' title='bbox 134 1562 202 1590; x_wconf 78' lang='grc' dir='ltr'>ἀλλὰ</span> <span class='ocrx_word' id='word_1_220' title='bbox 212 1562 305 1597; x_wconf 81' lang='grc' dir='ltr'>νόησιν</span> <span class='ocrx_word' id='word_1_221' title='bbox 321 1562 442 1597; x_wconf 74' lang='grc' dir='ltr'>φωτίζει,</span> <span class='ocrx_word' id='word_1_222' title='bbox 456 1562 486 1589; x_wconf 85' lang='grc' dir='ltr'>οὺ</span> <span class='ocrx_word' id='word_1_223' title='bbox 501 1562 580 1598; x_wconf 84' lang='grc' dir='ltr'>σῶμα</span> <span class='ocrx_word' id='word_1_224' title='bbox 593 1563 661 1590; x_wconf 84' lang='grc' dir='ltr'><strong>ἀλλά</strong></span> <span class='ocrx_word' id='word_1_225' title='bbox 675 1562 768 1598; x_wconf 81' lang='grc' dir='ltr'>νοερόν</span> <span class='ocrx_word' id='word_1_226' title='bbox 781 1562 840 1590; x_wconf 74' lang='grc' dir='ltr'>ἐστι</span> <span class='ocrx_word' id='word_1_227' title='bbox 855 1561 923 1596; x_wconf 78' lang='grc' dir='ltr'>φῶς·</span> 
     </span>
    </p>
   </div>
   <div class='ocr_carea' id='block_1_38' title="bbox 133 1609 923 1645">
    <p class='ocr_par' dir='ltr' id='par_1_38' title="bbox 133 1609 923 1645">
     <span class='ocr_line' id='line_1_38' title="bbox 133 1609 923 1645; baseline 0 -10"><span class='ocrx_word' id='word_1_228' title='bbox 133 1609 202 1635; x_wconf 87' lang='grc' dir='ltr'><strong>ἀλλά</strong></span> <span class='ocrx_word' id='word_1_229' title='bbox 225 1610 271 1636; x_wconf 75' lang='grc' dir='ltr'><strong>καὶ</strong></span> <span class='ocrx_word' id='word_1_230' title='bbox 287 1609 382 1645; x_wconf 82' lang='grc' dir='ltr'>ἀγάπη</span> <span class='ocrx_word' id='word_1_231' title='bbox 398 1609 566 1645; x_wconf 83' lang='grc' dir='ltr'>καλούμενον</span> <span class='ocrx_word' id='word_1_232' title='bbox 591 1609 622 1636; x_wconf 80' lang='grc' dir='ltr'><strong>οὐ</strong></span> <span class='ocrx_word' id='word_1_233' title='bbox 645 1609 766 1641; x_wconf 84' lang='grc' dir='ltr'>διάθεσις</span> <span class='ocrx_word' id='word_1_234' title='bbox 788 1609 923 1644; x_wconf 81' lang='grc' dir='ltr'><strong>ὑπάρχει,</strong></span> 
     </span>
    </p>
   </div>
   <div class='ocr_carea' id='block_1_39' title="bbox 133 1651 925 1691">
    <p class='ocr_par' dir='ltr' id='par_1_39' title="bbox 133 1651 925 1691">
     <span class='ocr_line' id='line_1_39' title="bbox 133 1651 925 1691; baseline 0 -9"><span class='ocrx_word' id='word_1_235' title='bbox 133 1655 192 1681; x_wconf 81' lang='grc' dir='ltr'>ἀλλ’</span> <span class='ocrx_word' id='word_1_236' title='bbox 209 1655 289 1682; x_wconf 68' lang='grc' dir='ltr'>οὐσία</span> <span class='ocrx_word' id='word_1_237' title='bbox 309 1655 444 1690; x_wconf 79' lang='grc' dir='ltr'>ἀγαπῶσα</span> <span class='ocrx_word' id='word_1_238' title='bbox 461 1655 479 1682; x_wconf 80' lang='grc' dir='ltr'>ἃ</span> <span class='ocrx_word' id='word_1_239' title='bbox 493 1655 672 1691; x_wconf 86' lang='grc' dir='ltr'>δημιουργεῖ,</span> <span class='ocrx_word' id='word_1_240' title='bbox 689 1655 736 1682; x_wconf 79' lang='grc' dir='ltr'>καὶ</span> <span class='ocrx_word' id='word_1_241' title='bbox 750 1651 787 1682; x_wconf 84' lang='grc' dir='ltr'>ὧν</span> <span class='ocrx_word' id='word_1_242' title='bbox 803 1656 925 1691; x_wconf 56' lang='grc' dir='ltr'>προνοεῖ.</span> 
     </span>
    </p>
   </div>
   <div class='ocr_carea' id='block_1_40' title="bbox 134 1700 925 1737">
    <p class='ocr_par' dir='ltr' id='par_1_40' title="bbox 134 1700 925 1737">
     <span class='ocr_line' id='line_1_40' title="bbox 134 1700 925 1737; baseline 0.001 -10"><span class='ocrx_word' id='word_1_243' title='bbox 134 1708 197 1727; x_wconf 82' lang='grc' dir='ltr'>ται·</span> <span class='ocrx_word' id='word_1_244' title='bbox 214 1700 301 1733; x_wconf 75' lang='grc' dir='ltr'>οὕτως</span> <span class='ocrx_word' id='word_1_245' title='bbox 327 1701 436 1736; x_wconf 76' lang='grc' dir='ltr'>πνεῦμα</span> <span class='ocrx_word' id='word_1_246' title='bbox 457 1701 728 1737; x_wconf 78' lang='grc' dir='ltr'>προσαγορευόμενος</span> <span class='ocrx_word' id='word_1_247' title='bbox 753 1702 803 1728; x_wconf 83' lang='grc' dir='ltr'>οὐκ</span> <span class='ocrx_word' id='word_1_248' title='bbox 825 1700 925 1736; x_wconf 77' lang='grc' dir='ltr'>ἄνεμον</span> 
     </span>
    </p>
   </div>
   <div class='ocr_carea' id='block_1_41' title="bbox 134 1746 924 1784">
    <p class='ocr_par' dir='ltr' id='par_1_41' title="bbox 134 1746 924 1784">
     <span class='ocr_line' id='line_1_41' title="bbox 134 1746 924 1784; baseline 0.003 -12"><span class='ocrx_word' id='word_1_249' title='bbox 134 1746 193 1773; x_wconf 69' lang='grc' dir='ltr'>ἀλλ’</span> <span class='ocrx_word' id='word_1_250' title='bbox 206 1747 354 1782; x_wconf 86' lang='grc' dir='ltr'>ἀσώματον</span> <span class='ocrx_word' id='word_1_251' title='bbox 371 1747 419 1775; x_wconf 79' lang='grc' dir='ltr'>καὶ</span> <span class='ocrx_word' id='word_1_252' title='bbox 434 1746 568 1780; x_wconf 78' lang='grc' dir='ltr'>ζωοποιὸν</span> <span class='ocrx_word' id='word_1_253' title='bbox 584 1748 750 1784; x_wconf 78' lang='grc' dir='ltr'>παρίστησιν</span> <span class='ocrx_word' id='word_1_254' title='bbox 763 1747 856 1774; x_wconf 83' lang='grc' dir='ltr'>οὐσίαν</span> <span class='ocrx_word' id='word_1_255' title='bbox 875 1747 924 1782; x_wconf 85' lang='lat'><strong>(8).</strong></span> 
     </span>
    </p>
   </div>
   <div class='ocr_carea' id='block_1_42' title="bbox 135 1792 927 1829">
    <p class='ocr_par' dir='ltr' id='par_1_42' title="bbox 135 1792 927 1829">
     <span class='ocr_line' id='line_1_42' title="bbox 135 1792 927 1829; baseline 0 -10"><span class='ocrx_word' id='word_1_256' title='bbox 135 1792 193 1825; x_wconf 82' lang='grc' dir='ltr'><strong>Πᾶς</strong></span> <span class='ocrx_word' id='word_1_257' title='bbox 217 1793 246 1820; x_wconf 82' lang='grc' dir='ltr'>δὲ</span> <span class='ocrx_word' id='word_1_258' title='bbox 269 1794 283 1820; x_wconf 75' lang='grc' dir='ltr'>ό</span> <span class='ocrx_word' id='word_1_259' title='bbox 307 1793 400 1829; x_wconf 90' lang='grc' dir='ltr'>μαθὼν</span> <span class='ocrx_word' id='word_1_260' title='bbox 421 1794 462 1820; x_wconf 80' lang='grc' dir='ltr'>ὅτι</span> <span class='ocrx_word' id='word_1_261' title='bbox 478 1794 587 1829; x_wconf 85' lang='grc' dir='ltr'>πνεῦμα</span> <span class='ocrx_word' id='word_1_262' title='bbox 605 1795 618 1820; x_wconf 85' lang='grc' dir='ltr'><strong>ὁ</strong></span> <span class='ocrx_word' id='word_1_263' title='bbox 639 1794 715 1826; x_wconf 86' lang='grc' dir='ltr'>Θεὸς,</span> <span class='ocrx_word' id='word_1_264' title='bbox 735 1793 927 1829; x_wconf 80' lang='grc' dir='ltr'>πνευματικῶς</span> 
     </span>
    </p>
   </div>
   <div class='ocr_carea' id='block_1_43' title="bbox 135 1838 928 1876">
    <p class='ocr_par' dir='ltr' id='par_1_43' title="bbox 135 1838 928 1876">
     <span class='ocr_line' id='line_1_43' title="bbox 135 1838 928 1876; baseline -0.001 -9"><span class='ocrx_word' id='word_1_265' title='bbox 135 1838 274 1875; x_wconf 78' lang='grc' dir='ltr'>λατρεύων</span> <span class='ocrx_word' id='word_1_266' title='bbox 291 1840 365 1875; x_wconf 87' lang='grc' dir='ltr'><strong>αὺτῷ</strong></span> <span class='ocrx_word' id='word_1_267' title='bbox 375 1860 382 1872; x_wconf 90' lang='grc'><strong>,</strong></span> <span class='ocrx_word' id='word_1_268' title='bbox 396 1840 533 1876; x_wconf 83' lang='grc' dir='ltr'>πνεύματι</span> <span class='ocrx_word' id='word_1_269' title='bbox 545 1840 592 1867; x_wconf 78' lang='grc' dir='ltr'>καὶ</span> <span class='ocrx_word' id='word_1_270' title='bbox 605 1840 731 1876; x_wconf 78' lang='grc' dir='ltr'>ἀληθείᾳ,</span> <span class='ocrx_word' id='word_1_271' title='bbox 745 1840 836 1867; x_wconf 82' lang='grc' dir='ltr'>οὐκέτι</span> <span class='ocrx_word' id='word_1_272' title='bbox 849 1847 928 1866; x_wconf 84' lang='grc' dir='ltr'>τυπι-</span> 
     </span>
    </p>
   </div>
   <div class='ocr_carea' id='block_1_44' title="bbox 1361 1193 1381 1223">
    <p class='ocr_par' dir='ltr' id='par_1_44' title="bbox 1361 1193 1381 1223">
     <span class='ocr_line' id='line_1_44' title="bbox 1361 1193 1381 1223; baseline 0.1 -2"><span class='ocrx_word' id='word_1_273' title='bbox 1361 1193 1381 1223; x_wconf 63' lang='grc' dir='ltr'><strong>Ι.</strong></span> 
     </span>
    </p>
   </div>
   <div class='ocr_carea' id='block_1_45' title="bbox 1067 1239 1677 1274">
    <p class='ocr_par' dir='ltr' id='par_1_45' title="bbox 1067 1239 1677 1274">
     <span class='ocr_line' id='line_1_45' title="bbox 1067 1239 1677 1274; baseline -0.002 -6"><span class='ocrx_word' id='word_1_274' title='bbox 1067 1241 1131 1268; x_wconf 81' lang='lat' dir='ltr'><strong>CAP.</strong></span> <span class='ocrx_word' id='word_1_275' title='bbox 1154 1240 1198 1268; x_wconf 83' lang='lat' dir='ltr'><strong>IV.</strong></span> <span class='ocrx_word' id='word_1_276' title='bbox 1223 1240 1303 1268; x_wconf 85' lang='lat' dir='ltr'><strong>Vers.</strong></span> <span class='ocrx_word' id='word_1_277' title='bbox 1326 1239 1370 1266; x_wconf 65' lang='grc' dir='ltr'><strong>Μ.</strong></span> <span class='ocrx_word' id='word_1_278' title='bbox 1394 1239 1509 1274; x_wconf 67' lang='lat' dir='ltr'><strong>Spiritus</strong></span> <span class='ocrx_word' id='word_1_279' title='bbox 1531 1243 1570 1266; x_wconf 81' lang='lat' dir='ltr'><strong>eu</strong></span> <span class='ocrx_word' id='word_1_280' title='bbox 1595 1239 1677 1269; x_wconf 77' lang='grc' dir='ltr'>υειιι.</span> 
     </span>
    </p>
   </div>
   <div class='ocr_carea' id='block_1_46' title="bbox 1012 1283 1766 1322">
    <p class='ocr_par' dir='ltr' id='par_1_46' title="bbox 1012 1283 1766 1322">
     <span class='ocr_line' id='line_1_46' title="bbox 1012 1283 1766 1322; baseline -0.001 -7"><span class='ocrx_word' id='word_1_281' title='bbox 1012 1288 1143 1322; x_wconf 86' lang='lat' dir='ltr'><strong>Quoniam</strong></span> <span class='ocrx_word' id='word_1_282' title='bbox 1158 1287 1301 1314; x_wconf 83' lang='lat' dir='ltr'><strong>invisibilis</strong></span> <span class='ocrx_word' id='word_1_283' title='bbox 1318 1290 1360 1314; x_wconf 86' lang='lat' dir='ltr'><strong>est</strong></span> <span class='ocrx_word' id='word_1_284' title='bbox 1378 1286 1458 1318; x_wconf 87' lang='lat' dir='ltr'><strong>Deus,</strong></span> <span class='ocrx_word' id='word_1_285' title='bbox 1476 1287 1600 1320; x_wconf 82' lang='lat' dir='ltr'><strong>sequitur</strong></span> <span class='ocrx_word' id='word_1_286' title='bbox 1611 1283 1701 1314; x_wconf 79' lang='lat' dir='ltr'><strong>autem</strong></span> <span class='ocrx_word' id='word_1_287' title='bbox 1723 1286 1766 1314; x_wconf 80' lang='lat' dir='ltr'><strong>in-</strong></span> 
     </span>
    </p>
   </div>
   <div class='ocr_carea' id='block_1_47' title="bbox 977 1332 1771 1368">
    <p class='ocr_par' dir='ltr' id='par_1_47' title="bbox 977 1332 1771 1368">
     <span class='ocr_line' id='line_1_47' title="bbox 977 1332 1771 1368; baseline -0.001 -6"><span class='ocrx_word' id='word_1_288' title='bbox 977 1334 1161 1362; x_wconf 82' lang='lat' dir='ltr'><strong>visibilitalem</strong></span> <span class='ocrx_word' id='word_1_289' title='bbox 1189 1332 1415 1367; x_wconf 76' lang='lat' dir='ltr'><strong>incorporalitas;</strong></span> <span class='ocrx_word' id='word_1_290' title='bbox 1442 1339 1503 1358; x_wconf 87' lang='lat' dir='ltr'><strong>cum</strong></span> <span class='ocrx_word' id='word_1_291' title='bbox 1529 1332 1564 1360; x_wconf 87' lang='lat' dir='ltr'><strong>sit</strong></span> <span class='ocrx_word' id='word_1_292' title='bbox 1587 1332 1771 1368; x_wconf 78' lang='lat' dir='ltr'><strong>incorporalis</strong></span> 
     </span>
    </p>
   </div>
   <div class='ocr_carea' id='block_1_48' title="bbox 977 1378 1770 1414">
    <p class='ocr_par' dir='ltr' id='par_1_48' title="bbox 977 1378 1770 1414">
     <span class='ocr_line' id='line_1_48' title="bbox 977 1378 1770 1414; baseline -0.006 -4"><span class='ocrx_word' id='word_1_293' title='bbox 977 1382 1059 1414; x_wconf 86' lang='lat' dir='ltr'><strong>Deus,</strong></span> <span class='ocrx_word' id='word_1_294' title='bbox 1076 1382 1146 1409; x_wconf 89' lang='lat' dir='ltr'><strong>idem</strong></span> <span class='ocrx_word' id='word_1_295' title='bbox 1162 1386 1204 1410; x_wconf 88' lang='lat' dir='ltr'><strong>cst</strong></span> <span class='ocrx_word' id='word_1_296' title='bbox 1218 1382 1300 1408; x_wconf 87' lang='lat' dir='ltr'><strong>etiam</strong></span> <span class='ocrx_word' id='word_1_297' title='bbox 1316 1379 1469 1407; x_wconf 83' lang='lat' dir='ltr'><strong>invisibilis.</strong></span> <span class='ocrx_word' id='word_1_298' title='bbox 1485 1378 1561 1411; x_wconf 90' lang='lat' dir='ltr'><strong>Quod</strong></span> <span class='ocrx_word' id='word_1_299' title='bbox 1581 1378 1604 1406; x_wconf 77' lang='lat' dir='ltr'><strong>si</strong></span> <span class='ocrx_word' id='word_1_300' title='bbox 1621 1378 1658 1405; x_wconf 84' lang='lat' dir='ltr'><strong>ita</strong></span> <span class='ocrx_word' id='word_1_301' title='bbox 1670 1383 1724 1411; x_wconf 77' lang='lat' dir='ltr'><strong>est,</strong></span> <span class='ocrx_word' id='word_1_302' title='bbox 1746 1378 1770 1406; x_wconf 90' lang='lat' dir='ltr'><strong>is</strong></span> 
     </span>
    </p>
   </div>
   <div class='ocr_carea' id='block_1_49' title="bbox 978 1425 1769 1464">
    <p class='ocr_par' dir='ltr' id='par_1_49' title="bbox 978 1425 1769 1464">
     <span class='ocr_line' id='line_1_49' title="bbox 978 1425 1769 1464; baseline -0.004 -8"><span class='ocrx_word' id='word_1_303' title='bbox 978 1429 1024 1464; x_wconf 87' lang='lat' dir='ltr'><strong>qui</strong></span> <span class='ocrx_word' id='word_1_304' title='bbox 1047 1429 1098 1456; x_wconf 83' lang='lat' dir='ltr'><strong>hoc</strong></span> <span class='ocrx_word' id='word_1_305' title='bbox 1118 1427 1177 1455; x_wconf 80' lang='lat' dir='ltr'><strong>loco</strong></span> <span class='ocrx_word' id='word_1_306' title='bbox 1191 1427 1289 1454; x_wconf 86' lang='lat' dir='ltr'><strong>dicitur</strong></span> <span class='ocrx_word' id='word_1_307' title='bbox 1300 1426 1422 1460; x_wconf 82' lang='lat' dir='ltr'><strong>spiritus,</strong></span> <span class='ocrx_word' id='word_1_308' title='bbox 1438 1432 1490 1452; x_wconf 90' lang='lat' dir='ltr'><strong>non</strong></span> <span class='ocrx_word' id='word_1_309' title='bbox 1505 1425 1558 1451; x_wconf 80' lang='lat' dir='ltr'><strong>erit</strong></span> <span class='ocrx_word' id='word_1_310' title='bbox 1578 1431 1625 1452; x_wconf 80' lang='lat' dir='ltr'><strong>aer</strong></span> <span class='ocrx_word' id='word_1_311' title='bbox 1647 1432 1769 1453; x_wconf 88' lang='lat' dir='ltr'><strong>commo-</strong></span> 
     </span>
    </p>
   </div>
   <div class='ocr_carea' id='block_1_50' title="bbox 979 1470 1771 1508">
    <p class='ocr_par' dir='ltr' id='par_1_50' title="bbox 979 1470 1771 1508">
     <span class='ocr_line' id='line_1_50' title="bbox 979 1470 1771 1508; baseline -0.008 -5"><span class='ocrx_word' id='word_1_312' title='bbox 979 1480 1033 1503; x_wconf 87' lang='lat' dir='ltr'><strong>tus.</strong></span> <span class='ocrx_word' id='word_1_313' title='bbox 1058 1473 1152 1508; x_wconf 81' lang='lat' dir='ltr'><strong>Neque</strong></span> <span class='ocrx_word' id='word_1_314' title='bbox 1171 1472 1323 1507; x_wconf 18' lang='lat' dir='ltr'><strong>enitnlquia</strong></span> <span class='ocrx_word' id='word_1_315' title='bbox 1337 1471 1406 1506; x_wconf 89' lang='lat' dir='ltr'><strong>apud</strong></span> <span class='ocrx_word' id='word_1_316' title='bbox 1421 1470 1544 1498; x_wconf 83' lang='lat' dir='ltr'><strong>homines</strong></span> <span class='ocrx_word' id='word_1_317' title='bbox 1559 1475 1668 1498; x_wconf 82' lang='lat' dir='ltr'><strong>ventum</strong></span> <span class='ocrx_word' id='word_1_318' title='bbox 1688 1470 1771 1505; x_wconf 77' lang='lat' dir='ltr'><strong>signi-</strong></span> 
     </span>
    </p>
   </div>
   <div class='ocr_carea' id='block_1_51' title="bbox 980 1516 1769 1554">
    <p class='ocr_par' dir='ltr' id='par_1_51' title="bbox 980 1516 1769 1554">
     <span class='ocr_line' id='line_1_51' title="bbox 980 1516 1769 1554; baseline -0.005 -7"><span class='ocrx_word' id='word_1_319' title='bbox 980 1521 1042 1547; x_wconf 74' lang='lat' dir='ltr'><strong>iirat</strong></span> <span class='ocrx_word' id='word_1_320' title='bbox 1057 1519 1180 1554; x_wconf 86' lang='lat' dir='ltr'><strong>spiritus,</strong></span> <span class='ocrx_word' id='word_1_321' title='bbox 1200 1524 1311 1545; x_wconf 84' lang='lat' dir='ltr'><strong>necesse</strong></span> <span class='ocrx_word' id='word_1_322' title='bbox 1326 1522 1368 1545; x_wconf 87' lang='lat' dir='ltr'><strong>est</strong></span> <span class='ocrx_word' id='word_1_323' title='bbox 1383 1522 1412 1543; x_wconf 95' lang='lat' dir='ltr'><strong>ut</strong></span> <span class='ocrx_word' id='word_1_324' title='bbox 1428 1517 1453 1543; x_wconf 94' lang='lat' dir='ltr'><strong>in</strong></span> <span class='ocrx_word' id='word_1_325' title='bbox 1469 1516 1523 1544; x_wconf 90' lang='lat' dir='ltr'><strong>Deo</strong></span> <span class='ocrx_word' id='word_1_326' title='bbox 1547 1523 1654 1551; x_wconf 84' lang='lat' dir='ltr'><strong>quoque</strong></span> <span class='ocrx_word' id='word_1_327' title='bbox 1675 1516 1769 1544; x_wconf 85' lang='lat' dir='ltr'><strong>eodem</strong></span> 
     </span>
    </p>
   </div>
   <div class='ocr_carea' id='block_1_52' title="bbox 979 1562 1766 1602">
    <p class='ocr_par' dir='ltr' id='par_1_52' title="bbox 979 1562 1766 1602">
     <span class='ocr_line' id='line_1_52' title="bbox 979 1562 1766 1602; baseline -0.008 -8"><span class='ocrx_word' id='word_1_328' title='bbox 979 1566 1132 1602; x_wconf 79' lang='lat' dir='ltr'><strong>signiﬁcatu</strong></span> <span class='ocrx_word' id='word_1_329' title='bbox 1149 1565 1195 1593; x_wconf 90' lang='lat' dir='ltr'><strong>sit.</strong></span> <span class='ocrx_word' id='word_1_330' title='bbox 1214 1564 1293 1592; x_wconf 88' lang='lat' dir='ltr'><strong>Sicut</strong></span> <span class='ocrx_word' id='word_1_331' title='bbox 1306 1564 1398 1598; x_wconf 85' lang='lat' dir='ltr'><strong>itaque</strong></span> <span class='ocrx_word' id='word_1_332' title='bbox 1412 1571 1473 1590; x_wconf 83' lang='lat' dir='ltr'><strong>cum</strong></span> <span class='ocrx_word' id='word_1_333' title='bbox 1493 1563 1562 1590; x_wconf 88' lang='lat' dir='ltr'><strong>idem</strong></span> <span class='ocrx_word' id='word_1_334' title='bbox 1579 1562 1651 1590; x_wconf 86' lang='lat' dir='ltr'><strong>Dens</strong></span> <span class='ocrx_word' id='word_1_335' title='bbox 1671 1562 1766 1589; x_wconf 84' lang='lat' dir='ltr'><strong>dicitur</strong></span> 
     </span>
    </p>
   </div>
   <div class='ocr_carea' id='block_1_53' title="bbox 980 1607 1766 1646">
    <p class='ocr_par' dir='ltr' id='par_1_53' title="bbox 980 1607 1766 1646">
     <span class='ocr_line' id='line_1_53' title="bbox 980 1607 1766 1646; baseline -0.008 -7"><span class='ocrx_word' id='word_1_336' title='bbox 980 1613 1025 1640; x_wconf 81' lang='lat' dir='ltr'><strong>lux</strong></span> <span class='ocrx_word' id='word_1_337' title='bbox 1041 1612 1076 1644; x_wconf 76' lang='lat'><strong>&quot;,</strong></span> <span class='ocrx_word' id='word_1_338' title='bbox 1087 1611 1215 1646; x_wconf 89' lang='lat' dir='ltr'><strong>quoniam</strong></span> <span class='ocrx_word' id='word_1_339' title='bbox 1226 1618 1278 1638; x_wconf 94' lang='lat' dir='ltr'><strong>non</strong></span> <span class='ocrx_word' id='word_1_340' title='bbox 1291 1610 1410 1642; x_wconf 89' lang='lat' dir='ltr'><strong>oculum,</strong></span> <span class='ocrx_word' id='word_1_341' title='bbox 1427 1609 1472 1636; x_wconf 88' lang='lat' dir='ltr'><strong>sed</strong></span> <span class='ocrx_word' id='word_1_342' title='bbox 1489 1613 1607 1636; x_wconf 84' lang='lat' dir='ltr'><strong>mentem</strong></span> <span class='ocrx_word' id='word_1_343' title='bbox 1626 1607 1766 1639; x_wconf 83' lang='lat' dir='ltr'><strong>illuminat.</strong></span> 
     </span>
    </p>
   </div>
   <div class='ocr_carea' id='block_1_54' title="bbox 980 1654 1768 1692">
    <p class='ocr_par' dir='ltr' id='par_1_54' title="bbox 980 1654 1768 1692">
     <span class='ocr_line' id='line_1_54' title="bbox 980 1654 1768 1692; baseline -0.004 -8"><span class='ocrx_word' id='word_1_344' title='bbox 980 1666 1032 1686; x_wconf 93' lang='lat' dir='ltr'><strong>non</strong></span> <span class='ocrx_word' id='word_1_345' title='bbox 1061 1663 1102 1685; x_wconf 85' lang='lat' dir='ltr'><strong>cst</strong></span> <span class='ocrx_word' id='word_1_346' title='bbox 1123 1664 1234 1692; x_wconf 85' lang='lat' dir='ltr'><strong>corpus,</strong></span> <span class='ocrx_word' id='word_1_347' title='bbox 1250 1656 1297 1684; x_wconf 80' lang='lat' dir='ltr'><strong>sed</strong></span> <span class='ocrx_word' id='word_1_348' title='bbox 1324 1655 1514 1683; x_wconf 69' lang='lat' dir='ltr'><strong>intellectualis</strong></span> <span class='ocrx_word' id='word_1_349' title='bbox 1530 1654 1593 1687; x_wconf 82' lang='lat' dir='ltr'><strong>lux;</strong></span> <span class='ocrx_word' id='word_1_350' title='bbox 1609 1654 1673 1688; x_wconf 91' lang='lat' dir='ltr'><strong>quin</strong></span> <span class='ocrx_word' id='word_1_351' title='bbox 1688 1654 1768 1682; x_wconf 83' lang='lat' dir='ltr'><strong>etiam</strong></span> 
     </span>
    </p>
   </div>
   <div class='ocr_carea' id='block_1_55' title="bbox 979 1699 1770 1738">
    <p class='ocr_par' dir='ltr' id='par_1_55' title="bbox 979 1699 1770 1738">
     <span class='ocr_line' id='line_1_55' title="bbox 979 1699 1770 1738; baseline -0.005 -6"><span class='ocrx_word' id='word_1_352' title='bbox 979 1712 1039 1732; x_wconf 79' lang='lat' dir='ltr'><strong>Cum</strong></span> <span class='ocrx_word' id='word_1_353' title='bbox 1055 1703 1175 1732; x_wconf 81' lang='lat' dir='ltr'><strong>charitas</strong></span> <span class='ocrx_word' id='word_1_354' title='bbox 1187 1702 1337 1738; x_wconf 73' lang='lat' dir='ltr'><strong>appellatur</strong></span> <span class='ocrx_word' id='word_1_355' title='bbox 1351 1702 1373 1717; x_wconf 88' lang='lat'>“</span> <span class='ocrx_word' id='word_1_356' title='bbox 1385 1720 1394 1734; x_wconf 86' lang='lat'><strong>,</strong></span> <span class='ocrx_word' id='word_1_357' title='bbox 1407 1709 1460 1729; x_wconf 90' lang='lat' dir='ltr'><strong>non</strong></span> <span class='ocrx_word' id='word_1_358' title='bbox 1473 1705 1516 1728; x_wconf 88' lang='lat' dir='ltr'><strong>est</strong></span> <span class='ocrx_word' id='word_1_359' title='bbox 1529 1701 1575 1729; x_wconf 90' lang='lat' dir='ltr'><strong>ille</strong></span> <span class='ocrx_word' id='word_1_360' title='bbox 1586 1700 1693 1735; x_wconf 83' lang='lat' dir='ltr'><strong>quidam</strong></span> <span class='ocrx_word' id='word_1_361' title='bbox 1705 1699 1770 1728; x_wconf 63' lang='grc' dir='ltr'><strong>εσθ-</strong></span> 
     </span>
    </p>
   </div>
   <div class='ocr_carea' id='block_1_56' title="bbox 980 1747 1772 1786">
    <p class='ocr_par' dir='ltr' id='par_1_56' title="bbox 980 1747 1772 1786">
     <span class='ocr_line' id='line_1_56' title="bbox 980 1747 1772 1786; baseline -0.004 -9"><span class='ocrx_word' id='word_1_362' title='bbox 980 1755 1049 1786; x_wconf 76' lang='lat' dir='ltr'><strong>ptus,</strong></span> <span class='ocrx_word' id='word_1_363' title='bbox 1065 1751 1113 1778; x_wconf 87' lang='lat' dir='ltr'><strong>sed</strong></span> <span class='ocrx_word' id='word_1_364' title='bbox 1138 1749 1292 1777; x_wconf 88' lang='lat' dir='ltr'><strong>substantia</strong></span> <span class='ocrx_word' id='word_1_365' title='bbox 1318 1755 1414 1775; x_wconf 88' lang='lat' dir='ltr'><strong>amans</strong></span> <span class='ocrx_word' id='word_1_366' title='bbox 1431 1755 1474 1774; x_wconf 88' lang='lat' dir='ltr'><strong>res</strong></span> <span class='ocrx_word' id='word_1_367' title='bbox 1498 1747 1557 1774; x_wconf 85' lang='lat' dir='ltr'><strong>illas</strong></span> <span class='ocrx_word' id='word_1_368' title='bbox 1574 1754 1641 1782; x_wconf 79' lang='lat' dir='ltr'><strong>quas</strong></span> <span class='ocrx_word' id='word_1_369' title='bbox 1655 1752 1731 1775; x_wconf 79' lang='lat' dir='ltr'><strong>creat</strong></span> <span class='ocrx_word' id='word_1_370' title='bbox 1744 1751 1772 1775; x_wconf 86' lang='lat' dir='ltr'><strong>et</strong></span> 
     </span>
    </p>
   </div>
   <div class='ocr_carea' id='block_1_57' title="bbox 980 1793 1772 1832">
    <p class='ocr_par' dir='ltr' id='par_1_57' title="bbox 980 1793 1772 1832">
     <span class='ocr_line' id='line_1_57' title="bbox 980 1793 1772 1832; baseline -0.003 -8"><span class='ocrx_word' id='word_1_371' title='bbox 980 1797 1078 1832; x_wconf 87' lang='lat' dir='ltr'><strong>quibus</strong></span> <span class='ocrx_word' id='word_1_372' title='bbox 1105 1795 1244 1830; x_wconf 83' lang='lat' dir='ltr'><strong>consulit;</strong></span> <span class='ocrx_word' id='word_1_373' title='bbox 1267 1795 1308 1822; x_wconf 91' lang='lat' dir='ltr'><strong>sic</strong></span> <span class='ocrx_word' id='word_1_374' title='bbox 1333 1794 1447 1829; x_wconf 87' lang='lat' dir='ltr'><strong>spiritus</strong></span> <span class='ocrx_word' id='word_1_375' title='bbox 1480 1798 1592 1821; x_wconf 75' lang='lat' dir='ltr'><strong>vocatus</strong></span> <span class='ocrx_word' id='word_1_376' title='bbox 1615 1793 1697 1827; x_wconf 88' lang='lat' dir='ltr'><strong>Deus,</strong></span> <span class='ocrx_word' id='word_1_377' title='bbox 1718 1801 1772 1822; x_wconf 88' lang='lat' dir='ltr'><strong>non</strong></span> 
     </span>
    </p>
   </div>
   <div class='ocr_carea' id='block_1_58' title="bbox 980 1839 1772 1875">
    <p class='ocr_par' dir='ltr' id='par_1_58' title="bbox 980 1839 1772 1875">
     <span class='ocr_line' id='line_1_58' title="bbox 980 1839 1772 1875; baseline -0.003 -7"><span class='ocrx_word' id='word_1_378' title='bbox 980 1847 1090 1870; x_wconf 81' lang='lat' dir='ltr'><strong>ventum</strong></span> <span class='ocrx_word' id='word_1_379' title='bbox 1109 1841 1156 1869; x_wconf 90' lang='lat' dir='ltr'><strong>sed</strong></span> <span class='ocrx_word' id='word_1_380' title='bbox 1175 1842 1363 1875; x_wconf 88' lang='lat' dir='ltr'><strong>incorpoream</strong></span> <span class='ocrx_word' id='word_1_381' title='bbox 1380 1839 1571 1874; x_wconf 85' lang='lat' dir='ltr'><strong>vivilicamque</strong></span> <span class='ocrx_word' id='word_1_382' title='bbox 1591 1839 1772 1867; x_wconf 78' lang='lat' dir='ltr'><strong>substantiam</strong></span> 
     </span>
    </p>
   </div>
   <div class='ocr_carea' id='block_1_59' title="bbox 136 1884 926 1922">
    <p class='ocr_par' dir='ltr' id='par_1_59' title="bbox 136 1884 926 1921">
     <span class='ocr_line' id='line_1_59' title="bbox 136 1884 926 1921; baseline 0 -9"><span class='ocrx_word' id='word_1_383' title='bbox 136 1884 203 1917; x_wconf 83' lang='grc' dir='ltr'>κῶς,</span> <span class='ocrx_word' id='word_1_384' title='bbox 217 1886 368 1920; x_wconf 83' lang='grc' dir='ltr'>προσκυνεῖ</span> <span class='ocrx_word' id='word_1_385' title='bbox 388 1886 434 1912; x_wconf 83' lang='grc' dir='ltr'>τὸν</span> <span class='ocrx_word' id='word_1_386' title='bbox 459 1887 512 1913; x_wconf 81' lang='grc' dir='ltr'><strong>τῶν</strong></span> <span class='ocrx_word' id='word_1_387' title='bbox 533 1887 602 1913; x_wconf 85' lang='grc' dir='ltr'>ὅλων</span> <span class='ocrx_word' id='word_1_388' title='bbox 620 1886 696 1912; x_wconf 75' lang='grc' dir='ltr'>Θεὸν.</span> <span class='ocrx_word' id='word_1_389' title='bbox 720 1886 793 1921; x_wconf 79' lang='grc' dir='ltr'>Πρὸς</span> <span class='ocrx_word' id='word_1_390' title='bbox 814 1886 926 1912; x_wconf 86' lang='grc' dir='ltr'>ἀντιδια·</span> 
     </span>
    </p>
   </div>
   <div class='ocr_carea' id='block_1_60' title="bbox 986 1884 1772 1922">
    <p class='ocr_par' dir='ltr' id='par_1_60' title="bbox 986 1884 1772 1922">
     <span class='ocr_line' id='line_1_60' title="bbox 986 1884 1772 1922; baseline -0.005 -7"><span class='ocrx_word' id='word_1_391' title='bbox 986 1889 1103 1915; x_wconf 81' lang='lat' dir='ltr'><strong>denotat.</strong></span> <span class='ocrx_word' id='word_1_392' title='bbox 1118 1887 1176 1914; x_wconf 84' lang='lat' dir='ltr'><strong>Jam</strong></span> <span class='ocrx_word' id='word_1_393' title='bbox 1195 1887 1240 1922; x_wconf 92' lang='lat' dir='ltr'><strong>qui</strong></span> <span class='ocrx_word' id='word_1_394' title='bbox 1255 1886 1329 1913; x_wconf 88' lang='lat' dir='ltr'><strong>novit</strong></span> <span class='ocrx_word' id='word_1_395' title='bbox 1350 1885 1478 1920; x_wconf 87' lang='lat' dir='ltr'><strong>spiritum</strong></span> <span class='ocrx_word' id='word_1_396' title='bbox 1502 1892 1562 1913; x_wconf 82' lang='lat' dir='ltr'><strong>esse</strong></span> <span class='ocrx_word' id='word_1_397' title='bbox 1577 1884 1674 1918; x_wconf 76' lang='lat' dir='ltr'><strong>Deum,</strong></span> <span class='ocrx_word' id='word_1_398' title='bbox 1690 1885 1772 1919; x_wconf 76' lang='lat' dir='ltr'><strong>spiri-</strong></span> 
     </span>
    </p>
   </div>
   <div class='ocr_carea' id='block_1_61' title="bbox 138 1930 928 1967">
    <p class='ocr_par' dir='ltr' id='par_1_61' title="bbox 138 1930 928 1967">
     <span class='ocr_line' id='line_1_61' title="bbox 138 1930 928 1967; baseline -0.001 -10"><span class='ocrx_word' id='word_1_399' title='bbox 138 1930 234 1966; x_wconf 81' lang='grc' dir='ltr'>στολὴν</span> <span class='ocrx_word' id='word_1_400' title='bbox 252 1930 281 1957; x_wconf 82' lang='grc' dir='ltr'>δὲ</span> <span class='ocrx_word' id='word_1_401' title='bbox 295 1930 342 1958; x_wconf 83' lang='grc' dir='ltr'>τοῦ</span> <span class='ocrx_word' id='word_1_402' title='bbox 360 1931 523 1967; x_wconf 82' lang='grc' dir='ltr'>γράμματος</span> <span class='ocrx_word' id='word_1_403' title='bbox 539 1931 580 1962; x_wconf 71' lang='grc' dir='ltr'>τὴ,</span> <span class='ocrx_word' id='word_1_404' title='bbox 599 1941 608 1956; x_wconf 78' lang='grc' dir='ltr'><strong>ι</strong></span> <span class='ocrx_word' id='word_1_405' title='bbox 621 1932 649 1957; x_wconf 76' lang='grc' dir='ltr'>ὲν</span> <span class='ocrx_word' id='word_1_406' title='bbox 665 1931 830 1966; x_wconf 59' lang='lat' dir='ltr'><strong>meditari,»</strong></span> <span class='ocrx_word' id='word_1_407' title='bbox 842 1930 909 1966; x_wconf 83' lang='grc' dir='ltr'>φησι</span> <span class='ocrx_word' id='word_1_408' title='bbox 922 1938 928 1946; x_wconf 91' lang='grc'><strong>·</strong></span> 
     </span>
    </p>
   </div>
   <div class='ocr_carea' id='block_1_62' title="bbox 136 1976 930 2013">
    <p class='ocr_par' dir='ltr' id='par_1_62' title="bbox 136 1976 930 2013">
     <span class='ocr_line' id='line_1_62' title="bbox 136 1976 930 2013; baseline -0.001 -9"><span class='ocrx_word' id='word_1_409' title='bbox 136 1977 184 2004; x_wconf 81' lang='grc' dir='ltr'><strong>τοῦ</strong></span> <span class='ocrx_word' id='word_1_410' title='bbox 198 1978 225 2004; x_wconf 86' lang='grc' dir='ltr'>δὲ</span> <span class='ocrx_word' id='word_1_411' title='bbox 233 1977 330 2010; x_wconf 83' lang='grc' dir='ltr'>τύπου,</span> <span class='ocrx_word' id='word_1_412' title='bbox 344 1977 375 2004; x_wconf 86' lang='grc' dir='ltr'>τὸ</span> <span class='ocrx_word' id='word_1_413' title='bbox 404 1978 461 2010; x_wconf 75' lang='grc' dir='ltr'>καὶ,</span> <span class='ocrx_word' id='word_1_414' title='bbox 479 1987 488 2004; x_wconf 84' lang='grc' dir='ltr'><strong>ι</strong></span> <span class='ocrx_word' id='word_1_415' title='bbox 510 1977 633 2013; x_wconf 76' lang='grc' dir='ltr'>ἀληθείᾳ.</span> <span class='ocrx_word' id='word_1_416' title='bbox 655 1988 663 2003; x_wconf 78' lang='grc' dir='ltr'><strong>ι</strong></span> <span class='ocrx_word' id='word_1_417' title='bbox 678 1977 770 2004; x_wconf 79' lang='grc' dir='ltr'>Ταῦτα</span> <span class='ocrx_word' id='word_1_418' title='bbox 794 1977 859 2012; x_wconf 81' lang='grc' dir='ltr'>γὰρ,</span> <span class='ocrx_word' id='word_1_419' title='bbox 878 1976 930 2008; x_wconf 68' lang='grc' dir='ltr'>ἕως</span> 
     </span>
    </p>
   </div>
   <div class='ocr_carea' id='block_1_63' title="bbox 138 2021 928 2059">
    <p class='ocr_par' dir='ltr' id='par_1_63' title="bbox 138 2021 928 2059">
     <span class='ocr_line' id='line_1_63' title="bbox 138 2021 928 2059; baseline -0.003 -9"><span class='ocrx_word' id='word_1_420' title='bbox 138 2023 233 2059; x_wconf 79' lang='grc' dir='ltr'>καιρὸς</span> <span class='ocrx_word' id='word_1_421' title='bbox 250 2023 382 2059; x_wconf 84' lang='grc' dir='ltr'>χρειώδης</span> <span class='ocrx_word' id='word_1_422' title='bbox 391 2021 425 2059; x_wconf 86' lang='grc' dir='ltr'>ἦν</span> <span class='ocrx_word' id='word_1_423' title='bbox 435 2032 441 2039; x_wconf 90' lang='grc'><strong>·</strong></span> <span class='ocrx_word' id='word_1_424' title='bbox 453 2024 501 2059; x_wconf 82' lang='grc' dir='ltr'>τῆς</span> <span class='ocrx_word' id='word_1_425' title='bbox 509 2023 638 2059; x_wconf 80' lang='grc' dir='ltr'>ἀληθείας</span> <span class='ocrx_word' id='word_1_426' title='bbox 658 2023 686 2050; x_wconf 75' lang='grc' dir='ltr'>δὲ</span> <span class='ocrx_word' id='word_1_427' title='bbox 707 2022 849 2058; x_wconf 81' lang='grc' dir='ltr'>ἐλθούσης,</span> <span class='ocrx_word' id='word_1_428' title='bbox 869 2022 928 2056; x_wconf 80' lang='grc' dir='ltr'>ἦτοι</span> 
     </span>
    </p>
   </div>
   <div class='ocr_carea' id='block_1_64' title="bbox 137 2069 768 2106">
    <p class='ocr_par' dir='ltr' id='par_1_64' title="bbox 137 2069 768 2106">
     <span class='ocr_line' id='line_1_64' title="bbox 137 2069 768 2106; baseline 0 -11"><span class='ocrx_word' id='word_1_429' title='bbox 137 2069 186 2105; x_wconf 80' lang='grc' dir='ltr'>τῆς</span> <span class='ocrx_word' id='word_1_430' title='bbox 200 2069 319 2105; x_wconf 83' lang='grc' dir='ltr'>Χριστοῦ</span> <span class='ocrx_word' id='word_1_431' title='bbox 337 2070 500 2106; x_wconf 79' lang='grc' dir='ltr'>παρουσίας,</span> <span class='ocrx_word' id='word_1_432' title='bbox 517 2069 607 2096; x_wconf 82' lang='grc' dir='ltr'>πάντα</span> <span class='ocrx_word' id='word_1_433' title='bbox 621 2069 768 2096; x_wconf 75' lang='grc' dir='ltr'>πέπαυται.</span> 
     </span>
    </p>
   </div>
   <div class='ocr_carea' id='block_1_65' title="bbox 985 1930 1774 1965">
    <p class='ocr_par' dir='ltr' id='par_1_65' title="bbox 985 1930 1774 1965">
     <span class='ocr_line' id='line_1_65' title="bbox 985 1930 1774 1965; baseline -0.003 -6"><span class='ocrx_word' id='word_1_434' title='bbox 985 1933 1074 1960; x_wconf 87' lang='lat' dir='ltr'><strong>taliter</strong></span> <span class='ocrx_word' id='word_1_435' title='bbox 1091 1933 1220 1963; x_wconf 90' lang='lat' dir='ltr'><strong>adorans,</strong></span> <span class='ocrx_word' id='word_1_436' title='bbox 1240 1931 1299 1964; x_wconf 89' lang='lat' dir='ltr'><strong>ipso</strong></span> <span class='ocrx_word' id='word_1_437' title='bbox 1312 1930 1367 1965; x_wconf 84' lang='lat' dir='ltr'><strong>jam</strong></span> <span class='ocrx_word' id='word_1_438' title='bbox 1384 1930 1481 1965; x_wconf 89' lang='lat' dir='ltr'><strong>spiritu</strong></span> <span class='ocrx_word' id='word_1_439' title='bbox 1501 1935 1528 1957; x_wconf 88' lang='lat' dir='ltr'><strong>et</strong></span> <span class='ocrx_word' id='word_1_440' title='bbox 1541 1930 1656 1958; x_wconf 82' lang='lat' dir='ltr'><strong>veritate</strong></span> <span class='ocrx_word' id='word_1_441' title='bbox 1675 1938 1728 1957; x_wconf 86' lang='lat' dir='ltr'><strong>non</strong></span> <span class='ocrx_word' id='word_1_442' title='bbox 1743 1930 1774 1957; x_wconf 85' lang='lat' dir='ltr'><strong>il-</strong></span> 
     </span>
    </p>
   </div>
   <div class='ocr_carea' id='block_1_66' title="bbox 983 1975 1772 2012">
    <p class='ocr_par' dir='ltr' id='par_1_66' title="bbox 983 1975 1772 2012">
     <span class='ocr_line' id='line_1_66' title="bbox 983 1975 1772 2012; baseline -0.004 -8"><span class='ocrx_word' id='word_1_443' title='bbox 983 1983 1088 2012; x_wconf 82' lang='lat' dir='ltr'><strong>gnrate,</strong></span> <span class='ocrx_word' id='word_1_444' title='bbox 1105 1977 1284 2004; x_wconf 86' lang='lat' dir='ltr'><strong>nniversalem</strong></span> <span class='ocrx_word' id='word_1_445' title='bbox 1301 1976 1385 2003; x_wconf 84' lang='lat' dir='ltr'><strong>Deum</strong></span> <span class='ocrx_word' id='word_1_446' title='bbox 1401 1975 1475 2003; x_wconf 84' lang='lat' dir='ltr'><strong>coiit.</strong></span> <span class='ocrx_word' id='word_1_447' title='bbox 1494 1975 1533 2002; x_wconf 90' lang='lat' dir='ltr'><strong>0b</strong></span> <span class='ocrx_word' id='word_1_448' title='bbox 1553 1975 1772 2010; x_wconf 79' lang='lat' dir='ltr'><strong>distinguendum</strong></span> 
     </span>
    </p>
   </div>
   <div class='ocr_carea' id='block_1_67' title="bbox 982 2021 1773 2057">
    <p class='ocr_par' dir='ltr' id='par_1_67' title="bbox 982 2021 1773 2057">
     <span class='ocr_line' id='line_1_67' title="bbox 982 2021 1773 2057; baseline -0.001 -8"><span class='ocrx_word' id='word_1_449' title='bbox 982 2030 1072 2050; x_wconf 86' lang='lat' dir='ltr'><strong>autem</strong></span> <span class='ocrx_word' id='word_1_450' title='bbox 1086 2032 1099 2049; x_wconf 76' lang='grc' dir='ltr'><strong>ιι</strong></span> <span class='ocrx_word' id='word_1_451' title='bbox 1115 2023 1206 2050; x_wconf 84' lang='lat' dir='ltr'><strong>littera</strong></span> <span class='ocrx_word' id='word_1_452' title='bbox 1221 2022 1287 2050; x_wconf 81' lang='lat' dir='ltr'><strong>dicit</strong></span> <span class='ocrx_word' id='word_1_453' title='bbox 1307 2031 1316 2047; x_wconf 79' lang='grc' dir='ltr'><strong>ι</strong></span> <span class='ocrx_word' id='word_1_454' title='bbox 1334 2023 1359 2049; x_wconf 93' lang='lat' dir='ltr'><strong>in</strong></span> <span class='ocrx_word' id='word_1_455' title='bbox 1375 2022 1472 2057; x_wconf 90' lang='lat' dir='ltr'><strong>spiritu</strong></span> <span class='ocrx_word' id='word_1_456' title='bbox 1489 2031 1496 2048; x_wconf 86' lang='lat'><strong>:</strong></span> <span class='ocrx_word' id='word_1_457' title='bbox 1517 2031 1526 2048; x_wconf 78' lang='grc' dir='ltr'><strong>ι</strong></span> <span class='ocrx_word' id='word_1_458' title='bbox 1547 2021 1612 2048; x_wconf 85' lang='lat' dir='ltr'><strong>item</strong></span> <span class='ocrx_word' id='word_1_459' title='bbox 1629 2027 1657 2048; x_wconf 92' lang='lat' dir='ltr'><strong>ut</strong></span> <span class='ocrx_word' id='word_1_460' title='bbox 1675 2022 1773 2049; x_wconf 84' lang='lat' dir='ltr'><strong>distiu-</strong></span> 
     </span>
    </p>
   </div>
   <div class='ocr_carea' id='block_1_68' title="bbox 982 2067 1772 2105">
    <p class='ocr_par' dir='ltr' id='par_1_68' title="bbox 982 2067 1772 2105">
     <span class='ocr_line' id='line_1_68' title="bbox 982 2067 1772 2105; baseline 0 -10"><span class='ocrx_word' id='word_1_461' title='bbox 982 2075 1048 2103; x_wconf 73' lang='lat' dir='ltr'><strong>guat</strong></span> <span class='ocrx_word' id='word_1_462' title='bbox 1063 2077 1078 2096; x_wconf 89' lang='lat' dir='ltr'><strong>a</strong></span> <span class='ocrx_word' id='word_1_463' title='bbox 1094 2071 1191 2105; x_wconf 81' lang='lat' dir='ltr'><strong>iigura,</strong></span> <span class='ocrx_word' id='word_1_464' title='bbox 1208 2068 1274 2096; x_wconf 86' lang='lat' dir='ltr'><strong>dicit</strong></span> <span class='ocrx_word' id='word_1_465' title='bbox 1293 2077 1302 2094; x_wconf 73' lang='grc' dir='ltr'><strong>ι</strong></span> <span class='ocrx_word' id='word_1_466' title='bbox 1321 2068 1448 2095; x_wconf 83' lang='lat' dir='ltr'><strong>veritate.</strong></span> <span class='ocrx_word' id='word_1_467' title='bbox 1475 2076 1485 2094; x_wconf 75' lang='grc' dir='ltr'><strong>ι</strong></span> <span class='ocrx_word' id='word_1_468' title='bbox 1504 2067 1593 2102; x_wconf 80' lang='lat' dir='ltr'><strong>Atque</strong></span> <span class='ocrx_word' id='word_1_469' title='bbox 1615 2067 1658 2095; x_wconf 87' lang='lat' dir='ltr'><strong>illa</strong></span> <span class='ocrx_word' id='word_1_470' title='bbox 1683 2073 1772 2095; x_wconf 80' lang='lat' dir='ltr'><strong>vetera</strong></span> 
     </span>
    </p>
   </div>
   <div class='ocr_carea' id='block_1_69' title="bbox 137 2114 1774 2151">
    <p class='ocr_par' dir='ltr' id='par_1_69' title="bbox 137 2114 1774 2151">
     <span class='ocr_line' id='line_1_69' title="bbox 137 2114 1774 2151; baseline 0.001 -9"><span class='ocrx_word' id='word_1_471' title='bbox 137 2117 255 2150; x_wconf 86' lang='lat' dir='ltr'><strong>quantiiu</strong></span> <span class='ocrx_word' id='word_1_472' title='bbox 283 2121 389 2151; x_wconf 87' lang='lat' dir='ltr'><strong>tempus</strong></span> <span class='ocrx_word' id='word_1_473' title='bbox 414 2116 540 2143; x_wconf 77' lang='lat' dir='ltr'><strong>idoneum</strong></span> <span class='ocrx_word' id='word_1_474' title='bbox 561 2115 621 2151; x_wconf 77' lang='lat' dir='ltr'><strong>fuit,</strong></span> <span class='ocrx_word' id='word_1_475' title='bbox 647 2115 808 2148; x_wconf 85' lang='lat' dir='ltr'><strong>valuerunt;</strong></span> <span class='ocrx_word' id='word_1_476' title='bbox 834 2121 928 2150; x_wconf 79' lang='lat' dir='ltr'><strong>p03tea</strong></span> <span class='ocrx_word' id='word_1_477' title='bbox 948 2115 1063 2144; x_wconf 81' lang='lat' dir='ltr'><strong>veritate</strong></span> <span class='ocrx_word' id='word_1_478' title='bbox 1075 2116 1246 2150; x_wconf 80' lang='lat' dir='ltr'><strong>adveniente,</strong></span> <span class='ocrx_word' id='word_1_479' title='bbox 1264 2115 1291 2144; x_wconf 90' lang='lat' dir='ltr'><strong>id</strong></span> <span class='ocrx_word' id='word_1_480' title='bbox 1311 2120 1354 2144; x_wconf 83' lang='lat' dir='ltr'><strong>est</strong></span> <span class='ocrx_word' id='word_1_481' title='bbox 1384 2114 1495 2145; x_wconf 85' lang='lat' dir='ltr'><strong>Christo</strong></span> <span class='ocrx_word' id='word_1_482' title='bbox 1510 2119 1650 2150; x_wconf 77' lang='lat' dir='ltr'><strong>przcsente,</strong></span> <span class='ocrx_word' id='word_1_483' title='bbox 1677 2121 1774 2144; x_wconf 70' lang='lat' dir='ltr'><strong>cuncta</strong></span> 
     </span>
    </p>
   </div>
   <div class='ocr_carea' id='block_1_70' title="bbox 137 2163 302 2191">
    <p class='ocr_par' dir='ltr' id='par_1_70' title="bbox 137 2163 302 2191">
     <span class='ocr_line' id='line_1_70' title="bbox 137 2163 302 2191; baseline 0 -1"><span class='ocrx_word' id='word_1_484' title='bbox 137 2163 302 2191; x_wconf 88' lang='lat' dir='ltr'><strong>desiverunt.</strong></span> 
     </span>
    </p>
   </div>
   <div class='ocr_carea' id='block_1_71' title="bbox 511 2210 548 2237">
    <p class='ocr_par' dir='ltr' id='par_1_71' title="bbox 511 2210 548 2237">
     <span class='ocr_line' id='line_1_71' title="bbox 511 2210 548 2237; baseline 0.027 -1"><span class='ocrx_word' id='word_1_485' title='bbox 511 2210 548 2237; x_wconf 83' lang='lat' dir='ltr'><strong>B&#39;.</strong></span> 
     </span>
    </p>
   </div>
   <div class='ocr_carea' id='block_1_72' title="bbox 135 2250 928 2291">
    <p class='ocr_par' dir='ltr' id='par_1_72' title="bbox 135 2250 928 2291">
     <span class='ocr_line' id='line_1_72' title="bbox 135 2250 928 2291; baseline -0.003 -7"><span class='ocrx_word' id='word_1_486' title='bbox 135 2257 276 2290; x_wconf 44' lang='grc' dir='ltr'><strong>ΚΕΦηΕἏ</strong></span> <span class='ocrx_word' id='word_1_487' title='bbox 300 2258 346 2284; x_wconf 89' lang='grc' dir='ltr'><strong>Στ.</strong></span> <span class='ocrx_word' id='word_1_488' title='bbox 367 2258 417 2285; x_wconf 64' lang='grc' dir='ltr'>κθν.</span> <span class='ocrx_word' id='word_1_489' title='bbox 444 2250 696 2291; x_wconf 61' lang='grc' dir='ltr'>Ἐκπορεύσοιὲιται</span> <span class='ocrx_word' id='word_1_490' title='bbox 716 2255 810 2291; x_wconf 32' lang='lat' dir='ltr'><strong>01hr?!</strong></span> <span class='ocrx_word' id='word_1_491' title='bbox 831 2255 928 2291; x_wconf 62' lang='grc' dir='ltr'>ἀγιᾳθὰ</span> 
     </span>
    </p>
   </div>
   <div class='ocr_carea' id='block_1_73' title="bbox 170 2289 929 2327">
    <p class='ocr_par' dir='ltr' id='par_1_73' title="bbox 170 2289 929 2327">
     <span class='ocr_line' id='line_1_73' title="bbox 170 2289 929 2327; baseline -0.004 -8"><span class='ocrx_word' id='word_1_492' title='bbox 170 2293 365 2327; x_wconf 75' lang='grc' dir='ltr'>ποιήσαντες,</span> <span class='ocrx_word' id='word_1_493' title='bbox 373 2294 417 2325; x_wconf 80' lang='grc' dir='ltr'>εὶς</span> <span class='ocrx_word' id='word_1_494' title='bbox 426 2289 596 2327; x_wconf 75' lang='grc' dir='ltr'>ἀνᾴστάσιν</span> <span class='ocrx_word' id='word_1_495' title='bbox 604 2291 678 2325; x_wconf 79' lang='grc' dir='ltr'>ζωῆς</span> <span class='ocrx_word' id='word_1_496' title='bbox 687 2299 693 2306; x_wconf 87' lang='grc'><strong>·</strong></span> <span class='ocrx_word' id='word_1_497' title='bbox 704 2293 730 2318; x_wconf 75' lang='grc' dir='ltr'>οἱ</span> <span class='ocrx_word' id='word_1_498' title='bbox 738 2289 772 2317; x_wconf 86' lang='grc' dir='ltr'>δὲ</span> <span class='ocrx_word' id='word_1_499' title='bbox 781 2291 816 2317; x_wconf 88' lang='grc' dir='ltr'><em>τὰ</em></span> <span class='ocrx_word' id='word_1_500' title='bbox 826 2289 929 2324; x_wconf 70' lang='grc' dir='ltr'>φαῦλα</span> 
     </span>
    </p>
   </div>
   <div class='ocr_carea' id='block_1_74' title="bbox 173 2324 741 2362">
    <p class='ocr_par' dir='ltr' id='par_1_74' title="bbox 173 2324 741 2362">
     <span class='ocr_line' id='line_1_74' title="bbox 173 2324 741 2362; baseline -0.002 -8"><span class='ocrx_word' id='word_1_501' title='bbox 173 2324 352 2362; x_wconf 68' lang='grc' dir='ltr'>πράξαντες,</span> <span class='ocrx_word' id='word_1_502' title='bbox 366 2324 410 2361; x_wconf 64' lang='grc' dir='ltr'>εἰς(</span> <span class='ocrx_word' id='word_1_503' title='bbox 421 2324 592 2355; x_wconf 73' lang='grc' dir='ltr'>ἀνάστασιν</span> <span class='ocrx_word' id='word_1_504' title='bbox 605 2328 741 2361; x_wconf 83' lang='grc' dir='ltr'>κρίσεως.</span> 
     </span>
    </p>
   </div>
   <div class='ocr_carea' id='block_1_75' title="bbox 176 2368 930 2405">
    <p class='ocr_par' dir='ltr' id='par_1_75' title="bbox 176 2368 930 2405">
     <span class='ocr_line' id='line_1_75' title="bbox 176 2368 930 2405; baseline 0.001 -10"><span class='ocrx_word' id='word_1_505' title='bbox 176 2369 237 2395; x_wconf 86' lang='grc' dir='ltr'>Τῶν</span> <span class='ocrx_word' id='word_1_506' title='bbox 255 2368 407 2404; x_wconf 85' lang='grc' dir='ltr'>ἀνθρώπων</span> <span class='ocrx_word' id='word_1_507' title='bbox 424 2369 597 2404; x_wconf 78' lang='grc' dir='ltr'>διῃρημένων</span> <span class='ocrx_word' id='word_1_508' title='bbox 614 2369 684 2395; x_wconf 76' lang='grc' dir='ltr'><strong>κατά</strong></span> <span class='ocrx_word' id='word_1_509' title='bbox 697 2371 746 2405; x_wconf 80' lang='grc' dir='ltr'>τὴν</span> <span class='ocrx_word' id='word_1_510' title='bbox 764 2369 877 2405; x_wconf 80' lang='grc' dir='ltr'>γνώμην</span> <span class='ocrx_word' id='word_1_511' title='bbox 890 2370 930 2401; x_wconf 83' lang='grc' dir='ltr'>εἰς</span> 
     </span>
    </p>
   </div>
   <div class='ocr_carea' id='block_1_76' title="bbox 141 2410 928 2450">
    <p class='ocr_par' dir='ltr' id='par_1_76' title="bbox 141 2410 928 2450">
     <span class='ocr_line' id='line_1_76' title="bbox 141 2410 928 2450; baseline 0.001 -9"><span class='ocrx_word' id='word_1_512' title='bbox 141 2415 249 2446; x_wconf 77' lang='grc' dir='ltr'>ἀσεϐεῖς</span> <span class='ocrx_word' id='word_1_513' title='bbox 263 2415 322 2450; x_wconf 74' lang='grc' dir='ltr'>ἢτοι</span> <span class='ocrx_word' id='word_1_514' title='bbox 335 2414 476 2446; x_wconf 77' lang='grc' dir='ltr'>ἀπίστους,</span> <span class='ocrx_word' id='word_1_515' title='bbox 491 2412 537 2441; x_wconf 67' lang='grc' dir='ltr'>καὶ</span> <span class='ocrx_word' id='word_1_516' title='bbox 550 2414 589 2446; x_wconf 84' lang='grc' dir='ltr'>εἰς</span> <span class='ocrx_word' id='word_1_517' title='bbox 600 2410 721 2446; x_wconf 74' lang='grc' dir='ltr'>εὺσεὸετς</span> <span class='ocrx_word' id='word_1_518' title='bbox 735 2415 794 2450; x_wconf 74' lang='grc' dir='ltr'>ἤτοι</span> <span class='ocrx_word' id='word_1_519' title='bbox 805 2416 928 2449; x_wconf 79' lang='grc' dir='ltr'>πιστοὺς,</span> 
     </span>
    </p>
   </div>
   <div class='ocr_carea' id='block_1_77' title="bbox 140 2459 930 2497">
    <p class='ocr_par' dir='ltr' id='par_1_77' title="bbox 140 2459 930 2497">
     <span class='ocr_line' id='line_1_77' title="bbox 140 2459 930 2497; baseline 0.001 -9"><span class='ocrx_word' id='word_1_520' title='bbox 140 2463 165 2488; x_wconf 87' lang='grc' dir='ltr'>οἱ</span> <span class='ocrx_word' id='word_1_521' title='bbox 191 2461 268 2488; x_wconf 75' lang='grc' dir='ltr'>αὐτοὶ</span> <span class='ocrx_word' id='word_1_522' title='bbox 295 2461 403 2488; x_wconf 81' lang='grc' dir='ltr'>πάντων</span> <span class='ocrx_word' id='word_1_523' title='bbox 431 2459 619 2496; x_wconf 79' lang='grc' dir='ltr'>ἀνισταμένων</span> <span class='ocrx_word' id='word_1_524' title='bbox 651 2460 818 2496; x_wconf 85' lang='grc' dir='ltr'>ἀνθρώπων,</span> <span class='ocrx_word' id='word_1_525' title='bbox 845 2462 930 2497; x_wconf 66' lang='grc' dir='ltr'>ἤγουν</span> 
     </span>
    </p>
   </div>
   <div class='ocr_carea' id='block_1_78' title="bbox 141 2506 930 2545">
    <p class='ocr_par' dir='ltr' id='par_1_78' title="bbox 141 2506 930 2545">
     <span class='ocr_line' id='line_1_78' title="bbox 141 2506 930 2545; baseline 0 -10"><span class='ocrx_word' id='word_1_526' title='bbox 141 2509 251 2536; x_wconf 82' lang='grc' dir='ltr'>ἄπιστοι</span> <span class='ocrx_word' id='word_1_527' title='bbox 268 2509 316 2535; x_wconf 78' lang='grc' dir='ltr'>καὶ</span> <span class='ocrx_word' id='word_1_528' title='bbox 330 2508 439 2540; x_wconf 76' lang='grc' dir='ltr'>ἀσεϐεῖς</span> <span class='ocrx_word' id='word_1_529' title='bbox 461 2506 618 2534; x_wconf 79' lang='grc' dir='ltr'>ἀνίστανται</span> <span class='ocrx_word' id='word_1_530' title='bbox 636 2506 696 2542; x_wconf 75' lang='grc' dir='ltr'>μὲν,</span> <span class='ocrx_word' id='word_1_531' title='bbox 713 2508 762 2534; x_wconf 70' lang='grc' dir='ltr'><strong>οὐκ</strong></span> <span class='ocrx_word' id='word_1_532' title='bbox 786 2509 825 2540; x_wconf 78' lang='grc' dir='ltr'>εἰς</span> <span class='ocrx_word' id='word_1_533' title='bbox 840 2509 930 2545; x_wconf 84' lang='grc' dir='ltr'>κρίσιν</span> 
     </span>
    </p>
   </div>
   <div class='ocr_carea' id='block_1_79' title="bbox 141 2552 931 2590">
    <p class='ocr_par' dir='ltr' id='par_1_79' title="bbox 141 2552 931 2590">
     <span class='ocr_line' id='line_1_79' title="bbox 141 2552 931 2590; baseline 0 -10"><span class='ocrx_word' id='word_1_534' title='bbox 141 2554 180 2587; x_wconf 69' lang='grc' dir='ltr'>δὲ,</span> <span class='ocrx_word' id='word_1_535' title='bbox 199 2553 238 2589; x_wconf 83' lang='grc' dir='ltr'>τῷ</span> <span class='ocrx_word' id='word_1_536' title='bbox 253 2554 305 2590; x_wconf 71' lang='grc' dir='ltr'>ἤδη</span> <span class='ocrx_word' id='word_1_537' title='bbox 323 2553 465 2589; x_wconf 83' lang='grc' dir='ltr'>κεκρίσθαι</span> <span class='ocrx_word' id='word_1_538' title='bbox 482 2553 526 2579; x_wconf 85' lang='grc' dir='ltr'>τὸν</span> <span class='ocrx_word' id='word_1_539' title='bbox 543 2553 580 2588; x_wconf 82' lang='grc' dir='ltr'>μὴ</span> <span class='ocrx_word' id='word_1_540' title='bbox 596 2552 781 2579; x_wconf 77' lang='grc' dir='ltr'>πιστεύσαντα</span> <span class='ocrx_word' id='word_1_541' title='bbox 798 2553 846 2588; x_wconf 67' lang='grc'><strong>(0).</strong></span> <span class='ocrx_word' id='word_1_542' title='bbox 871 2554 931 2580; x_wconf 69' lang='grc' dir='ltr'>Εἰσὶ</span> 
     </span>
    </p>
   </div>
   <div class='ocr_carea' id='block_1_80' title="bbox 141 2598 929 2636">
    <p class='ocr_par' dir='ltr' id='par_1_80' title="bbox 141 2598 929 2636">
     <span class='ocr_line' id='line_1_80' title="bbox 141 2598 929 2636; baseline 0 -10"><span class='ocrx_word' id='word_1_543' title='bbox 141 2600 170 2626; x_wconf 76' lang='grc' dir='ltr'>δὲ</span> <span class='ocrx_word' id='word_1_544' title='bbox 186 2600 210 2626; x_wconf 77' lang='grc' dir='ltr'>οἱ</span> <span class='ocrx_word' id='word_1_545' title='bbox 228 2599 423 2631; x_wconf 78' lang='grc' dir='ltr'>πιστεύσαντες</span> <span class='ocrx_word' id='word_1_546' title='bbox 438 2598 477 2634; x_wconf 80' lang='grc' dir='ltr'>τῷ</span> <span class='ocrx_word' id='word_1_547' title='bbox 492 2599 610 2636; x_wconf 83' lang='grc' dir='ltr'>Σωτῆρι,</span> <span class='ocrx_word' id='word_1_548' title='bbox 631 2599 678 2625; x_wconf 80' lang='grc' dir='ltr'>καὶ</span> <span class='ocrx_word' id='word_1_549' title='bbox 694 2598 761 2633; x_wconf 84' lang='grc' dir='ltr'>πρὸς</span> <span class='ocrx_word' id='word_1_550' title='bbox 776 2599 862 2634; x_wconf 83' lang='grc' dir='ltr'>τούτῳ</span> <span class='ocrx_word' id='word_1_551' title='bbox 881 2600 929 2626; x_wconf 76' lang='grc' dir='ltr'>καὶ</span> 
     </span>
    </p>
   </div>
   <div class='ocr_carea' id='block_1_81' title="bbox 142 2645 932 2682">
    <p class='ocr_par' dir='ltr' id='par_1_81' title="bbox 142 2645 932 2682">
     <span class='ocr_line' id='line_1_81' title="bbox 142 2645 932 2682; baseline -0.001 -9"><span class='ocrx_word' id='word_1_552' title='bbox 142 2647 210 2682; x_wconf 80' lang='grc' dir='ltr'>ἔργα</span> <span class='ocrx_word' id='word_1_553' title='bbox 226 2647 407 2682; x_wconf 82' lang='grc' dir='ltr'>πεποιηκότες</span> <span class='ocrx_word' id='word_1_554' title='bbox 418 2645 520 2680; x_wconf 80' lang='grc' dir='ltr'>ἀγαθὰ,</span> <span class='ocrx_word' id='word_1_555' title='bbox 536 2646 632 2677; x_wconf 77' lang='grc' dir='ltr'>οἵτινες</span> <span class='ocrx_word' id='word_1_556' title='bbox 644 2645 802 2672; x_wconf 85' lang='grc' dir='ltr'>ἀνίστανται</span> <span class='ocrx_word' id='word_1_557' title='bbox 813 2646 854 2677; x_wconf 84' lang='grc' dir='ltr'>εἰς</span> <span class='ocrx_word' id='word_1_558' title='bbox 866 2645 932 2672; x_wconf 84' lang='grc' dir='ltr'>ἀνά-</span> 
     </span>
    </p>
   </div>
   <div class='ocr_carea' id='block_1_82' title="bbox 143 2690 933 2729">
    <p class='ocr_par' dir='ltr' id='par_1_82' title="bbox 143 2690 933 2729">
     <span class='ocr_line' id='line_1_82' title="bbox 143 2690 933 2729; baseline -0.004 -9"><span class='ocrx_word' id='word_1_559' title='bbox 143 2701 238 2720; x_wconf 78' lang='grc' dir='ltr'>στασιν</span> <span class='ocrx_word' id='word_1_560' title='bbox 252 2693 336 2729; x_wconf 79' lang='grc' dir='ltr'>ζωῆς,</span> <span class='ocrx_word' id='word_1_561' title='bbox 353 2693 383 2720; x_wconf 81' lang='grc' dir='ltr'><strong>ού</strong></span> <span class='ocrx_word' id='word_1_562' title='bbox 401 2692 593 2728; x_wconf 77' lang='grc' dir='ltr'>κριθησόμενοι</span> <span class='ocrx_word' id='word_1_563' title='bbox 606 2700 611 2706; x_wconf 93' lang='grc'><strong>·</strong></span> <span class='ocrx_word' id='word_1_564' title='bbox 626 2691 679 2717; x_wconf 86' lang='grc' dir='ltr'><strong>τῶν</strong></span> <span class='ocrx_word' id='word_1_565' title='bbox 696 2690 764 2726; x_wconf 76' lang='grc' dir='ltr'>μετὰ</span> <span class='ocrx_word' id='word_1_566' title='bbox 776 2690 806 2717; x_wconf 74' lang='grc' dir='ltr'><strong>τὸ</strong></span> <span class='ocrx_word' id='word_1_567' title='bbox 823 2691 933 2718; x_wconf 80' lang='grc' dir='ltr'>πιστεῦ-</span> 
     </span>
    </p>
   </div>
   <div class='ocr_carea' id='block_1_83' title="bbox 176 2771 704 2807">
    <p class='ocr_par' dir='ltr' id='par_1_83' title="bbox 176 2771 704 2807">
     <span class='ocr_line' id='line_1_83' title="bbox 176 2771 704 2807; baseline -0.006 -5"><span class='ocrx_word' id='word_1_568' title='bbox 176 2774 200 2790; x_wconf 80' lang='lat'><strong>”</strong></span> <span class='ocrx_word' id='word_1_569' title='bbox 221 2773 299 2802; x_wconf 78' lang='lat' dir='ltr'><strong>Joan.</strong></span> <span class='ocrx_word' id='word_1_570' title='bbox 326 2782 354 2807; x_wconf 87' lang='grc' dir='ltr'><strong>ι,</strong></span> <span class='ocrx_word' id='word_1_571' title='bbox 378 2773 404 2800; x_wconf 75' lang='lat'><strong>5.</strong></span> <span class='ocrx_word' id='word_1_572' title='bbox 455 2773 476 2789; x_wconf 85' lang='lat'>“</span> <span class='ocrx_word' id='word_1_573' title='bbox 495 2772 505 2799; x_wconf 86' lang='grc' dir='ltr'><strong>Ι</strong></span> <span class='ocrx_word' id='word_1_574' title='bbox 522 2771 601 2800; x_wconf 83' lang='lat' dir='ltr'><strong>Joan.</strong></span> <span class='ocrx_word' id='word_1_575' title='bbox 623 2780 660 2804; x_wconf 73' lang='grc' dir='ltr'><strong>ιν,</strong></span> <span class='ocrx_word' id='word_1_576' title='bbox 677 2772 704 2799; x_wconf 87' lang='lat'><strong>8.</strong></span> 
     </span>
    </p>
   </div>
   <div class='ocr_carea' id='block_1_84' title="bbox 175 2854 927 2890">
    <p class='ocr_par' dir='ltr' id='par_1_84' title="bbox 175 2854 927 2890">
     <span class='ocr_line' id='line_1_84' title="bbox 175 2854 927 2890; baseline 0 -9"><span class='ocrx_word' id='word_1_577' title='bbox 175 2854 218 2890; x_wconf 80' lang='lat'><strong>&#39;(8)</strong></span> <span class='ocrx_word' id='word_1_578' title='bbox 242 2855 377 2883; x_wconf 82' lang='lat' dir='ltr'><strong>Hactenus</strong></span> <span class='ocrx_word' id='word_1_579' title='bbox 395 2860 497 2882; x_wconf 84' lang='lat' dir='ltr'><strong>tantum</strong></span> <span class='ocrx_word' id='word_1_580' title='bbox 526 2856 647 2883; x_wconf 76' lang='lat' dir='ltr'><strong>cxslahat</strong></span> <span class='ocrx_word' id='word_1_581' title='bbox 671 2855 774 2890; x_wconf 79' lang='lat' dir='ltr'><strong>Didymi</strong></span> <span class='ocrx_word' id='word_1_582' title='bbox 797 2854 927 2889; x_wconf 72' lang='lat' dir='ltr'><strong>fragmen-</strong></span> 
     </span>
    </p>
   </div>
   <div class='ocr_carea' id='block_1_85' title="bbox 144 2890 931 2926">
    <p class='ocr_par' dir='ltr' id='par_1_85' title="bbox 144 2890 931 2926">
     <span class='ocr_line' id='line_1_85' title="bbox 144 2890 931 2926; baseline 0 -8"><span class='ocrx_word' id='word_1_583' title='bbox 144 2893 200 2918; x_wconf 84' lang='lat' dir='ltr'><strong>tum</strong></span> <span class='ocrx_word' id='word_1_584' title='bbox 218 2890 243 2918; x_wconf 71' lang='lat' dir='ltr'><strong>in</strong></span> <span class='ocrx_word' id='word_1_585' title='bbox 256 2890 375 2919; x_wconf 75' lang='lat' dir='ltr'><strong>Cortlcrii</strong></span> <span class='ocrx_word' id='word_1_586' title='bbox 391 2897 485 2919; x_wconf 79' lang='lat' dir='ltr'><strong>catena</strong></span> <span class='ocrx_word' id='word_1_587' title='bbox 507 2899 534 2926; x_wconf 82' lang='grc' dir='ltr'><strong>ιι.</strong></span> <span class='ocrx_word' id='word_1_588' title='bbox 554 2891 613 2924; x_wconf 67' lang='lat' dir='ltr'><strong>BI,</strong></span> <span class='ocrx_word' id='word_1_589' title='bbox 635 2895 662 2918; x_wconf 85' lang='lat' dir='ltr'><strong>ct</strong></span> <span class='ocrx_word' id='word_1_590' title='bbox 676 2892 784 2926; x_wconf 84' lang='lat' dir='ltr'><strong>quidem</strong></span> <span class='ocrx_word' id='word_1_591' title='bbox 804 2891 931 2926; x_wconf 76' lang='lat' dir='ltr'><strong>gravibus</strong></span> 
     </span>
    </p>
   </div>
   <div class='ocr_carea' id='block_1_86' title="bbox 754 2770 980 2805">
    <p class='ocr_par' dir='ltr' id='par_1_86' title="bbox 754 2770 980 2805">
     <span class='ocr_line' id='line_1_86' title="bbox 754 2770 980 2805; baseline 0.004 -6"><span class='ocrx_word' id='word_1_592' title='bbox 754 2772 776 2787; x_wconf 86' lang='lat'>&quot;</span> <span class='ocrx_word' id='word_1_593' title='bbox 789 2770 866 2799; x_wconf 81' lang='lat' dir='ltr'><strong>Joau.</strong></span> <span class='ocrx_word' id='word_1_594' title='bbox 886 2772 980 2805; x_wconf 82' lang='grc' dir='ltr'>ιιι,18.</span> 
     </span>
    </p>
   </div>
   <div class='ocr_carea' id='block_1_87' title="bbox 1363 2207 1395 2234">
    <p class='ocr_par' dir='ltr' id='par_1_87' title="bbox 1363 2207 1395 2234">
     <span class='ocr_line' id='line_1_87' title="bbox 1363 2207 1395 2234; baseline 0 0"><span class='ocrx_word' id='word_1_595' title='bbox 1363 2207 1395 2234; x_wconf 82' lang='lat' dir='ltr'><strong>li.</strong></span> 
     </span>
    </p>
   </div>
   <div class='ocr_carea' id='block_1_88' title="bbox 982 2252 1773 2289">
    <p class='ocr_par' dir='ltr' id='par_1_88' title="bbox 982 2252 1773 2289">
     <span class='ocr_line' id='line_1_88' title="bbox 982 2252 1773 2289; baseline -0.001 -7"><span class='ocrx_word' id='word_1_596' title='bbox 982 2255 1047 2282; x_wconf 80' lang='lat' dir='ltr'><strong>CAP.</strong></span> <span class='ocrx_word' id='word_1_597' title='bbox 1063 2254 1095 2280; x_wconf 78' lang='grc' dir='ltr'>ν.</span> <span class='ocrx_word' id='word_1_598' title='bbox 1121 2253 1198 2281; x_wconf 81' lang='lat' dir='ltr'><strong>Vers.</strong></span> <span class='ocrx_word' id='word_1_599' title='bbox 1224 2253 1269 2281; x_wconf 75' lang='lat'><strong>29.</strong></span> <span class='ocrx_word' id='word_1_600' title='bbox 1310 2252 1456 2281; x_wconf 79' lang='lat' dir='ltr'><strong>Proredent</strong></span> <span class='ocrx_word' id='word_1_601' title='bbox 1483 2254 1528 2289; x_wconf 78' lang='lat' dir='ltr'><strong>qui</strong></span> <span class='ocrx_word' id='word_1_602' title='bbox 1556 2254 1622 2281; x_wconf 80' lang='lat' dir='ltr'><strong>bona</strong></span> <span class='ocrx_word' id='word_1_603' title='bbox 1647 2255 1773 2289; x_wconf 77' lang='lat' dir='ltr'><strong>fecerunt,</strong></span> 
     </span>
    </p>
   </div>
   <div class='ocr_carea' id='block_1_89' title="bbox 1019 2289 1774 2325">
    <p class='ocr_par' dir='ltr' id='par_1_89' title="bbox 1019 2289 1774 2325">
     <span class='ocr_line' id='line_1_89' title="bbox 1019 2289 1774 2325; baseline 0 -9"><span class='ocrx_word' id='word_1_604' title='bbox 1019 2291 1046 2316; x_wconf 84' lang='lat' dir='ltr'><strong>in</strong></span> <span class='ocrx_word' id='word_1_605' title='bbox 1063 2290 1277 2325; x_wconf 71' lang='lat' dir='ltr'><strong>resurrectionem</strong></span> <span class='ocrx_word' id='word_1_606' title='bbox 1290 2289 1369 2325; x_wconf 67' lang='lat' dir='ltr'><strong>uilio:</strong></span> <span class='ocrx_word' id='word_1_607' title='bbox 1385 2289 1430 2323; x_wconf 81' lang='lat' dir='ltr'><strong>qui</strong></span> <span class='ocrx_word' id='word_1_608' title='bbox 1446 2297 1503 2316; x_wconf 71' lang='lat' dir='ltr'><strong>vero</strong></span> <span class='ocrx_word' id='word_1_609' title='bbox 1526 2290 1597 2316; x_wconf 82' lang='lat' dir='ltr'><strong>mala</strong></span> <span class='ocrx_word' id='word_1_610' title='bbox 1610 2294 1729 2325; x_wconf 76' lang='lat' dir='ltr'><strong>egerunt,</strong></span> <span class='ocrx_word' id='word_1_611' title='bbox 1746 2291 1774 2317; x_wconf 82' lang='lat' dir='ltr'><strong>in</strong></span> 
     </span>
    </p>
   </div>
   <div class='ocr_carea' id='block_1_90' title="bbox 1020 2324 1356 2358">
    <p class='ocr_par' dir='ltr' id='par_1_90' title="bbox 1020 2324 1356 2358">
     <span class='ocr_line' id='line_1_90' title="bbox 1020 2324 1356 2358; baseline 0 -7"><span class='ocrx_word' id='word_1_612' title='bbox 1020 2325 1237 2351; x_wconf 72' lang='lat' dir='ltr'><strong>resurrectionem</strong></span> <span class='ocrx_word' id='word_1_613' title='bbox 1248 2324 1356 2358; x_wconf 82' lang='lat' dir='ltr'><strong>judicii.</strong></span> 
     </span>
    </p>
   </div>
   <div class='ocr_carea' id='block_1_91' title="bbox 1020 2366 1772 2398">
    <p class='ocr_par' dir='ltr' id='par_1_91' title="bbox 1020 2366 1772 2398">
     <span class='ocr_line' id='line_1_91' title="bbox 1020 2366 1772 2398; baseline 0 0"><span class='ocrx_word' id='word_1_614' title='bbox 1020 2366 1181 2398; x_wconf 77' lang='lat' dir='ltr'><strong>Hominibus</strong></span> <span class='ocrx_word' id='word_1_615' title='bbox 1200 2370 1348 2398; x_wconf 83' lang='lat' dir='ltr'><strong>secundum</strong></span> <span class='ocrx_word' id='word_1_616' title='bbox 1368 2371 1437 2397; x_wconf 88' lang='lat' dir='ltr'><strong>hanc</strong></span> <span class='ocrx_word' id='word_1_617' title='bbox 1451 2370 1613 2398; x_wconf 86' lang='lat' dir='ltr'><strong>sententiam</strong></span> <span class='ocrx_word' id='word_1_618' title='bbox 1631 2370 1726 2398; x_wconf 87' lang='lat' dir='ltr'><strong>divisis</strong></span> <span class='ocrx_word' id='word_1_619' title='bbox 1745 2371 1772 2398; x_wconf 94' lang='lat' dir='ltr'><strong>in</strong></span> 
     </span>
    </p>
   </div>
   <div class='ocr_carea' id='block_1_92' title="bbox 985 2417 1775 2454">
    <p class='ocr_par' dir='ltr' id='par_1_92' title="bbox 985 2417 1775 2454">
     <span class='ocr_line' id='line_1_92' title="bbox 985 2417 1775 2454; baseline -0.001 -8"><span class='ocrx_word' id='word_1_620' title='bbox 985 2418 1081 2454; x_wconf 89' lang='lat' dir='ltr'><strong>impios</strong></span> <span class='ocrx_word' id='word_1_621' title='bbox 1095 2425 1141 2446; x_wconf 87' lang='lat' dir='ltr'><strong>seu</strong></span> <span class='ocrx_word' id='word_1_622' title='bbox 1159 2417 1312 2444; x_wconf 77' lang='lat' dir='ltr'><strong>incredulos</strong></span> <span class='ocrx_word' id='word_1_623' title='bbox 1323 2437 1330 2450; x_wconf 89' lang='lat'><strong>,</strong></span> <span class='ocrx_word' id='word_1_624' title='bbox 1350 2421 1377 2444; x_wconf 90' lang='lat' dir='ltr'><strong>et</strong></span> <span class='ocrx_word' id='word_1_625' title='bbox 1392 2417 1419 2444; x_wconf 90' lang='lat' dir='ltr'><strong>in</strong></span> <span class='ocrx_word' id='word_1_626' title='bbox 1439 2417 1579 2452; x_wconf 74' lang='lat' dir='ltr'><strong>religiosos</strong></span> <span class='ocrx_word' id='word_1_627' title='bbox 1592 2417 1650 2445; x_wconf 87' lang='lat' dir='ltr'><strong>sive</strong></span> <span class='ocrx_word' id='word_1_628' title='bbox 1663 2417 1775 2445; x_wconf 86' lang='lat' dir='ltr'><strong>creden-</strong></span> 
     </span>
    </p>
   </div>
   <div class='ocr_carea' id='block_1_93' title="bbox 986 2463 1774 2500">
    <p class='ocr_par' dir='ltr' id='par_1_93' title="bbox 986 2463 1774 2500">
     <span class='ocr_line' id='line_1_93' title="bbox 986 2463 1774 2500; baseline -0.001 -8"><span class='ocrx_word' id='word_1_629' title='bbox 986 2470 1042 2498; x_wconf 85' lang='lat' dir='ltr'><strong>tes;</strong></span> <span class='ocrx_word' id='word_1_630' title='bbox 1064 2465 1169 2500; x_wconf 86' lang='lat' dir='ltr'><strong>priores</strong></span> <span class='ocrx_word' id='word_1_631' title='bbox 1185 2464 1221 2491; x_wconf 91' lang='lat' dir='ltr'><strong>illi</strong></span> <span class='ocrx_word' id='word_1_632' title='bbox 1246 2471 1363 2499; x_wconf 86' lang='lat' dir='ltr'><strong>quoque,</strong></span> <span class='ocrx_word' id='word_1_633' title='bbox 1379 2463 1404 2490; x_wconf 89' lang='lat' dir='ltr'><strong>id</strong></span> <span class='ocrx_word' id='word_1_634' title='bbox 1422 2468 1464 2490; x_wconf 89' lang='lat' dir='ltr'><strong>est</strong></span> <span class='ocrx_word' id='word_1_635' title='bbox 1485 2463 1560 2498; x_wconf 90' lang='lat' dir='ltr'><strong>impii</strong></span> <span class='ocrx_word' id='word_1_636' title='bbox 1576 2468 1603 2491; x_wconf 89' lang='lat' dir='ltr'><strong>et</strong></span> <span class='ocrx_word' id='word_1_637' title='bbox 1624 2463 1753 2491; x_wconf 87' lang='lat' dir='ltr'><strong>increduli</strong></span> <span class='ocrx_word' id='word_1_638' title='bbox 1766 2483 1774 2495; x_wconf 85' lang='lat'><strong>.</strong></span> 
     </span>
    </p>
   </div>
   <div class='ocr_carea' id='block_1_94' title="bbox 986 2510 1774 2544">
    <p class='ocr_par' dir='ltr' id='par_1_94' title="bbox 986 2510 1774 2544">
     <span class='ocr_line' id='line_1_94' title="bbox 986 2510 1774 2544; baseline -0.001 -6"><span class='ocrx_word' id='word_1_639' title='bbox 986 2513 1012 2539; x_wconf 91' lang='lat' dir='ltr'><strong>in</strong></span> <span class='ocrx_word' id='word_1_640' title='bbox 1031 2510 1177 2538; x_wconf 81' lang='lat' dir='ltr'><strong>universali</strong></span> <span class='ocrx_word' id='word_1_641' title='bbox 1197 2510 1395 2537; x_wconf 86' lang='lat' dir='ltr'><strong>resurrectione</strong></span> <span class='ocrx_word' id='word_1_642' title='bbox 1418 2515 1582 2544; x_wconf 75' lang='lat' dir='ltr'><strong>resurgent,</strong></span> <span class='ocrx_word' id='word_1_643' title='bbox 1605 2517 1657 2537; x_wconf 90' lang='lat' dir='ltr'><strong>non</strong></span> <span class='ocrx_word' id='word_1_644' title='bbox 1683 2515 1774 2537; x_wconf 84' lang='lat' dir='ltr'><strong>tamen</strong></span> 
     </span>
    </p>
   </div>
   <div class='ocr_carea' id='block_1_95' title="bbox 986 2555 1775 2593">
    <p class='ocr_par' dir='ltr' id='par_1_95' title="bbox 986 2555 1775 2593">
     <span class='ocr_line' id='line_1_95' title="bbox 986 2555 1775 2593; baseline -0.005 -8"><span class='ocrx_word' id='word_1_645' title='bbox 986 2558 1176 2593; x_wconf 80' lang='lat' dir='ltr'><strong>adjndicium,</strong></span> <span class='ocrx_word' id='word_1_646' title='bbox 1197 2558 1258 2591; x_wconf 85' lang='lat' dir='ltr'><strong>quia</strong></span> <span class='ocrx_word' id='word_1_647' title='bbox 1285 2557 1331 2591; x_wconf 93' lang='lat' dir='ltr'><strong>qui</strong></span> <span class='ocrx_word' id='word_1_648' title='bbox 1354 2564 1409 2583; x_wconf 88' lang='lat' dir='ltr'><strong>nun</strong></span> <span class='ocrx_word' id='word_1_649' title='bbox 1433 2557 1532 2588; x_wconf 85' lang='lat' dir='ltr'><strong>credit,</strong></span> <span class='ocrx_word' id='word_1_650' title='bbox 1556 2557 1612 2589; x_wconf 87' lang='lat' dir='ltr'><strong>jam</strong></span> <span class='ocrx_word' id='word_1_651' title='bbox 1638 2555 1775 2590; x_wconf 79' lang='lat' dir='ltr'><strong>judicatus</strong></span> 
     </span>
    </p>
   </div>
   <div class='ocr_carea' id='block_1_96' title="bbox 985 2599 1776 2635">
    <p class='ocr_par' dir='ltr' id='par_1_96' title="bbox 985 2599 1776 2635">
     <span class='ocr_line' id='line_1_96' title="bbox 985 2599 1776 2635; baseline -0.004 -6"><span class='ocrx_word' id='word_1_652' title='bbox 985 2603 1034 2630; x_wconf 77' lang='lat' dir='ltr'><strong>fuit</strong></span> <span class='ocrx_word' id='word_1_653' title='bbox 1053 2602 1085 2628; x_wconf 85' lang='lat'><strong>“.</strong></span> <span class='ocrx_word' id='word_1_654' title='bbox 1099 2602 1133 2628; x_wconf 91' lang='lat' dir='ltr'><strong>At</strong></span> <span class='ocrx_word' id='word_1_655' title='bbox 1151 2601 1167 2628; x_wconf 95' lang='lat' dir='ltr'><strong>ii</strong></span> <span class='ocrx_word' id='word_1_656' title='bbox 1181 2601 1226 2635; x_wconf 87' lang='lat' dir='ltr'><strong>qui</strong></span> <span class='ocrx_word' id='word_1_657' title='bbox 1243 2601 1350 2628; x_wconf 88' lang='lat' dir='ltr'><strong>Christo</strong></span> <span class='ocrx_word' id='word_1_658' title='bbox 1365 2600 1556 2632; x_wconf 79' lang='lat' dir='ltr'><strong>crediderunt,</strong></span> <span class='ocrx_word' id='word_1_659' title='bbox 1573 2604 1600 2626; x_wconf 88' lang='lat' dir='ltr'><strong>et</strong></span> <span class='ocrx_word' id='word_1_660' title='bbox 1619 2599 1687 2627; x_wconf 87' lang='lat' dir='ltr'><strong>bona</strong></span> <span class='ocrx_word' id='word_1_661' title='bbox 1701 2599 1776 2626; x_wconf 84' lang='lat' dir='ltr'><strong>insu-</strong></span> 
     </span>
    </p>
   </div>
   <div class='ocr_carea' id='block_1_97' title="bbox 986 2643 1776 2683">
    <p class='ocr_par' dir='ltr' id='par_1_97' title="bbox 986 2643 1776 2683">
     <span class='ocr_line' id='line_1_97' title="bbox 986 2643 1776 2683; baseline -0.001 -8"><span class='ocrx_word' id='word_1_662' title='bbox 986 2656 1034 2683; x_wconf 68' lang='lat' dir='ltr'><strong>per</strong></span> <span class='ocrx_word' id='word_1_663' title='bbox 1052 2656 1134 2682; x_wconf 85' lang='lat' dir='ltr'><strong>opera</strong></span> <span class='ocrx_word' id='word_1_664' title='bbox 1159 2648 1292 2681; x_wconf 75' lang='lat' dir='ltr'><strong>fecerunt,</strong></span> <span class='ocrx_word' id='word_1_665' title='bbox 1311 2648 1337 2674; x_wconf 89' lang='lat' dir='ltr'><strong>hi</strong></span> <span class='ocrx_word' id='word_1_666' title='bbox 1358 2643 1500 2681; x_wconf 80' lang='lat' dir='ltr'><strong>rcsurgeiu</strong></span> <span class='ocrx_word' id='word_1_667' title='bbox 1524 2646 1722 2674; x_wconf 80' lang='lat' dir='ltr'><strong>resurrecnono</strong></span> <span class='ocrx_word' id='word_1_668' title='bbox 1742 2647 1776 2674; x_wconf 86' lang='lat' dir='ltr'><strong>ad</strong></span> 
     </span>
    </p>
   </div>
   <div class='ocr_carea' id='block_1_98' title="bbox 988 2691 1776 2728">
    <p class='ocr_par' dir='ltr' id='par_1_98' title="bbox 988 2691 1776 2728">
     <span class='ocr_line' id='line_1_98' title="bbox 988 2691 1776 2728; baseline -0.003 -8"><span class='ocrx_word' id='word_1_669' title='bbox 988 2693 1082 2727; x_wconf 86' lang='lat' dir='ltr'><strong>vitam,</strong></span> <span class='ocrx_word' id='word_1_670' title='bbox 1101 2702 1153 2720; x_wconf 88' lang='lat' dir='ltr'><strong>non</strong></span> <span class='ocrx_word' id='word_1_671' title='bbox 1172 2698 1260 2720; x_wconf 76' lang='lat' dir='ltr'><strong>autem</strong></span> <span class='ocrx_word' id='word_1_672' title='bbox 1288 2692 1484 2720; x_wconf 83' lang='lat' dir='ltr'><strong>condemnandi</strong></span> <span class='ocrx_word' id='word_1_673' title='bbox 1498 2700 1505 2726; x_wconf 84' lang='lat'><strong>;</strong></span> <span class='ocrx_word' id='word_1_674' title='bbox 1519 2693 1582 2720; x_wconf 92' lang='lat' dir='ltr'><strong>dum</strong></span> <span class='ocrx_word' id='word_1_675' title='bbox 1603 2697 1698 2721; x_wconf 79' lang='lat' dir='ltr'><strong>contra</strong></span> <span class='ocrx_word' id='word_1_676' title='bbox 1725 2691 1776 2728; x_wconf 78' lang='lat' dir='ltr'><strong>illi,</strong></span> 
     </span>
    </p>
   </div>
   <div class='ocr_carea' id='block_1_99' title="bbox 982 2854 1338 2888">
    <p class='ocr_par' dir='ltr' id='par_1_99' title="bbox 982 2854 1338 2888">
     <span class='ocr_line' id='line_1_99' title="bbox 982 2854 1338 2888; baseline 0 -7"><span class='ocrx_word' id='word_1_677' title='bbox 982 2854 1018 2882; x_wconf 83' lang='lat' dir='ltr'><strong>ibi</strong></span> <span class='ocrx_word' id='word_1_678' title='bbox 1038 2854 1142 2880; x_wconf 79' lang='lat' dir='ltr'><strong>tumulis</strong></span> <span class='ocrx_word' id='word_1_679' title='bbox 1160 2854 1338 2888; x_wconf 82' lang='lat' dir='ltr'><strong>inquinatum.</strong></span> 
     </span>
    </p>
   </div>
   <div class='ocr_carea' id='block_1_100' title="bbox 1022 2888 1472 2925">
    <p class='ocr_par' dir='ltr' id='par_1_100' title="bbox 1022 2888 1472 2925">
     <span class='ocr_line' id='line_1_100' title="bbox 1022 2888 1472 2925; baseline 0.004 -11"><span class='ocrx_word' id='word_1_680' title='bbox 1022 2889 1060 2925; x_wconf 73' lang='lat'><strong>(9)</strong></span> <span class='ocrx_word' id='word_1_681' title='bbox 1078 2889 1123 2917; x_wconf 87' lang='lat' dir='ltr'><strong>Sic</strong></span> <span class='ocrx_word' id='word_1_682' title='bbox 1137 2891 1205 2924; x_wconf 88' lang='lat' dir='ltr'><strong>apud</strong></span> <span class='ocrx_word' id='word_1_683' title='bbox 1223 2889 1352 2917; x_wconf 74' lang='lat' dir='ltr'><strong>Joannem</strong></span> <span class='ocrx_word' id='word_1_684' title='bbox 1367 2895 1412 2924; x_wconf 90' lang='lat' dir='ltr'><strong>nt,</strong></span> <span class='ocrx_word' id='word_1_685' title='bbox 1430 2888 1472 2916; x_wconf 82' lang='lat' dir='ltr'><strong>IS.</strong></span> 
     </span>
    </p>
   </div>
  </div>
