1913 3071
112 135 177 164 1519

691 127 901 156 FRAGMENTA
922 125 955 153 IN
974 124 1145 154 JOANNEM.

1667 123 1733 150 i630

114 195 215 220 ίτταται
234 191 314 227 μέχρι
329 190 384 217 τῶν
407 189 544 224 ἐλέγχων,
566 187 635 215 ἀλλὰ
659 173 710 214 καί
725 185 898 213 διδασκαλίαν

975 182 1128 218 Operamini
1143 189 1195 209 non
1209 188 1299 209 escam
1317 186 1484 216 pereuntem,
1506 181 1553 209 sed
1568 187 1657 208 eseam
1675 189 1736 214 qua:

115 238 282 275 προτίθησιν,
302 245 312 262 ι
336 234 516 272 Ἐργάζεσοε,
534 234 636 268 λέγων1
664 233 701 268 μὴ
724 233 772 267 τὴν
796 231 896 267 βρῶσιν

114 284 157 318 τὴν
172 281 371 317 ἀπολλυμένην,
388 280 457 308 ἀλλὰ
470 280 519 314 τὴν
534 279 636 315 βρῶσιν
647 278 695 314 τὴν
710 278 844 313 μένουσαν
858 278 897 309 εἰς

114 328 181 362 ζωὴν
195 326 315 358 αίώνιον,
331 326 365 361 ἣν
381 326 395 352 ὁ
411 324 476 355 Υἱὸς
491 323 538 350 τοῦ
555 323 699 359 ἀνθρώπου
716 321 796 348 δώσει
813 322 877 356 ὑμῖν
890 328 896 334 ·

114 373 203 400 τοῦτον
228 372 282 408 γὰρ
297 373 311 399 ὁ
326 371 423 406 Πατὴρ
446 369 612 405 ἐσφράγισεν
627 370 641 395 ὁ
664 368 740 399 Θεός.
762 377 772 394 ι
796 367 898 403 Μηδεὶς

114 420 185 455 ὑμῖν,
208 419 301 454 φησιν,
319 417 390 444 ἐστω
410 417 488 451 λόγος
511 415 613 450 ταύτης
631 414 680 450 τῆς
699 414 820 449 τροφῆς,
842 412 899 440 ἀλλ’

114 466 217 500 ἐκείνης
243 464 293 500 τῆς
317 462 506 498 πνευματικῆς
530 461 578 489 καὶ
602 460 736 488 ἀθανάτου
759 459 807 487 καὶ
832 459 899 495 πρὸς

114 511 243 538 ἀθάνατον
268 509 440 545 μεταγούσης
467 508 550 544 ζωήν.
574 507 667 534 Ταῦτα
682 507 710 533 δὲ
733 506 825 540 λέγει,
853 506 902 532 οὐκ

115 557 230 593 ἀναιρῶν
246 556 277 583 τὸ
293 555 459 592 ἐργάζεσθαι
470 574 478 586 ,
495 554 564 581 ἀλλὰ
583 553 613 580 τὸ
639 551 831 589 προσηλῶσθαι
847 552 903 584 τοῖς

115 603 263 638 ποιητικοῖς
280 602 452 637 πράγμασιν,
468 599 498 626 τὺ
511 599 648 626 ποιεῖσθαι
659 597 788 634 φροντίδα
801 597 850 632 τῆς
863 597 902 628 είς

116 648 206 684 αὔριον
219 647 411 678 ἀναπαύσεως.
430 645 538 672 Ἔνεστι
551 644 606 680 γάρ
617 643 811 680 ἐργαζόμενον,
822 642 904 677 μηδὲν

116 696 151 726 εἰς
168 694 217 730 τὴν
234 692 328 730 αῦριον
353 691 528 728 θησαυρίζειν
545 691 593 717 καὶ
610 690 758 726 μεριμνᾷν·
776 689 801 715 εί
816 688 845 714 δέ
863 696 911 724 τις

116 741 206 777 ἀργῶν
217 729 391 775 γαστρίζοιτο
405 737 450 765 καὶ
465 737 572 774 τρυφῆς
585 736 750 772 ἐπιμελοῖτο,
766 732 843 766 οὗτος
856 733 905 769 τὴν

117 785 216 822 βρῶσιν
237 784 384 821 ἐργάζεται
400 783 451 819 τὴν
470 782 677 818 ἀπολλυμένην·
694 782 718 808 ει
735 780 763 807 δέ
779 780 825 806 τὸν
838 779 907 815 Χρι-

117 826 177 857 στὸν
191 830 286 866 τρέφοι
300 830 347 856 καὶ
362 828 467 860 ποτίζοι
485 829 533 855 καὶ
546 828 645 861 ἐνδύοι,
664 826 848 863 ἐργαζόμενος
864 825 906 852 αἰ-

949 235 1038 257 ntunel
1055 229 1083 256 in
1100 229 1181 255 vitam
1201 232 1340 262 aeternam,
1354 235 1435 263 quam
1459 228 1544 255 Filius
1558 226 1675 254 hominis
1689 226 1736 253 da-

949 277 987 303 bit
1005 275 1089 303 vobis.
1107 274 1184 302 llune
1202 274 1274 301 enim
1300 273 1380 301 Pater
1403 273 1530 309 signavit.
1545 282 1555 298 ι
1582 271 1669 305 Nulla,
1697 273 1734 297 in-

950 322 1022 357 quit,
1040 320 1116 348 vobis
1129 320 1281 348 sollicitudo
1296 320 1332 347 sit
1345 320 1377 348 de
1395 319 1446 347 hac
1460 327 1533 350 esca.
1550 319 1596 346 sed
1613 318 1646 345 de
1659 317 1739 352 spiri-

951 369 995 395 laii
1014 367 1057 394 illa
1073 373 1154 402 atque
1168 366 1324 398 immortali,
1341 374 1400 401 qua:
1415 366 1448 394 ad
1461 365 1638 394 immortalem
1655 364 1737 391 vitam

951 414 1034 442 ducit.
1055 413 1117 441 "rec
1134 412 1183 446 ait,
1200 420 1252 440 non
1269 412 1377 447 operari
1401 415 1506 445 vetans,
1524 412 1570 439 sed
1594 419 1626 438 ne
1641 410 1739 437 creatis

951 461 1032 487 rebus
1045 460 1084 488 s’e
1101 459 1291 490 inhmreamus,
1310 464 1338 486 ut
1352 459 1477 486 crastina:
1503 458 1632 492 requietis
1647 464 1739 484 curam

952 514 1087 542 geramus.
1113 505 1226 540 Opi-rari
1254 505 1325 532 enim
1352 512 1506 540 possumus,
1535 503 1602 531 nihil
1618 502 1696 530 simul
1714 503 1739 528 in

952 553 1099 578 crastinum
1126 551 1341 578 thesaurizantes
1368 550 1409 577 \‘el
1436 551 1599 588 cogitantes.
1629 549 1657 576 Si
1681 547 1742 582 quis

952 605 1017 625 vero
1043 597 1129 624 otiose
1160 595 1247 624 ventti
1276 600 1303 624 et
1331 595 1436 623 deliciis
1468 599 1556 626 vacat,
1586 594 1629 621 hic
1652 601 1741 620 meum

954 647 1110 679 pereuntem
1138 646 1275 677 operatur.
1307 641 1403 675 Seetts,
1427 641 1449 668 si
1468 641 1575 668 Christo
1590 648 1677 666 escam
1695 646 1741 673 po-

955 694 1066 723 tumque
1083 688 1183 723 pra-bet
1200 696 1232 715 ac
1247 688 1449 718 vestimentum,
1464 686 1643 721 corporaliter
1665 683 1744 710 simul

953 741 1072 767 Operaus
1088 739 1113 759 et
1131 733 1301 768 spirltaliter,
1322 732 1445 768 quisnam
1462 732 1529 760 adeo
1553 731 1636 758 hebes
1661 729 1745 757 furio-

957 786 1058 813 susque
1071 782 1122 810 est,
1135 783 1164 805 ut
1179 785 1241 805 eum
1257 777 1330 805 dicat
1346 785 1437 806 eaeam
1450 780 1607 812 pereuntem
1625 776 1744 810 operari,

956 825 1034 858 cujus
1048 831 1128 851 causa
1147 823 1308 858 promissum
1324 828 1365 851 cst
1383 831 1493 859 regnum
1510 823 1641 854 futurum.
1659 827 1684 849 et
1698 822 1747 849 bo-

118 875 221 911 σθητῶς
233 874 300 911 ὁμοῦ
313 875 360 902 καὶ
373 873 577 910 πνευματικῶς,
589 872 631 904 τίς
641 871 728 903 οὕτως
742 869 904 905 ἀναίσθητος

963 878 1050 898 torum
1081 870 1188 897 illorum
1213 870 1384 905 partieipatio
1410 869 1477 897 erit?
1505 869 1569 896 Παξο
1592 869 1663 896 enim
1684 875 1746 895 esca

117 922 162 948 καὶ
181 921 328 957 μανιώδης,
345 920 383 952 ὡς
400 921 488 947 εἰπεῖν
500 918 690 953 ἀπολλυμένην
709 915 811 952 βρῶσιν
825 915 908 951 ἐργά-

118 965 208 996 ζεσθαι
225 964 271 991 τὸν
286 963 415 997 τοιοῦτον,
429 963 462 991 δι’
471 963 504 999 ἢν
517 963 566 998 τῆς
576 961 714 997 βασιλείας
726 962 742 995 ὴ
758 959 907 993 ἐπαγγελία

118 1011 166 1046 τῆς
183 1009 342 1046 μελλούσης,
364 1009 410 1037 καὶ
429 1009 483 1036 τῶν
502 1007 612 1043 ἀγαθῶν
628 1006 740 1034 ἐκείνων
757 1007 774 1041 ὴ
789 1004 909 1031 ἀπόλαυ-

120 1065 158 1088 σις
186 1055 320 1091 μεθεκτέα
341 1055 462 1089 γίνεται;
485 1054 555 1090 αὕτη
574 1053 629 1089 γάρ
652 1052 727 1088 μένει
743 1051 875 1086 διηνεκῶς
892 1051 909 1087 ὴ

121 1102 231 1138 βρῶσις.
253 1101 320 1129 Εἶτα
337 1101 432 1137 ἐπειδὴ
454 1101 525 1136 μέγα
544 1100 608 1135 περὶ
628 1098 725 1126 ἑαυτοῦ
748 1097 908 1133 ἐφθέγξατο,

123 1150 167 1176 καὶ
182 1149 282 1184 ἔφησεν
295 1148 376 1180 αὐτὸς
390 1147 487 1175 δώσειν
502 1147 597 1182 αὐτὴν,
615 1146 658 1174 ἴνα
676 1146 713 1182 μὴ
726 1145 806 1172 πάλιν
819 1145 910 1176 αὐτοῖς

120 1195 225 1231 προσθῇ
243 1194 274 1221 τὸ
297 1193 458 1232 λεγόμενον,
476 1193 633 1226 ἀξιόπιστον
655 1191 741 1218 ποιῶν
758 1191 804 1217 τὸν
820 1189 909 1224 λόγον,

120 1241 166 1267 ὲπὶ
181 1240 226 1267 τὸν
249 1239 361 1275 Πατέρα
377 1239 425 1275 τὴν
443 1239 575 1275 χορηγίαν
588 1238 638 1273 τῆς
659 1237 789 1272 τοιαύτης
808 1235 910 1271 τροφῆς

118 1285 232 1320 ἀπάγει·
250 1285 334 1312 είπὼν
349 1285 415 1321 γάρ,
428 1294 437 1310 ι
453 1285 504 1310 Ἦν
517 1285 531 1310 ό
545 1284 609 1315 Υἱὸς
619 1283 665 1310 τοῦ
678 1281 821 1318 ἀνθρώπου
831 1280 912 1307 δώσει

122 1332 196 1366 ὑμῖν,
210 1340 219 1357 ι
230 1331 388 1366 ἐπήγαγεν·
400 1340 410 1356 ι
424 1329 524 1356 Τοῦτον
535 1329 589 1365 γὰρ
605 1330 620 1355 ό
636 1328 731 1364 Πατὴρ
746 1327 912 1363 ἐσφράγισεν

121 1378 136 1403 ὁ
150 1375 215 1408 Θεός
223 1384 246 1402 Ἰ
259 1376 407 1408 τουτέστιν,
425 1375 488 1402 Ἐπὶ
500 1374 579 1402 τοῦτο
586 1373 826 1409 ἕπεμψεν,ταύτην
833 1372 912 1408 κομί-

124 1422 203 1454 ζοντα
223 1422 289 1456 ὑμῖν
309 1421 359 1456 τὴν
374 1420 479 1456 τροφὴν
502 1420 551 1456 τὴν
569 1420 704 1455 οὐράνιον.
721 1417 843 1454 Δηλοῖδέ
865 1417 913 1444 καὶ

123 1467 220 1503 ἑτέραν
237 1466 386 1502 ἑρμηνείαν
400 1468 417 1502 ἡ
433 1466 519 1499 λέξις·
535 1466 582 1492 καὶ
600 1465 654 1502 γάρ
674 1465 791 1500 ἀλλαχοῦ
807 1471 888 1499 φησιν
900 1464 914 1490 ό

123 1511 239 1547 Χριστός
251 1521 258 1528 ο
274 1521 283 1538 ι
309 1511 338 1538 '0
352 1510 461 1538 ἀκούων
476 1519 527 1546 μου
543 1511 606 1542 τοὺς
625 1510 731 1545 λόγους,
748 1509 914 1545 ἐσφράγισεν

960 921 1050 943 manet
1066 916 1091 943 in
1105 921 1248 944 a2ternum.
1273 916 1374 944 Deinde
1389 916 1453 951 quia
1479 922 1605 949 magnum
1630 914 1693 950 quid
1716 915 1748 940 de

959 971 989 990 se
1007 962 1122 994 dixerat,
1139 969 1221 997 seque
1237 962 1309 990 illam
1324 970 1414 990 eseam
1434 963 1560 990 daturum
1575 970 1582 995 ;
1599 968 1632 989 ne
1655 961 1680 988 ei
1704 961 1746 988 di-

960 1013 1032 1036 ctum
1048 1008 1112 1036 illud
1126 1009 1280 1044 objiciatur,
1295 1009 1454 1037 credibilem
1479 1008 1582 1036 faciens
1596 1015 1747 1036 sermonem

960 1062 1051 1086 suum,
1067 1054 1139 1081 Patri
1155 1060 1293 1090 acceptam
1307 1055 1389 1083 refert
1404 1055 1474 1083 hanc
1488 1062 1590 1082 escam.
1606 1054 1674 1081 Nam
1687 1061 1747 1080 cum

960 1101 1085 1131 dixisset,
1102 1109 1111 1125 ι
1129 1100 1214 1134 Quam
1231 1100 1314 1129 Filius
1334 1101 1452 1128 hominis
1471 1100 1546 1128 dabit
1570 1099 1657 1131 vobis,
1673 1109 1682 1125 ι
1700 1099 1747 1125 ιιιν

961 1146 1038 1179 didit,
1063 1155 1073 1172 ι
1087 1146 1165 1174 Ilonc
1183 1147 1255 1174 enim
1274 1147 1354 1174 Pater
1378 1147 1495 1182 signavit
1518 1147 1603 1178 Deus;
1625 1156 1634 1172 ι
1656 1147 1681 1172 id
1699 1151 1749 1178 est,

963 1191 1045 1224 llnjus
1061 1191 1098 1218 rei
1111 1199 1193 1219 eausa
1209 1192 1291 1224 misit,
1312 1193 1381 1220 hanc
1397 1199 1486 1219 escam
1503 1191 1639 1219 ccclestem
1653 1198 1749 1224 suppe-

962 1237 1120 1265 ditaturum.
1138 1237 1270 1266 Caeterum
1298 1237 1380 1266 dictio
1405 1237 1484 1264 aliam
1511 1245 1619 1272 quoque
1644 1237 1746 1271 patitur

963 1277 1223 1317 interpretationem.
1245 1283 1366 1319 Namque
1380 1283 1443 1310 alibi
1458 1284 1584 1312 Christus
1599 1282 1638 1310 ait
1651 1291 1657 1310 :
1678 1291 1686 1307 t
1700 1282 1750 1315 Qui

963 1335 1101 1355 sermones
1132 1336 1206 1356 meos
1228 1329 1314 1360 audit,
1338 1328 1456 1364 signavit
1478 1329 1549 1363 quod
1568 1328 1640 1356 Deus
1669 1335 1751 1356 verax

963 1373 999 1400 sit
1009 1372 1053 1405 “;
1070 1382 1079 1398 ›
1097 1377 1232 1407 quatenus
1247 1373 1351 1400 scilicet
1366 1373 1505 1400 veritatem
1528 1372 1575 1400 Dei
1591 1373 1617 1400 in
1632 1380 1665 1400 eo
1692 1380 1752 1400 esse

964 1417 1120 1450 allirmavit,
1136 1417 1163 1445 id
1177 1423 1218 1445 est
1235 1419 1354 1446 ostendit
1369 1425 1401 1446 ac
1417 1419 1572 1446 testimonio
1587 1426 1635 1446 suo
1651 1418 1751 1446 revela-

966 1463 1014 1492 vit.
1044 1463 1284 1491 Demonstraverat
1301 1464 1373 1491 enim
1399 1464 1456 1498 ipse
1480 1468 1585 1491 semet:
1613 1464 1659 1492 sed
1690 1464 1752 1498 quia

967 1517 1038 1538 nunc
1053 1509 1160 1537 Iudaeos
1180 1508 1377 1544 alloquebatur,
1402 1509 1492 1537 Patris
1518 1509 1700 1537 testimonium
1725 1510 1751 1536 in

122 1558 163 1584 ὅτι
178 1558 192 1584 ὁ
205 1557 272 1589 Θεὸς
285 1557 390 1593 ἀληθής
405 1557 493 1583 ἐστιν⁸
512 1565 521 1583 ι
537 1556 599 1583 ὅσον
613 1556 643 1582 τό
659 1564 691 1590 γε
706 1555 749 1582 ἐπ’
764 1554 838 1590 αὐτῷ
853 1554 910 1581 ἐϐε-

967 1555 1083 1582 medium
1099 1554 1221 1590 protulit.

124 1603 224 1630 ϐαίωσε
242 1603 288 1630 τοῦ
301 1603 368 1630 Θεοῦ
388 1603 440 1639 τὴν
455 1602 595 1639 ἀλήθειαν,
619 1602 758 1630 τουτέστιν
774 1601 915 1633 ἀπέδειξεν
935 1603 981 1628 καὶ
1013 1602 1179 1637 ὲξεκάλυψεν
1208 1601 1252 1629 διὰ
1267 1602 1317 1638 τῆς
1329 1601 1411 1630 αὑτοῦ
1429 1601 1580 1638 μαρτυρίας
1591 1602 1691 1636 ’ἔδειξε
1707 1602 1754 1638 μὲν

123 1647 177 1683 γάρ
193 1647 272 1680 αὐτὸς
289 1647 400 1675 ἑαυτὸν·
414 1648 508 1684 ἐπειδὴ
525 1648 554 1675 δὲ
574 1648 642 1685 πρὸς
665 1647 809 1679 Ἰουδαίους
828 1647 973 1681 διελέγετο,
997 1648 1046 1684 τὴν
1062 1647 1108 1675 τοῦ
1125 1648 1232 1683 Πατρδς
1250 1648 1403 1685 μαρτυρίαν
1417 1650 1457 1680 είς
1477 1648 1558 1684 μέσον
1569 1649 1682 1684 ἧγαγεν.

508 1693 546 1721 Εν.

126 1739 263 1768 Στ.νθ’.ὀ
284 1738 402 1774 τρώγων
421 1738 536 1775 τοῦτοτί
559 1739 612 1767 τὸν
636 1738 747 1775 ἄρτον,
770 1739 853 1775 ζήσει
871 1737 915 1770 εις

414 1774 469 1802 τὸν
486 1774 590 1802 αἰῶνα.

160 1821 225 1848 Post.
241 1820 421 1856 fragmentum
438 1820 465 1847 in
490 1821 655 1849 Corderiana
684 1821 787 1849 Catena
803 1829 831 1857 p.
852 1822 914 1856 196,

127 1867 301 1892 cmttinuatur
319 1866 358 1893 sic
375 1865 402 1892 in
419 1865 500 1893 codd.
524 1867 559 1897 A,
579 1865 598 1893 ί.
616 1867 669 1894 H5
695 1867 724 1896 b.
738 1872 766 1894 et
781 1867 815 1895 Β.
833 1868 851 1894 ί.
879 1867 914 1893 87)

127 1912 153 1938 h.
176 1911 206 1937 El
223 1911 252 1937 δὲ
277 1910 398 1937 ἐναντίον
414 1910 489 1937 δοκεῖ
503 1909 705 1945 τδ,«Μακάριοι
723 1911 747 1936 οι
771 1911 917 1943 πεινῶντες

129 1957 176 1983 καὶ
197 1956 330 1991 διψῶντες
346 1955 396 1991 τὴν
421 1955 764 1991 δικαιοσύνην,ιοῦδαμῶς
788 1957 917 1991 τυγχάνει

125 2002 269 2037 διαφωνία.
288 2002 320 2028 Et
343 2002 396 2038 γὰρ
416 2001 453 2038 μὴ
468 2002 548 2036 πεινᾷ
571 2009 623 2033 τις,
643 2001 710 2036 μηδὲ
726 2000 802 2037 διψᾷ,
822 2001 918 2037 φαγὼν

125 2048 222 2074 τούτου
237 2047 284 2074 τοῦ
303 2047 399 2083 ἄρτου,
415 2048 463 2074 καὶ
488 2046 557 2073 πιὼν
571 2046 619 2074 τοῦ
635 2047 769 2074 ἀθανάτου
784 2048 916 2084 πόματος,

127 2094 185 2121 ἀλλ’
203 2095 278 2129 ὅμως
300 2093 344 2120 διὰ
365 2094 396 2120 τὸ
413 2093 545 2128 ἐράσμιον
560 2093 607 2119 καὶ
623 2092 779 2125 ἀξιέπαινον
796 2094 845 2129 τῆς
857 2102 918 2129 τρο-

126 2138 181 2173 φῆς
201 2138 247 2165 καὶ
259 2137 306 2164 τοῦ
326 2137 421 2170 ποτοῦ,
433 2138 447 2164 ό
461 2138 622 2174 χορτασθεὶς
635 2138 675 2164 ἔτι
688 2139 777 2174 πεινᾷ.
796 2139 843 2166 καὶ
860 2148 918 2166 πει-

126 2183 181 2210 νῶν
198 2183 238 2210 ἔτι
255 2184 328 2219 διψᾷ,
343 2183 414 2210 ὥστε
431 2183 478 2210 καὶ
491 2184 534 2210 ἀεὶ
549 2183 725 2220 κορέννυσθαι
738 2185 785 2211 καὶ
806 2185 916 2212 πεινῶν.

127 2276 207 2302 ΚΕΦ.
222 2276 262 2303 H’.
271 2276 317 2302 Στ.
334 2279 385 2302 va’.
399 2275 471 2303 Ἐάν
485 2284 531 2308 τις
544 2275 598 2302 τὸν
610 2276 703 2310 λόγον
716 2275 769 2303 τὸν
782 2276 855 2310 ἐμόν
868 2284 917 2309 τη-

162 2311 257 2345 ρήσῃ,
270 2311 400 2338 θάνατον
409 2312 445 2338 οὑ
451 2311 495 2345 μὴ
508 2311 651 2345 θεωρήσει
660 2312 703 2344 εις
716 2311 768 2338 τὸν
779 2311 881 2338 αιὼνα.

164 2356 218 2383 Τοῦ
232 2357 358 2392 Σωτῆρος
369 2356 523 2392 εἰρηκότος,
539 2357 576 2392 μὴ
586 2356 735 2392 θεωρήσειν
748 2357 862 2384 θάνατον
870 2357 916 2383 τὺν

126 2401 262 2437 τηροῦντα
278 2401 325 2429 τὸν
343 2401 423 2436 λόγον
437 2400 537 2437 (αὑτοῦ
547 2405 556 2436 )
568 2422 576 2434 ,
597 2402 621 2428 οἱ
636 2402 770 2438 παρόντες
794 2402 916 2428 Ἰουδαῖοι

129 2446 288 2482 σφαλέντες,
308 2447 339 2474 τδ
359 2447 517 2483 Θεωρεῖσθαι
536 2446 662 2481 θάνατον,
682 2447 778 2474 ταυτὸν
794 2445 864 2474 εἶναι
879 2447 918 2483 τῷ

126 2493 278 2528 γεύσασθαι
298 2494 380 2521 αὐτοῦ
397 2493 542 2521 ὑπέλαϐον.
559 2495 638 2520 Δοκεῖ
654 2493 708 2529 γὰρ
726 2494 830 2526 αὐτοῖς,
855 2494 918 2521 ὅσον

125 2541 188 2572 ταῖς
204 2539 294 2567 αὐτῶν
310 2539 427 2571 λέξεσιν,
444 2540 547 2566 ἐκεῖνον
569 2538 607 2574 μὴ
623 2539 775 2574 γεύσασθαι
791 2539 916 2573 Θάνατον,

126 2587 175 2613 τὸν
190 2587 288 2623 πεῖραν
300 2586 348 2613 τοῦ
362 2585 452 2613 κοινοῦ
469 2585 506 2621 μὴ
519 2585 639 2612 λαϐόντα
649 2586 776 2613 Θανάτου.
792 2586 877 2614 Τοῦτο
888 2588 917 2614 δέ

125 2632 202 2659 δοκεῖ
214 2631 379 2667 ἀνατρέπειν
391 2631 441 2666 τὴν
458 2631 603 2667 Κυριακὴν
623 2631 801 2666 ἐπαγγελίαν,
819 2633 916 2669 τεθνη-

126 2677 215 2703 κότων
231 2676 277 2703 καὶ
289 2675 344 2702 τῶν
361 2675 540 2714 τηρησάντων
553 2676 636 2702 αὐτοῦ
649 2676 694 2703 τὸν
709 2677 802 2711 λόγον·
821 2678 918 2712 γέγονε

125 2723 157 2748 δὲ
172 2722 263 2753 αὐτοῖς
277 2721 368 2756 ἀπάτη
379 2741 387 2753 ,
403 2720 434 2747 τὸ
450 2720 556 2757 θέλημα
577 2721 737 2756 πανούργως
755 2722 917 2760 σοφίσασθαι

127 2767 159 2800 ἐξ
176 2767 343 2803 ὁμωνυμίας.
368 2767 397 2794 '0
415 2767 469 2802 γὰρ
482 2765 573 2802 τηρῶν
589 2766 634 2793 τὸν
660 2767 746 2803 Ἰησοῦ
760 2767 849 2803 λόγον,
870 2769 917 2796 τὸν

128 2813 262 2848 ἑπόμενον
284 2815 318 2849 τῇ
339 2812 461 2848 ἁμαρτίᾳ
481 2812 595 2839 θάνατον
618 2813 649 2839 οὐ
668 2813 705 2849 μὴ
724 2813 869 2850 θεωρήσει,
891 2816 915 2842 εί

129 2858 179 2885 καὶ
198 2858 323 2893 γεύσεται
343 2858 390 2885 τοῦ
413 2856 503 2884 κοινοῦ
527 2857 573 2884 καὶ
599 2858 754 2893 σωματικοῦ
778 2859 912 2887 θανάτου·

1345 1695 1377 1722 ν.

966 1739 1043 1769 νοτε.
1061 1740 1106 1769 59.
1123 1740 1176 1773 Qui
1191 1740 1333 1768 manduca:
1348 1741 1418 1767 [tunc
1432 1748 1536 1775 panem,
1551 1742 1616 1769 vivet
1635 1741 1663 1768 in
1675 1749 1753 1770 anter-

1329 1783 1401 1802 num.

1002 1820 1079 1854 Quod
1094 1820 1117 1848 si
1142 1821 1309 1848 contrarium
1326 1821 1433 1849 videtur
1445 1821 1621 1850 illud2thati
1635 1822 1680 1857 qui
1692 1830 1752 1850 esu-

967 1867 1040 1894 riunt
1053 1871 1079 1894 et
1095 1866 1347 1900 sitiuntjustitiam,
1370 1867 1444 1896 nulla
1457 1871 1545 1894 tamen
1558 1874 1652 1901 reapse
1668 1868 1753 1895 disso-

967 1912 1059 1939 nantia
1070 1916 1121 1951 est.
1135 1910 1203 1939 Nam
1223 1912 1246 1939 si
1262 1919 1349 1946 neque
1365 1912 1451 1939 esurit
1465 1917 1569 1947 postea,
1587 1920 1674 1948 neque
1688 1914 1754 1947 sitit,

968 1958 1122 1993 quicunque
1139 1958 1210 1986 lntnc
1236 1965 1333 1993 panem
1360 1958 1570 1992 manducaverit,
1595 1963 1619 1987 et
1645 1960 1756 1987 illltllor-

969 2004 1083 2032 talitatis
1112 2004 1239 2039 poculum
1272 2004 1388 2037 biberit;
1414 2004 1589 2032 nihilominus
1613 2011 1754 2041 proptern-a

968 2050 1040 2084 quod
1057 2050 1182 2078 amabilis
1196 2055 1223 2078 et
1241 2050 1360 2086 pretiosa
1376 2050 1434 2078 haec
1459 2058 1521 2078 esca
1544 2056 1585 2078 est
1609 2056 1637 2078 et
1663 2057 1754 2086 polus,

968 2095 1015 2130 qui
1028 2095 1141 2123 satiatus
1156 2095 1236 2122 fuerit
1249 2095 1340 2123 adhuc
1362 2091 1503 2129 esurit,‘et
1513 2097 1557 2131 qui
1587 2097 1686 2124 biberit
1708 2099 1756 2124 atl-

969 2141 1021 2168 lme
1035 2141 1101 2174 sitit,
1128 2142 1165 2169 ita
1182 2146 1210 2169 ut
1228 2149 1335 2177 semper
1349 2147 1486 2170 saturetur
1515 2150 1675 2178 semperque
1694 2152 1757 2171 esu-

970 2187 1029 2214 rial.

1339 2232 1383 2259 VI.

968 2277 1043 2304 CAP.
1064 2277 1130 2309 VIII,
1143 2285 1212 2304 vers.
1228 2278 1271 2305 51.
1289 2278 1320 2304 Si
1333 2279 1390 2311 quis
1412 2287 1554 2307 sermonem
1569 2289 1655 2308 meum
1671 2291 1758 2310 servu—

1079 2314 1152 2344 νει-ιι,
1168 2320 1218 2339 non
1233 2313 1326 2340 videbit
1340 2319 1447 2340 mortem
1460 2315 1487 2340 in
1504 2321 1640 2342 auct-num.

1006 2356 1118 2384 Dicente
1132 2357 1283 2391 Salvatore,
1308 2358 1366 2386 fore
1390 2363 1418 2386 ut
1441 2364 1554 2387 mortem
1580 2369 1632 2388 non
1657 2362 1757 2395 videat,

971 2403 1016 2438 qui
1049 2410 1201 2430 sermonem
1225 2403 1310 2438 ipsius
1335 2405 1505 2438 servaverit,
1530 2405 1614 2434 Judaei
1640 2414 1758 2436 astantes
1800 2397 1804 2400 ”

971 2449 1070 2476 mentis
1081 2456 1136 2476 sua;
1149 2456 1243 2476 errore
1258 2454 1371 2478 mortem
1386 2451 1488 2483 videre,
1503 2452 1572 2479 idem
1588 2461 1648 2481 esse
1661 2454 1758 2481 existi-

971 2499 1082 2522 marunt
1100 2499 1182 2530 atque
1193 2495 1316 2523 eamdem
1332 2500 1451 2531 gustare.
1465 2496 1613 2525 Videbatur
1631 2500 1700 2526 enim
1728 2500 1758 2526 il-

972 2539 1015 2572 lis,
1028 2545 1158 2575 quantum
1173 2540 1254 2569 verba
1269 2546 1377 2575 sonant,
1389 2543 1434 2570 ille
1448 2547 1560 2571 mortem
1571 2552 1622 2571 non
1638 2550 1757 2578 gustare,

969 2586 1014 2620 qui
1031 2593 1200 2614 communem
1215 2593 1328 2614 mortem
1340 2595 1391 2616 non
1404 2588 1584 2624 experiretur.
1597 2589 1653 2617 Hoc
1668 2598 1757 2617 autem

969 2631 1076 2658 videtur
1090 2632 1246 2660 subvertere
1261 2624 1428 2660 Dominicam
1445 2634 1662 2668 promlssionem,
1687 2636 1758 2670 quod

970 2684 1067 2711 nempe
1081 2677 1098 2704 ii
1112 2683 1219 2712 quoque
1231 2678 1383 2706 morientur
1404 2679 1449 2713 qui
1476 2679 1577 2706 Christi
1603 2687 1756 2708 sermonem

971 2722 1148 2749 servaverint.
1165 2722 1218 2750 Sed
1235 2730 1317 2751 causa
1343 2723 1395 2751 illis
1417 2723 1517 2752 erroris
1544 2724 1594 2752 fuit
1625 2726 1758 2754 malitiosa

971 2768 1043 2795 circa
1059 2767 1261 2803 homonymiam
1289 2765 1436 2796 cavillatio.
1453 2769 1520 2797 Nam
1544 2771 1589 2805 qui
1610 2770 1674 2798 Jesu
1699 2779 1758 2798 ser-

972 2821 1078 2841 monem
1113 2815 1274 2848 servaverit,
1307 2815 1329 2842 is
1351 2822 1559 2851 conseqtteutem
1587 2824 1618 2843 ex
1648 2822 1758 2851 peccato

970 2865 1084 2888 mortem
1101 2868 1155 2888 non
1181 2861 1291 2896 videbit,
1304 2869 1458 2897 quanquam
1474 2871 1643 2891 comtnuncm
1662 2870 1756 2897 corpu-
