1913 3071
131 112 198 143 10ὺὶ⁷)

681 109 891 138 FRAGMENTA
913 109 947 138 IN
966 109 1083 139 ACTUS
1103 109 1224 138 APOST.

1691 109 1762 138 1655

124 181 204 210 τερος
224 173 330 209 εἴρηται
345 172 415 200 κατὰ
431 171 501 198 τόδε·
523 170 615 208 Βραχύ
642 179 668 198 τι
693 171 758 207 παρ’
784 169 915 205 ἀγγέλους

979 178 1027 203 ur,
1046 170 1194 198 secundum
1220 169 1356 207 videliect_
1370 169 1578 197 humanitatem.
1598 168 1691 204 Neque
1708 171 1759 197 mi-

123 220 314 256 ἠλαττωμένον
332 219 465 254 βλέπομεν
488 217 590 254 Ἰησοῦν
606 217 650 244 διὰ
661 216 691 243 τὸ
709 217 793 248 πάθος
811 215 858 242 τοῦ
871 216 919 243 θα-

124 266 216 297 νάτου,
244 265 307 300 δόξῃ
323 265 370 292 καὶ
394 266 461 300 τιμῇ
488 263 722 299 ἐστεφανωμένον.
750 263 865 299 Ἐρρέθη
891 263 919 289 δὲ

125 310 239 338 καὶτῶν
255 309 352 336 ἑαυτοῦ
370 309 500 345 μαθητῶν
517 309 617 344 ἥττων·
637 318 646 334 ι
658 307 728 343 Ἐγὼ
742 308 779 340 δὲ,
799 317 808 333 ι
826 308 918 343 φησιν,

126 365 137 381 ι
150 356 208 391 εἰμὶ
227 355 255 380 ἐν
269 355 343 389 μέσῳ
356 354 434 390 ὑμῶν
459 355 496 386 ὡς
510 355 524 381 ό
539 354 671 381 διακονῶν
693 354 740 381 καὶ
753 354 790 385 ὡς
803 354 817 380 ό
829 353 921 389 μικρό-

124 408 213 436 τερος.
236 409 247 425 ι
261 399 302 426 Τὰ
313 398 360 426 οὖν
377 399 589 436 συγκρινόμενα,
605 398 746 435 όμοούσια·
758 398 793 425 τὰ
806 398 835 425 δὲ
846 397 921 425 ἁπλᾶ

125 446 172 473 καὶ
186 445 286 480 γνώσει
299 446 345 473 καὶ
361 446 451 482 οὐσίᾳ,
466 446 516 473 οὐκ
533 446 687 481 ἐπιδέχεται
711 445 741 471 τὸ
761 445 854 481 μεῖζον
871 445 918 472 καὶ

124 490 156 517 τὸ
166 490 286 517 ἔλαττον.
305 490 337 517 Εἰ
352 491 380 517 δὲ
392 491 438 517 ἐπὶ
450 491 499 526 τῆς
512 491 639 527 θεότητος
649 490 696 517 τοῦ
709 490 775 517 Υἱοῦ
792 490 856 517 ἄνευ
871 489 918 517 τοῦ

125 536 265 572 εἰληφέναι
280 537 370 573 σάρκα
385 537 475 572 βούλει
495 536 620 564 ἐκλαϐεῖν
630 537 672 569 τὸ,
688 547 697 562 ι
717 537 747 564 '0
760 536 873 572 πέμψας
889 545 922 572 με

125 583 221 619 Πατὴρ
249 583 350 618 μείζων
367 591 418 618 μου
431 583 515 615 ἐστὶν,
532 594 541 610 ι
561 583 590 610 ὲν
615 583 709 615 τόποις
728 583 811 610 αὑτὸν
825 582 922 615 δώσεις

126 629 321 664 περιεχόμενον
337 629 384 656 καὶ
399 629 619 665 συγκλειόμενον,
631 629 807 666 πεμπόμενον
817 629 845 656 δὲ
853 630 921 656 ὅπου

125 675 176 702 οὐκ
205 673 250 711 ἦν,
279 675 325 702 καὶ
351 675 513 712 μεταίροντα
546 676 608 703 ὅθεν
639 675 725 702 ἔστιν·
757 676 826 712 ὅπερ
858 675 921 703 ἆτο-

125 721 255 757 mum.

969 216 1047 249 reris,
1078 217 1100 244 si
1127 215 1208 245 Patre
1231 223 1259 244 se
1284 216 1415 243 minorem
1442 215 1506 243 dicit
1531 215 1658 242 8.ι1νιιιοι
1680 216 1761 243 homo

969 263 1073 296 tactus;
1100 262 1234 296 siquidem
1250 262 1416 298 aliquantum
1431 268 1539 297 quoque
1554 261 1626 289 infra
1647 261 1760 297 angelos

969 308 1139 336 imminutum
1162 308 1256 336 Jesum
1284 309 1404 336 videmus
1423 313 1535 343 propter
1547 308 1644 335 mortis
1657 308 1763 343 passio-

970 361 1041 385 nem,
1064 358 1091 380 et
1114 353 1197 386 gloria
1221 359 1301 388 atque
1328 354 1429 381 honore
1445 357 1603 380 coronatum
1614 355 1647 380 ".
1672 353 1764 381 Dictus

970 405 1012 427 est
1027 399 1108 427 etiam
1126 399 1261 434 discipulis
1273 399 1329 427 suis
1353 400 1441 427 minor
1455 409 1461 427 :
1481 408 1491 425 ι
1507 399 1564 435 Ego
1579 404 1679 432 autem,
1694 409 1703 426 ›
1721 400 1762 427 in-

971 446 1039 480 quit,
1059 454 1074 471 ι
1086 445 1112 472 in
1128 445 1216 473 medio
1235 450 1353 472 vestrum
1369 453 1439 478 sum,
1454 445 1525 473 sicut
1552 445 1597 480 qui
1616 445 1761 477 ministrat,

972 495 1000 518 et
1015 490 1085 517 sicut
1108 490 1237 518 minor“.
1256 500 1266 516 ι
1284 490 1355 525 Ergo
1374 498 1434 525 quae
1455 491 1498 518 hic
1519 491 1635 519 invicem
1655 499 1763 526 compa-

973 541 1075 569 rantur,
1098 542 1164 564 sunt
1188 537 1454 564 eonsubstantialia:
1476 545 1535 573 quae
1555 543 1645 565 autem
1667 538 1765 565 mentis

971 588 1101 616 conceptu
1128 587 1156 610 et
1172 583 1322 610 substantia
1338 583 1469 618 simplicia
1481 587 1553 617 sunt,
1580 591 1610 612 ea
1627 592 1679 612 non
1696 584 1763 612 reci-

970 629 1048 664 piunt
1066 630 1151 664 majus
1168 634 1195 657 et
1209 630 1308 658 minus.
1328 629 1395 656 Nam
1416 636 1490 658 certe
1507 631 1529 658 si
1548 631 1631 658 velles
1650 632 1683 658 de
1704 631 1764 658 Filii

970 675 1078 709 deitate,
1094 675 1212 703 nondum
1233 683 1315 704 carne
1339 681 1476 711 suscepta,
1498 677 1648 712 intelligere
1666 678 1763 709 verba,

972 730 981 747 ι
997 720 1046 754 Qui
1062 722 1134 749 misit
1148 729 1191 750 me
1208 721 1297 755 Pater,
1311 722 1396 758 major
1410 730 1453 750 me
1464 728 1515 756 est,
1526 732 1535 749 ι
1553 723 1619 751 locis
1638 730 1698 751 cum
1724 723 1764 750 ia-

125 768 181 795 cies
199 773 354 797 contentum
379 775 407 797 et
431 768 598 802 conclusum,
623 776 656 797 eo
676 769 790 797 missum
825 768 868 796 ubi
903 775 956 796 non
975 772 1050 801 emt,
1074 773 1100 796 et
1126 768 1188 797 inde
1210 769 1392 797 discedentem
1424 769 1468 797 ubi
1497 769 1601 803 fuerat;
1628 770 1701 805 quod
1725 773 1767 799 est

125 813 286 841 absurdum.
307 851 312 857 '

514 861 540 888 I'.

126 905 265 933 ΚΕΦ.1Ζ’.
276 907 321 934 Στ.
336 906 369 943 β’.
383 907 519 940 Δόεασόν
533 916 591 935 σου
604 907 658 934 τὸν
677 907 756 940 flor,
773 907 824 934 ἵνα
841 907 890 934 καὶ
905 908 921 934 ό

233 974 235 977 ,
375 944 442 976 mg
453 951 511 971 σου
524 943 640 978 δοξάσῃ
659 946 706 970 trs".

167 986 254 1015 Τοῦτό
266 989 340 1015 ἐστιν
353 988 366 1015 ὃ
379 989 464 1024 λέγει·
486 989 675 1024 ’Λποκόιλυψὸν
689 998 723 1024 με
737 990 793 1021 τοῖς
809 988 921 1023 ἁγνοοῦ·

127 1041 180 1060 atv'
196 1034 352 1070 φανέρωσόν
367 1043 418 1070 μου
433 1035 482 1070 τὴν
493 1034 571 1068 δόξαν
591 1035 624 1070 ἢν
642 1034 696 1070 ἔχω
708 1034 782 1070 παρὰ
793 1034 844 1066 σοι,
855 1033 922 1065 Θεὸς

125 1079 213 1113 Λόγος
228 1079 380 1114 τυγχάνωνο
399 1089 408 1105 ι
421 1080 516 1112 Οὐδεὶς
537 1089 546 1105 ι
561 1080 626 1116 γὰρ,
638 1079 740 1115 φησὶμπ
752 1079 864 1106 δύναται
879 1078 922 1105 ὲλ-

130 1124 186 1152 θεῖν
202 1125 269 1162 πρὸς
285 1127 331 1161 μὲ,
352 1127 399 1154 ἐὰν
412 1126 450 1162 μὴ
473 1127 487 1153 ὸ
509 1126 620 1161 πέμψας
652 1136 686 1162 με
708 1125 923 1162 Πατὴρ,ὲλκύσῃ

126 1171 218 1198 αὐτόν.
246 1181 255 1197 ι
281 1173 418 1204 Ὡσαύτως
445 1173 473 1199 δὲ
495 1172 569 1199 ἐστιν
586 1172 702 1199 ἀκοῦσαι
728 1172 775 1198 καὶ
796 1171 844 1198 τὸν
858 1171 922 1198 Υἱὸν

125 1215 271 1248 δοξάζοντα
287 1217 333 1244 τὸν
354 1217 476 1253 Πατέρα,
492 1218 563 1244 κατὰ
578 1217 608 1244 τὸ
624 1217 829 1244 ἀποκαλύπτειν
841 1216 921 1242 αὐτὸν

125 1264 183 1295 τοῖς
199 1264 248 1290 οὐκ
263 1264 346 1291 εἰδόσι
366 1265 442 1291 Θεόν.
461 1264 540 1291 Κατὰ
556 1264 651 1291 τοῦτον
661 1264 706 1291 τὸν
715 1264 815 1300 τρόπον
831 1263 878 1290 καὶ
891 1262 922 1289 τὸ

128 1309 239 1345 Πνεῦμα
255 1310 285 1336 τὸ
302 1310 378 1345 ᾶγιον
402 1310 509 1345 λέγεται
534 1310 654 1343 δοξάζειν
677 1309 722 1337 τὸν
734 1309 808 1342 Υἰὸν,
826 1309 855 1336 ἐν
881 1308 922 1344 τῷ

126 1354 330 1382 ἀποκαλύπτειν
347 1356 429 1382 αὐτὸν
443 1357 499 1387 τοῖς
515 1355 668 1390 ἀγνοοῦσιν.
686 1355 717 1381 Εἰ
728 1355 757 1381 δὲ
770 1355 816 1381 καὶ
827 1353 923 1381 ενταῦ-

128 1399 162 1426 θα
186 1399 430 1436 ἀνθρωπινώτερον
447 1400 605 1435 φθέγγεται,
633 1400 671 1436 μὴ
697 1399 853 1435 θαυμάσῃς·
867 1399 922 1426 τῶν

127 1454 157 1472 τε
176 1446 231 1481 γὰρ
254 1447 406 1483 εἰρημένων
431 1447 526 1474 αἰτιῶν
545 1447 638 1473 ἕνεκεν
659 1445 741 1472 τοῦτο
765 1446 847 1477 ποιεῖ,
877 1445 922 1471 καὶ

122 1486 330 1527 ’φυλαττόμενος
356 1493 400 1520 ἀεὶ
414 1493 444 1519 τὺ
461 1493 527 1520 αὺτδ
556 1493 620 1527 περὶ
638 1491 722 1518 αὑτοῦ
749 1491 838 1525 λέγειν
852 1491 924 1526 μέγα

1356 858 1392 886 Χ.

1008 903 1084 932 CAP.
1099 903 1179 937 XVII,
1195 911 1258 932 vers
1270 904 1298 932 2.
1310 904 1436 939 Gloriﬁca
1450 904 1549 932 Filium
1560 911 1644 939 tuum,
1662 912 1690 934 ut
1705 913 1730 935 ει

1195 939 1284 967 Filius
1300 945 1360 967 tuus
1376 941 1501 976 glori/inet
1517 946 1551 968 le.

1007 985 1064 1013 lloe
1096 985 1268 1014 ait:Revela
1307 994 1350 1014 me
1382 987 1577 1020 ignorantibus,
1603 993 1693 1015 notam
1725 988 1767 1016 fac

972 1032 1085 1067 gloriam
1115 1039 1203 1060 meam
1222 1040 1303 1067 quam
1329 1037 1390 1060 ate
1412 1033 1509 1065 habeo,
1537 1039 1671 1068 quatenus
1697 1034 1768 1062 Deus

974 1078 1090 1106 Verbum
1105 1086 1175 1106 sum.
1191 1087 1202 1105 ι
1217 1077 1303 1106 Nemo
1316 1087 1325 1104 ι
1341 1078 1425 1111 enimI
1441 1079 1537 1114 inquit,
1552 1089 1561 1104 ι
1574 1084 1660 1114 potest
1676 1080 1769 1108 venire

976 1125 1009 1152 ad
1027 1132 1081 1158 me,
1094 1125 1146 1152 nisi
1160 1125 1205 1160 qui
1218 1124 1290 1159 misit
1307 1131 1349 1152 me
1363 1124 1442 1151 Pater
1458 1126 1572 1152 traxerit
1587 1134 1647 1153 eum
1660 1126 1709 1153 ³⁸.»
1726 1125 1768 1153 Si-

973 1170 1072 1198 militer
1083 1170 1178 1198 audire
1193 1175 1235 1198 est
1250 1169 1347 1198 Filium
1365 1170 1438 1198 Patri
1457 1171 1569 1206 gloriam
1588 1171 1763 1204 tribuentem,

973 1217 1036 1244 dum
1050 1224 1111 1243 eum
1128 1216 1231 1244 revelat
1244 1216 1297 1244 illis
1309 1217 1355 1251 qui
1368 1215 1452 1243 Deum
1465 1217 1636 1251 ignorabant.
1654 1216 1709 1244 Hae
1723 1225 1768 1244 ea-

973 1263 1033 1290 dem
1051 1263 1156 1290 ratione
1173 1267 1285 1290 sanctus
1302 1270 1410 1298 quoque
1425 1262 1542 1298 Spiritus
1557 1263 1654 1290 dicitur
1671 1263 1768 1290 Filium

972 1309 1142 1344 gloriﬁcare.
1167 1316 1230 1337 eum
1265 1309 1371 1337 scilicet
1396 1309 1586 1344 ignorantibus
1614 1300 1767 1337 revelando'.

973 1355 1049 1388 Quod
1068 1355 1091 1382 si
1116 1355 1167 1383 hoc
1182 1362 1293 1390 quoque
1306 1355 1365 1382 loco
1381 1355 1460 1390 paulo
1477 1355 1624 1382 humanius
1639 1355 1768 1390 loquitur,

973 1408 1008 1428 ne
1040 1401 1167 1434 mireris;
1194 1401 1230 1428 ita
1259 1402 1329 1428 enim
1352 1400 1496 1435 praedictas
1522 1401 1556 1428 ob
1577 1408 1674 1428 causas
1697 1401 1769 1436 agit,

973 1452 1134 1479 semperque
1149 1452 1248 1473 cavens
1263 1453 1296 1473 ne
1317 1445 1442 1472 videatur
1455 1445 1489 1473 de.
1503 1453 1533 1473 se
1549 1445 1607 1480 ipso
1626 1447 1769 1481 Inagnitlce

974 1490 1057 1525 loqui.
1075 1490 1162 1519 Verba
1175 1496 1263 1519 autem
1280 1501 1287 1519 :
1309 1500 1318 1517 ι
1335 1490 1399 1519 Haec
1420 1496 1462 1519 est
1477 1492 1530 1519 vita
1549 1497 1651 1520 attenta
1674 1497 1701 1519 ut
1724 1500 1770 1519 co-

130 1537 194 1573 περῖ
209 1538 291 1564 αὑτοῦ
308 1537 490 1573 φαντάζεσθαι
502 1538 580 1569 τέως,
597 1537 689 1572 (Αὕτη
705 1537 734 1563 δέ
746 1537 820 1563 ἐστιν
830 1538 847 1572 ὴ
860 1536 920 1564 αἰώ-

979 1541 1106 1572 gnoscant
1130 1543 1155 1564 te
1172 1538 1258 1565 solum
1288 1545 1379 1564 verum
1406 1536 1502 1570 Deum,
1517 1547 1526 1563 ι
1544 1539 1582 1564 ait
1600 1542 1629 1565 ut
1652 1546 1665 1564 a
1691 1538 1770 1574 vulgo

130 1589 185 1614 νιος
200 1582 267 1618 ζωὴ,
278 1583 320 1610 ἵνα
332 1582 488 1617 γινώσκωσι
500 1592 530 1610 σε
542 1584 588 1610 τὸν
601 1583 680 1618 μόνον
694 1582 819 1618 ἀληθινὸν
827 1582 919 1609 Θεὸν-ι

130 1628 200 1664 πρὸς
218 1629 421 1665 ἀντιδιαστολὴν
449 1630 504 1657 τῶν
519 1630 673 1666 λεγομένων
688 1629 756 1656 θεῶν
770 1637 846 1665 φησι·
876 1629 923 1656 καὶ

131 1674 187 1710 γὰρ
200 1675 240 1706 εἰς
251 1675 285 1701 τὰ
302 1675 365 1711 έθνη
382 1676 481 1708 αὐτοὺς
495 1675 614 1711 πέμπειν
632 1674 743 1710 ἔμελλεν
757 1673 791 1701 τὰ
808 1674 923 1706 πολλοὺς

130 1720 208 1753 θεοὺς
223 1720 329 1756 ἔχοντα.
347 1722 379 1748 Ei
394 1721 421 1748 δὲ
433 1722 482 1748 οὐκ
499 1721 638 1754 ἀνέξονται
650 1720 693 1748 διὰ
709 1721 749 1753 τὸ,
769 1730 778 1746 ι
803 1720 895 1756 μόνον,
910 1729 919 1746 ι

129 1766 188 1793 ἀλλ’
206 1767 358 1795 ἐκϐάλωσιν
386 1768 434 1795 τοῦ
463 1766 531 1796 εἶναι
558 1767 684 1804 ἀληθινὸν
701 1766 767 1794 Θεὸν
787 1766 834 1793 τὸν
849 1765 923 1799 Υἰδν,

129 1812 200 1839 οὕτω
217 1814 368 1848 προῖόντες,
383 1815 430 1841 καὶ
443 1814 490 1841 τοῦ
503 1812 573 1841 εἴναι
589 1813 656 1841 Θεοῦ
674 1813 738 1840 Υἰὺν
753 1811 923 1840 ἐκϐαλοῦσιν.

129 1858 215 1885 Τοῦτο
229 1860 257 1885 δὲ
272 1860 370 1887 εἰδέναι
381 1861 445 1896 χρὴ,
463 1861 503 1888 ὅτι
518 1861 548 1888 τὸ
558 1860 644 1888 αἴτιον
661 1860 721 1886 ἀντὶ
737 1859 784 1886 τοῦ
802 1858 925 1886 αἰτιατοῦ

130 1913 208 1941 φησι·
225 1906 256 1932 τὸ
273 1907 328 1942 γὰρ
343 1907 442 1934 εἰδέναι
452 1907 498 1934 τὸν
512 1907 649 1943 ἀληθινὸν,
663 1905 788 1942 προξενεῖ
800 1907 865 1942 ἡμῖν
875 1905 925 1942 τὴν

130 1951 239 1979 αἰώνιον
255 1952 337 1988 ζωήν.

166 2009 190 2025 ⁸³
209 2010 293 2038 Hebr.
309 2018 338 2042 ιι,
353 2012 379 2038 9.
418 2011 440 2027 "
457 2010 522 2038 Luc.
540 2017 609 2042 nu,
623 2009 671 2037 27.
705 2009 727 2025 ⁸ο
739 2007 816 2036 Joan.
828 2008 921 2041 ν1,4ὧι

166 2068 223 2104 (i3)
239 2067 276 2094 Ita
291 2069 395 2104 scilicet
415 2068 554 2103 Didymus,
570 2068 670 2103 aliique
693 2067 804 2104 plures,_
823 2073 918 2104 nempe

131 2102 203 2138 quod
214 2102 309 2138 'major
324 2106 359 2131 sit
374 2103 454 2130 Pater
466 2102 544 2133 Filio.
561 2102 652 2130 habita
668 2103 773 2130 ratione
798 2102 921 2138 humani-

131 2136 204 2167 tatis.
229 2136 356 2165 Attamen
390 2139 575 2166 Nazianzt‘nus
606 2138 632 2164 in
667 2137 788 2164 oratione
814 2136 920 2168 xxx,7,

131 2181 196 2202 vere
209 2174 294 2208 magis
306 2182 386 2209 quam
407 2174 556 2201 honoritiee
572 2173 624 2200 diei
638 2173 686 2200 ait.
698 2169 782 2204 «Quid
790 2171 865 2198 enim
875 2173 923 2199 mi-

977 1582 1060 1609 dictis
1073 1583 1125 1610 diis
1141 1583 1299 1618 distinguat.
1319 1582 1387 1609 Nam
1403 1584 1535 1611 missurus
1550 1588 1610 1611 erat
1623 1583 1770 1618 discipulos

977 1627 1010 1654 ad
1026 1632 1119 1663 gentes
1134 1635 1194 1663 quze
1220 1629 1308 1663 plures
1328 1629 1392 1656 deos
1405 1628 1549 1655 habebant.
1564 1629 1599 1654 At
1615 1628 1638 1655 si
1654 1628 1770 1664 (Ariani)

977 1680 1087 1708 propter
1107 1675 1264 1702 vocabulum
1284 1684 1298 1701 ιν
1310 1675 1397 1702 solum
1412 1684 1422 1701 ι
1438 1683 1548 1703 sensum
1571 1676 1641 1703 hunc
1664 1684 1715 1703 non
1734 1681 1771 1702 to-

976 1719 1074 1752 lerant,
1099 1727 1252 1756 negantque
1267 1720 1365 1748 Filium
1387 1728 1449 1748 esse
1470 1728 1562 1748 verum
1586 1722 1680 1753 Deum,
1701 1722 1770 1749 ultra

975 1773 1057 1800 porro
1075 1771 1198 1802 pergent,
1210 1771 1236 1793 et
1251 1766 1349 1794 Filium
1363 1774 1471 1802 quoque
1486 1766 1533 1796 Dei
1547 1774 1608 1794 esse
1623 1770 1769 1804 (negabunt.

977 1812 1122 1840 Seiendmn
1137 1819 1217 1847 porro
1233 1817 1273 1840 est
1294 1820 1403 1840 causam
1432 1820 1481 1848 pro
1505 1821 1533 1840 re
1556 1818 1665 1840 causata
1682 1814 1715 1840 ab
1738 1822 1771 1841 eo

978 1857 1042 1885 dici.
1071 1857 1152 1885 Certe
1176 1856 1260 1884 Deum
1285 1865 1378 1885 verum
1410 1864 1567 1892 agnoscere,
1589 1859 1671 1886 vitam
1693 1859 1770 1886 nobis

978 1908 1108 1931 eternam
1123 1903 1263 1930 conciliat.

974 2072 1046 2098 rum,
1068 2065 1166 2099 inquit,
1189 2064 1272 2091 Deum
1300 2064 1412 2091 immitto
1428 2070 1489 2091 esse
1507 2061 1770 2099 maioreininltaqne

973 2097 1190 2163 ipsealioinodo
1207 2099 1375 2127 Dominicum
1395 2098 1531 2134 explanat,
1552 2097 1586 2124 ut
1612 2097 1701 2124 \‘idcru
1728 2103 1770 2124 est

985 2144 1026 2163 oe.
1043 2141 1090 2163 ett.

985 2144 1026 2163 00-
1043 2143 1090 2163 Cll.

141 2249 920 2266 Μ

979 2246 1763 2260 _____________,_____.______..__.===

779 2331 1142 2377 FRAGMENTA

487 2431 534 2459 EX
554 2429 676 2459 DIDYMI
695 2429 926 2458 EXPOSITIONE
945 2430 979 2458 IN
999 2430 1114 2459 ACTUS
1132 2430 1404 2460 APOSTOLORUM.

203 2512 311 2550 (κνοω,
323 2513 473 2545 Anecdota,
488 2515 508 2538 t.
521 2509 567 2544 ιν,
582 2518 610 2544 p.
627 2517 647 2542 I,
657 2517 689 2536 ex
703 2508 802 2555 Caleno
822 2509 1109 2581 mtsédirczeAlevilmam
1125 2516 1208 2538 servat
1223 2511 1375 2539 bibliotheca
1386 2510 1498 2546 _collegii
1511 2510 1579 2538 Novi
1596 2511 1696 2544 01:011.,

166 2688 246 2725 ΚῈΦ.
263 2695 302 2722 B'.
320 2695 366 2723 Στ.
384 2697 415 2722 ε’.
430 2692 533 2722 Ἦσαν
547 2693 581 2720 δὲ
595 2692 806 2725 κατοικοῦντες
819 2692 854 2719 ἐν
871 2692 920 2719 Ἰε-

1009 2692 1084 2720 CAP.
1101 2691 1133 2724 ιι,
1148 2699 1218 2720 vers.
1231 2691 1259 2719 5.
1276 2690 1359 2718 Erant
1372 2698 1434 2718 vero
1445 2690 1591 2718 habitantes
1607 2689 1732 2718 Hierom-

447 2728 621 2765 ρουσαλήμ.
822 2759 825 2761 ,

165 2777 304 2814 Διδύμου.
322 2777 360 2814 (1)
382 2777 430 2810 Τὸ,
464 2776 524 2804 ἀπὸ
549 2775 663 2808 παντὸς
683 2775 801 2808 ἔθνους,
822 2773 924 2802 ἀπλού-

1327 2727 1416 2753 tumis.

1327 2735 1334 2752 ι
1354 2735 1416 2753 mli.

1013 2773 1130 2809 Didymi.
1153 2772 1251 2805 Voces,
1266 2780 1305 2806 ex
1327 2735 1398 2800 οῗηηὶ
1412 2776 1497 2807 gente,
1514 2771 1594 2800 latius
1614 2777 1675 2800 sunt
1695 2773 1767 2801 acci-

166 2848 206 2886 (i)
222 2848 290 2877 Sunt
307 2848 364 2877 haec
392 2846 486 2884 procul
509 2846 592 2875 dubio
616 2850 688 2874 nota:
705 2844 812 2881 Didymi
833 2843 1022 2878 Alexandrini,
1038 2852 1072 2872 ex
1100 2843 1179 2881 cujus
1192 2844 1342 2873 innumeris
1364 2843 1472 2880 scriptis
1499 2851 1634 2881 perpauca
1648 2851 1765 2880 opuscu-
