1913 3071
163 131 233 162 1659

798 138 915 168 DIDYMI
936 140 1168 168 ALEXANDRINI

1731 142 1797 172 l660

167 194 347 222 l’rwuidebnm
364 195 502 222 Dominum
519 205 534 223 It
550 197 649 225 dextris
666 200 730 226 meis
744 200 775 226 ⁸³.
795 201 888 236 Itaque
905 202 952 230 alio

1011 205 1120 238 Κύριον
1131 205 1164 231 ἐκ
1176 203 1282 236 δεξιῶν
1295 212 1364 238 μου.
1382 204 1462 231 Ὅθεν
1480 204 1610 240 ἑτέρωςῆ
1627 203 1697 231 κατὰ
1718 204 1797 232 τόπον

165 241 254 272 ιιιοιιο,
273 248 354 275 quant
373 241 462 274 locali,
481 244 652 270 statuendum
668 249 721 275 est,
739 244 877 273 Christum
893 255 954 275 esse

165 294 179 313 a
196 287 298 314 dextris
313 286 412 319 Patris,
425 293 470 314 attt
489 288 596 316 Patrum
611 298 625 316 ιι
639 291 744 319 dextris
760 292 831 321 Filii.
852 293 952 321 Eodem

164 335 245 360 modo
269 333 430 367 capiendum
447 339 489 360 est
506 335 582 368 illttd,
603 335 658 371 Ego
684 346 740 364 sum
764 339 790 366 in
811 338 904 371 Patre,
930 345 954 367 et

166 378 246 404 Pater
259 384 295 405 est
321 379 347 406 in
371 388 410 406 me
423 379 454 406 “.
480 380 512 408 Et
531 381 593 409 illud
611 390 729 418 quoque,
747 384 793 411 -Ει
813 393 876 412 caro
896 394 954 414 mea

163 424 290 452 habitabit
308 425 335 452 in
351 434 394 460 spe
406 426 441 452 ’⁸.
452 426 531 454 Jesns
550 429 633 461 enim,
648 429 672 456 in
687 436 818 464 quantum
838 437 953 459 mortem

162 471 254 504 subiit,
269 479 390 507 carnem,
413 481 494 509 quam
513 474 608 502 salutis
623 481 721 503 nostra:
741 484 822 504 causa
847 486 954 505 assum-

162 522 263 550 pserat,
279 519 412 553 deposuit,
432 525 460 547 ut
476 528 535 547 eam
558 522 638 549 tertia
654 523 696 550 die
711 531 744 550 ex
763 528 849 551 morte
863 532 953 552 resus-

161 563 267 590 citaret.
295 564 343 592 llic
366 571 477 593 carnem
504 574 579 594 suam
605 567 630 594 in
657 576 705 603 spe
741 570 779 596 ait
805 570 952 601 habitasse,

162 612 255 642 procul
275 611 358 639 dubio
369 613 404 639 ob
424 618 558 647 speratam
583 613 641 648 ejus
664 617 902 644 resurrectionem.
924 615 952 644 Si

162 656 224 691 quis
239 664 303 685 vero
330 658 355 684 id
379 666 469 692 omne,
489 664 617 694 tanquam
631 661 681 688 sub
697 670 814 695 persona
833 663 952 696 Davidis,

161 702 215 729 dici
240 703 377 736 opinetur,
398 704 419 730 is
436 705 542 731 desinat
564 713 594 733 se
607 707 749 738 sementim
767 709 952 736 cordatiornnt

161 747 194 773 de
210 749 409 775 resurrectione
426 756 574 783 opponere.
597 750 728 784 Quamvis
751 752 822 780 enim
848 753 874 780 lti
892 754 953 788 qui-

161 793 223 820 dem
240 794 426 822 demonstrare
437 796 471 821 ad
483 796 589 823 oculum
607 805 658 823 non
675 798 789 831 possint,
806 799 877 834 quod
891 807 951 827 cre-

162 840 237 872 dunt,
264 840 306 874 pie
328 846 416 868 tatnen
444 846 537 876 agunt,
569 842 703 875 dicentes,
729 851 840 871 carnem
862 853 953 872 resur-

164 884 277 916 rexisse,
295 890 324 912 ιιι
347 886 486 920 spirituale
501 891 528 913 et
545 887 750 922 incorruptibile
771 897 869 924 corpus
889 898 952 917 eva-
969 881 989 908 Β

162 930 249 957 deret.
275 930 351 957 Sicut
375 932 447 958 enim
472 937 594 960 mortuus
613 941 759 970 resurgens
777 942 838 970 post
859 945 951 964 resur-

161 976 311 1003 rectionem
328 977 403 1011 vivit,
422 986 471 1005 nec
487 978 602 1013 ampl‘us
618 985 742 1008 mortuus
756 987 813 1013 est;
831 983 867 1009 ita
888 990 953 1010 caro

162 1023 323 1049 resnscitata
354 1028 415 1058 post
440 1026 666 1053 resurrectionem
689 1027 833 1061 spirituale
860 1034 949 1056 estet

163 1068 369 1105 incorruptibilc
385 1079 495 1106 corpus.
717 1096 721 1100 .

216 1114 293 1143 Vers.
307 1116 351 1143 5|.
368 1116 458 1152 Neth
471 1126 532 1145 caro
545 1118 602 1153 ejus
618 1119 681 1146 vidit
693 1121 896 1154 corruptionem.

195 1161 310 1189 Carnem
327 1162 389 1190 Jesu
403 1164 601 1198 corruptimtem
615 1172 668 1191 non
685 1165 796 1198 vidisse,
818 1173 870 1193 non
883 1167 953 1194 idem

159 1211 212 1238 est,
225 1211 306 1241 atque
317 1215 368 1234 non
381 1214 440 1234 esse
453 1213 585 1235 mortuam
603 1209 722 1243 (mortua
733 1209 804 1235 enim
818 1213 869 1240 est,
885 1214 911 1236 et
927 1210 954 1236 in

159 1251 313 1286 sepulcrum
330 1252 478 1288 reposita),
504 1255 551 1280 sed
581 1253 664 1288 idem
687 1254 776 1288 potius
799 1259 850 1287 est,
872 1255 954 1290 quod,

161 1307 213 1326 non
234 1299 377 1333 corrumpi.
393 1298 485 1326 Tertia
501 1300 572 1326 enim
601 1300 644 1327 die
661 1300 820 1327 resurrexit.
836 1299 874 1327 lta
883 1301 955 1327 enim

161 1345 203 1372 l'as
221 1351 290 1376 erat,
303 1345 360 1372 lieri
377 1346 612 1373 resurrectionem.
631 1345 660 1373 Si
678 1346 750 1373 enim
776 1354 840 1374 caro
852 1346 911 1382 ejus
922 1347 956 1374 ad

163 1395 332 1418 mortuorum
347 1391 500 1424 exemplum
520 1397 646 1426 corrupta
662 1391 768 1424 iuissel,
785 1397 845 1427 post
865 1400 956 1420 resur-

162 1436 309 1464 rcclionem
338 1438 499 1472 pra-bnisset
526 1439 697 1466 occasionem
722 1439 874 1471 dubitandi,
892 1447 956 1466 tntm

161 1483 232 1509 idem
249 1488 321 1510 esset
342 1482 403 1511 Jcsn
424 1491 522 1519 corpus
546 1489 605 1519 post
623 1485 861 1512 resurrectionem.
883 1485 957 1512 Prae-

162 1533 236 1556 terea
254 1536 318 1555 vero
331 1530 393 1556 bine
402 1531 482 1557 etiam
496 1535 717 1565 consequeretur,
732 1539 785 1558 non
803 1532 884 1559 tertia
897 1532 951 1565 die,
968 1550 989 1579 ο

162 1575 210 1601 sed
229 1580 290 1609 post
306 1583 365 1602 eant
383 1578 480 1603 lactant
499 1584 560 1604 esse
573 1577 809 1604 resurrectionem.
826 1577 861 1604 Ut
872 1578 954 1612 igitur

161 1621 250 1648 omnis
265 1621 398 1649 ltzusilatio
416 1622 652 1656 prazscinderetnr,
669 1627 728 1657 post
743 1624 879 1656 triduum,
895 1624 954 1651 sine

162 1666 231 1694 facta
249 1667 434 1702 corruptione,
460 1667 619 1699 resurrexit,
636 1673 663 1694 et
685 1668 711 1694 itt
726 1668 880 1702 sepulcrum
903 1676 953 1695 n0-

160 1713 268 1743 \'um",
287 1713 313 1738 in
330 1721 383 1746 ιμιι)
409 1713 497 1739 nullus
512 1718 592 1739 antea
609 1714 765 1741 reconditus
781 1716 850 1746 erat,
872 1715 955 1749 depo-

161 1759 230 1785 situs
245 1759 305 1791 fuit,
326 1766 358 1786 ne
379 1759 448 1786 alus
471 1759 529 1787 loco
552 1759 610 1793 ejus
626 1760 810 1788 rcsurrexisse
830 1762 955 1788 credere-

163 1809 217 1832 lnr.

253 1850 334 1878 Ἶρι-ε.
351 1852 396 1879 58.
413 1851 445 1878 Et
461 1853 606 1886 baptizatur
620 1853 728 1888 quisque
741 1860 863 1880 vestrum.

197 1897 264 1925 Cum
283 1898 410 1926 Sub/ator
429 1899 577 1933 pra-cipiat,
606 1905 635 1926 nt.
660 1900 757 1927 initiati
780 1900 953 1934 baptizentur

163 1944 188 1971 in
203 1944 310 1970 nomine
327 1944 413 1970 Patris
429 1949 456 1971 et
482 1944 541 1972 Filii
569 1950 595 1972 et
623 1944 741 1980 Spiritus
765 1945 864 1977 sancti,
890 1952 953 1971 tton-

164 1991 240 2023 nulli,
264 1991 289 2017 in
309 1991 477 2024 Seriptnram
502 1992 689 2026 imprudenter
710 1997 876 2026 grassantes,
903 1990 954 2018 Pe-

162 2042 288 2072 trumque
312 2038 453 2065 audientes
479 2039 628 2070 adhortari,
658 2043 687 2065 ut
715 2039 900 2073 unusquisque
926 2039 951 2065 in

164 2084 273 2111 nomine
299 2083 397 2110 Chriin
419 2084 580 2117 b'aptitetnr,
607 2092 687 2111 unant
715 2084 951 2118 compellationem

164 2131 241 2157 trium
258 2130 301 2156 isti
327 2131 486 2164 a-quiralere
511 2131 697 2164 crediderunt.
714 2131 825 2157 Sabellii
849 2131 953 2158 scilicet.

163 2177 257 2204 lnrresi
277 2176 377 2205 utier-ti.
395 2177 513 2204 Ecclesia
532 2185 606 2208 vero,
620 2177 817 2204 sanctiSsimam
832 2176 952 2203 Trinita-

1006 250 1155 286 ὲκληπτέον
1170 250 1216 277 τὸν
1235 251 1297 277 Υἱὺν
1312 250 1398 282 δεξιὸν
1412 250 1458 276 τοῦ
1472 250 1588 286 Πατρὺς,
1604 251 1650 277 καὶ
1661 250 1706 277 τὸν
1714 251 1797 278 Πατέ-

1008 305 1041 332 ρα
1055 296 1102 323 τοῦ
1116 296 1192 323 Υἰοῦ.
1218 295 1311 327 Οὕτως
1331 295 1370 327 τὸ,
1391 294 1465 329 Ἐγὼ
1481 295 1515 321 ἐν
1542 294 1582 327 τῷ
1598 295 1700 329 Harp),
1713 295 1763 322 καὶ
1781 297 1797 322 ὁ

1006 342 1107 376 Πατὴρ
1126 342 1161 368 ὲν
1174 342 1240 377 ἐμοί
1252 342 1348 368 ἐστιν·
1375 339 1416 366 ἔτι
1427 341 1465 373 δὲ,
1478 341 1531 368 Καὶ
1550 341 1569 374 ἠ
1585 340 1663 375 σάρξ
1674 350 1734 376 μου
1748 349 1796 368 κα-

1005 387 1194 422 τασκηνώσει
1209 388 1255 414 ἐπ’
1266 387 1378 415 ἑλπίδι.
1399 387 1475 414 Ἐπεὶ
1496 387 1610 423 Ἰησοῦς,
1622 387 1689 414 καθὸ
1707 387 1795 414 ἀνεδέ-

1006 434 1070 468 ξατο
1083 434 1205 467 θάνατον,
1218 434 1342 467 ἀπέθετο,
1356 434 1389 469 ἢν
1404 433 1464 461 κατ’
1475 433 1629 469 οἰκονομίαν
1643 434 1721 460 ἔλασε
1733 434 1797 469 σάρ-

1005 489 1052 514 κα,
1071 481 1118 507 ἐπὶ
1134 480 1174 516 τῷ
1186 480 1267 507 πάλιν
1280 479 1336 516 (12)
1353 480 1504 515 ἀναστῆσαι
1522 479 1606 515 αὐτὴν
1619 479 1672 506 ἀπὸ
1686 480 1732 506 τοῦ
1751 480 1796 506 θαί-

1004 526 1086 554 νάτου
1105 528 1141 562 τῇ
1161 527 1242 563 τρίτῃ
1257 527 1359 562 ἡμέρᾳθ
1384 526 1496 557 εἰκότως
1511 526 1561 561 τὴν
1584 526 1673 561 σάρκα
1697 526 1796 561 ταύτην

1004 570 1087 599 οὖσαν
1110 572 1216 605 ἑαυτοῦ,
1237 573 1280 598 ἐπ’
1294 572 1380 599 ἐλπίδι
1401 571 1639 607 κατεσκηνωκέναι
1663 572 1739 608 φησὶ,
1753 572 1796 598 διὰ

1004 619 1054 655 τὴν
1069 619 1231 654 προσδοκίαν
1246 619 1295 654 τῆς
1311 618 1494 649 ἀναστάσεως.
1522 618 1553 644 Εἰ
1567 617 1596 644 δέ
1610 626 1652 650 τις
1669 618 1700 645 ὲκ
1716 627 1797 653 προσ-

1004 665 1079 692 ώπου
1096 665 1178 693 Δαόὶδ
1188 665 1312 701 εἰρῆσθαι
1322 664 1388 692 αὐτὸ
1402 664 1577 699 ἐκλαμϐάνει,
1591 664 1739 691 παυσάσθω
1752 673 1799 691 κα-

1003 713 1142 749 τατρέχων
1155 713 1205 747 τῆς
1219 712 1283 748 περὶ
1298 712 1472 743 ἀναστάσεως
1486 711 1565 747 δόξης
1579 711 1634 738 τῶν
1649 711 1796 739 ἁπλουστέὲ

1005 767 1069 794 ρων.
1087 759 1117 784 El
1129 758 1182 794 γὰρ
1194 758 1241 785 καὶ
1258 758 1295 793 μὴ
1309 755 1360 784 οἶοί
1378 757 1407 784 τὲ
1421 759 1487 784 εἰσιν
1504 757 1687 793 παρίστασθαι
1700 757 1715 784 ὅ
1733 766 1795 793 φρο-

1004 805 1104 837 νοῦσιν,
1119 805 1176 831 ἀλλ’
1189 803 1236 831 οὖν
1250 805 1371 837 εὐσεϐῶς
1389 805 1550 836 διάκεινται,
1574 804 1724 838 φάσκοντες
1749 803 1804 839 τὴν

1005 850 1095 887 σάρκα
1108 850 1267 877 ἀνίστασθαι
1290 850 1336 876 ἐπὶ
1350 850 1380 876 τὸ
1404 847 1473 876 εἶναι
1497 849 1633 886 ἄφθαρτον
1653 849 1698 876 καὶ
1716 858 1797 876 πνευ-

1005 896 1119 932 ματικδν
1137 896 1226 932 σῶμα.
1250 897 1294 928 Ὡς
1315 896 1370 932 γὰρ
1386 897 1400 923 ὁ
1416 896 1589 931 ἐγειρόμενος
1600 895 1706 930 νεκρὸς,
1729 896 1798 930 μετὰ

1003 942 1151 968 ἀνάστασιν
1168 941 1222 973 ζῶν
1245 942 1291 968 καὶ
1304 941 1334 967 οὐ
1359 941 1455 976 νεκρός
1473 942 1557 967 ἐστιν·
1570 941 1656 972 οὕτως
1667 941 1684 976 ἡ
1697 942 1799 976 ἐγειρο-

1005 985 1073 1020 μένη
1086 984 1163 1020 σὰρξ,
1182 986 1250 1020 μετὰ
1258 985 1306 1021 τὴν
1323 984 1432 1021 ἔγερσιν
1445 985 1629 1021 πνευματικὸν
1638 985 1685 1012 καὶ
1695 985 1799 1021 ἄφθαρ-

1003 1040 1050 1058 τον
1063 1031 1143 1067 σῶμά
1157 1032 1240 1058 ἐστιν.

1041 1117 1086 1143 Στ.
1113 1117 1163 1144 λα’.
1187 1116 1264 1144 Οὐδὲ
1289 1117 1308 1151 ἡ
1334 1117 1412 1152 σὰρξ
1436 1117 1530 1144 αὑτοῦ
1545 1116 1605 1145 εἶδε
1624 1117 1798 1153 διαφθοράνι

1041 1163 1078 1194 Τὸ
1093 1163 1129 1198 μὴ
1142 1163 1205 1190 ἰδεῖν
1219 1163 1267 1198 τὴν
1282 1164 1372 1199 σάρκα
1397 1163 1484 1198 Ἰησοῦ
1504 1163 1662 1199 διαφθορὰν,
1676 1164 1752 1199 δηλοῖ
1769 1164 1800 1190 οὗ

1005 1209 1035 1235 τὸ
1052 1209 1089 1244 μὴ
1104 1209 1230 1235 τεθνάναι
1244 1209 1367 1243 (τέθνηκε
1379 1209 1442 1244 γὰρ,
1458 1209 1506 1235 καὶ
1519 1210 1547 1236 ἐν
1568 1210 1689 1245 μνήματι
1697 1209 1803 1245 ἐτέθη),

1005 1255 1074 1281 ἀλλὰ
1093 1255 1132 1287 τὸ,
1144 1255 1187 1289 μὴ
1202 1255 1408 1283 διαλελύσθαι.
1421 1255 1507 1291 Τρίτῃ
1516 1255 1570 1291 γὰρ
1582 1255 1674 1291 ἡμέρᾳ
1687 1255 1798 1289 ἀνέστη.

1008 1300 1131 1336 Ἔπρεπε
1151 1301 1204 1335 γὰρ
1219 1300 1290 1327 οὕτω
1313 1300 1363 1335 τὴν
1386 1301 1531 1327 ἀνάστασιν
1544 1300 1680 1334 γενέσθαι.
1701 1301 1801 1336 Είγὰρ

1006 1344 1069 1381 ἦνῆ
1086 1346 1155 1382 σὰρξ
1176 1346 1259 1373 αὐτοῦ
1277 1346 1434 1373 διαλυθεῖσα
1454 1347 1524 1373 κατὰ
1538 1347 1601 1378 τοὺς
1611 1347 1734 1382 νεκροὺς,
1757 1346 1799 1373 δι-

1008 1392 1129 1428 σταγμὸν
1156 1392 1253 1428 ἔφερεν
1266 1393 1395 1424 ἀναστὰς,
1417 1392 1666 1428 ἀμφιδαλλομένου,
1685 1393 1709 1419 εἰ
1734 1392 1801 1419 αὐτὸ

1007 1438 1051 1474 εἴη
1070 1438 1101 1465 τὸ
1118 1438 1165 1465 τοῦ
1186 1438 1274 1474 Ἰησοῦ
1301 1438 1382 1473 σῶμα
1393 1439 1423 1464 τὸ
1441 1437 1570 1465 ἀναστάν.
1594 1437 1750 1464 Ἠκολούθει
1770 1437 1803 1464 δὲ

1007 1485 1054 1512 καὶ
1065 1484 1095 1511 τὸ
1116 1484 1152 1520 μὴ
1165 1485 1244 1520 τρίτῃ
1272 1484 1372 1520 ἡμέρᾳ,
1392 1484 1460 1511 ἀλλὰ
1486 1484 1525 1511 ἔτι
1544 1485 1602 1519 μετ’
1620 1484 1726 1519 ἐκείνην
1750 1483 1801 1519 τὴν

1008 1531 1154 1557 ἀνάστασιν
1172 1531 1323 1565 γεγονέναι.
1341 1531 1435 1562 Ὅπως
1464 1528 1511 1558 οὖν
1532 1531 1585 1562 πᾶς
1600 1531 1802 1567 περιελκυσμδς

1005 1577 1084 1614 λυθῇ,
1097 1578 1141 1604 καὶ
1155 1578 1305 1613 τριήμερος
1322 1577 1421 1612 ἀνέστη
1433 1577 1595 1613 ἀδιάφθορος
1608 1577 1647 1603 ἔτι
1656 1575 1733 1609 οὖσα,
1753 1578 1802 1604 καὶ

1005 1624 1034 1649 ὲν
1050 1624 1171 1659 μνήματι
1187 1622 1272 1658 καινῷ
1286 1622 1353 1658 (l3),
1379 1622 1444 1650 ἔνθα.
1458 1623 1544 1655 οὐδεὶς
1561 1624 1697 1659 πρότερον
1711 1624 1801 1650 τέθει-

1004 1676 1046 1701 το,
1060 1669 1159 1705 ἐτάφη,
1176 1669 1218 1697 ἵνα
1236 1669 1272 1705 μὴ
1289 1669 1430 1706 ὑποληφθῇ
1451 1670 1507 1706 (14)
1525 1669 1619 1706 ἕτερος
1633 1669 1690 1697 ἀνθ’
1704 1670 1805 1706 ἑτέρου

1005 1715 1165 1752 ὲγηγέρθαι.

1040 1854 1085 1882 Στ.
1101 1854 1152 1890 λη’.
1167 1853 1431 1887 Καίβαπτισθιξτω
1438 1853 1567 1887 ἕκαστος
1581 1853 1673 1889 ὑμῶν.

1040 1899 1094 1928 Τοῦ
1129 1901 1256 1937 Σωτῆρος
1296 1901 1496 1937 προστάξαντος
1526 1901 1589 1932 τοὺς
1620 1901 1801 1936 τετελειωμέὲ

1004 1954 1065 1977 νους
1085 1945 1141 1981 (15)
1169 1945 1347 1981 βαπτίζεσθαι
1375 1945 1415 1976 εἰς
1438 1945 1524 1981 δνομα
1541 1944 1647 1980 Πατρὺς
1671 1944 1719 1971 καὶ
1733 1944 1804 1971 Υίοΰ

1004 1991 1051 2018 καὶ
1066 1991 1143 2026 ἁγίου
1174 1990 1343 2026 Πνεύματος,
1360 1991 1390 2017 οὐ
1416 1990 1556 2026 φρονίμοις
1575 1991 1646 2022 τινὲς
1667 1990 1802 2024 ἐντυγχά-

1004 2046 1095 2070 νοντες
1107 2038 1163 2069 τοῖς
1178 2037 1392 2073 γεγραμμένοις,
1420 2037 1564 2069 ἀκούοντες
1576 2037 1624 2072 τῆς
1639 2036 1803 2072 προτροπῆς

1004 2084 1108 2120 Πέτρου
1132 2083 1328 2120 παραινοῦντος
1358 2083 1541 2118 βαπτισθῆναι
1569 2083 1684 2109 ἕκαστον
1713 2083 1742 2108 έν
1761 2082 1803 2117 τῷ

1003 2131 1115 2166 ὀνόματι
1141 2130 1188 2157 τοῦ
1217 2129 1347 2165 Χριστοῦ,
1370 2131 1470 2156 οἴονται
1489 2130 1544 2165 (16)
1571 2128 1729 2164 ἰσοδὺναμον
1750 2129 1802 2163 τὴν

1006 2176 1070 2211 μίαν
1089 2176 1148 2207 ταῖς
1172 2175 1247 2211 τρισὶ
1265 2175 1472 2210 προσηγορίαις,
1499 2173 1545 2201 τοῦ
1569 2168 1716 2200 Σαϐελλίου
1743 2173 1800 2208 (17)

164 2229 217 2250 tem
230 2223 420 2250 indirisibilctn
439 2228 465 2249 et
479 2223 684 2257 inseparabilem
699 2223 824 2254 credens,
841 2222 948 2249 Patrem

1011 2221 1153 2258 τρωθέντες
1163 2221 1269 2257 γνώμῃ.
1293 2221 1324 2247 Ἠ
1338 2221 1462 2256 μέντοιγε
1483 2219 1630 2255 Ἐκκλησία
1646 2219 1803 2255 ἀδιαίρετον

165 2268 237 2300 Filii,
257 2273 283 2294 et
304 2267 400 2294 Filiuttt
417 2267 515 2299 Patris,
534 2267 663 2302 Spiritum
679 2273 767 2294 autem
786 2273 910 2294 sanctum
924 2271 952 2293 et

164 2313 254 2341 Patris
270 2321 296 2341 ct
316 2314 375 2341 Filii
392 2322 453 2342 esse
470 2314 595 2341 atlirtnat.
609 2314 665 2347 Qua
683 2314 781 2341 unione
798 2314 836 2346 fit,
856 2318 894 2345 nt,
907 2313 952 2348 qtti

164 2360 320 2395 baptizatur
341 2361 368 2387 in
388 2369 484 2388 nomen
503 2361 615 2394 Christi,
637 2361 663 2388 in
685 2359 845 2386 Trinitatem
864 2359 951 2392 bapti—

165 2412 251 2438 zetur,
269 2415 318 2434 nec
339 2406 384 2433 Dei
408 2408 525 2434 essentia
542 2407 793 2440 circumscriptione
816 2411 842 2433 et
855 2406 952 2433 distin-

164 2451 256 2478 ctione
270 2452 407 2478 nominum
421 2451 507 2478 [‘atris
526 2457 553 2479 et
565 2451 625 2478 Filii
639 2455 791 2486 separetur.

201 2543 223 2559 ¹⁸
234 2543 306 2570 Psal.
321 2551 365 2576 xv,
376 2543 403 2571 8.
442 2543 462 2559 ’θ
482 2542 548 2570 Joau
573 2543 684 2576 xtv,10.
724 2545 747 2561 ²⁰
756 2544 826 2572 Psal.
841 2553 897 2579 ιιι-ι,
914 2545 941 2573 9.

200 2591 256 2623 (12)
274 2591 379 2618 Πάλιν.
399 2592 425 2618 ltt
443 2600 491 2618 tus.
509 2596 565 2618 erat
579 2592 673 2619 πάλαι.

214 2627 409 2663 15)Ρι·‹›κενῷ,
425 2630 494 2663 ιιιιοιι
512 2631 570 2653 erat
588 2628 613 2654 in
627 2635 674 2655 ms.
698 2627 792 2662 scripsi
808 2627 903 2663 καινῷ.
926 2651 945 2658 ι

215 2662 258 2699 μ)
291 2662 472 2697 Ύποληςρϐῇ.
491 2663 536 2699 S_ic
555 2663 651 2696 scripsi
668 2671 720 2699 pro
737 2662 899 2699 ὑπολειφθῇ.

203 2697 258 2731 (15)
276 2698 349 2731 Τοὺς
372 2697 592 2731 τε.1ειωθέντίις.
613 2698 728 2725 Verbum
755 2697 954 2725 ralstdtoelias

166 2733 321 2764 frequenter
336 2742 350 2760 ιι
367 2734 522 2760 doctoribus
541 2733 668 2761 Ecclesiae
680 2733 714 2760 de
729 2734 862 2768 baptismo
873 2741 952 2760 uSur-

166 2772 260 2802 patur;
276 2768 319 2794 bic
333 2776 398 2794 vero
417 2768 505 2802 potius
526 2768 620 2796 deillis
637 2768 744 2795 videtur
756 2769 827 2796 sumi
842 2769 951 2802 debere,

165 2802 211 2838 qui
223 2803 349 2838 dor-trina
367 2803 521 2830 Christiana
533 2804 599 2830 satis
616 2803 828 2838 suntjnstructi.

206 2836 261 2871 (ΝΗ
273 2837 400 2874 οἴονται.
414 2838 457 2865 Sic
473 2839 566 2871 scripsi
595 2846 643 2873 pro
665 2836 722 2864 οἷον
735 2839 794 2874 τήν,
811 2838 880 2874 quod
896 2844 955 2866 erat

168 2871 198 2901 in
212 2880 263 2900 Ius.
278 2873 424 2902 Guntcxtus
438 2874 509 2902 cuitu
525 2871 641 2909 alioquin
654 2871 767 2902 mutilus
777 2871 827 2903 est;
843 2873 897 2902 Nec
911 2881 955 2902 ar-

1007 2268 1054 2294 καὶ
1062 2268 1188 2302 ἄσχιστον
1207 2266 1305 2293 νοοῦσα
1319 2267 1367 2302 τὴν
1388 2266 1500 2302 Τριάδα,
1511 2265 1613 2292 τίθεται
1630 2266 1676 2292 τὸν
1689 2265 1803 2300 Πατέρα

1007 2313 1084 2345 Υίοῦ,
1098 2313 1144 2339 καὶ
1155 2313 1200 2338 τὸν
1211 2311 1275 2338 Υἰὸν
1289 2311 1395 2347 Πατρὺς
1410 2309 1489 2343 εἶναι,
1498 2311 1544 2337 καὶ
1555 2310 1584 2337 τὺ
1597 2310 1675 2345 ἅγιον
1685 2311 1802 2345 Πνεῦμα

1007 2359 1113 2395 Πατρὸς
1129 2359 1176 2386 καὶ
1184 2358 1248 2385 Υῑοῦ
1256 2358 1408 2394 τυγχάνειν.
1424 2358 1468 2390 Ὡς
1481 2358 1524 2384 διὰ
1531 2358 1627 2384 ἕνωσιν
1639 2357 1743 2393 ταύτην
1754 2358 1804 2384 τὸν

1008 2405 1205 2441 βαπτιζόμενον
1229 2406 1268 2437 εἰς
1284 2405 1369 2440 ὄνομα
1389 2404 1517 2440 Χριστοῦ,
1535 2403 1605 2430 κατὰ
1629 2404 1677 2439 τὴν
1694 2404 1802 2439 Τριᾰδα

1008 2451 1197 2486 βαπτίζεσθαι,
1213 2451 1263 2477 οὐκ
1274 2449 1507 2486 ἀπομεριζομένου
1523 2449 1569 2476 τοῦ
1585 2450 1652 2476 Θεοῦ
1662 2459 1803 2485 περιγρα-

1005 2499 1068 2532 φαῖς
1076 2497 1124 2524 καὶ
1132 2497 1289 2524 διαστάσεσι
1303 2496 1408 2533 Πατρὺς
1423 2496 1468 2522 καὶ
1480 2494 1526 2522 τοῦ
1536 2495 1614 2530 ἁγίου
1627 2495 1696 2522 [Χνεύ
1700 2503 1803 2531 ματος.

980 2545 1001 2561 ¹¹
1017 2544 1111 2571 lllattb.
1135 2552 1220 2576 xxvn,
1236 2543 1263 2571 6.

1013 2592 1110 2619 ticnlus
1122 2592 1171 2627 τήν
1187 2591 1274 2618 Ιο‹·ιιιη
1289 2591 1333 2627 hic
1346 2591 1487 2618 commode
1499 2595 1597 2627 tuetur:

1046 2627 1101 2662 (l7)
1116 2625 1290 2654 Σάὅελλίοιι.
1303 2626 1326 2653 Is
1337 2627 1408 2662 ertim
1420 2634 1500 2653 unam
1513 2626 1562 2653 SS.
1578 2625 1722 2662 Trinitatis
1732 2633 1799 2660 per-

1008 2670 1115 2694 sonam,
1144 2663 1190 2689 sed
1213 2661 1299 2689 tribus
1320 2661 1435 2688 diversis
1457 2661 1611 2689 nominibus
1627 2661 1804 2694 insignitum,

1008 2705 1122 2732 quorum
1144 2697 1256 2731 proinde
1279 2697 1373 2724 eadem
1393 2702 1466 2724 esset
1485 2701 1511 2724 et
1525 2697 1599 2724 notio
1614 2702 1642 2732 et
1663 2701 1798 2729 potestas,

1007 2731 1163 2760 assercrare
1189 2739 1270 2759 austts
1283 2736 1335 2759 est.
1356 2732 1438 2758 Deum
1455 2732 1552 2758 trintnn
1571 2731 1661 2758 aiebat
1681 2738 1744 2758 esse
1765 2732 1800 2759 ἒν

1008 2769 1125 2804 πρᾶγμα
1141 2766 1329 2804 ποξιυῲνομον.
1344 2765 1412 2794 Vide
1428 2767 1518 2804 Basilii
1534 2767 1569 2804 M._
1581 2767 1659 2804 epist:
1673 2766 1718 2804 64:
1733 2766 1806 2804 Ideo

1009 2801 1153 2830 Sitlmllioni
1169 2801 1300 2830 Unionita:
1314 2806 1443 2828 vocantur
1455 2802 1479 2828 iu
1493 2801 1630 2835 Δροιήεοιί
1643 2801 1798 2834 Prudentii.

1009 2843 1034 2864 et
1048 2837 1215 2873 Υἱοπάτορες
1229 2839 1262 2864 ah
1277 2837 1346 2864 aliis.
1369 2835 1442 2873 "Vide
1456 2837 1630 2873 Uotejgrium,
1646 2837 1679 2864 ad
1697 2842 1763 2865 tom.
1788 2836 1803 2865 ι

1010 2871 1238 2901 Monumentorum
1251 2872 1349 2903 Eccles.
1361 2871 1456 2904 Ortum,
1471 2881 1497 2908 p.
1515 2871 1575 2899 771.
