1913 3071
103 145 164 173 Ιθϐὶ

650 143 858 171 FRAGMENTA
880 143 912 169 IN
933 141 1049 170 ACTUS
1069 139 1192 168 APOST.

1664 128 1732 156 {(563

135 206 211 233 ΚΕΦ.
232 205 274 233 Ρ.
290 206 335 233 Στ.
354 209 387 233 κ’.
407 206 505 238 Ὅπως
531 206 568 233 ἂν
587 205 697 232 ἔλθωσι
712 205 807 239 καιροὶ
821 205 891 232 ἁνα-

959 203 1018 230 ἏΔΡ.
1034 202 1077 236 lll,
1089 209 1160 229 vers.
1173 199 1219 227 20.
1232 198 1265 226 Ut
1275 198 1377 226 venient
1389 201 1504 232 tempora
1519 192 1729 229 relocillaiionis.

438 241 482 275 ψύ
485 241 557 274 ξεως
562 261 567 268 .

139 299 170 325 ’0
193 298 333 334 προσέχων
360 299 392 333 τῇ
416 298 578 332 ἀναγνώσει¹
592 298 677 325 πολλᾶ
691 298 748 333 εἴδη
762 298 811 333 τῆς
825 305 892 332 προ--

101 341 214 380 φητεὶας
227 343 304 380 εὕρῃ,
314 342 464 379 δηλούμενα
474 344 502 370 ὲν
518 345 577 375 ταῖς
592 343 723 379 Γρίιφαῖς,
738 340 775 370 ὧν
789 344 861 369 ἐστιν
874 344 890 378 ἡ

100 391 153 419 τῶν
166 390 317 427 μελλόντων
342 389 580 426 προαναφώνησις.
597 389 690 424 Τούτῳ
706 389 746 424 τῷ
767 389 832 415 εἴδει
842 389 892 424 τῆς

102 437 267 474 προφητείας
274 435 459 471 κοσμηθέντες
470 435 568 462 Θεόθεν
578 434 674 470 ἄνδρες
681 435 763 466 τινὲς,
777 433 891 469 προεθέ-

104 493 201 511 σπισαν
218 484 268 519 τὴν
288 482 434 518 ἐπιδημίαν
448 480 495 508 τοῦ
508 481 637 517 Χριστοῦ,
652 481 699 508 καὶ
714 480 749 508 τὰ
775 481 859 515 πάθη,
874 480 893 507 ἃ.

104 532 171 567 ὑπὲρ
185 530 336 566 ἀνθρώπων
353 528 464 564 ἔμελλεν
481 527 670 561 ἀναδέξασθαι.
687 528 743 560 Τὰς
756 527 819 563 περὶ
832 526 894 553 τού-

104 585 156 603 των
184 575 363 612 προφητείας,
389 573 574 609 ·ὲχ6ε6ηκυίας
593 574 622 601 ὲν
643 573 682 609 τῷ
703 573 893 609 σταυρωθῆναι

105 623 149 649 τὸν
167 622 279 658 Κύριον,
303 621 461 657 ἐπλήρωσεν
479 622 492 647 ὁ
514 620 592 652 Θεὸς,
608 619 668 646 ὅθεν
690 618 738 645 ἐὰν
754 618 893 654 γράφηται

106 667 240 700 ἐντεῦθεν,
252 668 360 694 πάντων
374 666 428 693 τῶν
445 666 591 702 προφητῶν
616 663 812 701 πεπληρῶσθαι
831 663 894 695 τοὺς

106 713 200 749 λόγους
215 713 263 739 τοῦ
283 713 408 748 Σωτῆρος
427 711 569 743 παθόντος,
587 711 618 737 οὐ
637 709 765 742 καθάπαξ
790 709 895 741 πάντας

107 760 169 791 τοὺς
183 760 334 795 προφήτας,
346 758 414 785 ἀλλὰ
427 757 530 789 πάντας
541 757 603 788 τοὺς
611 756 896 792 προαναφωνήσαντας

107 805 152 833 τοῦ
169 804 286 841 Χριστοῦ
296 805 456 840 παθήματα.

141 852 187 878 Στ.
203 854 255 878 κα¹.
273 852 359 886 Ἄχρι
370 851 487 885 χρόνων
506 848 789 881 ἀποκαταστάσεως.

979 290 1028 324 Qui
1041 289 1149 317 lectioni
1167 288 1266 319 studet,
1284 286 1364 313 multa
1378 283 1524 320 prophetia:
1537 288 1636 317 genera
1653 280 1730 307 inve-

945 337 1025 370 nerit,
1046 336 1073 362 in
1091 334 1237 370 Scripturis
1258 332 1386 363 revelata,
1409 331 1479 357 inter
1498 336 1559 363 qua:
1581 328 1662 355 etiam
1688 330 1732 353 est

945 382 1134 419 praenuntiantia
1153 380 1314 408 futurorum.
1333 378 1388 405 Hoc
1402 375 1549 412 prophetia:
1566 381 1663 409 genere
1678 373 1728 399 ho-

945 418 1031 456 mines
1040 427 1159 455 nonnulli
1171 425 1299 454 divinitus
1308 423 1432 451 instructi
1443 421 1612 449 nativitatem
1625 418 1727 446 Christi

945 475 1139 509 praedixerunt,
1159 479 1209 499 nec
1227 471 1316 498 minus
1332 469 1499 504 passionem,
1515 473 1595 501 quam
1613 473 1663 500 pro
1677 465 1733 492 ho-

947 520 1064 547 minibus
1084 523 1259 553 suscepturus
1274 521 1343 544 erat.
1360 514 1423 542 llzee
1438 515 1470 542 de
1486 513 1546 540 islis
1567 513 1649 540 rebus
1666 511 1735 538 vati-

946 565 1028 598 cinia,
1044 572 1113 599 quoa,
1133 564 1241 591 Christo
1264 561 1405 592 crucilixo,
1430 563 1588 591 evenerunt,
1615 556 1736 592 implevit

948 612 1028 639 Deus.
1040 610 1152 644 Quando
1165 610 1255 643 itaque
1267 608 1311 635 hic
1322 607 1461 637 scribitur,
1475 605 1666 640 prophetarum
1680 610 1736 629 om-

948 658 1022 686 nium
1043 663 1194 687 sermones,
1211 655 1320 682 Christo
1341 660 1431 688 passo,
1446 651 1570 685 impletos
1591 657 1660 682 esse,
1683 656 1734 674 non

947 712 1041 739 omnes
1059 704 1203 739 prophetas
1226 700 1392 736 simpliciter,
1420 699 1465 726 sed
1493 706 1539 725 eos
1559 703 1672 726 tantum,
1690 696 1738 730 qui

947 749 1048 779 Christi
1060 749 1213 784 passionem
1230 746 1423 782 przedixeruut,
1437 744 1586 780 intelligere
1603 746 1720 777 opmtet.

1034 838 1113 867 Vers.
1132 837 1176 866 21,
1195 837 1280 872 Usque
1299 837 1333 864 ad
1347 840 1461 868 tempora
1478 835 1658 862 restitutionis.

148 898 295 933 Ἑπόμενός
310 881 419 932 ’τιςητῇ
439 895 567 932 συνηθείᾳ
587 895 636 930 τῆς
658 893 770 930 Γραῳῆς
783 893 816 920 τὰ
829 892 898 927 ἄχρι

982 887 1033 921 Qui
1057 893 1159 914 morem
1181 883 1329 919 Scriptura:
1353 883 1486 914 tennerit,
1509 889 1588 909 voces
1607 881 1689 908 donec
1711 883 1739 907 et

108 944 154 972 καὶ
173 944 245 976 τέως
259 943 407 979 ἐκλήψεται
421 943 451 969 οὐ
465 942 574 973 πάντως
586 940 714 977 χρονικὰς
727 938 899 975 περιγραφὰς

110 991 286 1026 σημαίνοντα,
303 990 340 1022 ὡς
363 990 456 1026 ἑτέρου
471 989 544 1020 τινὸς
568 987 762 1023 συμϐαίνοντος
782 985 858 1021 παρὰ
871 984 901 1011 τὸ

110 1038 251 1073 πρότερον,
271 1036 340 1071 μετὰ
362 1035 412 1071 τὴν
432 1034 559 1070 χρονικὴν
583 1032 768 1069 περιγραφήν.
788 1031 825 1057 Τὸ
846 1029 900 1066 γὰρ

110 1082 162 1108 ὑπὸ
176 1081 243 1108 Θεοῦ
254 1081 400 1116 λεγόμενον
415 1080 483 1116 πρός
504 1088 591 1111 τινας,
623 1078 695 1112 Ἐγώ
710 1078 769 1112 εἶμι
795 1077 810 1103 ὁ
830 1075 902 1108 Θεὸς

109 1127 258 1162 ὺμῶν,καὶ
274 1127 328 1159 ἕως
339 1126 377 1154 ἂν
385 1125 612 1161 καταγηράσητε
621 1123 677 1158 ἐγώ
690 1125 757 1158 εἰμι,
772 1123 802 1149 οὺ
816 1121 901 1157 δηλοῖ.

110 1174 150 1200 ὅτι
168 1172 237 1208 μετὰ
252 1172 283 1198 τὸ
301 1171 421 1207 γηράσαι
447 1171 522 1202 τοὺς,
541 1170 609 1206 προς
624 1169 670 1201 οὒς
682 1170 695 1195 ὁ
709 1169 798 1202 λόγος,
809 1167 902 1194 οὐκέτι

110 1218 176 1250 θεός
194 1219 262 1244 ἐστι·
273 1217 404 1249 ἀθάνατος
431 1217 485 1252 γὰρ
504 1216 551 1242 καὶ
565 1215 648 1246 ἀΐδιος
664 1213 791 1249 ὑπάρχει.
808 1212 902 1246 Τούτῳ

113 1264 197 1300 μυρία
214 1263 331 1299 συνᾴδει,
349 1262 389 1298 τῷ
409 1262 483 1297 αὐτῷ
499 1261 594 1297 τρόπῳ
609 1260 745 1295 φερόμενα
756 1260 784 1286 ὲν
798 1259 831 1294 τῇ
844 1257 903 1293 θείᾳ

111 1309 260 1341 παιδεύσει,
277 1308 294 1335 ἃ
306 1307 380 1343 αὐτῷ
403 1307 445 1339 τίς
460 1306 619 1338 ἐκλέξασθαι
632 1305 757 1337 δύναται;
770 1305 801 1331 Εἰ
814 1303 903 1330 τοίνυν

111 1353 197 1386 οὕτως
217 1354 234 1389 ἡ
252 1352 418 1389 προκειμένη
433 1351 509 1387 φωνὴ
531 1351 616 1385 λέγει,
639 1350 693 1376 δεῖν
707 1348 832 1382 δέξασθαι
856 1347 905 1374 τὸν

111 1400 225 1435 υὺρανὸν
241 1400 288 1426 τὸν
309 1398 412 1434 Κύριον
440 1398 504 1433 ἄχρι
526 1397 629 1433 χρόνων
643 1395 902 1425 ἀποκαταστάσεως,

112 1454 139 1472 κ.
153 1454 178 1472 τ.
195 1445 232 1476 λ.,
249 1444 375 1481 ἡγητέον,
391 1443 429 1474 ὼς
446 1444 460 1469 ὁ
481 1441 600 1477 Χριστὸς
625 1440 790 1475 ἀναληφθεὶς
807 1440 846 1470 εἰς
859 1439 905 1465 οὐ-

114 1489 223 1525 ρανοὺς,
244 1488 319 1523 μένει
336 1488 394 1514 ἐκεῖ
411 1486 463 1517 ἕως
485 1486 533 1520 τῆς
556 1485 603 1512 τοῦ
619 1485 721 1520 κόσμου
738 1483 904 1515 συντελείας,

113 1534 289 1569 ὲλευσόμενος
303 1533 362 1559 τότε
379 1532 447 1567 μετὰ
477 1531 629 1566 δυνάμεως,
656 1530 906 1557 ἀποκαταστάντων

114 1582 224 1609 πάντων
242 1579 344 1612 λοιπὸν,
358 1576 395 1606 ὧν
416 1578 618 1614 προεθέσπισαν
629 1578 653 1604 οῑ
666 1577 814 1613 προφῆται·
835 1576 906 1611 ἤτοι,
921 1566 942 1594 (ἶ

114 1630 178 1656 ὃταν
194 1627 224 1654 τὸ
239 1626 315 1657 τέλος
333 1627 424 1660 ἐνστῇ,
440 1625 486 1651 καὶ
501 1625 639 1659 παύσηται
654 1624 688 1650 τὰ
707 1623 835 1658 αἰσθητὰ,
846 1623 907 1649 τότε,

114 1677 128 1702 ό
147 1674 262 1710 Χριστὸς
276 1673 352 1700 ἔσται
366 1673 420 1700 τῶν
437 1671 559 1708 οὐρανῶν
573 1670 750 1706 ὑψηλότερος,
765 1670 795 1696 οὐ
815 1669 864 1705 μὲν
878 1670 908 1696 ἐν

115 1720 221 1758 οὐρανῷ
239 1719 429 1750 κατασταθεὶς,
447 1718 503 1745 ἀλλ’
527 1718 598 1754 ὑπὲρ
613 1717 738 1753 οὐρανὸν,
764 1717 804 1748 εἰς
817 1717 849 1752 ἢν
871 1715 911 1742 δὸ‹

116 1767 164 1800 ξαν
184 1765 240 1802 εἶχε
259 1766 336 1802 παρὰ
347 1765 385 1801 τῷ
400 1764 498 1801 Πατρὶ,
512 1764 565 1800 πρὸ
575 1763 621 1795 τοῦ
642 1763 688 1790 τὸν
715 1762 815 1798 κόσμον
828 1760 907 1788 εἶναι.

121 1813 265 1848 Ὑπεράνω
275 1810 321 1838 οὖν
340 1810 457 1846 γεγονὼς
468 1810 557 1845 πάσης
575 1809 719 1845 ὁρωμένης
728 1808 852 1840 κτίσεως,
865 1807 911 1834 τέ-

117 1858 162 1891 λος
187 1859 322 1894 ἐπιτίθησι
338 1857 377 1893 τῷ
388 1857 441 1893 (18)
455 1855 524 1883 εἶναι
536 1857 564 1883 ἐν
580 1855 697 1891 οὐρανῷ.

155 1994 199 2020 Στ.
218 1993 272 2028 κγ’.
287 1994 394 2020 Ἔσται
406 1992 440 2019 δὲ
457 1992 541 2020 πᾶσα
559 1992 657 2026 ψυχὴ.
675 2001 702 2018 κ.
719 2000 744 2018 τ.
763 1991 787 2017 λ.

163 2040 271 2075 Ἐπειδὴ
286 2039 419 2070 ἀθάνατός
433 2040 508 2065 ἐστιν
522 2040 538 2074 ὴ
554 2039 638 2074 ψυχὴ,
660 2037 845 2073 ἐξολόθρευσιν
865 2037 913 2063 αὺ-

121 2087 169 2122 τῆς
184 2086 312 2121 νοοῦμεν,
324 2085 362 2120 τῷ
374 2085 426 2117 ἔξω
443 2085 570 2119 γενέσθαι
581 2085 635 2111 τῶν
651 2084 772 2118 ἀγαθῶν,
784 2080 821 2110 ὧν
830 2084 914 2119 ἠμελ-

121 2134 168 2160 λεν
183 2131 341 2165 ἁπολαύειν;
355 2133 381 2159 εῐ
394 2140 425 2166 γε
441 2130 575 2163 θεοσεϐῶς
588 2125 790 2158 ἐπολιτεύσατο.

122 2192 201 2218 ΚΕΦ.
224 2193 261 2218 Δ’.
283 2191 329 2217 Στ.
360 2189 404 2217 ιϐ’.
424 2190 479 2217 Καὶ
497 2191 552 2217 οὐκ
568 2190 654 2217 ἐστιν
671 2189 756 2222 ἄλλῳ
769 2188 870 2216 οὐδενὶ
893 2189 914 2223 ἠ

441 2226 582 2259 σωτηρία.

158 2273 213 2309 Τῆς
227 2273 363 2308 σωτηρίας
372 2272 567 2308 βεϐαιουμένης
583 2271 714 2308 μετουσίᾳ
728 2271 777 2307 τῆς
789 2270 913 2306 Τριάδος,
931 2252 953 2279 D

121 2319 139 2347 ὸ
152 2319 268 2354 Χριστὸν
279 2319 324 2345 τὸν
344 2319 552 2354 ἐπιδημήσαντα
562 2318 781 2352 προσηκάμενος,
801 2315 913 2343 πιστεύ-

124 2373 173 2396 σας
190 2364 218 2391 δὲ
237 2365 265 2390 ἐν
279 2363 318 2399 τῷ
330 2363 443 2398 ὀνόματι
457 2361 584 2394 σώζεται,
606 2361 729 2393 δοθέντος
753 2361 808 2397 (19)
826 2362 854 2387 ἐν
879 2362 912 2396 τῇ

124 2411 171 2437 ὑπ’
185 2410 298 2444 οὐρανὸν
310 2409 364 2443 (ἳο)
381 2409 429 2436 τοῦ
443 2408 508 2435 Υἱοῦ
528 2407 724 2443 προσηγορίας.
738 2408 792 2434 ἀπὸ
805 2406 852 2434 τοῦ
865 2407 916 2442 τῆς

125 2456 272 2492 ἐπιδημίας
290 2456 384 2491 χρόνου
395 2476 402 2486 ,
418 2457 447 2482 ὲν
499 2455 513 2480 ό
530 2454 666 2480 πιστεύων
683 2453 789 2488 μεθέξει
806 2453 852 2480 διὰ
869 2453 915 2480 τοῦ

124 2501 201 2532 Υίοῦ,
230 2501 276 2528 τοῦ
293 2500 398 2536 Ila-.95.;
415 2499 462 2526 καὶ
489 2498 535 2525 τοῦ
555 2498 632 2533 ἁγίου
657 2498 826 2533 ΙΙνεύματος,
850 2498 918 2524 ἁπο-

126 2547 270 2579 σταλέντος
293 2547 485 2582 Παρακλήτου.
515 2544 597 2572 Ὅθεν
622 2545 637 2570 ό
660 2544 811 2579 σωζόμενος
828 2545 857 2571 ἐν
878 2543 917 2579 τῷ

125 2594 238 2629 ὀνόματι
251 2594 297 2621 τοῦ
317 2593 453 2629 Σωτῆρος,
474 2593 506 2618 ἐκ
528 2591 579 2626 τῆς
593 2590 707 2626 Τριάδος
725 2590 779 2626 ἔχει
796 2590 846 2626 τὴν
865 2598 918 2617 σω-

125 2641 232 2676 τηρίαν.

164 2701 187 2717 ¹¹
201 2700 251 2727 lsa.
265 2707 336 2732 τινι,
349 2699 376 2728 4.
414 2699 436 2716 ³³
448 2699 527 2727 Joan.
541 2706 609 2732 xvtt,
622 2697 649 2725 5.

178 2770 221 2805 18)
237 2769 287 2802 Τῷ.
301 2768 348 2795 Ms.
361 2769 444 2805 habet
459 2767 500 2800 τό,
515 2767 591 2805 quod
601 2766 654 2805 iure
671 2772 723 2805 non
738 2765 862 2805 quadrat.

180 2800 219 2838 I93
233 2800 384 2837 Δοθέντος.
401 2800 553 2839 Legenduin
569 2802 672 2839 videtur
680 2800 815 2836 δοθείσης,
831 2805 860 2827 ut
875 2806 918 2827 re-

127 2836 193 2870 ferri
210 2836 294 2875 possit
304 2841 336 2867 ad
351 2836 649 2875 ννοροιιῖπροσηγορίας.

167 2869 221 2910 (20')
252 2877 299 2903 Ἐν
324 2874 361 2910 τῇ
382 2874 429 2902 ὑπ”
459 2869 597 2908 οὖραίιὸὗ.
622 2872 729 2900 Scilicet
742 2872 788 2907 γῇ,
807 2871 845 2898 vel
861 2869 914 2906 χώ-

951 937 1012 960 tunc
1026 939 1078 959 non
1092 931 1196 963 stricte,
1214 933 1341 963 tanquam
1356 934 1460 962 tempus
1474 927 1740 957 eireumscribeutes,

951 977 1076 1012 accipiet.
1091 982 1124 1003 eo
1137 983 1229 1008 sensu,
1244 974 1321 1010 quasi
1337 973 1384 1000 illo
1398 973 1574 1008 prmterlapso
1590 971 1663 999 aliud
1676 971 1743 1006 quid

951 1028 978 1051 et
991 1031 1005 1049 ιι
1020 1021 1104 1058 priori
1121 1021 1257 1048 diversum
1272 1020 1395 1048 accidere
1409 1019 1528 1046 deberet.
1546 1018 1621 1051 Quod
1636 1017 1707 1045 enim
1724 1024 1739 1044 a

952 1070 1006 1097 Deo
1018 1069 1118 1096 dictum
1132 1072 1174 1095 est
1197 1067 1229 1094 ad
1244 1066 1374 1102 quosdam
1391 1074 1398 1093 :
1417 1065 1472 1100 Ego
1488 1073 1543 1092 sum
1560 1064 1628 1091 Deus
1650 1068 1740 1093 uester,

952 1115 1032 1142 donec
1051 1113 1250 1146 consenuerilis,
1266 1113 1334 1139 idem
1349 1112 1442 1143 era";
1458 1111 1483 1137 id
1505 1111 1612 1145 quidem
1630 1117 1680 1136 non
1699 1109 1740 1135 in-

953 1159 1018 1192 fert,
1034 1160 1116 1194 quod,
1133 1159 1176 1186 ubi
1189 1158 1396 1189 consenuerint,
1412 1157 1519 1184 illorum
1536 1156 1605 1184 Deus
1619 1163 1670 1182 non
1684 1163 1743 1181 atu-

951 1206 1022 1240 plius
1037 1205 1143 1232 futurus
1168 1204 1218 1232 sit:
1239 1204 1402 1232 immortalis
1415 1203 1486 1230 enim
1510 1206 1538 1230 et
1555 1208 1672 1230 aeternus
1691 1205 1742 1228 est.

953 1251 1020 1279 Cutn
1034 1252 1076 1279 his
1091 1252 1255 1278 concordant
1270 1241 1424 1282 innumera,
1439 1257 1502 1284 quae
1519 1249 1612 1276 eodem
1626 1247 1704 1275 modo
1717 1247 1742 1273 in

956 1297 1045 1324 divina
1065 1297 1187 1324 doctrina
1204 1295 1355 1329 traduntur,
1370 1295 1467 1330 quibus
1482 1293 1672 1324 enumerandis
1682 1292 1744 1327 quis

954 1344 1088 1372 suil'eeerit
1101 1343 1112 1370 ?
1124 1342 1236 1376 Quando
1259 1342 1350 1376 itaque
1366 1348 1485 1376 prmsens
1502 1341 1604 1368 dictmn
1621 1340 1669 1372 ait,
1685 1345 1743 1367 etn-

954 1388 1009 1415 lum
1019 1388 1139 1422 recipere
1149 1387 1248 1414 debere
1260 1386 1402 1413 Dominum
1413 1393 1499 1419 usque
1515 1386 1548 1412 ad
1566 1390 1686 1419 tempora
1702 1391 1744 1411 re-

954 1433 1114 1465 stitutionis,
1140 1437 1204 1465 etc.,
1232 1431 1443 1460 existimandum
1470 1435 1520 1463 est,
1544 1430 1693 1462 Christum,
1719 1429 1745 1456 in

956 1479 1039 1507 cmlos
1053 1483 1201 1513 receptum,
1218 1477 1253 1504 ibi
1267 1483 1387 1509 manere,
1407 1484 1495 1511 usque
1516 1477 1548 1503 ad
1571 1483 1746 1503 consumma-

958 1526 1057 1553 tionem
1070 1524 1173 1556 mundi,
1187 1528 1214 1550 et
1227 1527 1370 1550 venturutn
1387 1527 1451 1550 tunc
1471 1530 1531 1549 cum
1546 1527 1688 1557 potestate,
1705 1529 1748 1549 re-

959 1572 1060 1599 stitutis
1074 1575 1170 1598 caetera
1186 1569 1323 1602 omnibus,
1337 1576 1398 1603 qua:
1414 1568 1587 1604 pnedixerint
1598 1567 1746 1602 propheue.

960 1617 1006 1645 Vel
1023 1618 1059 1644 ita
1079 1623 1186 1652 quoque
1208 1616 1265 1643 hzec
1285 1615 1414 1650 capienda
1431 1619 1505 1648 sunt,
1521 1614 1604 1649 quod,
1625 1613 1669 1640 ubi
1686 1613 1748 1640 linis

959 1664 1135 1696 imminuerit,
1157 1667 1184 1691 et
1210 1669 1253 1690 res
1277 1661 1420 1690 seusibiles
1448 1660 1607 1694 defecerint,
1626 1659 1751 1687 Christus

959 1710 1036 1740 caelis
1057 1710 1183 1737 erunibus
1208 1708 1332 1744 superior
1364 1708 1399 1735 sit
1428 1707 1544 1740 futurus,
1568 1714 1619 1733 non
1644 1705 1751 1740 quidem

960 1762 1087 1792 tauquam
1105 1756 1132 1783 in
1154 1755 1233 1788 caelo,
1254 1754 1302 1782 sed
1323 1758 1451 1789 tanquam
1471 1761 1551 1788 supra
1568 1746 1667 1781 celum
1685 1760 1750 1779 eon—

961 1805 1088 1835 stitnlus,
1106 1802 1132 1828 in
1146 1809 1175 1828 ea
1189 1800 1286 1835 gloria,
1303 1807 1383 1834 quam
1406 1805 1469 1826 ante
1488 1798 1614 1825 mundum
1631 1803 1752 1825 creatum

961 1849 1031 1884 apud
1041 1849 1144 1874 l'atrem
1156 1845 1284 1873 habuit".
1295 1845 1383 1879 Super
1390 1852 1497 1872 omnem
1508 1844 1589 1879 igitur
1599 1849 1751 1871 creaturam

961 1895 1095 1922 visibilem
1122 1893 1242 1920 elevatus
1262 1892 1341 1919 linem
1368 1891 1481 1926 imponit
1499 1897 1530 1917 eo
1548 1892 1618 1925 quod
1642 1891 1666 1916 in
1684 1890 1754 1917 cado

936 1947 940 1951 ”
962 1946 1014 1968 σει.

1045 1996 1123 2023 Vers.
1137 1995 1182 2022 25.
1203 1994 1261 2022 Fiet
1279 2002 1349 2028 vero,
1365 2000 1392 2021 ut
1409 1995 1493 2020 omnis
1507 1994 1605 2025 anima,
1623 1998 1675 2020 etc.

1000 2042 1067 2075 Quia
1085 2041 1175 2068 anima
1199 2040 1360 2068 immortalis
1380 2044 1431 2070 est,
1450 2039 1565 2073 perditio
1589 2038 1646 2071 eius
1660 2038 1757 2064 existi—

965 2088 1062 2115 manda
1082 2092 1134 2117 est,
1161 2087 1183 2113 si
1211 2086 1261 2112 illis
1276 2086 1354 2112 bonis
1374 2085 1493 2116 excidat,
1515 2083 1614 2119 quibus
1639 2083 1754 2110 l'ruitura

965 2138 1037 2165 erat,
1054 2133 1075 2159 si
1093 2133 1200 2167 quidem
1218 2132 1289 2166 pium
1310 2132 1393 2158 vitam
1411 2131 1519 2165 egisset.

996 2189 1072 2217 CAP.
1086 2188 1130 2220 ιν,
1147 2196 1218 2216 vers.
1237 2187 1281 2215 12.
1302 2186 1393 2223 Neque
1414 2191 1451 2214 est
1466 2188 1492 2214 in
1510 2186 1563 2213 ulla
1579 2186 1631 2213 alio
1645 2185 1728 2212 satus.

1002 2266 1069 2294 Cutn
1087 2265 1160 2293 salus
1185 2269 1277 2292 nostra
1303 2264 1330 2291 in
1354 2264 1450 2299 aequali
1477 2263 1620 2290 Trinitatis
1640 2261 1756 2289 essentia

966 2312 1076 2339 fundata
1090 2311 1134 2344 sit,
1152 2311 1286 2345 sequitur,
1302 2318 1362 2338 eum
1375 2310 1485 2342 salvari,
1498 2310 1545 2345 qui
1558 2310 1692 2337 Christum
1709 2316 1757 2344 pro

969 2359 1048 2386 nobis
1068 2363 1159 2385 natum
1183 2357 1373 2392 amplectatur,
1386 2362 1413 2384 et
1431 2357 1456 2384 in
1474 2364 1570 2384 nomen
1585 2356 1642 2391 ejus
1655 2357 1757 2389 credat,

970 2403 1040 2437 quod
1055 2404 1148 2430 datum
1165 2408 1204 2430 est
1222 2403 1248 2429 in
1268 2407 1338 2429 terra
1353 2403 1402 2430 sub
1416 2402 1594 2436 appellatione
1607 2401 1677 2432 Filii.
1696 2401 1758 2429 inde

970 2459 985 2477 ιι
1004 2456 1125 2484 tempore
1151 2450 1310 2482 nativitatis,
1327 2450 1352 2476 in
1369 2457 1432 2483 qua,
1458 2449 1504 2483 qui
1529 2449 1623 2481 credit,
1648 2448 1757 2481 fruitur,

971 2503 1019 2530 per
1034 2495 1130 2522 Filium
1144 2494 1235 2527 Patre,
1250 2500 1278 2521 et
1293 2494 1395 2528 Spiritu
1412 2499 1518 2525 saneto,
1536 2498 1661 2527 tauquam
1674 2492 1758 2518 misso

971 2541 1120 2569 Paracleto.
1141 2541 1216 2569 Unde
1235 2541 1281 2576 qui
1299 2541 1418 2568 salvator
1435 2540 1462 2567 in
1479 2540 1587 2566 nomine
1600 2537 1758 2571 Salvatoris,

971 2589 1041 2616 idem
1056 2596 1087 2616 ex
1102 2587 1153 2616 SS.
1168 2588 1300 2615 Trinitate
1312 2587 1428 2615 salutem
1449 2586 1626 2614 naueiscitur.

972 2772 1018 2801 ρᾳ.
1034 2763 1073 2791 ita
1088 2767 1185 2801 terrain
1206 2761 1298 2799 frequ
1326 2765 1361 2785 .er
1384 2755 1652 2801 appellantptbl‘i},
1671 2759 1698 2781 et
1713 2761 1762 2781 eo-

972 2791 1031 2826 i-um
1059 2799 1182 2830 exemplo
1211 2791 1666 2830 scriptoresecclesiasticihyme
1683 2798 1763 2830 ‘qnie

969 2824 1065 2897 ἐέτέἓεί
1081 2824 1166 2869 nuper
1182 2832 1215 2860 ad
1235 2824 1376 2865 Theophili
1403 2827 1564 2856 Antiocheni
1578 2826 1624 2856 lib.
1645 2834 1665 2860 ι,
1681 2824 1696 2862 ἦ
1721 2825 1763 2859 l7,

968 2878 1015 2905 p.-
1047 2889 1054 2897 .
