1913 3071
159 139 228 169 Ιῦῦτ

799 141 830 169 Dl
837 141 917 168 DYMl
937 142 957 169 Α
964 140 1176 168 ιιῖΧΑΝῡιιιΝι

1726 141 1791 170 1668

160 196 333 230 deditionem,
351 197 384 224 de
397 202 448 230 qua
465 195 509 223 hic
525 202 614 223 sermo
630 199 682 228 est,
698 196 777 224 talem
802 196 886 225 fuisse
900 206 934 232 pu

1012 197 1064 224 ιθαι
1081 196 1319 232 ὑπολαμϐάνομεν,
1336 195 1374 228 ὡς
1403 195 1451 223 καὶ
1476 195 1590 223 ἐπὶτῶν
1613 199 1794 234 γραφομένων

161 248 259 276 tamus,
282 243 315 270 de
339 242 410 277 quali
435 242 469 270 ab
491 241 620 276 Apostolo
646 242 708 269 alibi
738 243 866 278 scriptum
890 249 948 271 est:

163 289 304 324 Propterea
326 289 435 316 tradidit
455 297 498 316 eos
514 289 583 316 Deus
602 289 629 315 in
649 290 765 330 aﬂ‘ectus
785 280 949 325 ignaininim,

162 336 224 362 etin
241 335 376 369 mprobant
390 335 500 362 ménlem
511 334 543 361 “.
559 335 635 362 Sicut
647 336 718 362 enim
738 336 763 362 in
781 336 812 363 iis
828 343 888 370 quite
901 337 949 371 ipsi

161 381 298 416 elegimus,
322 388 381 408 esse
395 385 443 408 no‘s
470 380 600 415 permittit
616 381 694 414 Deus,
722 387 864 417 postquam
881 389 974 419 saepe;

161 427 313 462 prohibuit;
332 428 367 454 ita
382 427 499 462 Judmos,
517 433 648 455 creaturae
663 429 751 463 potius
771 436 852 463 quam
869 429 949 455 Crea-

161 473 211 500 tori
227 472 326 499 cultum
336 472 359 488 ³¹
369 477 497 507 praestare
512 473 675 505 annitentes,
690 473 809 506 tandem,
821 481 890 506 sarpe
903 481 951 499 au-

161 520 203 544 tea
218 525 266 552 per
284 517 430 552 prophetas
451 517 485 544 ab
502 518 552 545 hoc
568 518 681 545 consilio
703 524 851 549 revocatos.
871 519 896 545 itt
919 519 951 546 iis

159 568 219 596 qua:
236 562 386 597 elegerunt,
410 563 563 596 pertinaces
581 563 685 590 luerere
705 564 836 597 permisit.
858 563 951 598 Itaque

159 608 312 634 accuratius
324 608 463 635 attendere
472 613 579 643 oportet
590 609 675 636 dicto;
694 607 824 636 Convertit
834 617 860 636 se
870 609 949 640 Deus,

157 656 181 677 et
196 652 305 677 tradidit
329 659 379 678 eos.
407 652 499 686 Neque
520 653 592 680 enim
609 654 659 681 hoc
676 659 736 681 erat
752 654 868 689 primum
892 654 951 681 latae

156 697 224 731 legis
251 697 416 724 institutum.
442 699 556 732 Quando
584 699 655 726 enitn
682 699 707 726 in
736 699 780 726 illa
801 699 948 726 dicitur“:

157 742 298 769 Dominum
316 743 397 770 Deum
416 749 488 770 tuum
510 745 644 778 adorabis,
660 750 684 772 el
707 746 757 779 ipsi
778 746 828 772 soli
845 746 949 778 servies,

157 794 214 820 eos,
243 789 289 822 qui
313 795 477 824 praeceptum
499 791 550 818 hoc
575 791 752 824 violaverant,
774 792 892 823 tradidit,
923 797 951 818 ut

157 835 290 862 servirent
305 836 469 864 exercitibus
489 837 563 869 omli,
579 845 631 864 non
650 845 717 865 sane
729 838 866 865 destinato
887 845 952 864 cou-

1000 244 1039 280 τῷ
1063 243 1216 278 Ἀποστόλῳ
1234 242 1321 274 οὕτως
1335 242 1463 277 ἐχόντων·
1491 242 1542 269 Διὰ
1564 242 1653 270 τοῦτο
1668 244 1795 278 παρέόωα

1001 298 1055 316 κεν
1068 288 1202 321 adrode
1219 287 1290 319 Θεὸς
1304 288 1348 319 εἰς
1363 286 1443 320 πάθη
1457 286 1584 320 ἀτιμίας,
1596 287 1643 312 καὶ
1657 287 1697 318 εἰς
1710 287 1794 315 ἀδόκι-

1003 343 1052 370 μον
1070 333 1143 360 νοῦν.
1173 333 1216 363 Ὠς
1233 331 1288 367 γὰρ
1309 332 1338 358 ἐν
1363 331 1479 363 τούτοις,
1496 329 1536 362 οἷς
1549 332 1632 366 ἡμεῖς
1653 331 1793 367 εἱλάμεθα,

1001 379 1185 415 παραδίδωσιν
1200 377 1286 409 ὁθεὸς
1301 377 1371 413 μετὰ
1390 377 1420 404 τὸ
1437 376 1567 408 πολλάκις
1579 376 1711 408 κωλῦσαι,
1727 377 1794 405 οὕτω

1002 425 1084 452 πόθον
1096 425 1210 460 ἔχοντας
1222 425 1285 456 τοὺς
1300 423 1453 459 Ἐϐραίους,
1470 422 1632 459 θεραπεύειν
1644 423 1692 458 τὴν
1709 424 1794 450 κτιτιν

1002 470 1078 505 παρὰ
1097 471 1143 497 τὸν
1157 470 1300 501 κτίσαντα,
1315 468 1442 500 κωλύσας
1457 467 1586 499 πολλάκις
1605 468 1648 495 διὰ
1663 468 1718 495 τῶν
1734 477 1795 504 προ-

1002 517 1095 552 φητῶν
1122 516 1172 551 τὴν
1196 515 1327 550 τοιαύτην
1355 514 1493 549 πρόθεσιν,
1513 514 1682 549 ἐμμένοντας
1700 512 1794 546 αὐτοὺς

1002 562 1171 598 παρέδωκεν,
1192 559 1214 595 ᾧ
1227 561 1342 588 εἵλαντο.
1358 560 1440 587 Ὅθεν
1458 559 1664 596 ἀκριϐεστέρως
1689 560 1794 587 ἀκούειν

1001 610 1043 636 δεῖ
1054 609 1095 640 τὸ,
1111 609 1282 642 Ἔστρεψεν
1297 608 1313 634 ὁ
1331 606 1412 639 Θεὸς,
1422 607 1471 632 καὶ
1489 605 1662 640 παρέδωκεν
1676 607 1794 639 αὐτούς.

1002 655 1039 681 Οὐ
1055 655 1108 691 γὰρ
1122 654 1328 690 προηγούμενον
1336 650 1370 688 ἦν
1383 652 1489 688 θέλημα
1499 654 1549 688 τῆς
1565 652 1725 687 νομοθεσίας
1735 651 1795 678 τοῦ-

1001 710 1041 728 το.
1061 701 1154 737 Εἰγὰρ
1163 702 1191 728 ἐν
1206 701 1274 736 αὐτῇ
1289 699 1411 735 φέρεται·
1426 700 1535 733 Κύριον
1546 699 1601 725 τὸν
1617 699 1691 726 Θεὸν
1703 706 1795 732 προσ-

1001 747 1157 781 κυνήσεις,
1173 747 1223 774 καὶ
1238 745 1318 779 αὐτῷ
1329 746 1413 780 μόνῳ
1425 745 1613 779 λατρεύσεις·
1630 746 1734 780 ταύτην
1749 745 1796 780 τὴν

1002 793 1112 830 ἐντολὴν
1136 794 1199 825 τοὺς
1227 792 1406 829 παραϐάντας
1426 791 1570 827 παρέδωκε
1597 791 1739 827 λατρεύειν
1764 793 1795 827 τῇ

1003 841 1118 876 στρατιᾷ
1134 839 1182 866 τοῦ
1197 838 1324 875 οὐρανοῦ,
1340 837 1433 865 οὐκέτι
1448 837 1643 873 προηγουμένη
1672 837 1796 872 βουλήσει

157 880 217 907 silio
232 881 298 908 tales
311 881 439 914 efficiens,
458 883 505 910 sed
528 883 564 910 ita
580 883 679 917 potius,
697 888 727 910 ut
743 888 832 910 textus
850 883 948 909 tradit:

1012 886 1088 913 τοιῶν
1103 886 1213 918 αὐτοὺς,
1228 885 1284 912 ἀλλ’
1308 884 1346 916 ὡς
1362 881 1423 910 εἷπε
1443 883 1474 909 τὸ
1492 883 1584 919 ῥητὸν,
1601 882 1738 917 Στρέψας
1763 882 1797 914 ἐξ

156 932 293 962 poslquam
309 936 336 956 se
352 937 368 955 a
382 929 469 962 priore
483 929 618 957 voluntate
635 930 742 958 avertit.

217 984 294 1012 Vers.
309 984 352 1012 54.
371 985 436 1012 Ilwc
449 994 508 1013 vero
523 987 659 1013 audientes
675 986 887 1015 lanciuabanlur.

193 1042 282 1069 Locus
303 1042 347 1068 hic
359 1042 440 1076 paulo
452 1046 516 1069 ante
531 1043 681 1071 illustratus
693 1049 745 1077 est,
773 1051 834 1072 cum
850 1049 951 1072 tracta-

156 1096 248 1116 remus
264 1088 328 1115 illttd
343 1089 444 1116 dictttm
461 1097 467 1115 :
485 1089 516 1117 Si
531 1090 600 1116 enim
618 1098 702 1117 sermo
717 1099 763 1124 per
776 1090 881 1125 angelos
891 1099 953 1126 pro-

156 1133 225 1160 latus
240 1133 274 1164 ³⁷,
298 1139 364 1166 etc.,
383 1133 408 1161 id
433 1139 484 1166 est,
503 1134 543 1161 lex
569 1143 618 1170 per
635 1135 746 1169 angelos
773 1136 950 1171 promulgata,

158 1178 318 1206 hominibus
335 1186 349 1206 a
366 1179 422 1206 Deo
438 1179 595 1214 angelorum
609 1181 672 1207 data
684 1186 725 1208 cst
740 1190 746 1208 :
764 1181 814 1208 nisi
826 1182 850 1208 id
863 1182 952 1216 potius

159 1224 298 1257 immatur,
318 1225 390 1259 quod
415 1225 456 1252 lex
475 1225 510 1252 ita
527 1231 659 1260 prarcepta
676 1232 715 1253 est
743 1227 907 1259 hominibus,
924 1232 952 1256 ut

157 1269 196 1296 illi
217 1269 250 1296 ad
264 1277 366 1296 morem
381 1270 537 1305 angelorum
553 1271 635 1298 vitam
654 1277 746 1306 agant.
761 1272 799 1299 llli
816 1272 888 1299 enim
902 1273 952 1300 sub

159 1313 215 1341 Deo
231 1314 356 1342 collocati
370 1320 441 1342 sunt.
467 1315 612 1350 Propterea
627 1317 661 1343 de
682 1315 714 1343 iis
729 1317 827 1344 dicitur
841 1326 848 1343 ε
866 1317 952 1344 Bene-

157 1359 235 1386 (ιιι-ιιι
249 1360 370 1393 Domino,
401 1369 488 1388 omnes
505 1361 592 1396 angeli
606 1361 674 1397 ejus,
689 1363 808 1396 polentia
825 1362 950 1397 valentes,

156 1411 179 1431 et
194 1405 319 1439 facientes
342 1411 472 1440 prwcepla
496 1406 553 1441 (jus
573 1407 606 1433 ³³.
626 1407 735 1435 Interim
753 1409 885 1443 posterior
905 1409 950 1436 illa

158 1450 350 1486 interpretatio
365 1452 472 1479 videtur
488 1453 641 1480 violentior.

173 1495 249 1522 CAP.
267 1494 333 1527 Vlll,
349 1503 420 1523 vers.
437 1496 464 1524 2.
480 1496 513 1523 Et
527 1497 645 1531 fecerunt
656 1498 787 1533 planctum
803 1508 935 1535 magnum.

194 1540 270 1567 Sicut
296 1541 377 1576 igitur
394 1542 500 1569 lttcrutn
518 1551 600 1571 onme
628 1545 750 1580 recipere
762 1551 879 1580 oportet,
901 1554 951 1574 nec

157 1585 220 1613 illud
239 1588 336 1620 solum,
355 1588 425 1621 quod
446 1588 478 1614 ad
492 1589 607 1616 salutem
626 1598 689 1617 vere
711 1591 790 1617 talem
809 1591 892 1624 facit;
913 1592 949 1618 ita

162 1639 213 1659 nec
228 1633 356 1659 damnum
375 1639 422 1660 aut
442 1634 618 1661 infortunium
636 1636 759 1670 quodvis,
786 1637 832 1664 sed
847 1645 876 1664 ea
894 1643 952 1664 latt-

157 1682 223 1709 tum,
243 1686 302 1712 qua:
321 1679 417 1706 animm
434 1685 533 1706 noecnl
546 1700 553 1712 ,
585 1682 704 1715 graviter
731 1682 803 1710 ferre
833 1689 949 1718 oportet.

158 1723 291 1756 Quoniam
314 1725 406 1759 itaque
436 1726 604 1760 Stephanus,
621 1735 681 1754 cum
706 1729 862 1756 hominibus
889 1737 952 1757 ver-

157 1780 232 1803 sans,
250 1773 281 1798 ad
300 1773 428 1808 pietatem
446 1774 517 1802 illius
537 1776 640 1810 cupidis
656 1777 768 1803 multtuu
782 1777 950 1811 conferebat,

157 1823 368 1846 consentaneum
386 1826 454 1854 erat,
471 1827 500 1848 ut
519 1823 593 1850 cmde
613 1823 671 1857 cjus
697 1824 872 1852 trislarcutur
902 1825 951 1858 illi,

158 1865 203 1899 qui
220 1869 295 1892 tanto
314 1866 370 1893 viro
388 1867 565 1901 imposternut
582 1870 691 1895 cat-ituri
707 1874 795 1897 erant.
812 1871 902 1905 Atque
915 1872 950 1899 ita

159 1919 271 1938 necesse
302 1920 410 1948 qttoque
430 1919 482 1947 est,
513 1920 626 1942 mortem
658 1923 901 1951 quorumcunque,
929 1918 952 1944 si

160 1957 282 1992 alioquin
299 1960 461 1987 amicissimi
480 1961 558 1988 nobis
573 1962 684 1993 ruerint.
713 1962 816 1996 lugere,
842 1963 953 1990 tristitia

159 2003 268 2030 interim
295 2013 346 2032 nou
377 2012 476 2041 praeter
502 2008 610 2034 modum
636 2008 766 2035 admissa.
792 2008 952 2044 Exemplum

160 2049 231 2075 enint
258 2050 338 2085 hujus
364 2053 403 2079 rei
423 2051 552 2080 Servator
572 2054 630 2088 ipse
653 2053 766 2088 praebet,
793 2056 838 2089 qui
868 2062 951 2090 super

161 2094 307 2129 Lazarum,
325 2105 403 2132 quem
424 2103 573 2132 amaverat,
591 2104 725 2127 mortuum
743 2099 825 2127 etiam
852 2101 886 2128 ad
912 2100 953 2128 la-

159 2149 268 2176 crymas
281 2144 412 2178 processit
427 2144 457 2171 ³⁹.

304 2186 382 2215 Vers.
399 2187 443 2214 ‘22.
462 2186 646 2216 Paznilenliam
660 2190 740 2225 igitur
758 2199 814 2225 age.

1002 932 1100 959 ἄλλον
1115 931 1294 966 θελήματος.

1080 988 1125 1015 Στ.
1140 988 1186 1016 νᾶ.
1208 988 1380 1022 Ἀκούοντες
1393 987 1428 1015 δὲ
1445 985 1538 1015 ταῦτα
1548 986 1728 1021 διεπρίοντο.

1045 1046 1177 1081 Ὑπόγυον
1197 1045 1363 1082 ἐσαφηνίσθη
1390 1045 1480 1077 τοῦτο,
1497 1045 1541 1071 ὅτε
1558 1043 1757 1079 ἐλαμϐάνομεν,
1769 1041 1798 1069 τὸ

1004 1091 1069 1128 (51),
1082 1093 1116 1119 El
1129 1091 1183 1126 γὰρ
1203 1093 1219 1118 ὁ
1245 1091 1280 1118 δι’
1301 1090 1436 1126 ἀγγέλων
1453 1089 1596 1124 λαληθεὶς
1618 1089 1721 1123 λόγος,
1739 1088 1753 1113 ὁ
1766 1087 1798 1113 δι’

1002 1137 1126 1173 ἀγγέλων
1141 1137 1287 1171 ὑποταγεὶς
1298 1137 1390 1172 νόμος,
1407 1135 1561 1172 ἀνθρώποις
1575 1135 1627 1161 ὑπὸ
1638 1133 1705 1161 Ε)εοῦ
1717 1132 1800 1168 ἀγγέ-

1001 1184 1056 1211 λων
1070 1184 1182 1216 δίδοται,
1208 1185 1232 1210 εἰ
1250 1183 1286 1219 μὴ
1312 1184 1365 1219 ἄρα
1377 1183 1424 1210 καὶ
1442 1181 1528 1214 οὕτως
1541 1181 1662 1216 δέξηται,
1676 1181 1715 1207 ὅτι
1727 1182 1741 1207 ὁ
1756 1179 1800 1207 νό-

1005 1238 1054 1266 μος
1068 1229 1139 1256 οὕτω
1155 1228 1266 1264 διετάγη
1286 1230 1342 1261 τοῖς
1358 1226 1522 1264 ἀνθρώποις,
1545 1227 1588 1254 ἵνα
1603 1227 1727 1261 ἀγγέλων
1751 1234 1802 1253 πο-

1002 1275 1104 1302 λιτείαν
1137 1274 1230 1310 ἔχωσι.
1262 1274 1318 1301 Καὶ
1347 1274 1401 1309 γὰρ
1431 1270 1503 1300 οὗτοι
1521 1273 1573 1299 ὑπὸ
1593 1271 1659 1298 Θεοῦ
1672 1270 1802 1307 τεταγμέ-

1003 1330 1043 1348 νοι
1060 1321 1139 1349 εἰσίν.
1157 1321 1270 1356 Εἴρηται
1282 1320 1347 1355 γοῦν
1362 1320 1426 1356 περὶ
1451 1319 1557 1346 αὐτῶν·
1574 1317 1733 1353 sum?“
1747 1317 1802 1344 τὸν

1004 1368 1125 1402 Κύριον,
1143 1367 1254 1400 πάντες
1266 1368 1293 1394 οι
1306 1367 1426 1402 ἄγγελοι
1441 1366 1545 1399 αὐτοῦ,
1565 1364 1687 1392 δυνατοὶ
1706 1365 1801 1399 ισχύτ,

1003 1414 1161 1447 ποιοῦντες
1179 1413 1234 1441 τὸν·
1251 1414 1345 1448 ,λόγον
1359 1413 1463 1441 αὑτοῦ.
1481 1413 1560 1439 Δοκεῖ
1585 1412 1614 1438 δὲ
1630 1411 1715 1447 βίαιος
1732 1409 1802 1437 εἶναι

1004 1461 1020 1496 ἡ
1033 1460 1148 1496 δευτέρα
1161 1459 1321 1495 παράδοσις.

1034 1507 1111 1533 ΚΕΦ.
1131 1507 1171 1533 H’.
1188 1506 1234 1532 Στ.
1256 1506 1288 1541 β’.
1302 1505 1358 1533 Καὶ
1371 1505 1521 1539 ἐποίησαν
1538 1504 1667 1532 κοπετὸν·
1676 1502 1785 1539 μένην.

1039 1552 1146 1588 ’Ὠσπερ
1174 1550 1221 1579 οὖν
1241 1553 1295 1578 πᾶν
1311 1552 1407 1588 κέρδος
1436 1551 1618 1587 ἀποδέχεσθαι
1646 1550 1694 1582 δεῖ,
1712 1550 1728 1586 ἢ
1746 1549 1804 1586 (32)

1005 1599 1086 1634 μόνον
1097 1598 1127 1625 τὸ
1143 1598 1212 1634 πρὸς
1230 1597 1279 1634 τὴν
1305 1598 1410 1633 κυρίως
1422 1598 1557 1633 ὠφέλειαν
1576 1596 1719 1625 συντελΟὖν
1731 1605 1737 1612 ·
1754 1595 1804 1623 οὗ-

1002 1651 1056 1674 τως
1077 1642 1127 1668 οὐκ
1150 1641 1196 1668 ἐπὶ
1219 1642 1294 1678 πάσῃ
1322 1642 1409 1678 ζημίᾳ
1429 1642 1445 1677 ἦ
1475 1643 1604 1678 συμφορᾷ
1617 1641 1807 1677 δυσχεραίνειν

1003 1687 1065 1724 χρὴ,
1088 1688 1205 1714 ἀλλ’ὲπὶ
1232 1688 1320 1723 μόνων
1345 1688 1399 1714 τῶν
1415 1688 1589 1724 βλαπτόντων
1603 1687 1703 1723 ψυχήν.
1728 1687 1808 1714 Ἐπεὶ

1002 1733 1092 1760 τοίνυν
1112 1734 1159 1760 καὶ
1176 1735 1189 1760 ὁ
1208 1733 1356 1768 Στέφανος,
1372 1734 1459 1761 συνὼν
1475 1733 1641 1770 ἀνθρώποις,
1664 1733 1731 1769 πρὸς
1746 1733 1807 1760 θεο-

1004 1779 1112 1806 σέϐειαν
1126 1781 1182 1812 τοῖς
1208 1779 1338 1807 ποθοῦσιν
1354 1780 1438 1816 αὐτῆς
1452 1780 1519 1808 πολὺ
1537 1780 1709 1812 συνεϐάλετο,
1737 1779 1807 1806 ἀκό-

1002 1825 1098 1852 λουθον
1112 1823 1146 1861 ἦν
1174 1826 1221 1852 ἐπὶ
1234 1828 1266 1862 τῇ
1290 1827 1429 1862 ἀναιρέσει
1445 1826 1527 1853 αὑτοῦ
1560 1825 1680 1861 ἀνιαρῶς
1698 1825 1806 1860 φέρειν,

1005 1871 1180 1907 στερηθέντες
1195 1870 1291 1907 ἀνδρὸς
1315 1871 1435 1899 τοιούτου
1453 1872 1507 1898 τῶν
1534 1871 1743 1907 ὑστερησάντων
1757 1870 1808 1897 αὑ-

1003 1917 1060 1944 τοῦ.
1086 1918 1246 1952 Ἅναγκαῖὸν
1262 1919 1320 1944 ἐστι
1336 1919 1384 1944 καὶ
1394 1918 1441 1945 ἐπὶ
1463 1918 1572 1953 θανάτῳ
1588 1918 1642 1945 τῶν
1655 1916 1807 1952 τυχόντων,

1004 1964 1056 1991 κᾶν
1066 1964 1152 1996 ἄλλως
1162 1965 1284 1999 φίλτατοι
1306 1964 1361 2000 (35)
1374 1961 1452 1996 ὦσιν,
1467 1963 1649 2000 ὀλοφύρεσθαι
1666 1962 1809 1998 λυπουμέ-

1003 2018 1065 2041 νους
1079 2010 1149 2046 πέρα
1160 2009 1206 2036 τοῦ
1223 2010 1323 2046 μέτρου
1343 2010 1410 2046 (51).
1426 2010 1517 2036 Τύπον
1529 2010 1582 2045 γὰρ
1597 2010 1644 2036 καὶ
1658 2010 1724 2045 περὶ
1740 2007 1808 2035 τού-

1005 2064 1058 2082 των
1073 2055 1180 2082 δίδωσιν
1200 2057 1214 2082 ὁ
1226 2056 1332 2092 Σωτὴρ,
1350 2055 1378 2088 ὃς
1396 2056 1476 2092 μέχρι
1492 2055 1540 2082 τοῦ
1555 2056 1688 2092 δακρῦσαι
1706 2055 1754 2083 ἐπὶ
1768 2054 1809 2091 τῷ

1005 2101 1181 2137 ἀγαπωμένῳ
1193 2101 1312 2138 Λαζάρῳ
1326 2101 1466 2138 τεθνηκότι
1482 2101 1609 2137 ἔφθασεν.

1203 2189 1248 2215 Στ.
1262 2189 1313 2216 κῦν.
1331 2189 1528 2223 Μετανόησον
1540 2185 1605 2216 οὖν.

199 2233 356 2262 Voluntaria
373 2234 417 2261 hic
428 2239 470 2262 est
484 2236 609 2269 mutatio,
635 2244 695 2271 qua;
712 2238 785 2265 cadit
801 2243 906 2266 tantum
924 2238 950 2265 iu

1041 2235 1224 2272 Προαιρετικὴ
1238 2235 1337 2271 τροπὴ,
1366 2235 1383 2270 ἠ
1398 2235 1493 2262 πίπτει
1507 2236 1546 2267 εἰς
1563 2235 1643 2270 μόνον
1656 2233 1702 2261 τδν
1712 2233 1811 2261 δεκτι⁴

162 2288 234 2312 cum,
247 2280 292 2315 qui
313 2280 421 2308 virtutis
432 2286 459 2308 et
476 2281 534 2308 vitii
549 2288 590 2309 est
604 2290 701 2318 capax.
717 2283 775 2311 Jam
784 2292 848 2312 vero
858 2285 949 2319 homo,

161 2327 310 2354 secundum
327 2326 515 2354 haereticorum
543 2329 658 2362 fabulas,
675 2330 760 2357 tualus
775 2335 869 2357 natura
890 2339 949 2358 cum

161 2373 213 2406 sit,
236 2380 288 2399 n0ll
306 2378 348 2400 est
375 2380 460 2407 capax
486 2375 645 2402 voluntariae
672 2377 839 2403 mutationis.
859 2377 951 2410 Itaque

161 2416 324 2452 superﬂuum
341 2421 393 2448 est,
403 2418 512 2452 quando
528 2418 560 2446 ad
575 2418 712 2446 Simonem
726 2419 826 2446 dicitur
839 2428 846 2446 ι
864 2418 951 2446 Parui-

195 2509 218 2525 “
235 2508 311 2536 Rom.
330 2517 351 2542 ι,
367 2509 413 2542 26,
433 2509 478 2538 28.
517 2510 540 2527 "
568 2511 633 2539 ibid.
649 2511 694 2539 25.
733 2510 755 2526 "
774 2511 850 2539 Deut.
869 2511 954 2544 vr,15.

194 2587 250 2622 (5|)
273 2587 496 2622 Ἐλαμϐάνομεν
506 2588 550 2615 τό.
583 2588 703 2622 Respicit
733 2597 776 2622 ea,
801 2596 861 2624 qum
876 2589 908 2616 ad
923 2596 950 2615 ν.

161 2623 196 2660 ιε
209 2624 328 2660 dictarah
344 2625 402 2657 ipso
417 2628 505 2660 erant.
525 2625 649 2658 quamvis
663 2625 689 2652 in
705 2626 842 2660 excerptis
857 2625 899 2651 bis
914 2629 953 2650 ta-

161 2658 195 2684 lia
213 2667 263 2684 mm
279 2659 412 2692 legantur.
428 2658 536 2686 Interim
555 2664 627 2693 patet
651 2660 713 2687 hinc
731 2658 839 2691 iterum,
856 2667 952 2686 excer-

161 2698 204 2726 pta
223 2693 275 2732 ista‘
287 2694 395 2732 (latente
421 2701 453 2732 ex
468 2694 597 2729 singulari
613 2701 644 2732 et
657 2695 731 2732 justo
752 2696 854 2732 Didymi
878 2702 952 2722 cotu-

160 2728 294 2788 :ucntapé-io
309 2729 334 2755 in
350 2730 416 2756 Acta
429 2728 524 2757 hausta
538 2738 608 2758 esse.
625 2728 726 2758 Confer
739 2728 818 2765 paulo
831 2736 889 2766 post
908 2737 954 2756 uo-

173 2769 242 2788 am-
267 2784 273 2788 .

161 2766 214 2788 tam
227 2766 273 2789 ‘26.

196 2797 252 2838 (δῇ)
274 2799 316 2825 Ἤ.
333 2798 423 2838 Malim
440 2799 529 2836 legere
544 2801 594 2838 μή.
608 2800 786 2838 Opponttntur
799 2802 872 2838 enim
884 2800 948 2828 invi-

161 2833 334 2872 cctnlucrum
361 2833 446 2872 majus
460 2833 488 2864 et
515 2833 696 2869 minus,sicut
720 2837 848 2872 deinceps
866 2836 952 2864 luctus

160 2868 267 2901 gravior
281 2873 308 2896 et
324 2869 416 2896 levior.

993 2511 1014 2526 ³⁷
1031 2510 1112 2538 llebr.
1129 2519 1159 2544 ll,
1170 2513 1198 2539 2.

1005 2282 1052 2309 κὸν
1066 2282 1167 2317 ἀρετῆς
1178 2282 1225 2308 καὶ
1238 2282 1348 2314 κακίας.
1368 2282 1397 2308 '0
1420 2282 1449 2308 δὲ
1464 2281 1535 2308 κατὰ
1550 2280 1614 2312 τοὺς
1633 2279 1735 2316 μύθους
1751 2280 1812 2306 τῶν

1006 2327 1152 2363 αἰρετικῶν
1167 2327 1246 2363 φύσει
1261 2328 1344 2359 κακὸς
1356 2325 1394 2354 ὢν
1411 2327 1566 2362 ἄνθρωπος,
1584 2327 1635 2353 οὐκ
1645 2326 1702 2352 ἔστι
1718 2326 1813 2352 δεκτι-

1005 2373 1052 2406 κὸς
1064 2374 1113 2408 τῆς
1138 2373 1210 2400 κατὰ
1225 2373 1352 2410 βούλησιν
1379 2374 1540 2410 μεταϐολῆς.
1571 2373 1651 2400 Ὅθεν
1672 2373 1814 2409 παρέλκει

1004 2421 1044 2454 τὺ,
1069 2419 1279 2455 Μετανόησον,
1303 2420 1452 2457 λεγόμενον
1480 2420 1519 2456 τῷ
1543 2421 1656 2456 Σίμωνι,
1674 2421 1706 2447 ἐκ
1719 2428 1814 2447 κατα-

1244 2511 1266 2528 ³⁵
1282 2511 1412 2545 Psal.cn,
1427 2510 1472 2539 20.
1525 2511 1546 2527 ³⁹
1564 2510 1642 2538 Joan.
1658 2519 1699 2544 xu,
1714 2511 1762 2539 55.

1044 2591 1099 2625 (55)
1114 2591 1265 2619 Φίλτατοι.
1284 2591 1332 2620 Ms.
1349 2593 1446 2619 vitiose
1458 2591 1608 2625 φιλτάτοις.

1044 2627 1098 2662 (54)
1113 2628 1193 2661 Πέρα
1204 2627 1259 2654 τοῦ
1269 2627 1391 2662 μέτρου.
1421 2627 1596 2659 Νοιζιιιὶοιιριιι
1617 2625 1660 2662 hic
1680 2625 1814 2662 suspicor

1007 2660 1247 2697 gxcidissﬂquattt
1262 2660 1287 2689 in
1303 2660 1427 2689 versione
1450 2662 1585 2696 expressi.
1616 2660 1708 2695 Neque
1727 2661 1810 2697 enim

1008 2695 1183 2735 immodicqu
1198 2698 1300 2724 luctum
1314 2698 1430 2735 suadere
1448 2695 1492 2735 hic
1506 2698 1658 2735 censuimus
1671 2701 1712 2735 est
1726 2695 1817 2735 Didyf

1009 2739 1078 2770 mus,
1090 2733 1140 2770 qui
1157 2734 1182 2759 id
1198 2737 1304 2770 tantum
1318 2732 1572 2770 exetanoCbris-li,
1585 2731 1688 2770 Domini
1705 2731 1811 2770 nostri.

1008 2766 1119 2800 evincit,
1135 2769 1205 2803 quod
1234 2768 1357 2803 homines
1388 2766 1465 2794 nobis
1482 2768 1596 2803 amicos,
1610 2766 1719 2803 etiamsi
1734 2766 1811 2803 a_|io-

1007 2803 1072 2835 quin
1091 2799 1151 2831 non'
1159 2803 1270 2831 multum
1295 2802 1462 2839 profuturos,
1489 2799 1593 2838 lugere
1608 2801 1689 2830 liceat.
1704 2799 1812 2828 defun-

1007 2843 1076 2865 CIOS.
