1913 3071
96 116 165 145 1673
649 111 862 140 FRAGMENTA
881 110 914 139 IN

95 177 190 208 σκεῦος
203 174 318 211 ἐκλογῆς
332 173 467 209 ὑπῆρχεν.
495 172 590 205 ΙἈλλος
606 173 634 200 δὲ
649 173 731 206 λέξει,
743 173 783 200 ὅτι
799 172 890 200 θεοτε-
904 175 928 204 Α

95 222 143 259 6ης
155 222 192 249 ὢν
206 222 289 258 ζήλῳ,
310 221 349 257 τῷ
369 220 440 256 μετὰ
452 219 573 254 ἀγνοίας,
588 219 683 246 ἐδίωκε
698 219 761 251 τοὺς
776 219 890 246 πιστεύ-

94 277 173 300 οντας
187 268 226 303 τῷ
253 267 360 303 Σωτῆρι
383 267 422 298 ὡς
438 265 594 298 ἀποστάτας
623 265 669 293 τοῦ
684 265 763 298 Θεοῦ,
784 265 831 292 καὶ
842 265 890 292 τοῦ

95 315 177 350 νόμου
207 313 300 346 αὑτοῦ,
321 313 370 340 καὶ
399 313 460 340 ἐπεὶ
471 312 547 347 θεῖκῇ
572 321 630 344 πως
654 311 781 348 προθέσει
810 311 890 338 τοῦτο

95 361 238 395 ἔπραττεν,
262 361 286 386 εί
305 359 353 386 καὶ
376 358 603 395 πεπλανημένως,
630 358 671 390 εἰς
695 357 744 394 τὴν
761 357 891 393 πρόθεσιν

96 406 176 434 αὑτοῦ
191 407 331 442 σκοπήσας
343 406 358 432 ὁ
368 404 542 440 χρηματίσας
560 401 631 437 εἷπε,
662 403 692 430 Τί
707 411 745 438 με
758 402 875 435 διώκεις
881 410 891 434 ;

97 453 204 484 Εὐθέως
217 452 272 488 γὰρ
295 451 432 486 ἐπήκουσε
459 449 498 485 τῷ
510 448 646 481 λαλοῦντι,
674 449 720 475 καὶ
735 447 892 484 κατάλληλα

96 499 128 534 τῇ
140 498 235 533 κλήσει
252 497 377 532 ἔπραξεν.
401 495 570 522 Ἐπαύσαντο
586 494 614 521 δὲ
628 493 662 521 ἂν
676 493 726 529 τῆς
740 493 849 529 ἀπάτης
866 493 891 519 οί

97 544 145 576 τὰς
161 544 255 579 φύσεις
268 541 439 578 φρονοῦντες,
456 542 480 568 εί
497 541 692 577 ἐπιστήσαντες
707 537 789 575 ἦσαν,
799 539 829 566 τὺ
847 540 894 566 ὲκ-

97 589 180 625 λογῆς
196 589 277 616 αὑτὸν
291 587 359 615 εἶναι
376 587 473 619 σκεῦος
487 586 534 614 τοῦ
550 585 729 622 ὲκλεγομένου
746 584 776 612 οὐ
800 584 891 619 φύσιν,

99 635 167 662 ἀλλὰ
183 635 240 671 βίον
253 634 427 666 σκοποῦντος.

197 763 242 790 Στ.
260 762 310 797 λγ’.
325 759 400 798 Εὗρε
410 761 444 789 δὲ
460 763 526 790 ἐκεῖ
538 761 697 798 ἄνθρωπόν
711 770 786 790 τινα.

134 807 237 844 Πολλὴν
252 807 382 844 διαφορὰν
406 809 463 844 ἔχει
478 808 509 836 τὸ
526 809 648 845 πραχθὲν
665 808 717 835 ὑπὸ
728 808 775 835 τοῦ
790 808 894 844 Πέτρου

99 853 139 886 εἰς
156 854 202 881 τὸν
217 854 263 880 ἐπὶ
277 854 324 881 ὅλα
340 855 412 881 ὀκτὼ
425 855 471 890 ἐτη
485 855 529 882 διὰ
541 856 617 882 νόσον
634 854 756 891 χαλεπὴν
770 854 895 882 κατακεί-
911 853 933 880 Β

101 909 191 936 μενον,
205 901 273 937 πρὸς
282 901 313 928 τὸ
324 902 376 929 ὑπὸ
388 902 476 937 Ἰησοῦ
490 902 635 938 γενόμενον
647 903 687 934 είς
697 901 743 928 τὸν
756 902 804 929 ὅλα
818 902 896 938 τριά-

99 955 179 974 κοντα
191 947 239 974 καὶ
252 946 324 974 ὀκτὼ
338 947 385 983 ἔτη
399 947 446 974 ἐπὶ
465 948 616 984 σκίμποδος
633 948 688 984 (i2)
707 948 837 984 μείναντα
849 948 895 976 διὰ

100 993 216 1029 πάρεσιν
234 994 290 1029 (45)
313 994 432 1021 ἀνίατον.
465 994 494 1021 Ὁ
520 995 569 1030 μὲν
593 995 647 1031 γὰρ
667 995 770 1031 Πέτρος
798 995 894 1027 είπὼν,

99 1038 200 1071 Αἰνέα,
216 1038 293 1066 ἰᾶται
307 1047 345 1066 σε
364 1039 480 1074 Ἰησοῦς
498 1040 635 1075 Χριστὸς,
646 1039 775 1073 ἀνάστα,
802 1039 895 1074 στρῶ-

99 1093 158 1113 σον
173 1084 301 1118 σεαυτῷ,
312 1086 342 1112 τὸ
359 1088 471 1122 σημεῖον
483 1087 645 1122 εἰργάσατο·
681 1086 783 1123 Ἰησοῦς
803 1086 831 1113 δὲ
843 1087 895 1123 φή-

101 1140 159 1164 σας,
178 1133 316 1167 Ἔγειραι,
335 1128 410 1167 ἆρον
429 1132 484 1159 τὸν
495 1133 662 1168 χράϐσατόν
681 1141 739 1160 σου
754 1133 803 1160 καὶ
817 1139 896 1168 περι-

99 1177 196 1210 πάτει,
213 1175 256 1205 οἶα
286 1178 353 1210 Θεὸς
371 1179 402 1205 τὸ
428 1179 570 1215 τεράστιον
600 1180 760 1216 πεποίηκεν.
781 1178 846 1216 Εἶχε
867 1181 896 1208 δὲ

100 1223 279 1258 παραλλαγὴν
292 1223 392 1259 πολλὴν
403 1223 437 1251 τὰ
453 1224 521 1260 πρὸς
537 1225 683 1261 ἑκατέρους
695 1225 838 1262 εἰρημένα.
851 1225 896 1261 Τῷ

102 1269 151 1304 μὲν
167 1269 221 1305 γὰρ
231 1269 327 1305 ἐλέχθη
340 1277 347 1285 ·
361 1269 498 1303 Ἀνάστα,
514 1271 563 1297 καὶ
576 1267 650 1306 ἆρον
664 1271 718 1298 τὸν
731 1271 897 1307 πράϐϐατόν

100 1323 158 1343 σου
183 1315 232 1342 καὶ
260 1315 422 1349 περιπάτει.
460 1316 601 1352 Ἐμφαίνει
620 1316 675 1353 γὰρ
705 1317 721 1353 ή
747 1316 897 1353 πρόσταξις

103 1362 180 1397 ἰσχὺν
192 1361 292 1398 πολλὴν
305 1362 353 1389 σὺν
376 1362 455 1398 ὑγείᾳ
469 1361 566 1398 βεϐαίᾳ
585 1362 760 1398 ἐγγεγονέναι
770 1362 809 1399 τῷ
819 1364 897 1399 εὐερ-

101 1407 268 1443 γετουμένῳ,
288 1407 406 1442 μάλιστα
421 1407 465 1433 ὅτε
480 1407 641 1443 ἐπιφέρεται
651 1416 658 1423 ·
683 1408 826 1442 Ἀναστὰς
840 1406 898 1436 οὖν

100 1450 155 1487 ἦρε
167 1452 220 1479 τὸν
233 1452 398 1486 κράϐὅατον
409 1452 518 1479 ἑαυτοῦ
536 1452 585 1479 καὶ
599 1449 779 1487 περιεπᾶτει.
800 1452 845 1488 Τῷ
858 1453 896 1486 δὲ,

108 1497 246 1530 Ἀνάστα,
262 1497 402 1531 στρῶσον
418 1497 535 1530 σεαυτῷ
548 1506 555 1513 ·
564 1498 595 1524 οὐ
607 1498 661 1534 γὰρ
670 1498 789 1534 τοσαύτη
798 1499 897 1534 ἐμφαί-

101 1551 176 1570 νεται
190 1544 266 1578 ἰσχὺς
279 1543 325 1570 τοῦ
338 1543 498 1579 δυνηθέντος
512 1544 632 1579 στρῶσαι
646 1533 718 1580 γμετὰ
738 1533 838 1581 πολλήν
854 1546 897 1572 νύ·
910 1533 931 1562 c

103 1598 159 1621 σον,
174 1590 236 1617 ὅσον
252 1589 300 1616 τοῦ
329 1590 374 1617 τὸν
404 1590 558 1626 κράῦϐατον
573 1591 695 1627 αἴροντος
715 1592 762 1619 καὶ
776 1601 897 1629 περιπαα

101 1635 221 1667 τοῦντος.
246 1635 491 1671 Ἐσημειωσάμεοα
521 1635 549 1662 δέ
572 1636 658 1663 ταῦτα
684 1637 820 1672 προφάσει
847 1638 898 1673 τῆς

102 1681 260 1716 ἀναγωγῆς,
277 1680 335 1707 ἀλλ’
361 1681 392 1708 οὺ
409 1681 600 1716 συγκρίνοντες
623 1682 663 1718 τῷ
676 1681 782 1718 Πέτρῳ.
802 1682 832 1709 '0
847 1683 898 1719 μὲν

101 1727 158 1763 γὰρ
172 1727 209 1759 ὡς
221 1726 288 1758 Θεὸς
309 1727 412 1754 ἐποίει*
440 1728 454 1754 ὁ
477 1727 506 1754 δὲ
520 1727 656 1754 πιστεύων
673 1728 713 1758 είς
736 1728 812 1755 Θεόν.
828 1727 898 1764 Φησὶ

102 1773 172 1809 γάρ’
196 1772 283 1802 Ἰᾶταί
290 1781 326 1800 σε
346 1773 460 1807 Ἰησοῦς
471 1773 632 1809 ὁΧριστὸς,
648 1774 686 1806 ὡς
701 1774 819 1810 ἑκάτερα
830 1774 897 1802 ταῦ-

102 1829 136 1847 τα
151 1819 270 1856 Χριστοῦ
282 1818 351 1847 εἶναι
364 1820 442 1856 ἔργα.

184 1952 230 1980 Στ.
240 1952 294 1986 λς’.
317 1953 364 1979 Ἐν
383 1953 484 1988 Ἰόππῃ
496 1952 530 1980 δέ
543 1962 588 1986 τις
598 1952 638 1989 ἦν
653 1954 813 1990 μαθήτρια.

138 1999 321 2035 Σημειωτέον,
335 1999 376 2026 ὃτι
393 1999 440 2026 καὶ
454 1999 534 2035 μέχρι
547 1999 683 2034 γυναικῶν
696 2000 792 2035 φθάνει
803 2001 833 2028 τὸ
844 2000 899 2028 τῶν

106 2045 264 2082 μαθηεριῶν
281 2045 376 2080 δνομα,
395 2045 443 2072 καὶ
456 2046 473 2081 ἡ
489 2045 552 2077 ἀξία
572 2046 622 2082 τῆς
643 2047 812 2082 ἐπωνυμίας.
837 2048 900 2075 Ἀπ-

103 2093 246 2120 ἐστειλαν
253 2091 286 2118 δὲ
293 2092 347 2118 δύο
355 2091 467 2126 ἄνδρας
475 2093 550 2127 πρὸς
556 2092 659 2120 αὐτόν.
668 2094 775 2121 Μᾶλλον
783 2096 799 2131 ή
809 2095 901 2127 πίστις

103 2138 158 2165 τῶν
169 2137 328 2174 πασχόντων
343 2137 393 2170 τὰς
424 2138 510 2170 ἰάσεις
526 2138 682 2174 ἐργάζεται.
707 2139 772 2167 Ἰδοὺ
789 2141 843 2177 γὰρ
854 2142 901 2169 καὶ

104 2181 157 2211 ὧδε
175 2185 201 2211 οι
214 2184 417 2217 πιστεύσαντες,
430 2185 471 2211 ὅτι
482 2184 526 2211 διὰ
544 2185 595 2220 τῆς
609 2185 657 2212 τοῦ
674 2185 778 2222 Πέτρου
793 2188 901 2223 παρρη-

106 2230 166 2262 σίας
180 2230 291 2257 δύναται
305 2230 454 2265 ἀναστῆναι
478 2231 602 2266 νεκροὺς,
631 2232 762 2268 ἐπέτυχον
775 2233 824 2260 τοῦ
839 2242 902 2260 σκο-

105 2276 159 2303 ποῦ
173 2285 180 2292 ·
204 2276 274 2312 πλὴν
289 2277 338 2311 oux
363 2277 406 2303 οἵα
421 2277 519 2313 δήποτε
530 2277 620 2310 πίστις
636 2271 829 2314 σιῗμσάλλεται,
843 2280 902 2307 ἀλλ’

105 2323 124 2358 ἡ
135 2324 174 2356 εἰς
185 2324 246 2355 τοὺς
262 2323 346 2355 ὗντως
364 2323 466 2358 ἁγίους.

247 2414 292 2441 Στ.
310 2413 364 2447 λςδ.
377 2414 458 2449 Αὕτη
473 2414 592 2449 πλήρης
604 2413 643 2450 ἦν
653 2417 757 2452 ἔργων.

148 2461 224 2488 Ἐπεί
239 2469 311 2493 τινες
323 2460 447 2500 ὀκνηρῶς
475 2461 582 2496 ἔχοντες
602 2463 667 2498 περὶ
679 2463 785 2496 τελείας
799 2464 901 2501 ἀρετῆς

107 2507 250 2543 ἀνάληψιν,
265 2507 341 2543 φασὶ,
358 2508 396 2543 μὴ
423 2507 534 2534 δυνατὸν
549 2509 747 2545 κατορθοῦσθαι
765 2511 901 2548 ἀνθρώπῳ

108 2555 165 2591 βίον
176 2555 304 2590 ἄληπτον,
320 2554 461 2590 ἐλεγκτέον
475 2556 574 2589 αὐτοὺς
590 2558 622 2584 ἐκ
645 2557 695 2593 τῆς
717 2559 900 2595 προκειμένης

937 109 1051 140 ACTUS
1070 109 1191 138 APOST.
1664 106 1734 136 1674

938 171 1054 200 sterium
1069 171 1095 198 in
1111 173 1251 206 poslerum
1267 167 1300 196 ab
1310 174 1342 196 co
1356 166 1552 202 praestandum.
1564 165 1642 202 quasi
1651 173 1734 194 euam

944 224 1007 247 tunc
1033 225 1080 245 vas
1102 219 1218 245 electum
1240 215 1332 243 fuerit.
1354 215 1430 242 Alius
1445 220 1511 242 vero
1533 211 1604 240 forte
1625 211 1736 247 dixerit,

943 265 1028 300 quod,
1043 271 1104 292 cum
1121 263 1182 299 pius
1198 266 1270 290 esset
1288 268 1321 289 es
1341 260 1410 293 zelo,
1427 258 1587 295 ignorantia
1609 258 1691 294 pleno
1701 258 1738 293 δ’,

945 315 1105 346 persecutus
1132 309 1168 337 sit
1187 315 1252 341 eos,
1284 307 1330 343 qni
1357 307 1385 334 in
1401 305 1541 334 Christum
1566 304 1737 337 credebant.

943 362 1075 392 tanquam
1103 355 1207 383 alienos
1228 362 1243 382 ιι
1268 353 1325 381 Deo
1339 357 1367 380 et
1389 352 1448 387 lege
1468 351 1542 385 ejus;
1559 355 1640 386 atque
1658 350 1736 380 adeo.

945 410 1007 431 cum
1027 401 1127 429 Paulus
1147 404 1270 436 respectu
1284 399 1317 426 ad
1333 398 1418 426 Deutn
1434 397 1536 430 habito,
1550 395 1675 432 quamvis
1688 403 1738 430 per

945 456 1078 482 errorem,
1095 448 1152 475 haec
1173 446 1273 482 egerit,
1291 445 1431 477 Dominus,
1449 444 1519 471 hanc
1533 443 1592 477 ejus
1610 441 1738 470 intentio-

947 503 1009 524 nem
1024 494 1184 530 respiciens,
1202 493 1302 521 dixerit
1316 501 1323 520 :
1339 492 1410 526 Quid
1425 500 1465 519 me
1479 491 1661 527 persequeris?
1677 489 1739 518 Sta-

945 543 993 570 lim
1008 541 1080 570 enim
1104 540 1267 569 auscultavit
1287 540 1453 574 loquentetn,
1468 542 1496 566 et
1520 545 1580 572 qua:
1597 537 1740 565 vocatione

945 588 998 616 hac
1012 588 1092 623 digna
1110 591 1198 620 erant,
1215 585 1352 621 praestitit.
1370 585 1421 618 Qui
1437 592 1502 612 vero
1523 585 1560 612 ita
1582 585 1616 612 de
1638 584 1739 620 duplici

947 639 1044 662 natura
1062 633 1195 666 sentiunt,
1209 632 1243 660 ab
1257 638 1351 660 errore
1363 631 1442 659 facile
1455 631 1625 663 recederent,
1639 630 1662 658 si
1679 637 1740 658 nos—

945 685 1018 713 sent,
1036 688 1096 708 eum
1112 686 1160 707 vas
1177 686 1238 707 esse
1251 678 1368 706 electum
1384 677 1466 711 illius,
1480 677 1525 712 qui
1543 685 1596 704 non
1613 682 1739 704 naturam

946 728 1030 763 eligit,
1044 727 1091 754 sed
1104 727 1189 753 vitam
1209 724 1329 760 respicit.

997 774 1074 802 Vers.
1094 772 1139 800 35.
1157 771 1260 799 Invenit
1275 779 1334 798 vero
1350 771 1384 797 ibi
1399 770 1530 798 hominem
1543 771 1691 806 quemdam.

984 818 1097 847 Multum
1117 817 1229 845 omnino
1243 817 1280 849 id,
1299 817 1370 852 quod
1391 824 1405 844 ιι
1422 816 1502 845 Petro
1524 817 1677 852 prmstitum
1701 821 1743 844 est

948 866 976 894 in
999 873 1073 897 eum,
1093 864 1137 899 qui
1158 871 1207 898 per
1229 868 1292 891 octo
1319 864 1440 899 integros
1462 871 1547 892 annos
1566 870 1598 891 ex
1622 863 1743 899 paralysi

949 910 1091 940 insanabili
1109 909 1249 943 decubuit,
1268 908 1360 936 diﬁcrt
1378 909 1411 936 ab
1429 916 1472 942 eo,
1488 909 1561 944 quod
1583 917 1598 936 ιι
1617 908 1680 937 Jesu
1701 908 1743 935 fa—

950 962 1022 985 ctum
1036 960 1078 983 est
1093 956 1119 982 in
1132 962 1205 989 eum,
1222 955 1268 990 qui
1289 960 1351 982 octo
1365 959 1393 982 et
1408 955 1517 991 triginta
1537 955 1615 982 annis
1629 955 1743 990 integris

949 1009 982 1030 ex
1011 1001 1129 1037 paralysi
1155 1001 1347 1029 immedicabili
1373 1001 1399 1028 iu
1418 1001 1487 1029 lecto
1510 1001 1630 1029 litesit".
1645 1001 1744 1030 Petrus

949 1049 1023 1077 enim
1038 1049 1131 1076 dicens
1147 1057 1153 1075 :
1168 1047 1284 1078 Anania.
1300 1047 1437 1075 medeatur
1453 1047 1500 1075 tibi
1513 1047 1593 1075 Jesus
1609 1046 1744 1080 Christus,

950 1103 1038 1130 surge,
1054 1100 1140 1122 sterne
1155 1094 1251 1122 lectum
1266 1094 1314 1121 tibi
1328 1094 1420 1129 ipsi“,
1438 1094 1603 1122 miraculum
1621 1095 1673 1122 hoc
1685 1102 1746 1130 per-

951 1142 1026 1169 fecit.
1043 1141 1122 1170 Jesus
1142 1149 1206 1169 vero
1222 1141 1318 1169 dicens
1332 1150 1338 1169 :
1359 1140 1453 1176 Surge,
1466 1141 1528 1169 tolle
1542 1141 1640 1169 lectum
1656 1146 1744 1175 tuum,

950 1193 974 1215 et
988 1187 1105 1221 ambula,
1134 1192 1164 1215 ut
1187 1187 1258 1215 Deus
1287 1187 1440 1215 mirandum
1473 1187 1525 1216 hoc
1553 1195 1621 1223 opus
1647 1188 1744 1216 edidit.

951 1233 1065 1262 Multum
1087 1242 1151 1261 vero
1166 1234 1332 1262 discriminis
1354 1234 1498 1262 intercedit
1519 1234 1593 1262 inter
1625 1241 1669 1268 ea,
1685 1242 1746 1271 quze

951 1280 984 1307 ad
1001 1286 1148 1315 utrumque
1169 1279 1242 1308 dicta
1262 1284 1337 1308 sunt.
1360 1280 1447 1308 Alteri
1475 1281 1547 1308 enim
1574 1280 1718 1309 dicebatur
1737 1289 1744 1308 :

951 1325 1047 1362 Surge.
1067 1330 1092 1354 et
1115 1326 1178 1354 tolle
1200 1325 1296 1354 lectum
1312 1331 1398 1358 tuum,
1415 1331 1439 1354 et
1459 1327 1576 1354 ambula.
1590 1325 1745 1355 Mandatum

951 1372 1023 1399 enitn
1040 1371 1093 1399 hoc
1114 1371 1224 1403 evincit,
1240 1371 1344 1400 homini
1365 1377 1464 1400 sanato
1475 1379 1538 1400 cum
1552 1373 1658 1408 integra
1672 1373 1744 1400 vale-

951 1417 1046 1444 tudine
1063 1417 1147 1444 robur
1159 1424 1287 1452 magnum
1303 1416 1431 1445 collatum
1445 1424 1519 1451 esse,
1536 1419 1562 1446 in
1576 1418 1671 1453 primis
1683 1426 1745 1446 cum

952 1462 1129 1497 subiungatur
1143 1471 1150 1490 :
1166 1462 1285 1498 Surgam
1296 1463 1384 1499 itaque
1395 1464 1504 1492 sustulit
1520 1464 1616 1491 lectum
1629 1473 1706 1492 suum
1720 1471 1745 1493 et

953 1508 1017 1534 abiit
1032 1507 1064 1535 ¹¹,
1082 1506 1169 1535 Alteri
1187 1514 1253 1536 vero
1270 1508 1432 1536 dicebatur:
1449 1507 1537 1544 Surge
1553 1514 1577 1536 et
1595 1514 1680 1537 sterne
1699 1510 1746 1537 tibi

947 1553 998 1587 ipsi
1013 1552 1119 1580 lectum.
1135 1552 1194 1580 1am
1213 1560 1278 1581 vero
1291 1553 1341 1587 illi,
1366 1554 1413 1589 qui
1428 1554 1528 1582 lectum
1543 1555 1593 1583 sibi
1609 1560 1670 1590 post
1684 1563 1748 1591 gra-

948 1605 1010 1626 vem
1023 1599 1151 1626 morbum
1172 1602 1296 1627 sternere
1311 1605 1412 1634 potest,
1429 1607 1482 1628 non
1499 1603 1603 1628 tantum
1620 1600 1747 1629 tribuitur

949 1644 1044 1678 robur,
1067 1650 1198 1680 quantum
1217 1645 1269 1678 illi,
1287 1645 1335 1681 qui
1366 1645 1466 1673 lectum
1497 1645 1591 1674 tollere
1608 1650 1697 1682 potest
1719 1651 1748 1674 et

948 1689 1101 1717 ambulare.
1124 1690 1215 1725 Atque
1239 1689 1284 1718 illa
1307 1690 1416 1726 quidem
1432 1691 1519 1726 magis
1542 1698 1592 1727 per
1606 1698 1746 1727 anagogen

948 1735 1094 1771 quamdam
1108 1735 1327 1768 observavimus,
1343 1742 1425 1772 quam
1444 1741 1473 1764 ut
1493 1744 1553 1764 cum
1568 1735 1642 1764 Petri
1661 1737 1748 1764 actio-

949 1789 984 1809 ne
1003 1787 1234 1816 compararemus.
1251 1780 1378 1809 Christus
1401 1781 1473 1809 enim
1494 1781 1610 1810 alterum
1629 1781 1694 1809 fecit
1716 1787 1747 1809 ut

948 1827 1038 1859 Deus;
1054 1825 1153 1854 Petrus
1177 1832 1253 1858 vero,
1267 1831 1297 1854 ut
1320 1827 1346 1853 in
1366 1827 1506 1855 Christum
1533 1827 1658 1855 credens.
1675 1827 1744 1855 Dicit

949 1873 1022 1900 enim
1043 1881 1050 1899 :
1067 1872 1150 1900 Suuet
1169 1877 1193 1899 te
1207 1871 1286 1900 Iesus
1307 1871 1441 1908 Christus,
1457 1879 1485 1901 ut
1511 1873 1625 1908 proinde
1642 1878 1747 1901 utrum-

949 1926 1003 1954 que
1019 1925 1087 1953 opus
1103 1918 1190 1953 ipsius
1200 1917 1303 1946 Christi
1317 1918 1363 1946 sit.

1074 1963 1154 1991 Vers.
1169 1963 1213 1991 56.
1233 1962 1326 1998 Joppw
1340 1971 1398 1991 vero
1415 1969 1472 1991 erat
1489 1965 1630 1999 discipula.

985 2009 1138 2038 Notandum
1162 2010 1207 2038 hic
1233 2014 1285 2042 est,
1316 2010 1508 2046 discipularum
1532 2019 1630 2040 nomen
1654 2011 1747 2047 hujus-

950 2064 1003 2091 que
1019 2056 1138 2084 nominis
1153 2056 1313 2092 dignitatem
1333 2057 1415 2084 etiam
1435 2057 1462 2085 in
1483 2057 1612 2085 fuatninas
1634 2059 1742 2086 cadere.

951 2101 1082 2130 lliserunt
1105 2107 1195 2129 autem
1213 2102 1288 2129 binos
1312 2102 1382 2130 viros
1408 2103 1444 2130 ad
1462 2104 1560 2138 ipsum.
1578 2103 1654 2132 Adeo
1678 2105 1745 2132 ﬁdes

951 2152 1113 2184 aegrotorum
1130 2149 1298 2177 sanationem
1322 2151 1479 2185 promovet!
1506 2150 1627 2186 Namque
1650 2156 1677 2179 et
1701 2152 1744 2178 hic

917 2211 940 2239 Ι)
954 2194 1004 2227 illi,
1022 2194 1068 2229 qui
1084 2194 1241 2227 credebant,
1257 2196 1330 2230 quod
1339 2201 1393 2230 per
1412 2195 1538 2224 fiduciam
1556 2196 1628 2224 Petri
1646 2196 1741 2234 (Deus)

953 2241 1076 2268 excitare
1101 2240 1190 2275 possit
1206 2245 1340 2274 mortuos,
1368 2248 1480 2277 scopum
1505 2250 1583 2270 suum
1605 2244 1746 2271 consecuti

954 2291 1028 2316 sunt.
1052 2287 1162 2314 Interim
1183 2294 1241 2323 non,
1261 2287 1382 2322 cujusvis
1406 2289 1514 2323 generis
1538 2289 1604 2318 fides
1627 2290 1654 2317 in
1677 2290 1747 2318 hanc

954 2340 1011 2361 rem
1037 2333 1187 2368 quidquam
1207 2333 1324 2367 confert,
1344 2335 1391 2362 scd
1413 2335 1467 2369 illa,
1489 2343 1549 2370 quae
1574 2336 1599 2364 in
1621 2337 1746 2365 homines

954 2386 1017 2407 vere
1031 2384 1140 2408 sanctos
1155 2379 1250 2408 tendit.

1091 2425 1169 2453 Vers.
1185 2425 1230 2453 56.
1246 2425 1300 2454 Illa
1318 2427 1437 2462 operibus
1453 2428 1530 2462 plena
1546 2433 1613 2456 erat.

991 2472 1125 2506 Quoniam
1146 2473 1281 2507 nonnulli,
1294 2474 1340 2509 qui
1359 2473 1527 2509 negligenter
1541 2474 1567 2502 in
1580 2473 1670 2502 studio
1683 2481 1749 2510 pcr-

956 2517 1035 2546 fectaa
1050 2518 1159 2546 virtutis
1181 2523 1337 2552 versantur.
1355 2519 1413 2547 ficri
1434 2526 1513 2554 posse
1528 2525 1638 2555 negant,
1653 2525 1683 2548 ut
1698 2521 1746 2548 ιιι·-

956 2571 1000 2591 mo
1019 2564 1210 2600 inculpabilem
1228 2565 1312 2593 vitam
1335 2569 1408 2600 agat,
1425 2565 1463 2593 illi
1484 2565 1592 2601 quidem
1616 2567 1743 2601 prtesenti

142 2636 187 2664 "I
202 2636 271 2664 Tim.
289 2644 310 2671 ι,
331 2636 384 2670 I3;
399 2635 478 2664 Rom.
498 2644 526 2669 ι,
540 2636 568 2662 ‘2.
607 2636 630 2652 '°
649 2635 727 2664 Joan.
743 2644 768 2671 v,
784 2637 810 2665 5.
850 2639 872 2654 "
893 2640 959 2668 ibid.
977 2641 1005 2669 8.
1039 2642 1062 2658 ⁸¹
1075 2641 1140 2670 ibid.
1158 2641 1185 2670 9.

145 2720 201 2756 (42)
222 2717 286 2746 Ἐπί
301 2718 481 2756 σκίμποδοςἶ
508 2718 660 2756 Σκίμπους,
675 2719 701 2746 id
727 2723 769 2747 est
787 2719 902 2749 lectulus

107 2754 230 2788 humilis,
243 2754 432 2815 paraliticjsin
443 2754 536 2788 primis
551 2755 769 2783 accommodatus
780 2761 832 2784 est.
850 2756 903 2783 Eu-

109 2792 225 2815 stathius
249 2791 283 2815 ml
301 2789 313 2815 Ι
329 2788 384 2815 iud.
403 2797 432 2815 ιι.
444 2798 469 2815 ιι.
484 2789 549 2815 1077
568 2789 610 2815 ed.
628 2790 717 2815 Ilom..
730 2791 841 2815 exnnnit
856 2799 903 2815 ηει-

109 2792 225 2818 statltius
243 2788 283 2816 ut!
301 2788 384 2816 Iliad.
403 2797 432 2819 ιι,
444 2798 469 2823 p.
484 2789 549 2825 1077
568 2789 610 2816 ed.
625 2790 717 2825 lion»,
730 2791 841 2825 exponit
856 2799 903 2824 per

109 2826 206 2861 εὐτελῆ
221 2825 373 2862 κλίνην-καὶ
384 2824 821 2862 χθαμαλὴν,-πελάζουσαντῇγῇ.
836 2826 902 2854 Vide

110 2862 145 2890 de
162 2859 212 2890 hac
229 2859 297 2889 voce
309 2859 462 2888 Casaubon.
480 2861 514 2886 ad
529 2859 636 2888 Sueten.
651 2868 681 2895 ιι,
696 2859 900 2897 28,1:t'illustr.

270 2907 406 2938 Ριιτιιοι..
423 2906 481 2938 Gn.
502 2907 655 2940 XXXIX.

956 2721 1151 2757 Spnuhemium
1162 2723 1198 2750 ad
1210 2723 1379 2757 Aristaphan.
1397 2722 1497 2754 Nubes,
1510 2730 1581 2751 vers.
1592 2723 1655 2752 255.

993 2757 1049 2794 (45)
1069 2757 1210 2792 Πάρεσιν.
1232 2759 1351 2794 Πάρεσις
1368 2762 1396 2795 et
1425 2758 1577 2795 παράλυσις
1591 2761 1625 2789 de
1641 2761 1745 2788 resolu-

958 2793 1032 2831 tione
1043 2800 1200 2826 nervorum,
1213 2793 1394 2831 qum’pruprie
1408 2793 1666 2831 purugsis‘dicitur,
1684 2803 1747 2831 pro-

958 2828 1060 2869 miscue
1073 2828 1245 2869 usurpatur}
1271 2828 1395 2869 medicis.
1415 2831 1453 2869 ita
1484 2829 1637 2869 Trallianus
1652 2840 1660 2858 :
1677 2828 1748 2869 παρ.

957 2862 1040 2896 έσεως
1052 2862 1152 2903 πάθος,
1165 2864 1178 2893 ὃ
1194 2863 1239 2893 καὶ
1255 2863 1406 2901 παράλυσιν
1418 2864 1561 2902 ὀνομάζειν
1571 2866 1694 2895 εἰώθασι.

1545 2912 1585 2944 53
