1913 3071
181 101 250 131 1575

798 97 915 125 DIDYMI
934 96 1169 125 ALEXANDRINI

1744 100 1815 128 1676

180 158 240 186 loco
257 157 404 193 Scriptura:
418 157 552 186 confutari
568 159 689 192 possunt,
700 163 753 190 quo
771 155 872 183 Dorcas
889 155 966 190 plena

1022 155 1128 190 γραφῆς
1162 155 1361 192 μαρτυρούσης,
1380 156 1418 187 ὡς
1449 155 1504 191 ἄρα
1530 156 1546 190 ἡ
1572 156 1676 192 Δορκας
1706 158 1815 193 πλήρης

180 204 265 232 fuisse
283 204 382 231 dicitur
398 203 478 231 bonis
498 203 625 238 operibus
650 202 786 234 omnibus,
800 206 828 229 et
850 201 968 237 erogatis

181 251 209 277 in
223 257 356 284 pauperes
383 249 572 284 eleemosyuis.
601 249 651 281 Qui
672 247 743 275 enim
759 248 796 274 ita
814 247 896 274 vitam
925 247 967 274 in--

182 297 275 327 struit,
291 303 351 323 eum
369 296 428 323 sine
447 296 573 323 sordibus
588 295 680 322 vivere
695 301 804 321 necesse
817 299 869 321 est.
887 293 968 322 Plena

179 350 245 370 vero
265 341 445 377 eleentosynis
462 349 492 369 ea
519 341 669 372 invenitur,
683 348 743 375 quae
758 347 789 367 ex
816 340 970 367 beneficen-

178 387 235 418 tiae,
253 394 306 414 non
320 392 410 414 autem
437 395 513 414 vame
536 387 628 421 gloriae
648 387 718 421 apud
740 385 863 413 homines
884 392 968 412 aucu-

181 432 276 466 panda:
304 432 404 464 studio,
421 433 568 459 secundum
584 435 748 466 prmceptum
778 429 836 463 Dei,
850 437 897 457 eas
909 437 968 458 ero-

178 483 232 512 gat.
263 477 334 505 Idem
360 478 432 505 dices
451 485 559 512 quoque
579 477 611 504 de
629 476 690 504 aliis
713 476 851 511 operibus,
872 476 968 511 quibus

179 523 294 557 femina,
313 524 356 552 hic
370 524 489 557 laudata,
502 523 600 551 referta
616 523 675 550 fuit.

349 570 424 597 Vers.
439 570 482 597 5'1.
500 569 534 597 Ut
547 577 578 596 ex
595 570 683 596 morbo
698 569 791 597 abiret.

213 616 302 649 Quare
317 623 383 643 vero
406 619 610 650 exspectarunt,
625 616 711 643 donec
728 615 898 643 moreretur?
914 615 968 642 Cur

181 669 232 688 non
249 662 323 696 pritts
339 661 420 689 Petro
436 661 543 689 molesti
560 661 690 688 fuerant?
703 660 844 695 Indignum
865 660 968 688 scilicet

181 708 320 742 putabant,
345 707 448 735 ratione
465 707 519 738 usi.
535 707 560 734 in
587 708 637 734 hac
653 714 733 734 causa
755 706 893 741 discipulis
918 713 967 733 ue-

180 755 280 787 gotium
293 753 436 786 facessere,
447 758 473 781 et
487 753 521 780 ab
534 752 670 787 Evangelii
681 752 828 780 ministerio
843 758 964 778 avocare.

179 799 324 835 Propterea
341 801 439 827 dicitur
451 798 571 834 Lyddam
594 797 687 833 Joppae
711 797 828 825 vicinam
857 797 959 824 fuisse:

180 847 249 873 unde
269 851 298 873 ut
321 853 430 881 operam
457 845 528 873 hanc
548 844 688 872 subcesivo
708 849 827 878 tempore
848 843 964 878 suscipe-
981 830 1000 858 Β

180 896 251 924 rent,
269 892 477 926 requisiverunt.

179 935 254 963 CAP.
272 935 306 968 Χ,
325 943 396 963 vers.
421 935 465 963 10.
482 935 580 962 Incidit
597 936 624 962 in
645 942 704 962 eum
724 933 818 960 mentis
835 939 962 960 excessus.

214 982 265 1015 Qui
283 982 414 1016 duplicem
431 987 557 1009 naturam
573 982 696 1009 doctrina
720 988 767 1007 sua
788 986 869 1014 prava
884 979 966 1006 inve-

180 1028 260 1061 hunt,
275 1035 323 1055 eos
338 1028 460 1055 homines
478 1028 574 1055 salutis
590 1034 702 1062 capaces
722 1033 784 1054 esse
801 1029 908 1060 negant,
920 1024 965 1058 qui

181 1081 229 1108 per
245 1075 405 1109 pravitatem
423 1081 499 1101 suam
522 1080 618 1100 canum
639 1076 668 1100 et
695 1079 838 1107 porcorum
858 1069 967 1097 nomine

180 1120 360 1154 appellantur,
374 1118 472 1154 quibus
487 1118 569 1146 etiam
598 1122 722 1146 sanctum
742 1117 805 1144 dare
821 1121 849 1143 et
861 1115 967 1143 divinas

179 1166 340 1201 margaritas
361 1165 495 1200 projicere
525 1164 651 1192 Salvator
680 1162 858 1199 prohibuit".
884 1161 966 1189 [idem

180 1213 291 1246 insuper
309 1219 357 1239 eos
377 1216 473 1238 natura
497 1217 547 1238 sua
570 1210 656 1237 malos
677 1209 782 1242 dicunt,
799 1209 843 1243 qui
857 1208 911 1243 lupi
924 1215 968 1235 ra-

180 1265 270 1293 paces,
288 1263 315 1285 et
330 1257 425 1292 vulpes
441 1261 497 1283 aut!
508 1256 568 1283 aliis
593 1256 734 1283 brutorum
748 1254 904 1282 animalium
920 1261 968 1281 no—

181 1303 298 1330 minibus
311 1302 491 1337 appellantur.
513 1301 560 1329 His
577 1300 658 1336 igitur
679 1308 711 1328 ex
726 1300 851 1335 praesenti
866 1299 969 1327 visione

181 1349 376 1377 obverteudum
393 1353 444 1381 est,
460 1348 561 1375 nullum
572 1354 665 1375 eorum
679 1350 786 1379 natura,
802 1345 849 1374 sed
865 1350 968 1373 tantum

181 1395 319 1430 proposito
337 1395 435 1422 malum
451 1401 521 1422 esse.
534 1393 601 1422 Cum
621 1393 693 1421 enim
713 1393 785 1421 Deus
800 1394 898 1421 docere
919 1391 970 1420 Pe-

182 1447 253 1469 trum
276 1441 367 1473 vellet,
394 1440 498 1468 nullum
518 1440 667 1474 hominem,
684 1444 812 1474 tanquam
830 1440 967 1474 impurum

1019 202 1128 228 πάντων
1145 201 1254 236 ἀγαθῶν
1276 202 1323 228 και
1340 201 1536 236 ἐλεημοσυνῶν,
1553 198 1590 229 ὦν
1604 202 1702 234 ἐποίει,
1722 203 1813 239 ὑπῆρ-

1019 255 1060 282 χε.
1070 247 1223 274 Ἀκολουθεί
1238 248 1304 283 γὰρ,
1315 247 1360 274 τὸν
1375 248 1445 274 οὕτω
1459 247 1654 283 κατορθοῦντα,
1669 248 1726 283 βίον
1740 249 1813 283 ἔχειν

1019 294 1194 329 ἀκηλίδωτον.
1208 294 1318 330 Πλήρης
1332 294 1360 320 δὲ
1373 294 1573 329 ἐλεημοσυνῶν,
1588 291 1625 320 ὧν
1639 294 1737 327 ἐποίει,
1751 295 1811 330 ἣτις

1019 340 1184 377 εὑρίσκεται,
1202 341 1265 366 ὅταν
1279 340 1322 367 διὰ
1334 340 1364 366 τὸ
1389 340 1547 367 κοινωνικὸν
1557 340 1605 366 καὶ
1619 339 1688 366 Θεοῦ
1700 332 1810 376 ἐντολήν

1021 388 1083 423 ποιῇ
1100 387 1193 419 αὐτὰς,
1211 388 1258 413 καὶ
1275 387 1312 422 μὴ
1326 387 1398 418 ὅπως
1410 386 1538 422 θηρεύσει
1554 386 1599 413 τὸν
1619 386 1672 413 ἀπὸ
1692 386 1746 413 τῶν
1763 387 1807 413 ἀν-

1019 433 1135 469 θρώπων
1150 433 1268 460 ἔπαινον.
1284 433 1321 459 Τὸ
1336 433 1402 460 αὐτὸ
1421 434 1493 468 ἐρεῖς
1509 433 1556 459 καὶ
1572 433 1636 468 περὶ
1655 433 1708 459 τῶν
1722 433 1810 460 ἄλλων

1016 479 1140 514 ἀγαθῶν,
1155 475 1195 506 ὧν
1212 478 1318 515 πλήρης
1333 479 1349 514 ὴ
1365 477 1549 513 ἐπαινουμένη
1566 477 1707 513 ἄνθρωπος
1722 478 1810 512 ὑπῆρ-

1019 535 1075 562 χεν.

1083 573 1128 598 Στ.
1147 570 1195 604 λζ’.
1218 571 1450 605 Ἀσθενήσασαν
1462 570 1560 604 αὐτὴν
1569 570 1740 597 ἀποθανεῖν.

1054 619 1102 645 Διὰ
1127 618 1153 645 τί
1170 618 1346 653 περιέμειναν
1363 618 1527 648 ἀποθανεῖνς
1548 617 1575 643 τί
1594 618 1629 651 μὴ
1643 617 1744 652 ὲσκύλη
1757 617 1810 644 Πέ-

1017 675 1081 701 τρος
1097 665 1143 692 καὶ
1161 664 1214 700 πρὸ
1229 664 1339 696 τούτου,
1375 663 1496 696 Ἀνάξιον
1512 663 1568 698 (44)
1586 662 1700 699 ἡγοῦντο
1715 663 1809 690 λοιπὸν

1019 710 1225 746 φιλοσοφοῦντες
1255 709 1324 747 ὑπὲρ
1357 709 1411 736 τῶν
1438 708 1565 735 τοιούτων
1590 709 1653 740 τοὺς
1684 708 1809 744 μαθητὰς

1018 758 1152 790 σκύλλειν,
1179 757 1286 784 καὶτοῦ
1306 755 1483 791 κηρύγματος
1509 755 1667 790 παρασπᾷν,
1683 755 1744 780 ἐπεὶ
1762 756 1810 781 καὶ

1016 804 1060 831 διὰ
1071 803 1150 831 τοῦτο
1164 803 1248 838 λέγει,
1268 802 1307 829 ὅτι
1321 802 1404 838 ἐγγὺς
1415 799 1459 837 ἦν,
1476 800 1504 827 εἰ
1517 809 1567 828 που
1579 801 1608 828 ἐν
1620 800 1694 833 τάξει
1707 801 1810 836 παρέρ-

1015 861 1064 887 γου
1074 851 1153 879 τοῦτο
1169 851 1262 888 ᾔτουν.

1061 930 1140 956 ΚΕΦ.
1154 930 1181 957 l'.
1197 930 1243 956 Στ.
1256 932 1281 956 ι’.
1301 928 1432 964 Ἐγένετο
1443 927 1489 954 ἐπ’
1505 926 1599 954 αὐτὸν
1607 926 1764 957 ἔκστασις.

1055 978 1087 1005 οι
1105 976 1154 1008 τὰς
1181 976 1277 1012 φύσεις
1301 975 1457 1010 εἰσάγοντες
1475 974 1530 1009 (45)
1556 972 1722 1008 ὲτερόδεκτοι
1741 971 1809 1007 (46),

1018 1024 1110 1059 φασὶν,
1130 1023 1322 1053 ἀνεπιδέκτους
1336 1019 1406 1048 εῖναι
1422 1020 1564 1056 σωτηρίας
1574 1019 1622 1046 ἀνθ
1628 1019 1733 1054 ρώπους
1741 1018 1812 1044 ὲκεί-

1017 1078 1090 1101 νονς,
1111 1069 1175 1100 τοὺς
1203 1067 1248 1094 διὰ
1267 1067 1420 1102 φαυλότητα
1443 1065 1525 1101 ἤθους
1542 1065 1625 1096 κύνας
1639 1064 1685 1091 καὶ
1701 1063 1811 1098 χοίρους

1017 1115 1212 1150 καλουμένους,
1231 1111 1272 1145 οἷς
1284 1113 1314 1140 τὺ
1330 1113 1407 1147 ἅγιον
1425 1112 1523 1139 διδόναι
1535 1112 1582 1138 καὶ
1596 1111 1657 1142 τοὺς
1677 1109 1811 1145 μαργαρί-

1017 1171 1066 1193 τας
1080 1162 1143 1193 τοὺς
1158 1160 1246 1192 θείους
1259 1161 1373 1187 ἀπεῖπεν
1387 1160 1401 1185 ὁ
1415 1159 1521 1194 Σωτήρ.
1541 1157 1613 1193 Πρὸς
1627 1156 1732 1188 τούτοις
1745 1156 1811 1187 τοὺς

1019 1208 1098 1243 φύσει
1109 1207 1211 1239 κακοὺς
1223 1207 1332 1241 λέγουσι
1347 1206 1410 1237 τοὺς
1431 1204 1590 1240 εἰρημένους
1603 1201 1702 1233 λύκους
1719 1201 1812 1237 ἅρπαι-

1018 1263 1069 1288 γας
1087 1254 1135 1281 καὶ
1159 1252 1312 1284 ἀλώπεκας,
1344 1251 1391 1279 καὶ
1405 1251 1507 1282 πάντας
1535 1249 1608 1281 ἅπαξ
1628 1248 1720 1280 ἀπλῶς
1745 1249 1811 1280 τοὺς

1018 1301 1148 1335 ὀνόμασιν
1158 1300 1263 1331 ἀλόγων
1279 1299 1357 1331 ζώων
1370 1297 1560 1333 δηλουμένους.
1580 1295 1737 1330 Ἐλεγκτέον
1761 1293 1810 1321 οὖν

1019 1347 1127 1380 αὐτοὺς,
1145 1345 1183 1378 ὡς
1211 1345 1298 1377 οὐδεὶς
1320 1345 1432 1372 ἐκείνων
1464 1343 1534 1370 κατὰ
1546 1342 1635 1378 φύσιν,
1656 1341 1724 1368 ἀλλὰ
1738 1341 1810 1368 κατά

1020 1391 1147 1428 πρόθεσίν
1169 1391 1228 1417 ἐστι
1256 1389 1349 1421 κακὸς,
1365 1390 1397 1416 ὲκ
1418 1388 1468 1424 τῆς
1484 1387 1646 1423 ἐγκειμένης
1665 1387 1809 1418 ὀπτασίας.

1020 1437 1072 1464 Τὸν
1090 1437 1144 1472 γὰρ
1159 1436 1262 1471 Πέτρον
1276 1434 1378 1467 διδάξαι
1394 1434 1554 1470 βουλόμενος
1581 1434 1595 1460 ό
1613 1432 1690 1464 Θεὸς,
1707 1432 1811 1468 μηδένα

182 1492 209 1514 et
230 1487 374 1522 pollutum,
398 1486 580 1521 repellendum
597 1492 670 1518 esse,
687 1492 733 1512 vas
758 1484 904 1520 quoddam,
919 1483 967 1511 lin-

1022 1483 1160 1519 Ξνθρωπον
1188 1481 1379 1518 παραιτεῖσθαι
1406 1481 1444 1513 ὼς
1468 1480 1556 1508 κοινὸν
1579 1479 1627 1507 καὶ
1655 1479 1810 1513 ἀκάθαρτον

183 1538 227 1560 leo
240 1532 337 1565 simile,
354 1537 471 1567 quatuor
484 1532 614 1559 extremis
629 1531 783 1559 devinctum
800 1537 832 1557 ex
855 1530 925 1558 C(elo
941 1530 967 1557 in

183 1583 284 1606 terram
301 1578 422 1610 demisit,
435 1577 462 1604 in
480 1585 534 1612 quo
548 1576 640 1604 omnia
656 1577 797 1604 brutorum
812 1576 968 1603 animalium

185 1632 285 1659 genera
299 1623 519 1656 inveniebantur;
536 1630 568 1650 ex
585 1623 628 1650 his
641 1622 745 1655 Petrus,
761 1629 889 1650 aversaris
900 1622 968 1656 ipse,

185 1670 266 1696 cdere
280 1669 370 1703 jussus
383 1673 432 1695 est.
445 1668 489 1695 ille
503 1675 566 1695 vero
579 1668 605 1694 in
626 1666 738 1695 Judaica
761 1669 896 1695 sententia
919 1668 966 1695 ad-

183 1715 236 1742 huc
253 1715 366 1747 haereus,
384 1719 410 1742 et
429 1721 472 1746 ea,
489 1721 548 1748 quae
563 1709 734 1745 videbantur,
751 1713 784 1741 ad
809 1720 907 1741 sensus
926 1721 968 1741 re-

184 1760 284 1793 ferens,
303 1761 390 1788 facere
407 1761 457 1788 hoc
480 1761 624 1793 recusavit,
646 1760 751 1793 dicens,
777 1768 809 1788 se
830 1768 968 1795 nunquam

185 1807 354 1835 immu‘ndum
368 1807 513 1842 quidquam
529 1811 556 1834 et
582 1807 716 1841 impurum
727 1806 887 1834 comedisse.
901 1806 968 1834 Cum

184 1854 242 1881 btec
261 1853 374 1884 diceret,
390 1853 510 1880 divinum
534 1852 620 1880 audiit
638 1852 797 1880 oraculum:
812 1852 877 1885 Qum
898 1852 968 1880 Deus

183 1899 331 1931 mandarit,
343 1905 371 1925 lu
389 1907 420 1925 ne
431 1899 554 1934 polluito.
571 1898 630 1932 Quo
648 1899 706 1934 ipso
724 1906 832 1934 quoque
847 1899 968 1932 edoctus,

183 1944 267 1972 Deum
279 1946 313 1972 de
329 1945 449 1972 moribus
463 1945 594 1973 dictorum
613 1946 734 1973 virorutn
763 1945 881 1973 locutttm
897 1952 968 1978 esse,

185 1991 223 2018 ait
243 1991 326 2018 Deum
356 1991 408 2018 sibi
425 1991 585 2024 ostendisse,
604 1991 738 2018 neminem
764 1991 902 2019 hominum
918 1999 968 2019 na-

186 2041 246 2062 tura
265 2044 312 2063 sua
334 2036 501 2064 immundum
527 2045 597 2070 esse,
613 2044 695 2072 seque
707 2037 773 2064 adeo
786 2038 843 2065 sine
858 2038 969 2066 haesita-

185 2082 258 2109 tione
269 2083 397 2110 accedere
411 2083 444 2110 ad
455 2083 621 2117 Cornelium,
636 2091 668 2111 ex
681 2083 803 2111 doctrina
813 2084 968 2119 evangeliea

185 2135 246 2155 cum
276 2132 331 2155 tota
357 2129 437 2156 domo
464 2137 511 2157 sua
535 2129 652 2156 fructum
678 2137 776 2164 capere
803 2130 966 2165 cupientem.

1019 1529 1093 1562 ὄντα,
1113 1527 1209 1560 σκεῦος
1228 1528 1349 1564 ἐμφερές
1370 1535 1397 1554 τι
1411 1527 1507 1562 ὀθόνης
1518 1528 1550 1553 ὲκ
1564 1525 1610 1553 τοῦ
1623 1524 1737 1562 οὐρανοῦ
1748 1525 1811 1551 τέσ-

1020 1583 1115 1611 σαρσιν
1134 1575 1232 1611 ἀρχαῖς
1255 1574 1375 1609 καθῆκεν
1390 1573 1436 1600 ἐπὶ
1459 1574 1508 1609 τῆς
1523 1573 1585 1608 γῆς,
1610 1572 1639 1599 ὲν
1654 1569 1676 1605 ᾧ
1702 1572 1810 1607 ὑπῆρχε

1018 1621 1108 1649 πάντα
1123 1620 1157 1648 τὰ
1185 1621 1250 1656 γένη
1263 1620 1317 1648 τῶν
1340 1620 1446 1654 ἀλόγων
1472 1619 1559 1651 ζώων,
1587 1619 1633 1653 ἀφ’
1650 1615 1688 1645 ὧν
1703 1618 1810 1650 πτύσας

1019 1669 1115 1703 φαγεῖν
1131 1669 1145 1694 ό
1175 1667 1277 1703 Πέτρος
1301 1666 1507 1702 προσετάττετο.
1527 1665 1556 1693 '0
1570 1665 1598 1692 δὲ
1617 1665 1708 1701 ἀκμὴν
1722 1665 1811 1701 ὲμμέ-

1017 1722 1070 1741 νων
1083 1715 1116 1749 τῇ
1137 1713 1268 1748 Ἰουδαῖκῇ
1282 1712 1421 1748 συνηθείᾳ,
1439 1712 1554 1747 αἰσθητὰ
1569 1711 1681 1746 νομίσας
1692 1711 1725 1738 τὰ
1738 1711 1809 1746 ὁρώ-

1020 1769 1089 1797 μενα
1114 1761 1300 1797 παρῃτήσατο,
1319 1758 1413 1792 εἰπὼν,
1429 1759 1519 1786 κοινὸν
1535 1758 1713 1794 ἢάκάθαρτον
1726 1758 1810 1794 μηδέ-

1018 1815 1084 1833 πστε
1099 1806 1274 1842 βεϐρωκέναι.
1286 1805 1379 1832 Ταῦτα
1395 1805 1476 1832 αὑτοῦ
1487 1805 1637 1841 εἰρηκότος,
1655 1805 1668 1831 ὁ
1686 1804 1810 1841 χρησμὸς

1019 1852 1086 1888 πρὸς
1101 1852 1180 1879 αὐτόν
1193 1859 1198 1866 ·
1214 1853 1247 1878 "A
1271 1853 1287 1878 ὀ
1302 1852 1376 1885 Θεὸς
1395 1851 1564 1885 ἐκαθάρισε,
1580 1851 1672 1886 σὺμὴ
1692 1852 1808 1879 κοίνου.

1025 1898 1083 1932 Ἀφ’
1097 1895 1127 1924 οὗ
1140 1898 1186 1925 καὶ
1197 1898 1299 1932 γνῶσιν
1312 1897 1412 1931 λαϐὼν,
1429 1898 1467 1930 ὡς
1485 1898 1549 1933 περὶ
1569 1897 1641 1932 ἠθῶν
1656 1897 1809 1932 ἀνθρώπων

1017 1944 1119 1971 τούτων
1134 1944 1296 1979 εἰρημένων,
1328 1940 1388 1970 εἷπε
1409 1943 1555 1978 δεδειχέναι
1577 1942 1651 1978 αὑτῷ
1673 1943 1719 1969 τὸν
1731 1943 1808 1975 Θεὸν,

1016 1991 1055 2022 ὼς
1068 1990 1154 2021 οὐδεὶς
1167 1991 1236 2016 κατὰ
1252 1989 1334 2024 φύσιν
1349 1989 1502 2025 ἀκάθαρτος
1514 1988 1679 2024 ἀνθρώπων·
1706 1988 1748 2014 διὸ
1763 1988 1810 2015 καὶ

1018 2037 1218 2073 ἀναντιῤῥήτως
1226 2036 1380 2071 ἀπαντῆσαι
1394 2036 1462 2071 πρὸς
1474 2036 1520 2062 τὸν
1532 2035 1689 2071 Κορνήλιον,
1704 2034 1811 2070 ὠφελη-

1019 2080 1097 2116 θῆναι
1118 2080 1229 2107 θέλοντα
1246 2081 1294 2107 σὺν
1312 2080 1392 2108 παντὶ
1408 2080 1446 2115 τῷ
1469 2081 1535 2115 οίκῳ
1558 2080 1607 2115 τὴν
1629 2080 1810 2116 εύαγγελικὴν

1017 2127 1202 2155 διδασκαλίαν.
1217 2127 1298 2154 Ὅθεν
1310 2127 1489 2154 ἐπιδέδεικται
1502 2126 1537 2152 τὰ
1549 2125 1700 2161 τετράποδα
1715 2126 1762 2152 καὶ
1775 2125 1810 2152 τὰ

185 2173 330 2208 Propterea
349 2175 563 2202 ostendebanlur
577 2175 614 2202 illi
628 2175 825 2210 quadrupedia,
842 2180 869 2203 et
886 2177 967 2211 repti-

1022 2173 1123 2209 ἑρπετά
1133 2173 1180 2200 καὶ
1194 2173 1228 2200 τὰ
1242 2174 1363 2206 πετεινὰ,
1379 2172 1518 2208 ἀναφορὰν
1531 2173 1626 2208 ἔχοντα
1639 2173 1680 2204 εἰς
1700 2173 1749 2204 τὰς
1765 2173 1811 2200 ἀν-

186 2219 232 2251 lia,
252 2224 280 2246 et
303 2219 432 2252 volatilia,
455 2220 524 2248 inter
544 2228 603 2255 quae
620 2225 647 2248 et
672 2221 810 2248 hominum
833 2221 967 2249 diversam

186 2265 302 2292 indolem
325 2265 443 2293 aﬂinitas
463 2267 585 2300 quaedam
604 2267 759 2298 intercedit,
777 2274 793 2294 a
817 2267 872 2294 Deo
889 2267 968 2295 exhi-

186 2310 252 2337 bita.
272 2310 365 2345 itaque
389 2319 441 2339 non
461 2312 497 2339 ob
513 2315 650 2346 naturam,
667 2312 802 2340 sanctitati
819 2319 970 2348 repugnan-

188 2361 252 2387 tem,
269 2359 421 2392 margarita:
445 2358 556 2385 cauibus
582 2363 629 2384 attt
648 2359 736 2392 porcis
761 2359 855 2393 projici
880 2359 970 2393 prohi-

186 2401 294 2435 bentur,
312 2403 360 2429 sed
379 2408 488 2437 propter
508 2405 674 2438 propositum
703 2404 784 2430 animi
813 2404 969 2438 pessimtnn,

187 2447 257 2482 quod
275 2447 355 2482 abjici
379 2449 489 2475 omnino
516 2453 615 2483 potest,
640 2455 670 2476 ut.
691 2457 743 2476 non
763 2450 877 2484 atnplius
895 2451 971 2478 canis

187 2497 234 2519 aut
251 2500 348 2527 pereus
362 2494 487 2521 exsistas.
505 2494 543 2521 [ta
560 2494 659 2522 fetutina
684 2495 893 2530 Syrophtenissa
917 2504 965 2530 per

187 2537 266 2565 iidem
286 2547 318 2566 ex
340 2547 406 2566 cane
423 2540 503 2567 homo
523 2540 593 2567 facta
608 2545 648 2568 est
660 2541 694 2574 “,
707 2542 777 2569 unde
793 2547 820 2569 et
833 2541 911 2570 Jcsus
933 2542 968 2568 illi

187 2590 282 2616 panetn
300 2583 417 2612 filiorum
432 2585 604 2620 largiebatur.

222 2639 244 2655 ⁵⁸
255 2639 349 2669 Matth.
365 2649 413 2674 vn,
429 2642 455 2669 6.
475 2632 509 2658 ’⁵⁵
523 2641 606 2670 Marc.
622 2651 668 2676 vn,
685 2643 718 2671 ‘26
734 2653 793 2680 sqq.

222 2713 586 2754 (ΗλἈνᾱῖξιωίήγοῆιςτο.
613 2715 713 2743 Locum
731 2717 801 2744 ltuttc
826 2718 903 2746 aiicrt
917 2719 971 2747 οε-

186 2749 326 2775 cumenius
337 2749 368 2775 ad
389 2750 414 2775 h.
431 2749 448 2779 Ι,
468 2757 493 2781 p.
512 2750 556 2775 92.

223 2782 320 2816 μεθυι
336 2782 389 2824 τὰς
406 2785 513 2824 eodem
523 2784 705 2819 εἰσάγοντες.
723 2785 748 2813 Id
766 2792 806 2824 est
823 2788 970 2822 Manis-luci,

188 2823 334 2852 eorumque
362 2820 473 2851 similes,
500 2827 568 2854 quos
590 2828 670 2855 supra
701 2821 879 2856 appellaverat
907 2820 970 2857 τοὺς

1021 2219 1138 2255 θρώπων
1153 2220 1333 2252 καταστάσεις
1349 2220 1401 2246 ὑπὸ
1428 2219 1495 2246 Θεοῦ
1520 2219 1683 2254 χαρισθέντα
1693 2226 1700 2233 ·
1720 2219 1752 2246 οὑ
1766 2219 1811 2246 διὰ

1022 2266 1112 2300 φύσιν,
1130 2255 1361 2301 ἀντιπράττουσαν
1385 2266 1416 2292 τὸ
1430 2266 1516 2300 ἇγιον,
1541 2265 1605 2297 τοὺς
1638 2265 1811 2300 μαργαρίτας

1021 2311 1172 2338 κεκώλυται
1186 2311 1290 2347 κυσὶνῆ
1305 2312 1407 2347 χοίροις
1421 2312 1528 2345 διδόναι,
1541 2312 1607 2338 ἀλλὰ
1620 2311 1664 2338 διὰ
1680 2312 1811 2347 προαίρε-

1023 2365 1064 2384 σιν
1080 2357 1229 2393 χειρίστην,
1243 2359 1276 2393 ἢν
1290 2358 1449 2392 καταλεῖψαι
1469 2358 1580 2385 δυνατὸν
1595 2358 1692 2394 μηκέτι
1706 2358 1774 2385 κύνα
1794 2359 1811 2393 ἦ

1022 2404 1110 2438 χοῖρον
1121 2403 1196 2430 ὄντα.
1218 2404 1250 2430 Ἦ
1262 2405 1486 2439 Συροφοινίκισσα
1498 2404 1563 2438 γοῦν
1581 2405 1648 2439 γυνὴ
1664 2404 1708 2430 διὰ
1721 2405 1812 2431 πίστιν

1021 2450 1053 2476 ὲκ
1063 2449 1144 2481 κυνὸς
1159 2449 1300 2486 ἄνθρωπος
1315 2450 1434 2485 γέγονεν,
1450 2451 1512 2477 ὅθεν
1534 2451 1579 2478 καὶ
1594 2450 1640 2477 τὸν
1662 2450 1744 2486 ἄρτον
1755 2450 1812 2477 τῶν

1019 2495 1123 2523 τέκνων
1142 2496 1277 2532 παρέσχεν
1291 2497 1358 2533 αὐτῇ
1371 2498 1385 2523 ὁ
1402 2496 1512 2533 Ἰησοῦς.

1025 2724 1121 2756 φύσεις
1138 2722 1358 2758 δογματίζοντας.
1377 2722 1443 2750 Vide
1459 2723 1581 2756 superius
1596 2727 1651 2751 not.
1667 2723 1713 2750 41.

1060 2759 1115 2793 (46)
1136 2757 1344 2793 Ἐτὲρόόεκτοι.
1363 2758 1389 2784 Id
1405 2763 1446 2784 est
1464 2757 1621 2794 ἑτερόδοξοι,
1635 2766 1694 2794 qua:
1714 2766 1766 2787 vox
1785 2759 1813 2787 in

1025 2793 1075 2822 hoc
1092 2801 1251 2829 argumento
1265 2794 1432 2830 frequentior
1445 2798 1494 2822 est.
