1913 3071
170 116 239 143 16Ἰ9
796 113 925 140 ’ΒΙυΥΜΙ

1045 111 1178 140 hNDRlNl
1727 113 1800 143 1680

169 176 268 205 Oxonii
281 177 351 203 edita
367 181 458 203 catena
473 175 615 210 quidquam
629 174 737 209 Didymi
752 174 786 201 ad
799 174 866 202 hanc
882 173 1028 208 Epistolam
1045 175 1197 204 continent:
1223 181 1275 201 rem
1294 174 1361 201 hanc
1374 175 1505 209 egregiam
1522 173 1641 208 protinus
1661 174 1689 201 in
1705 174 1800 201 adver-

168 223 241 249 saria
267 231 325 250 mea
350 222 439 255 retuli,
455 223 604 256 factamque
621 222 717 256 raptim
729 222 760 248 de
772 221 865 248 (ἔνατα
874 222 956 248 etiam
970 221 1102 253 Latinam,
1118 221 1144 247 in
1155 221 1319 255 sequentibus
1334 222 1396 248 tanti
1411 221 1514 256 paginis
1526 221 1562 248 ad
1576 220 1703 248 Ecclesia:
1720 228 1799 248 usum

169 270 298 302 exposui:
309 269 375 295 sicut
391 267 569 302 superioribus
586 267 663 294 anuis
681 267 854 299 Victorinum,
875 267 982 302 Didymi
997 267 1132 301 aqualem,
1150 267 1184 294 ad
1205 267 1283 295 Pauli
1300 267 1432 302 Epistolas
1445 267 1544 302 pariter
1563 271 1798 300 commentantes»,

169 321 202 340 es:
222 313 355 340 Vaticanis
369 313 500 340 codicibus
514 311 594 339 edidi.

203 360 344 395 Didymum
358 360 552 386 celeberrimum
567 357 757 385 Alexandrinw
776 355 873 383 schola
890 357 1055 390 magistrum,
1069 357 1114 391 qui
1127 357 1195 384 inter
1212 357 1364 385 innumeros
1380 359 1512 387 auditores
1526 359 1716 395 Hieronymum
1729 356 1809 396 quo?

166 413 215 441 que
229 410 345 432 nostrum
366 413 397 432 ac
413 405 539 439 Rufinum
554 404 655 435 habuit,
673 403 730 438 quis
748 402 872 437 ignorat?
905 401 1024 429 Veterum
1049 402 1165 437 plurima
1190 403 1222 430 de
1243 412 1273 431 eo
1291 406 1438 432 testimonia
1464 410 1517 433 tam
1539 407 1655 434 studiose
1677 408 1705 434 in
1728 400 1803 434 calce'

167 453 294 478 librorum
314 453 370 487 ejus
401 451 438 478 Dc
453 451 587 478 Trinitale
600 449 761 477 coacervavit
776 448 971 483 Mingarellius,
988 453 1017 475 ut
1036 457 1110 476 nemo
1138 450 1313 484 superaddere
1327 451 1470 486 quidquam
1497 452 1590 486 possit.
1619 452 1680 479 Jam
1702 460 1798 486 prteter

166 499 223 532 ejus
244 499 271 525 in
286 504 369 525 totum
385 499 439 533 fere
462 497 539 524 Vetus
557 497 752 524 Testamentum
768 496 979 528 commentarios,
990 503 1101 528 quorum
1115 496 1198 523 multa
1210 498 1335 524 memoria
1347 504 1473 532 superest,
1486 500 1514 526 in
1529 499 1684 527 llatthwum
1696 508 1798 535 quoque

166 550 189 571 et
203 543 333 571 Joannem
348 545 482 579 scripsisse
498 543 653 578 Didymum,
672 543 743 570 testis
772 548 808 570 est
837 542 1012 578 Hieronymus
1031 543 1069 570 De
1085 543 1181 578 script.
1194 544 1310 579 il|.,cap.
1328 544 1389 572 109.
1404 545 1456 572 Sed
1471 546 1498 572 in
1516 546 1671 573 Matthmum
1693 548 1797 580 quidem

167 591 234 618 nihil
250 591 355 626 Didymi
372 599 503 630 superesse
520 592 622 618 videtur
639 591 693 618 sive
707 591 735 617 in
748 591 882 624 impressis
895 590 948 616 sive
965 591 991 616 in
1006 598 1070 617 mss.
1088 591 1200 618 catenis.
1214 590 1248 618 At
1262 591 1290 618 in
1301 591 1431 619 Joannem
1447 597 1580 627 segmenta
1603 593 1676 620 illius
1697 593 1796 627 aliquot

167 638 326 663 conservat-it
341 642 434 663 catena
449 646 464 663 a
479 636 606 664 Corderio
621 637 700 663 edita.
716 635 772 671 Ego
785 643 843 662 vero
858 644 917 662 cum
933 640 984 662 tres
999 637 1133 663 valicanas
1148 637 1176 663 in
1188 635 1301 664 Joannis
1314 637 1486 673 Evangelium
1500 643 1605 665 catenas
1619 647 1683 666 mss.
1700 647 1798 666 consu-

168 682 273 714 luerint,
298 691 350 710 una
375 683 478 717 quidem
493 682 558 709 nihil
574 682 679 717 Didymi
699 682 805 714 habuit;
822 683 866 709 sed
882 687 968 709 tamen
981 682 1042 710 alios
1059 682 1118 709 dua:
1136 683 1278 710 mediocres
1301 683 1403 718 aliquot
1427 683 1500 710 illius
1525 685 1671 718 particulas
1689 684 1800 719 feliciter

169 731 328 764 obtulerunt,
343 740 408 766 quas
424 731 564 759 Cor-durius
575 739 683 766 prorsus
694 731 836 758 desiderat.
853 729 910 758 llas
924 739 970 757 nos
984 731 1066 765 igitur
1077 730 1179 757 caeteris
1194 729 1301 764 Didymi
1318 730 1399 764 copiis
1426 730 1623 766 subjungemus.
1649 731 1790 758 Commen-

169 782 251 802 tatum
265 785 365 812 quoque
379 778 413 803 ad
426 777 507 804 Actus
521 778 677 812 apostolicos
697 777 848 812 Didymum,
863 781 962 804 catenw
977 777 1055 804 edita:
1072 777 1174 803 docent.
1189 775 1259 809 Quin
1274 777 1354 804 etiam
1371 777 1406 803 ad
1428 776 1561 812 Epistolas
1587 777 1729 814 catholicas
1743 778 1792 805 Ita-

169 823 224 850 buit
244 822 333 850 (ἐι-ατε
348 823 488 859 Ditlymum
504 822 678 851 Cassiodorus
694 823 760 851 Inst.
780 823 832 850 div.
850 831 908 857 cap.
924 822 951 855 8,
967 827 990 850 et
1004 823 1036 849 ab
1051 821 1199 857 Epiphanio
1214 822 1368 849 scholastica
1390 822 1513 850 Latinum
1529 823 1659 850 redditum
1674 825 1796 858 gratula-

167 876 210 898 tus
237 875 285 903 est,
311 879 369 904 qua:
391 879 480 906 reapse
506 871 646 898 translatio
671 872 738 906 typis
761 878 857 897 excusa
875 874 1000 904 superest.
1016 870 1048 895 At
1062 870 1130 896 enim
1146 869 1265 896 nonnulli
1280 869 1377 903 critici,
1390 878 1454 905 quos
1473 870 1542 897 inter
1565 869 1691 897 Cetlerius
1717 871 1798 898 Auct.

167 925 238 945 sacr.
256 923 275 945 ι.
305 917 384 951 VIII.
412 927 439 952 p.
454 918 516 950 739,
530 926 609 953 prope
621 919 782 952 impudenter
795 917 923 953 negabant
941 916 979 944 vel
993 917 1149 944 dubitabant
1166 917 1234 944 hunc
1253 924 1308 943 esse
1325 915 1432 951 Didymi
1454 916 1544 950 fetum.
1559 915 1611 943 Sed
1636 924 1693 943 ecce
1725 916 1797 944 Oro-

167 964 264 991 niensis
282 973 364 998 nuper
381 965 454 992 edita
467 965 501 992 ad
516 964 668 992 Catholicas
682 970 785 996 catena,
801 964 878 991 habet
897 963 1044 998 fragmenta
1056 963 1154 997 aliquot
1169 963 1325 989 nominatius
1341 962 1458 997 Didymi,
1469 971 1528 998 qua:
1541 961 1635 989 Latino
1652 961 1799 997 Epiphanii

171 1010 254 1038 textui
268 1019 374 1045 prorsus
386 1012 550 1045 respondent.
569 1009 603 1037 1η
621 1009 753 1044 Epistolas
766 1017 868 1044 quoque
883 1009 916 1036 ad
931 1007 1041 1035 Galatas
1057 1013 1134 1044 atque
1159 1009 1194 1035 ad
1216 1007 1342 1042 Ephesios
1369 1008 1503 1042 scripsisse
1531 1007 1674 1042 Didymum
1704 1011 1799 1033 narrat

169 1057 344 1093 Hieronymus
358 1059 386 1085 in
405 1059 461 1086 suis
474 1058 653 1093 Epistolarum
673 1058 779 1084 illarum
791 1056 935 1092 protemiis.

205 1105 256 1132 Sed
273 1111 298 1131 ut
318 1105 352 1132 ad
367 1113 421 1132 rem
433 1111 548 1132 nostram
565 1103 782 1139 pretiosissimam
798 1103 964 1134 accedamus,
991 1101 1134 1135 Didymum
1150 1099 1296 1135 Epistolani
1325 1099 1404 1127 Pauli
1423 1100 1458 1128 ad
1483 1099 1632 1128 Corinthios
1661 1100 1794 1127 latissime

168 1151 368 1186 interpretatum
395 1150 476 1185 fuisse
503 1152 613 1186 affirmat
641 1150 709 1176 idem
738 1148 915 1183 Hieronymus
942 1155 981 1182 ep.
996 1146 1042 1174 49.
1056 1145 1213 1180 Quanquam
1230 1154 1288 1173 vero
1304 1146 1398 1172 diserte
1413 1145 1485 1172 haud
1500 1146 1562 1172 dicit
1578 1147 1692 1180 priorem
1711 1147 1800 1180 potius

167 1204 246 1230 quam
261 1196 440 1231 posteriorem,
454 1201 524 1230 patet
533 1204 591 1223 eum
607 1196 638 1222 de
648 1194 734 1227 priore
754 1195 844 1227 loqui;
861 1197 955 1221 tractat
979 1193 1048 1219 enim
1065 1192 1150 1219 locum
1171 1191 1252 1219 Pauli
1271 1192 1395 1220 celebrem
1410 1192 1442 1220 de
1466 1193 1562 1227 nuptiis
1591 1201 1622 1219 ac
1643 1193 1795 1227 virginitate

169 1241 194 1276 (l
210 1242 270 1268 Cor.
303 1250 350 1274 \‘ll,
364 1241 402 1277 7).
426 1241 526 1268 Mirum
549 1242 688 1276 cceteroqui
709 1246 758 1274 est,
781 1240 850 1273 quod
875 1240 903 1266 in
926 1243 1016 1265 nostro
1044 1237 1170 1264 Vaticano
1189 1238 1275 1265 codice
1294 1238 1359 1265 nihil
1382 1238 1477 1273 legitur
1500 1238 1608 1274 Didymi
1631 1239 1666 1265 ad
1681 1241 1796 1272 priorem

169 1287 328 1321 Epistulam,
357 1288 426 1315 inter
440 1288 527 1315 varios
540 1287 585 1322 qui
601 1293 720 1314 catenam
742 1286 884 1320 conﬁciunt
905 1285 1077 1319 interpretes;
1092 1292 1152 1310 mos:
1166 1289 1252 1311 tamen
1267 1284 1301 1310 ad
1315 1285 1484 1318 posteriorem
1498 1289 1570 1312 tanta
1588 1284 1694 1319 Didymi
1721 1286 1798 1319 copia

168 1336 303 1367 exuberat,
321 1340 347 1361 ut
360 1343 439 1370 prope
451 1335 549 1369 integer
565 1334 767 1362 commentarius
778 1340 832 1359 esse
849 1331 980 1363 videatur,
995 1330 1110 1364 capitulo
1127 1337 1195 1356 nono
1210 1335 1327 1363 excepto,
1344 1330 1389 1357 ubi
1399 1331 1539 1365 manifesta
1558 1331 1667 1366 Didymi
1681 1332 1790 1358 amissio

169 1386 217 1407 est.
238 1379 276 1407 Ac
293 1389 324 1407 ue
341 1381 479 1416 quisquam
496 1381 528 1406 de
547 1384 655 1406 auctore
669 1379 778 1410 dubitet,
793 1384 893 1411 semper
906 1375 1015 1410 Didymi
1033 1383 1125 1401 nomen
1137 1376 1171 1401 ad
1185 1375 1310 1410 cujusque
1330 1377 1454 1410 segmenti
1467 1381 1544 1411 caput
1561 1382 1683 1404 accurate
1704 1379 1731 1403 in
1745 1386 1793 1404 co-

169 1427 226 1454 dice
251 1427 383 1454 scribitur.
404 1426 493 1454 Liceat
513 1426 600 1461 itaque
623 1426 696 1453 nobis
728 1425 825 1456 (artari,
847 1422 915 1459 quod
943 1421 1049 1448 tondent
1074 1421 1215 1456 aliquando
1239 1422 1396 1456 praclarum
1413 1421 1519 1457 Didymi
1534 1423 1658 1458 scriptum
1667 1421 1798 1457 vulgetur,

168 1482 242 1508 quem
259 1473 388 1501 hominem
408 1473 583 1509 Hieronymus
597 1473 674 1508 prwf.
691 1472 725 1499 ad
743 1471 836 1499 Oscam
851 1470 914 1497 dicit
945 1469 986 1495 sui
1002 1468 1124 1502 temporis
1147 1468 1363 1501 eruditissimum,
1381 1473 1404 1496 et
1430 1469 1458 1495 in
1483 1469 1593 1503 epistola
1618 1469 1651 1496 50
1671 1469 1799 1502 pra'ds'cas

169 1520 330 1554 pra'cipuum
347 1520 455 1546 scientia
473 1519 673 1553 Scripturarum
684 1523 712 1545 ut
726 1517 871 1552 eloquentia
891 1515 1018 1548 Tullium,
1035 1514 1195 1548 argumentis
1207 1513 1383 1548 Aristotelem,
1402 1519 1452 1542 etc.
1470 1514 1584 1549 Rufinus
1607 1523 1706 1550 quoque
1722 1515 1794 1542 Ilisl.

169 1565 235 1592 eccl.
255 1573 284 1597 ιε,
301 1565 327 1596 7,
342 1564 379 1590 ait
395 1564 487 1595 Deum,
506 1565 533 1590 in
555 1571 673 1591 errorum
687 1563 810 1598 caligineI
825 1561 895 1588 velut
917 1559 1066 1595 lampadem
1083 1559 1225 1593 quamdam
1238 1561 1327 1586 divina
1341 1560 1398 1587 luce
1414 1560 1556 1595 fulgentem
1580 1561 1722 1596 Didymuns
1747 1570 1795 1588 αις

169 1612 295 1639 cendisse.
324 1615 466 1644 narratque
491 1609 559 1636 hunc
584 1617 678 1643 magno
703 1607 848 1634 Athanasio
865 1607 985 1641 episcopo
1008 1604 1081 1632 ualde
1109 1605 1322 1638 probatum,eta
1341 1607 1400 1633 diuo
1411 1607 1526 1634 Antonio
1542 1607 1685 1634 visitatum.
1717 1607 1795 1635 Mitto

170 1657 261 1683 laudes
287 1655 397 1682 eximias
426 1663 442 1681 a
467 1654 576 1681 Socrate
598 1659 620 1680 et
643 1653 788 1680 Sozomeno
800 1652 911 1687 aliisque
926 1651 952 1677 in
968 1657 1027 1677 eum
1039 1649 1198 1676 cumulatas.
1216 1649 1272 1677 Nec
1283 1650 1393 1685 denique
1404 1650 1436 1678 de
1450 1652 1664 1678 accusationibus
1679 1651 1794 1687 Didyme

169 1702 251 1729 iiiatis
265 1701 368 1736 loquar,
383 1709 449 1735 quas
462 1701 525 1728 satis
539 1700 721 1735 Minyarellius
734 1699 771 1726 vel
780 1699 858 1726 diluit
871 1699 909 1726 oet
919 1697 1036 1725 elevavit.

286 1763 467 1770 __—-—~

180 1771 841 1779 .—___—____—————————-——~

533 1823 860 1883 ΔΙΔΥΜΟΥ
887 1818 1434 1883 ΑΔΕΞΑΝΔΡΕΩΣ

822 1936 1152 1982 ΥΠΟΜΝΗΜΑ

349 2026 404 2054 ΕΙΣ
423 2025 495 2054 ΤΗΝ
513 2026 693 2053 ΔΕΥΤΕΡΔΝ
712 2025 909 2054 ΕΠΙΣΤΟΔΗΝ
928 2027 1070 2055 ΙΙΔΥΛΟΥ
1088 2029 1293 2058 ΔΠΟΣἸῸΛΟΥ
1312 2031 1402 2060 ΠΡΟΣ
1420 2033 1638 2064 ΚΟΡΙΝΘΙΟΥΣ.

585 2159 849 2217 DlDYMI
893 2161 1384 2220 ALEXANDRINI

397 2359 436 2390 IN
464 2358 674 2389 EPISTOLAM
703 2359 903 2390 SECUNDAM
927 2359 1040 2390 PAULI
1066 2359 1245 2392 APOSTOLI
1271 2361 1321 2390 AD
1344 2361 1581 2394 CORINTHIOS.

173 2493 248 2532 CAP.
277 2491 296 2523 I,
315 2498 392 2532 vEns.
465 2489 565 2532 Baulus
596 2490 729 2532 apostolus
752 2495 779 2532 et
808 2489 925 2517 Timothe

1100 2488 1199 2532 ᾼἏΙΣτ.
1208 2493 1242 2529 αξ
1250 2489 1561 2532 11135.19g-dftdatq105,
1574 2491 1623 2532 sca)
1640 2489 1803 2532 Ttycfdeocrd

209 2529 302 2562 frater,
328 2526 453 2563 Ecclesia:
465 2525 510 2552 Dei
524 2533 582 2563 qua:
601 2530 637 2563 est
655 2525 786 2563 Corinthi,
802 2533 860 2552 cum
875 2527 958 2553 omni-

1048 2524 1185 2563 ᾀρεᾼφρς,
1205 2524 1242 2563 τῇ
1263 2526 1428 2563 Ἑκκβηᾳίᾳ
1448 2526 1502 2553 τοῦ
1511 2527 1600 2563 *Θεοῦ
1612 2524 1803 2563 γτῇοῦσῃὲτ

209 2559 254 2591 bus
274 2562 372 2590 sanctis
387 2561 432 2597 qui
447 2565 507 2588 sunt
521 2561 547 2587 in
566 2561 686 2587 uniuersa
705 2559 814 2587 Achaia.

1046 2560 1185 2593 Κορίνθῳ,
1203 2560 1263 2586 σὺν
1294 2561 1356 2593 τοῖς
1374 2561 1469 2596 ἁγίοις
1483 2560 1558 2589 πᾶσι
1573 2559 1750 2594 reiectione:
1768 2565 1801 2592 ἐν

1046 2594 1099 2629 ὅλῃ
1116 2594 1152 2629 τῇ
1171 2595 1283 2629 Ἀχαΐᾳ.

207 2640 326 2669 Cunctos
340 2638 385 2674 qui
399 2638 425 2665 in
442 2637 542 2664 Achaia
558 2640 621 2664 sunt
631 2635 794 2671 alloquitur;
815 2645 877 2664 nam
895 2645 958 2672 pars

1052 2642 1152 2673 Πάντας
1179 2642 1242 2672 τοὺς
1270 2643 1298 2668 ἐν
1322 2642 1355 2677 τῇ
1380 2641 1474 2678 Ἀχαΐᾳ
1490 2643 1704 2679 προσαγορεύει·
1722 2644 1807 2680 μέρος

173 2686 280 2714 Atinia:
293 2685 446 2712 Corinthus.
464 2683 547 2710 Mittit
561 2687 650 2710 autem
666 2682 815 2718 Epistulam
831 2689 928 2719 tanqua

1052 2695 1066 2721 ρ
1093 2687 1142 2721 τῆς
1176 2687 1287 2721 ’Λχαῖας
1314 2686 1489 2722 ἠΚόρινοος.
1523 2688 1682 2723 Προσφωνεῖ
1703 2689 1732 2714 δὲ
1756 2689 1807 2724 τὴν

174 2741 189 2759 a
201 2741 229 2759 se
243 2738 269 2759 et
286 2732 395 2759 Silvano
409 2735 435 2758 et
451 2730 592 2758 Timotheo
607 2729 754 2765 scriptam;
781 2732 851 2765 quod
869 2736 929 2757 tam

1053 2732 1177 2768 πιστολὴν
1192 2732 1229 2764 ὡς
1240 2733 1286 2760 ὑπ’
1302 2732 1384 2759 αὑτοῦ
1397 2734 1444 2760 καὶ
1454 2733 1597 2760 Σιλουανοῦ
1612 2734 1659 2760 καὶ
1670 2735 1808 2770 Τιμοθέον

175 2777 245 2804 haud
270 2784 376 2810 semper
401 2776 479 2810 facit;
507 2777 554 2804 sed
574 2776 626 2804 hoc
648 2776 681 2802 ab
696 2783 728 2803 co
746 2776 804 2803 ﬁeri
821 2777 928 2804 existim

1055 2780 1180 2813 ιφεῖσαψ
1209 2780 1296 2806 καίτοι
1320 2781 1370 2807 οὐκ
1397 2780 1441 2807 ἀεὶ
1455 2780 1533 2807 τοῦτο
1557 2780 1660 2807 ποιῶν·
1687 2781 1810 2809 τοῦτοδὲ

175 2823 281 2858 quoties
304 2822 431 2851 Ecclesiw
451 2824 538 2861 alicui
553 2823 647 2853 scribit
661 2830 719 2858 qua:
734 2823 766 2851 de
783 2822 852 2852 facie
869 2823 927 2859 ipso

1057 2835 1103 2861 μαι
1114 2826 1193 2872 at}st
1209 2828 1304 2862 ποιεῖν,
1320 2827 1383 2854 ὅταν
1396 2827 1489 2864 γράφῃ
1498 2825 1646 2863 Ἐκκλησιᾳ
1654 2827 1809 2864 γνωριζού-
