1913 3071
142 124 213 154 1685

141 183 240 212 delieet
268 184 296 209 et
322 187 371 216 per
411 186 492 214 quam
515 181 675 206 recreantur
693 184 789 206 omnes
809 177 857 212 qui
880 184 929 214 pro
943 179 967 209 Α

140 229 271 261 veritate,
292 227 348 254 imo
369 233 434 253 vero
457 232 507 260 pro
522 229 596 252 recta
612 224 744 259 religione
765 223 929 258 alliiguntur.

142 275 188 304 Sic
200 275 271 303 enim
294 273 321 301 hi
338 272 452 300 atllictos
473 271 551 303 alios,
562 278 645 305 seque
657 269 831 301 inﬁrmiores,
853 269 932 297 doce-

141 323 210 350 bunt
221 321 271 348 sub
285 318 473 347 tribulantium
489 317 601 345 verbere
615 316 734 344 solamen
746 315 897 351 percipere.

140 385 146 399 ,
292 365 375 392 Vens.
395 363 423 390 8.
440 361 499 390 Sive
510 366 598 388 autem
616 361 784 388 tribulamur.

178 411 269 446 Amisi
288 418 318 438 se
341 409 437 437 dicunt
464 407 596 443 magistri,
618 406 653 434 ob
676 406 826 441 profectum
852 411 935 441 atque

143 459 260 487 salutem
286 457 469 488 alumnorum,
491 459 520 482 ut
535 453 682 490 perfectam
706 452 863 488 patientiam
884 453 935 480 ha-

133 508 240 540 Jientes
262 504 447 535 roborentur;
467 501 532 529 dum
553 504 664 534 sperant
678 499 774 534 dignas
789 499 880 526 datum
902 498 934 526 iri

144 551 379 580 remunerationcs
393 547 523 584 apostolis
535 554 585 582 pro
595 546 712 574 veritate
723 544 935 578 decertantibus,

145 599 267 633 itemque
281 597 389 624 illorum
405 594 556 629 discipulis.

259 644 343 672 Vsus.
361 643 389 669 7.
403 641 478 669 Sicut
492 641 557 667 socii
576 640 728 674 passionum
744 638 818 665 estis.

183 691 252 726 Quia
293 688 440 726 participes
477 687 632 723 passionum
674 685 790 717 fuerant,
822 691 937 718 quarum

147 746 228 767 causa
265 737 296 764 ﬁt
333 734 492 767 consolatio,
529 733 665 768 signiﬁcat
703 731 755 759 illis
786 731 936 759 tribulatio-

148 793 211 813 nem
228 790 364 819 magnam,
380 789 440 817 qua:
456 781 482 808 in
497 780 561 807 Asia
575 780 625 806 sibi
640 779 775 806 acciderat
798 779 833 806 ab
854 785 936 805 accu-

147 831 254 858 satione
265 827 455 861 calumniaque
479 824 616 852 Demetrii.
633 825 673 851 Ac
694 831 761 851 sane
777 823 940 851 convenien—

148 881 202 908 ter,
220 874 346 911 quoniam
366 872 434 900 dixit
447 871 502 906 pati
516 878 545 898 se
558 878 607 905 pro
626 870 732 897 illorum
754 869 941 897 consolatione

148 927 176 949 et
198 921 300 953 salute,
329 922 359 946 ut
380 917 538 953 patientiam
569 916 720 950 acquiranl,
741 923 802 950 qua:
825 916 851 942 in
876 915 942 950 ipsis

152 967 326 1003 passionibus
343 969 481 1000 operatur.
496 967 579 995 recte,
595 962 716 996 inquam,
734 960 891 988 manifestat
906 961 941 988 il-

151 1014 195 1046 lis,
211 1020 241 1040 se
262 1019 323 1039 cum
346 1009 427 1038 sociis
443 1009 518 1043 qttasi
532 1015 614 1042 supra
632 1007 704 1034 vires
725 1007 941 1040 persecutionem

150 1069 183 1088 ac
215 1058 416 1087 tribulationem
440 1062 568 1090 passum,
595 1054 663 1080 adeo
692 1057 721 1080 ut
749 1052 942 1087 propemodum

151 1106 371 1141 ambigeremus,
402 1107 491 1129 utrum
522 1100 582 1127 vitze
613 1099 675 1126 ﬁnis
699 1099 822 1125 instaret.
867 1096 944 1124 Sistit

151 1153 233 1181 etiam
247 1157 357 1178 causam
372 1149 406 1176 ob
425 1155 506 1183 quam
523 1147 575 1174 sibi
590 1145 658 1172 mori
677 1151 763 1179 prope
779 1144 942 1178 contigerat,

156 1199 250 1226 dicens
269 1195 420 1229 :Quoniam
450 1194 476 1221 in
504 1192 581 1220 nobis
597 1192 814 1222 conlidebamus,
843 1190 899 1218 fore
917 1193 946 1217 ut

156 1245 287 1272 adversus
320 1240 470 1276 quamlibet
504 1238 703 1266 tribulationem
727 1237 800 1263 haud
831 1235 945 1263 remisse

154 1290 233 1318 nobis
257 1287 364 1316 adesset
390 1285 534 1312 auxiliator
554 1283 641 1316 Deus;
658 1287 687 1310 ut
709 1283 736 1309 in
767 1282 826 1316 ipso
850 1287 877 1309 et
897 1288 946 1316 per

154 1338 243 1371 ipsum
262 1334 335 1362 omni
352 1339 481 1361 aerumnae
497 1331 651 1365 superiores
674 1329 732 1356 ﬁeri
755 1336 807 1355 non
832 1327 947 1355 dubita—

155 1389 258 1414 remus,
284 1386 380 1414 nempe
408 1377 479 1413 qnod
502 1375 573 1404 Deus
590 1375 664 1403 brevi
695 1379 816 1408 tempore
830 1381 880 1408 ope
897 1380 946 1400 sua

155 1428 324 1458 destitueris,
339 1425 424 1453 suasit
445 1424 511 1458 ipsis
526 1428 555 1450 ut
579 1423 603 1449 ei
625 1429 731 1456 semper
750 1421 918 1448 conﬁderent
937 1427 944 1446 :

155 1481 274 1509 namque
289 1473 346 1500 haec
360 1471 457 1498 liducia
472 1477 525 1497 non
543 1468 630 1496 solum
648 1468 796 1495 incolumes
819 1474 865 1494 eos
882 1473 946 1493 con-

155 1524 247 1549 servat
261 1518 305 1554 qui
322 1517 436 1549 vivunt;
453 1516 499 1543 sed
512 1514 573 1542 illos
588 1514 668 1541 etiam
685 1513 730 1548 qui
748 1513 831 1540 vitam
847 1513 946 1540 amise-
960 1531 981 1561 α

155 1570 219 1595 runt
230 1566 263 1592 ad
278 1563 400 1590 eamdem
417 1566 536 1593 revocat,
554 1559 610 1586 Deo
625 1559 730 1586 scilicet
742 1565 756 1585 a
773 1559 886 1586 mortuis
899 1566 946 1586 eos

158 1612 319 1640 suscitante.
342 1608 523 1642 Quamobrem
537 1611 564 1634 et
580 1613 630 1632 nos
650 1605 723 1640 ipsos
736 1605 899 1637 excitamus,
922 1608 950 1632 et

157 1667 207 1688 vos
227 1659 378 1689 hortamur,
391 1655 538 1690 quominus
552 1653 578 1680 in
599 1652 699 1679 virtute
718 1656 808 1678 vestra
824 1651 948 1678 ﬁduciam

158 1703 300 1735 habeatis;
317 1709 351 1729 ne
379 1700 506 1728 videlicet
533 1698 589 1725 vita
608 1697 778 1730 exeidamus,
791 1696 836 1723 sed
852 1697 878 1722 in
897 1697 950 1723 Deo

158 1757 309 1786 speremus,
325 1748 371 1784 qui
387 1754 446 1779 nos,
467 1745 573 1774 etiamsi
586 1745 612 1771 in
635 1748 748 1771 mortem
764 1742 949 1775 inciderimus,

158 1796 318 1825 viviﬁcabit.
331 1794 436 1823 Scitote
449 1797 539 1820 autem
552 1791 634 1826 quod,
649 1789 755 1817 etiamsi
768 1789 950 1824 perturbatio-

160 1851 221 1872 nem
251 1841 430 1877 agoniamque
462 1836 637 1865 habuerimus
669 1839 779 1870 propter
804 1834 950 1861 instantem

160 1889 351 1927 gravissimam
367 1884 579 1914 tribulationem,
608 1885 727 1909 attamen
745 1881 771 1907 in
790 1880 872 1907 cor-Ie
891 1884 952 1906 tan-

162 1925 219 1965 tum
237 1935 295 1962 haec
312 1939 400 1968 pugna
415 1930 498 1957 fuerit
513 1937 521 1961 ;
538 1927 682 1955 habuimus
695 1925 768 1954 enim
791 1933 951 1960 responsum

161 1981 270 2014 mortis,
290 1983 404 2007 mortem
423 1975 501 2004 nobis
513 1974 674 2009 cogitatione
694 1977 772 1999 tenus
792 1971 952 2003 indicentes,

160 2027 230 2055 nihil
249 2031 330 2060 porro
346 2021 531 2050 turbulentum
551 2023 695 2054 agentes...
729 2016 806 2044 Unde
824 2021 896 2043 recte
911 2023 954 2043 re-

160 2071 315 2109 putavimus
339 2068 437 2096 debere
451 2073 500 2093 nos
518 2063 657 2092 conﬁdere
672 2062 698 2089 in
713 2062 758 2089 illo
772 2061 817 2096 qui
831 2069 863 2089 ex
880 2068 953 2088 mor-

161 2107 216 2145 iuis
235 2115 381 2144 resuscitat
393 2119 421 2140 et
433 2116 520 2140 morte
536 2111 640 2138 liberat.
658 2107 800 2135 Pratdictis
825 2112 955 2134 Consonat

162 2168 190 2190 et
209 2160 292 2194 illud,
305 2168 314 2186 ι
332 2158 469 2186 Turbatus
485 2162 555 2188 sum,
572 2158 599 2182 et
619 2161 671 2180 non
691 2160 750 2180 sum
767 2151 872 2179 locutus
889 2150 922 2177 “.
942 2159 952 2176 ι

781 117 899 145 DIDYMI
918 115 1156 144 ALEXANDRIN!

1703 114 1713 141 i
1720 112 1776 142 68‘

981 176 1029 205 καὶ
1041 177 1074 204 δι’
1103 173 1138 212 ἧς
1160 174 1380 211 παρακαλοῦνται
1391 175 1490 206 πάντες
1505 173 1529 200 οἱ
1545 173 1615 209 ὑπὲρ
1635 173 1775 209 ἀληθείας,

985 223 1085 259 μᾶλλον
1102 222 1131 249 δὲ
1142 221 1291 253 εὐσεϐείας,
1308 220 1460 255 θλιϐόμενοι
1470 228 1476 234 ·
1492 219 1563 246 οὕτω
1580 219 1634 255 γὰρ
1651 220 1776 253 καὶτοὺς

983 269 1081 301 ἄλλους
1097 267 1273 304 θλιϐομένους
1288 267 1368 299 ὄντας
1389 265 1479 293 αὐτῶν
1504 260 1714 300 ὑποδεεστέρους
1737 265 1776 293 δι-

984 316 1094 349 δάξουσι
1110 313 1329 351 παρακαλεῖσθαι
1343 312 1396 340 ὑπὸ
1406 312 1460 339 τῶν
1471 311 1627 339 θλιϐόντων.

1233 361 1302 388 Εῑτε
1311 359 1346 386 δὲ
1356 359 1531 393 θλιϐόμενοι.

1020 407 1166 435 Θλίϐεσθαί
1182 415 1263 442 φασιν
1277 407 1300 433 οἱ
1314 404 1469 433 διδάσκαλοι
1491 403 1720 441 ὑπὲρ“προκοπῆς
1732 404 1778 430 καὶ

988 453 1125 489 σωτηρίας
1140 452 1194 479 τῶν
1212 450 1446 486 πεπαιδευμένων,
1467 449 1500 476 ἵν’
1519 448 1657 484 ὑπομονὴν
1671 448 1778 484 ἔχοντες

986 499 1093 526 τελείαν
1128 497 1330 534 βεϐαιωθῶσιν,
1354 495 1509 528 ἐλπίζοντες
1543 496 1633 530 τυχεῖν
1660 495 1779 527 eme-im

987 544 1110 580 ἀμοιὸὧν
1134 543 1323 579 δοθησομένων
1342 543 1398 574 τοῖς
1426 542 1496 577 ὑπὲρ
1508 540 1637 576 ἀληθείας
1648 539 1780 574 ἀγωνιζο-

990 591 1081 626 μένοις
1096 589 1256 621 ἀποστόλοις
1271 589 1318 616 καὶ
1337 590 1392 620 τοῖς
1410 588 1513 615 τούτων
1527 587 1686 622 ἀκροαταῖς.

1074 636 1190 670 ’Ὠσπερ
1201 634 1338 662 κοινωνοί
1352 634 1422 661 ἐστε
1435 632 1494 660 τῶν
1509 631 1701 667 παθημάτων.

1030 682 1160 719 Ἑπείπερ
1190 681 1332 708 κοινωνίαν
1363 678 1435 716 εἶχον
1461 679 1516 706 τῶν
1540 678 1711 714 παθημάτων
1738 678 1781 713 ἐφ’

989 723 1030 758 οἷς
1059 728 1076 761 ἡ
1111 725 1294 761 παράκλησις,
1323 725 1399 760 δηλοῖ
1427 724 1519 756 αὐτοῖς
1549 723 1599 759 τὴν
1624 723 1783 759 ὑπάρξασαν

990 773 1078 807 θλίψιν
1092 770 1175 800 οὖσαν
1189 772 1310 807 μεγάλην
1341 771 1369 798 ὲν
1383 772 1416 807 τῇ
1439 771 1516 806 Ἀσίᾳ
1540 771 1574 797 ἐκ
1587 769 1714 804 διαϐολῆς
1736 770 1783 796 καὶ

991 819 1175 853 συκοφαντίας
1190 817 1346 854 Δημητρίου
1358 817 1413 852 (15)
1427 825 1434 832 ·
1465 817 1512 843 καὶ
1525 816 1637 848 amem;
1653 824 1696 850 γε,
1712 815 1783 842 ὲπεί-

994 874 1046 900 περ
1059 863 1135 892 εἶπεν
1149 865 1262 900 πάσχειν
1289 864 1358 900 ὑπὲρ
1376 864 1427 899 τῆς
1447 863 1558 890 ἐκείνων
1586 862 1783 898 παρακλήσεως

994 912 1040 938 καὶ
1066 912 1215 948 σωτηρίας,
1241 911 1316 943 ὅπως
1342 911 1496 948 κτήσωνται
1514 909 1653 945 ὑπομονὴν
1677 909 1727 944 τὴν
1751 910 1780 935 ὲν

993 958 1049 990 τοῖς
1094 946 1184 988 αὐτοῖς
1223 946 1382 993 παθήμασιν
1421 955 1633 992 ἐνεργουμένην,
1674 955 1786 990 φανεροῖ

994 1003 1086 1033 αὐτοῖς
1100 1003 1138 1034 ὼς
1154 1002 1224 1038 ὑπὲρ
1248 1002 1363 1038 δύναμιν
1378 1001 1497 1037 διωγμὸν
1512 1002 1559 1028 καὶ
1572 1000 1660 1035 θλίψιν
1673 1000 1787 1035 ὑπέμει-

994 1057 1040 1076 νεν
1058 1049 1140 1081 αὑτός
1158 1058 1188 1075 τε
1219 1049 1267 1076 καὶ
1283 1050 1307 1076 οἱ
1325 1049 1374 1075 σὺν
1390 1048 1464 1083 αὐτῷ
1475 1056 1481 1064 ·
1501 1048 1539 1080 ὡς
1557 1047 1656 1088 μικροῦ
1673 1047 1729 1073 δεῖν
1743 1046 1787 1080 ἒξ-

995 1096 1176 1131 απορηθῆναι,
1189 1095 1327 1122 τουτέστιν
1344 1096 1471 1121 ἐκπεσεῖν
1487 1094 1533 1120 τοῦ
1553 1094 1602 1129 ζῇν
1613 1102 1620 1109 δ
1638 1094 1788 1128 παρίστησι

995 1143 1024 1169 δὲ
1040 1143 1090 1178 τὴν
1115 1142 1204 1169 αἰτίαν
1223 1141 1270 1168 τοῦ
1285 1141 1383 1177 μικροῦ
1398 1142 1453 1168 δεῖν
1468 1141 1547 1168 τοῦτο
1562 1141 1667 1173 παθεῖν,
1684 1140 1786 1167 εἰπών·

1002 1189 1078 1216 Ἐπεὶ
1093 1189 1146 1224 γὰρ
1167 1188 1326 1220 πεπειθότες
1342 1186 1412 1223 ἦμεν
1424 1188 1466 1222 ἐφ’
1480 1189 1585 1220 ἑαυτοῖς
1596 1187 1633 1220 ὡς
1647 1187 1716 1224 πρὸς
1734 1188 1788 1214 πᾶ-

997 1244 1047 1262 σαν
1064 1235 1153 1270 θλίψιν
1167 1235 1314 1266 ἁνενδότως
1332 1234 1456 1261 ἵστασθαι
1475 1233 1579 1270 βοηθῶν
1593 1235 1659 1270 ἡμῖν
1677 1235 1691 1260 ὁ
1703 1234 1769 1265 Θεός
1780 1242 1787 1248 ·

996 1282 1070 1314 ὅπως
1089 1283 1118 1308 ὲν
1135 1281 1210 1317 αὐτῷ
1234 1281 1282 1307 καὶ
1296 1280 1329 1307 δι’
1341 1279 1422 1307 αὐτοῦ
1440 1280 1550 1307 πάντων
1563 1279 1699 1306 ἐπιπόνων
1712 1287 1791 1313 περι-

997 1327 1106 1354 έσεσθαι
1121 1327 1268 1363 θαρρῶμεν
1278 1335 1285 1342 ·
1307 1325 1397 1360 ὀλίγον
1419 1334 1474 1358 πως
1499 1323 1646 1361 γυμνώσας
1657 1326 1708 1360 τῆς
1722 1326 1790 1360 παρ’

997 1374 1077 1401 αὑτοῦ
1091 1374 1226 1409 βοηθείας,
1238 1373 1346 1400 ἔπεισεν
1362 1373 1399 1404 ὡς
1415 1372 1454 1398 δεῖ
1463 1372 1581 1400 ,πάντοτε
1594 1372 1636 1398 ἐπ’
1651 1370 1724 1406 αὐτῷ
1740 1379 1790 1397 πε-

998 1419 1120 1446 ποιθέναι
1131 1428 1137 1434 ”
1151 1421 1166 1455 ή
1182 1419 1235 1454 γὰρ
1254 1418 1365 1453 τοιαύτη
1377 1417 1538 1453 πεποίθησις
1551 1417 1582 1443 οὐ
1600 1416 1679 1452 μόνον
1693 1417 1723 1443 ἐν
1733 1417 1791 1452 ζωῇ

997 1465 1060 1497 τοὺς
1073 1465 1176 1497 ζῶντας
1191 1464 1329 1499 φυλάττει,
1346 1463 1414 1490 ἀλλὰ
1431 1464 1477 1490 καὶ
1495 1464 1558 1494 τοὺς
1572 1462 1673 1497 ταύτην
1688 1461 1792 1489 ἀποϐα-

998 1511 1092 1543 λόντας
1116 1509 1194 1542 αὖθις
1208 1511 1248 1543 εἰς
1267 1509 1351 1545 αὐτὴν
1366 1510 1426 1544 ἄγει
1447 1508 1557 1544 ἐγείρας
1577 1509 1673 1540 αὐτοὺς
1690 1508 1723 1535 ἐκ
1749 1516 1794 1534 νε-

1000 1557 1074 1593 κρῶν
1084 1566 1091 1573 ’
1106 1556 1166 1584 ὅθεν
1180 1557 1227 1584 καὶ
1239 1557 1352 1588 ἑαυτοὺς
1362 1555 1543 1591 διεγείρομεν,
1552 1555 1600 1581 καὶ
1616 1554 1679 1589 ὑμῖν
1694 1562 1794 1590 παρεγ-

999 1603 1109 1638 γυῶμεν
1125 1603 1162 1638 μὴ
1178 1602 1221 1629 ἐπ’
1236 1602 1325 1637 οἰκείᾳ
1337 1602 1450 1637 δυνάμει
1460 1601 1510 1637 τὴν
1526 1600 1688 1636 πεποίθησιν
1702 1600 1793 1636 ἔχειν·

1000 1650 1074 1681 ὅπως
1093 1649 1129 1684 μὴ
1146 1649 1195 1684 τῆς
1211 1648 1284 1684 ζωῆς
1306 1648 1478 1683 ἐκπέσωμεν,
1490 1647 1547 1675 ἀλλ’
1564 1647 1611 1674 ἐπὶ
1628 1647 1668 1682 τῷ
1679 1647 1739 1682 Θεῷ
1752 1646 1796 1674 ὲλ-

1001 1695 1135 1730 πίσωμεν,
1150 1696 1224 1735 ὅστις
1247 1696 1320 1730 ἡμᾶς
1340 1695 1502 1730 ζωοποιήσει
1531 1694 1583 1721 κᾶν
1604 1694 1632 1720 ὲν
1651 1694 1795 1729 νεκρότητι

1001 1740 1161 1775 γενώμεθα”
1179 1740 1236 1767 ἴστε
1251 1740 1279 1766 δὲ
1303 1740 1354 1771 ὅτι,
1376 1741 1400 1766 εἰ
1418 1740 1465 1766 καὶ
1478 1739 1596 1775 τάραχον
1609 1738 1657 1766 καὶ
1674 1739 1795 1773 ἀγωνίαν

1002 1786 1117 1821 ἔσχομεν
1134 1787 1165 1812 ἐκ
1189 1786 1239 1822 τῆς
1265 1785 1470 1821 καταλαϐούσης
1493 1785 1649 1822 βαρυτάτης
1667 1784 1795 1819 θλίψεως,

1002 1832 1059 1859 ἀλλ’
1087 1829 1134 1858 οὖν
1163 1832 1244 1868 μέχρι
1266 1833 1316 1868 τῆς
1341 1833 1455 1868 καρδίας
1481 1832 1547 1867 ἔστη
1574 1832 1608 1859 τὰ
1618 1831 1664 1859 τοῦ
1679 1831 1795 1858 κλόνου·

1003 1878 1119 1914 ἔσχομεν
1135 1879 1189 1915 γὰρ
1206 1879 1235 1905 τὸ
1249 1879 1392 1915 ἀπόκριμα
1410 1879 1456 1905 τοῦ
1488 1878 1614 1910 θανάτου,
1640 1877 1798 1914 καταψηφι-

1004 1924 1116 1960 σάμενοι
1130 1925 1235 1956 ἑαυτοῖς
1251 1925 1305 1961 (16)
1333 1925 1447 1952 θάνατον
1473 1925 1554 1961 μέχρι
1568 1924 1622 1951 τῶν
1647 1923 1797 1959 λογισμῶν,

1004 1970 1079 1997 οὐδὲν
1108 1971 1265 2007 ταραχῶδες
1288 1972 1441 2007 πράξαντες
1500 1971 1567 2007 (17).
1595 1971 1676 1998 Ὅθεν
1693 1971 1741 1997 καὶ
1757 1970 1800 1997 ἕν-

1004 2025 1080 2044 νοιαν
1093 2016 1208 2053 ἔσχομεν
1236 2018 1342 2054 ἀγαθὴν
1367 2019 1431 2054 περὶ
1444 2018 1492 2045 τοῦ
1507 2018 1562 2045 δεῖν
1582 2017 1740 2044 πεποιθέναι
1751 2017 1800 2043 ἐπὶ

1005 2062 1043 2098 τῷ
1058 2063 1190 2100 ἐγείροντι
1219 2065 1252 2090 ἐκ
1270 2064 1374 2099 νεκρῶν
1401 2064 1448 2091 καὶ
1474 2064 1598 2100 ῥυομένῳ
1624 2064 1656 2090 ὲκ
1670 2063 1798 2090 θανάτου.

1006 2110 1068 2141 Τοῖς
1086 2110 1277 2146 προκειμένοις
1292 2111 1400 2146 συνᾴδει
1416 2110 1456 2143 τὸ,
1483 2119 1492 2135 ι
1505 2110 1674 2145 Ἐταράχθην
1688 2110 1735 2136 καὶ
1750 2109 1801 2135 οὐκ

1007 2156 1135 2192 ἐλάλησα,
1154 2167 1164 2183 ι
1180 2158 1226 2184 καὶ
1238 2158 1269 2184 τὸ
1283 2159 1347 2194 περὶ
1360 2157 1408 2184 τοῦ
1423 2158 1491 2188 Ὶὼ6,
1501 2157 1539 2190 ὡς
1546 2158 1595 2193 οὐχ
1610 2158 1733 2192 ἥμαρτεν
1745 2158 1802 2188 toi;

162 2208 220 2237 Nec
244 2215 298 2235 non
325 2204 390 2233 illud
417 2204 450 2231 de
470 2201 538 2230 Jobo
564 2201 682 2232 dictutn,
704 2198 776 2233 quod
800 2197 878 2225 labiis
900 2204 946 2224 nor

1007 2202 1125 2238 χείλεσιν
1141 2203 1261 2230 ἐναντίον
1276 2203 1390 2238 Κυρίου,
1406 2202 1513 2239 πικρῶν
1527 2203 1574 2229 καὶ
1594 2202 1717 2238 φοϐερῶν
1733 2211 1804 2237 συμ-

171 2252 329 2291 peccaverit
355 2257 447 2278 coram
474 2247 588 2276 Domino
604 2246 637 2279 ³’,
661 2245 765 2272 acerbis
786 2243 848 2271 licet
858 2250 889 2270 ac
903 2246 956 2270 tcr-

170 2289 297 2329 ribilibus
311 2298 399 2326 eidem
412 2293 642 2330 contingentibus.
655 2291 733 2319 Patet
750 2293 838 2317 autem
856 2297 908 2316 non
923 2289 956 2316 de

166 2345 306 2376 communi
332 2343 387 2371 vita
415 2342 458 2369 vel
485 2345 571 2368 morte
592 2337 675 2367 scribi
699 2337 766 2364 hare.
791 2336 836 2362 Ait
860 2335 954 2362 enim:

164 2394 217 2428 Qui
233 2393 267 2420 de
282 2391 328 2419 tali
346 2394 476 2423 tantaque
491 2390 578 2414 morte
594 2392 643 2412 nos
660 2383 761 2417 eripuit
778 2386 805 2408 et
819 2381 915 2416 eripit;
929 2382 956 2409 in

164 2446 246 2475 quem
271 2435 440 2472 speravimus
457 2433 491 2460 “.
520 2431 588 2459 Nam
607 2431 629 2458 si
645 2431 678 2457 de
703 2429 839 2457 communi
869 2433 957 2456 ntorle

166 2473 212 2514 hic
244 2490 335 2512 sermo
348 2485 432 2512 esset,
447 2485 582 2512 nunquam
613 2479 784 2503 morerentur
811 2473 838 2501 hi
855 2473 900 2508 qui
921 2474 957 2501 ita

166 2521 315 2567 loquuntur
326 2549 333 2562 ,
345 2528 420 2562 lapsu
437 2531 587 2559 temporum
602 2526 680 2550 extra
697 2527 797 2555 corpus
815 2519 889 2547 iacti.
913 2520 959 2546 At-

166 2565 212 2614 qui
225 2583 321 2610 reapse
331 2578 504 2602 communem
532 2573 648 2597 mortem
671 2567 796 2597 subeunt.
824 2566 869 2601 qui
895 2565 958 2593 talia

168 2613 212 2652 hic
228 2623 374 2650 afﬁrmant.
388 2619 427 2646 De
445 2618 488 2646 illa
512 2617 593 2653 igitur
610 2618 698 2643 morte
725 2613 883 2648 loquuntur,
900 2621 959 2649 quae

168 2671 285 2698 animam
302 2668 335 2695 ab
351 2671 453 2695 aeterna
472 2664 526 2692 vita
542 2661 687 2690 abstrahit.

202 2717 226 2732 “
242 2715 314 2743 Psal.
333 2721 426 2746 uim,
447 2711 474 2740 5.
512 2710 534 2727 ³³
553 2709 604 2737 Job
618 2717 638 2742 t,
656 2709 702 2736 22.
740 2701 762 2724 ίθ
783 2707 801 2734 11
823 2707 886 2735 Cor.
905 2707 971 2740 t,l0,

205 2761 262 2795 (l5)
282 2759 411 2795 lntelligit
423 2758 588 2795 Demetrium
601 2754 798 2795 argentarium,
811 2753 860 2795 qui
871 2751 957 2780 Paulo

170 2788 307 2830 nepoti'um
326 2795 352 2821 in
366 2788 430 2830 Ksia
453 2788 714 2820 faeessiveratIAct.
734 2796 778 2816 χιχ
789 2808 796 2822 ,
811 2788 857 2815 24,

206 2828 228 2865 ῌ
235 2831 261 2862 ii)
273 2830 339 2857 Cod.
352 2828 458 2857 ἑαυτόν.

207 2866 264 2898 (17)
291 2865 351 2893 llaec
364 2870 390 2892 et
406 2864 510 2899 aliquot
524 2865 668 2897 sequentes
691 2859 795 2896 exigua:
814 2859 956 2887 verborum

1009 2248 1164 2284 ϐεϐηκότων
1193 2249 1267 2284 αὐτῷ
1278 2257 1284 2263 ·
1302 2249 1417 2285 φανερὸν
1441 2249 1470 2276 δὲ
1493 2249 1535 2276 ὃτι
1549 2249 1579 2275 οὐ
1594 2249 1658 2283 περὶ
1675 2247 1722 2274 τοῦ
1744 2256 1805 2274 xor.—

1009 2294 1055 2321 νοῦ
1071 2294 1118 2330 ζῇν
1131 2295 1178 2321 καὶ
1192 2294 1306 2322 θανάτου
1323 2296 1458 2332 γράφεται
1476 2295 1511 2322 τὰ
1527 2295 1695 2330 προκείμενα
1705 2303 1711 2309 ·
1735 2295 1806 2329 φησὶ

1009 2341 1063 2377 γάρ
1076 2350 1082 2357 ”
1104 2342 1152 2373 Ὃς
1166 2342 1198 2368 ἐκ
1213 2342 1373 2378 τηλικούτου
1392 2343 1506 2370 θανάτου
1531 2342 1666 2378 ἐρρύσατο
1682 2341 1729 2368 καὶ
1742 2341 1806 2376 ῥύε-

1009 2396 1064 2420 ται,
1078 2389 1118 2419 εἰς
1132 2388 1162 2414 ὃν
1175 2388 1330 2424 ἠλπίκαμεν
1340 2398 1346 2404 ·
1362 2391 1386 2417 εἰ
1402 2389 1456 2425 γὰρ
1468 2389 1530 2425 περὶ
1538 2388 1584 2414 τοῦ
1600 2387 1702 2423 κο[ινοῦ
1721 2380 1820 2413 Gai/3'3

1009 2433 1068 2469 του]
1084 2434 1192 2469 ἐλέγετο
1212 2435 1307 2469 ταῦτα,
1320 2435 1349 2462 οὐ
1360 2435 1532 2472 τεθνήξονται
1544 2443 1608 2461 ποτε
1624 2435 1647 2463 οι
1661 2433 1748 2460 ταῦτα
1761 2432 1808 2458 λέ-

1006 2487 1110 2513 γοντες,
1125 2480 1196 2507 κατὰ
1208 2481 1303 2517 χρόνον
1311 2481 1369 2515 ’ἔξω
1382 2481 1465 2508 αὑτοῦ
1479 2480 1636 2516 γινομένους
1645 2487 1652 2495 ·
1666 2477 1735 2505 ἀλλὰ
1750 2478 1808 2512 μὴν

1006 2525 1154 2562 τεθνήκασι
1165 2527 1209 2555 τὸν
1225 2527 1314 2555 κοινὸν
1330 2528 1444 2555 θάνατον
1461 2529 1484 2554 οἱ
1497 2527 1584 2554 ταῦτα
1596 2524 1805 2561 βεϐαιούμενον

1008 2573 1073 2608 περὶ
1089 2574 1143 2610 γὰρ
1162 2574 1209 2601 τοῦ
1224 2574 1339 2602 θανάτου
1371 2575 1438 2610 φασὶ
1464 2574 1511 2601 τοῦ
1531 2572 1727 2603 κατασπῶντος
1754 2569 1810 2606 τὴν

1007 2619 1097 2656 ψυχὴν
1113 2621 1166 2648 ἀπὸ
1182 2621 1233 2657 τῆς
1249 2622 1358 2649 αἰωνίου
1371 2620 1454 2658 ζωῆς.

1011 2757 1114 2784 lacuna:
1127 2759 1200 2787 sunt.
1212 2753 1308 2782 relicto
1321 2753 1349 2780 in
1364 2753 1458 2781 codice
1466 2751 1554 2786 spatio
1564 2759 1571 2784 ;
1583 2749 1654 2787 quod
1666 2749 1806 2787 indicium

1010 2796 1064 2824 est,
1085 2785 1208 2818 nostrum
1224 2789 1308 2817 fuisse
1322 2785 1491 2824 exscriptuni
1506 2794 1538 2814 ex
1552 2785 1705 2821 antiquiore
1716 2785 1812 2813 detri-

1013 2827 1111 2856 mentis
1136 2825 1283 2855 identidem
1297 2823 1405 2850 iam-mn.
