1913 3071
177 149 245 178 1687

810 147 926 176 DlDYMl
946 146 1177 176 ALEXANDRINI
1220 166 1224 168 μ

1733 147 1742 173 ί
1749 146 1802 175 688

176 210 243 239 lem,
259 211 309 232 vos
326 204 377 231 hoc
394 202 485 230 animo
513 201 634 234 allectos,
658 201 691 229 de
705 209 748 230 me
756 202 875 237 gloriari.
893 203 959 230 Nam

1022 202 1096 238 ίᾶσθε
1107 202 1136 228 ὲν
1148 202 1225 237 ἡμῖν’
1241 201 1286 229 καὶ
1298 201 1351 237 γὰρ
1368 201 1445 236 ἡμῶν
1463 201 1492 227 τὸ
1506 200 1636 236 καύχημα
1653 201 1731 236 ὑμεῖς
1741 202 1802 230 ἐστι

177 255 204 278 et
221 255 344 278 nostrqu
359 249 486 284 gaudium
502 256 550 276 vos
572 249 638 276 estis
661 248 687 275 in
716 249 759 276 die
776 249 892 281 Domini,
910 257 960 284 qua

174 296 307 332 judicium
320 293 457 322 exercebit
473 293 507 321 de
532 294 659 321 omnibus
689 294 735 328 qui
766 298 831 322 ante
846 293 963 321 tribunal

177 341 235 377 eius
250 341 429 376 apparebunt.
444 339 573 367 Fortasse
588 344 680 366 autem
708 347 768 374 qua:
792 347 823 366 ex
839 347 904 367 vero
921 339 962 366 lu-

176 387 248 415 mine
260 386 287 414 in
313 386 455 413 animabus
479 385 507 412 tit
534 385 712 418 illuminatio,
741 391 773 412 ea
786 384 845 412 dies
859 383 963 411 Domini

176 437 226 460 est.

179 479 258 506 Vsus.
280 478 324 506 15.
345 477 404 505 llas
428 477 589 511 conﬁdentia
621 477 692 505 volui
719 478 791 512 prius
819 478 904 504 uenire
929 477 964 503 ad

546 520 603 540 υοε.

211 558 270 586 llac
284 558 421 586 locutione
439 557 608 585 demonstrat
625 556 743 592 gaudere
765 564 794 584 se
808 557 842 584 de
867 556 964 584 Corin-

177 605 295 632 thiorum
311 604 502 634 emolumento,
515 603 579 638 quia
595 602 722 630 meliores
738 602 800 630 illos
825 602 962 630 ellecerat.

177 651 321 686 Propterea
334 650 361 678 in
375 650 427 679 hoc
444 649 582 685 proposito
599 655 788 684 perseverans,
800 648 906 676 volebat
915 648 965 676 ite-

179 704 237 724 rum
255 696 288 724 ad
305 703 353 723 eos
373 695 504 723 accedere
513 695 575 721 dum
591 694 618 721 in
636 693 817 722 Macedoniam
832 699 964 730 pergeret.

177 743 213 770 lit
225 748 320 777 postea
338 741 412 769 illinc
427 745 576 774 revertens,
591 747 685 767 rursus
699 740 825 772 invisere,
838 744 868 768 ut
878 742 966 768 denuo

177 788 211 815 de
221 787 327 814 illorum
347 785 510 813 utilitatibus
528 784 676 812 laetaretur.
702 785 823 820 Apparet
841 785 913 813 enim
932 792 966 811 ex

178 834 318 868 utriusque
327 831 454 867 Epistolas
466 831 600 865 scriptura
611 830 722 858 Paulum
734 831 856 859 Corinthi
867 831 964 858 fuisse:

1013 250 1042 277 ὲν
1059 251 1091 286 τῇ
1107 249 1200 286 ἡμέρᾳ
1213 247 1260 275 τοῦ
1275 248 1387 284 Κυρίου,
1402 248 1432 274 ἐν
1481 248 1569 283 κρινεῖ
1591 248 1654 279 τοὺς
1672 257 1802 284 φανερού-

1015 295 1111 330 μένους
1123 296 1152 322 ὲν
1169 295 1208 329 τῷ
1224 294 1326 329 βήματι
1341 293 1434 320 αὐτοῦ·
1449 293 1560 320 δυνατὸν
1574 293 1603 320 δὲ
1618 294 1663 321 τὸν
1691 294 1743 321 ὑπὸ
1755 295 1802 322 τοῦ

1013 340 1139 376 ἀληθινοῦ
1160 340 1248 375 φωτὸς
1267 339 1408 374 γινόμενον
1423 339 1452 366 ἐν
1463 340 1522 371 ταῖς
1538 339 1637 374 ψυχαῖς
1654 340 1801 376 φωτισμὸν,

1014 386 1120 423 ἡμέραν
1136 384 1204 414 εἶναι
1217 385 1265 413 τοῦ
1283 386 1396 421 Κυρίου.

1018 475 1111 509 Ταύτῃ
1124 474 1161 509 τῇ
1169 473 1344 508 πεποιθήσει
1353 474 1520 536 ἐξουλόμην
1529 473 1602 508 πρὸς
1614 473 1692 508 ὑμᾶς
1705 474 1802 502 ἐλθεῖν

1330 517 1370 536 πο
1389 517 1487 536 tenor.

1330 517 1487 544 προτερον.

1050 555 1100 582 Διὰ
1112 555 1215 591 ταύτης
1224 556 1273 591 τῆς
1288 554 1386 587 λέξεως
1397 554 1560 590 παρίστησιν
1571 555 1612 581 ὄτι
1623 555 1709 590 χαρὰν
1726 555 1802 590 ἔσχεν

1015 600 1212 636 ὠφελουμένων
1235 600 1386 636 Κορινθίων
1404 600 1432 627 ὲν
1447 599 1486 635 τῷ
1502 599 1622 635 βελτιοῦν
1639 600 1746 632 αὐτούς·
1764 601 1804 626 διδ

1016 646 1103 682 ταύτῃ
1122 646 1248 682 ἐμμένων
1262 648 1294 682 τῇ
1310 646 1448 682 προθέσει,
1463 646 1592 681 ἠϐούλετο
1615 647 1694 674 πάλιν
1709 647 1804 683 ἐπιδη-

1019 692 1103 727 μῆσαι
1121 692 1214 723 αὐτοῖς
1225 691 1315 718 ἀπιὼν
1333 693 1362 718 ἐν
1376 693 1409 727 τῇ
1426 692 1590 727 Μακεδονίᾳ’
1604 692 1730 720 κάκεῖθεν
1746 693 1806 719 ἔπι-

1018 738 1140 774 στρέφων
1168 738 1250 765 πάλιν
1266 738 1366 770 αὐτοὺς
1395 738 1469 772 ἰδεῖν,
1490 738 1533 765 ἵνα
1560 738 1640 765 πάλιν
1666 738 1804 774 εὐφρανθῇ

1016 784 1213 821 ῲφελουμένων
1230 784 1330 811 αὐτῶν.
1346 783 1474 811 Φαίνεται
1489 784 1544 820 γὰρ
1557 784 1603 811 διὰ
1623 785 1673 820 τῆς
1697 785 1806 820 γραφῆς

1018 830 1181 866 ἀμφοτέρων
1197 829 1251 857 τῶν
1267 829 1336 866 πρὸς
1352 829 1450 861 αὐτοὺς
1484 829 1646 856 Ἐπιστολῶν
1663 830 1807 865 γενόμενος

177 880 297 914 itemque
311 885 344 906 ex
360 878 463 912 verbis,
490 887 499 904 ι
512 878 564 907 Sed
582 884 697 913 parcens
725 876 811 908 vobis.
835 883 888 903 nou
903 875 963 903 veni

1022 884 1043 902 ιν
1067 875 1201 911 Κορίνθῳ·
1219 875 1287 903 ἀλλὰ
1304 875 1351 903 καὶ
1374 875 1418 902 διὰ
1437 874 1495 908 τοῦ,
1515 884 1525 901 t
1543 875 1700 911 Φειδόμενος
1730 876 1807 911 ὑμῶν

179 933 272 952 rursus
286 925 318 952 ad
335 931 384 952 vos
395 924 566 958 Corinthum,
580 933 590 950 ι
605 923 631 951 id
648 923 734 958 ipsum
747 922 910 950 ostenditur.

179 1015 261 1043 Vns.
280 1015 326 1042 25.
338 1013 394 1050 Ego
405 1018 493 1042 autem
503 1019 592 1042 testem
607 1013 690 1041 Deum
705 1013 795 1040 invoco
804 1013 831 1039 in
850 1012 965 1040 animam

524 1057 620 1077 nteant.

213 1095 344 1124 Conscius
360 1095 423 1123 licet
437 1095 572 1123 sermonis
600 1093 706 1122 Domini
721 1093 748 1121 in
764 1092 910 1127 Evangelia
921 1092 965 1124 ιν,

178 1149 233 1170 non
251 1146 377 1176 oportere
389 1141 493 1175 jurarc,
506 1140 553 1168 sed
561 1144 654 1168 exacte
664 1139 749 1174 loqui,
760 1146 873 1174 nempec
889 1143 931 1166 est
943 1147 967 1170 ι,

179 1186 288 1222 quando
305 1193 402 1221 reapse
428 1189 488 1218 est;
518 1195 528 1211 ι
543 1193 596 1213 non
612 1194 622 1211 ι
640 1192 716 1216 vero,
743 1191 805 1212 cum
826 1184 863 1210 ita
879 1191 908 1211 se
925 1190 968 1210 res

179 1232 280 1265 habet;
296 1238 367 1258 nunc
385 1236 475 1258 tamen
490 1238 551 1258 cum
566 1231 721 1266 iuramento
747 1229 882 1257 aﬂirmare
895 1229 969 1256 vide-

185 1282 239 1305 tur.
254 1278 342 1311 Atque
359 1277 385 1304 id
395 1277 470 1311 juste
485 1276 641 1304 admodum.
653 1275 720 1303 Nam
737 1275 800 1309 quia
814 1282 892 1303 suum
905 1282 968 1310 erga

179 1322 336 1351 Corinthios
364 1321 490 1349 allectum
513 1321 631 1354 nuntiat,
661 1321 705 1348 hic
731 1328 795 1348 vero
811 1320 916 1348 nonnisi
941 1321 968 1346 in

180 1374 270 1397 mente
287 1373 315 1395 et
329 1368 411 1396 corde
437 1367 580 1400 subsistit;
610 1366 760 1394 verisimile
786 1371 874 1394 autem
898 1370 967 1398 erat,

180 1413 292 1442 dilectos
302 1413 362 1442 illos
372 1413 496 1441 dubitare
509 1413 543 1441 de
554 1417 608 1441 tam
620 1411 736 1448 genuino
744 1419 806 1447 erga
819 1419 850 1439 se
864 1419 968 1445 amore,

182 1465 278 1488 testem
291 1459 355 1488 dicti
384 1459 426 1487 sui
455 1459 564 1487 invocat
594 1459 678 1486 Deum
704 1459 731 1486 in
748 1465 824 1485 suam
841 1457 969 1491 animam,

180 1504 226 1540 qui
241 1512 339 1532 arcana
354 1512 461 1540 quoque
474 1504 500 1532 in
515 1504 573 1539 ipsa
584 1503 694 1532 latentia
721 1503 782 1531 scit.
796 1503 841 1531 Ait
856 1503 968 1538 quippe:

1015 922 1106 948 οὐκέτι
1129 919 1210 957 ἦλθον
1237 922 1277 953 εἰς
1303 920 1445 957 Κόρινθον,
1462 930 1471 947 ι
1493 921 1524 948 τὸ
1545 921 1610 948 αὐτὸ
1628 922 1707 948 τοῦτο
1736 930 1807 957 παρ-

1017 968 1135 994 [σταται.

1022 1013 1138 1049 Ἐ’γὼδὲ
1147 1013 1281 1049 μάρτιῬα
1306 1014 1360 1040 τὸν
1374 1014 1448 1040 Θεὸν
1461 1013 1657 1049 ἐπικαλοῦμαι
1680 1013 1729 1040 ἐπὶ
1751 1013 1808 1047 τὴν

1301 1048 1380 1083 ιμὴν
1390 1047 1506 1083 ψυχήν-

1052 1094 1138 1127 meo;
1155 1095 1186 1122 τὸ
1205 1091 1348 1130 εἰρημένον
1364 1094 1431 1130 πρὸς
1443 1094 1490 1120 τοῦ
1507 1094 1633 1130 Σωτῆρος
1647 1095 1676 1121 ὲν
1688 1095 1810 1128 Εὐαγγέ-

1016 1141 1066 1177 λίῳ
1078 1141 1141 1178 περὶ
1155 1141 1201 1168 τοῦ
1213 1142 1250 1177 μὴ
1257 1141 1312 1168 δεῖν
1321 1141 1445 1177 ὀμνύναι,
1455 1141 1591 1176 ἀλλ’ἐχειν
1605 1141 1684 1176 λόγον
1706 1142 1810 1168 ἀκατά-

1019 1196 1139 1222 γνωστον
1148 1187 1276 1223 περὶτοῦ,
1289 1197 1297 1213 ι
1310 1187 1365 1221 ναὶ,
1378 1197 1387 1214 ι
1396 1187 1433 1219 ὡς
1441 1188 1525 1219 ὅντως
1533 1187 1588 1218 ναὶ,
1599 1187 1709 1218 καὶτοῦ,
1722 1196 1730 1212 ι
1740 1187 1782 1216 οὗ.
1795 1195 1808 1214 ι

1018 1235 1056 1267 ὡς
1071 1235 1159 1267 οὕτως
1179 1235 1300 1270 ἔχοντος,
1315 1233 1554 1269 διαϐεϐαιούμενος
1564 1233 1681 1260 ἐνταῦθα
1695 1233 1809 1268 ὀμνύναι

1017 1281 1099 1308 δοκεῖ’
1116 1280 1162 1308 καὶ
1177 1281 1249 1316 μάλα
1265 1289 1297 1314 γε
1313 1280 1435 1311 δικαίως.
1455 1279 1532 1307 Ἐπεὶ
1547 1278 1600 1314 γὰρ
1616 1279 1733 1306 διάθεσιν
1747 1279 1810 1305 ἐαυ-

1017 1327 1065 1353 τοῦ
1079 1327 1113 1362 ἣν
1129 1324 1202 1362 εἶχεν
1215 1326 1283 1362 πρὸς
1298 1325 1458 1362 Κορινθίους
1470 1325 1645 1359 ἀπαγγέλλει,
1662 1324 1731 1360 αὕτη
1743 1325 1771 1350 δὲ
1780 1325 1810 1351 ὲν

1019 1373 1124 1409 διανοίᾳ
1152 1373 1199 1399 καὶ
1215 1372 1316 1409 καρδία
1336 1371 1368 1398 τὸ
1397 1369 1467 1398 εἶναι
1489 1371 1554 1406 ἔχει,
1572 1371 1644 1402 εἰκὸς
1657 1371 1684 1397 δὲ
1698 1369 1731 1406 ἦν
1746 1370 1810 1402 τοὺς

1020 1417 1222 1453 ἀγαπωμένους
1235 1415 1418 1452 ἀμφιϐάλλειν
1431 1416 1495 1451 περὶ
1513 1415 1563 1450 τῆς
1575 1415 1661 1446 οὕτως
1678 1415 1746 1450 πρὸς
1762 1415 1811 1441 αὑ-

1019 1463 1083 1494 τοὺς
1097 1461 1213 1497 γνησίας
1224 1461 1345 1497 ἀγάπης,
1361 1461 1487 1496 μάρτυρα
1501 1460 1555 1487 τῶν
1563 1460 1716 1496 λεγομένων
1731 1460 1810 1487 καλεῖ

1020 1507 1065 1535 τὸν
1081 1507 1148 1534 Θεὸν
1164 1507 1210 1534 ἐπὶ
1217 1507 1267 1543 τὴν
1283 1506 1380 1533 ἑαυτοῦ
1397 1506 1495 1542 ψυχὴν,
1511 1506 1690 1541 ἐπιστάμενον
1706 1507 1754 1533 καὶ
1775 1507 1811 1534 τὰ

184 1549 271 1578 \‘enio
286 1550 320 1578 ad
335 1557 384 1577 vos
398 1550 533 1578 desiderio
545 1550 627 1577 vestri
641 1549 780 1584 impulsus.
792 1548 855 1577 Etsi
863 1548 966 1584 quando

1022 1555 1050 1581 ὲν
1064 1554 1102 1590 τῷ
1117 1552 1235 1590 κρυπτῷ
1242 1553 1343 1589 ταύτης
1357 1553 1483 1588 κείμενα·
1503 1553 1570 1587 φησὶ
1586 1553 1649 1588 γάρ·
1669 1552 1811 1589 Ἐπιδημῶ

181 1598 209 1625 id
226 1597 338 1624 minime
351 1596 436 1629 facio,
460 1596 569 1624 nonnisi
598 1600 628 1623 ut
654 1596 732 1623 vobis
749 1603 857 1631 parcam
871 1599 971 1623 memet

182 1643 306 1671 cohibeo.
322 1642 406 1670 Scitis
419 1642 504 1674 enim,
518 1649 561 1669 me
572 1649 633 1669 cum
645 1643 732 1677 primo
761 1642 794 1669 ad
812 1642 908 1670 urbem
923 1649 969 1669 ve-

182 1694 268 1717 stram
287 1688 347 1716 \‘eni
375 1695 446 1714 anno
474 1687 580 1723 integro
608 1694 668 1714 cum
696 1687 835 1715 mensibus
847 1695 893 1714 sex
910 1686 971 1715 istic

183 1737 333 1766 versatum,
345 1732 408 1760 dum
424 1732 613 1767 quotidianum
628 1737 747 1760 vestrum
761 1733 787 1760 iu
804 1732 914 1760 Christo
931 1732 971 1759 iu-

183 1784 351 1806 crementqu
377 1783 406 1806 et
432 1778 577 1806 utilitatem
600 1778 696 1807 lubens
711 1784 872 1814 spectarem.
902 1778 970 1806 Tum

183 1823 316 1859 profecto,
331 1827 428 1858 praeter
459 1830 630 1850 communem
654 1822 816 1856 doctrinam,
843 1823 971 1858 mysticas

182 1870 265 1898 etiam
281 1869 440 1897 traditiones
457 1869 533 1896 vobis
548 1868 660 1904 exposui
674 1877 681 1896 :
706 1868 731 1896 id
746 1869 817 1896 cnim
835 1870 860 1897 in
881 1869 971 1904 priore

183 1915 306 1951 Epistola
322 1915 439 1947 ostendi,
458 1915 605 1942 adhortans
627 1922 674 1942 vos
704 1920 733 1941 ut
756 1923 815 1950 qua:
831 1914 971 1949 accepistis

183 1961 349 1990 rctineretis.
368 1961 420 1989 Sed
440 1961 503 1996 quia
516 1968 587 1989 nunc
607 1961 691 1996 probe
713 1961 837 1996 cognovi,
863 1969 881 1998 ει.
896 1960 971 1988 falsis

184 2008 287 2043 aliquot
304 2007 444 2041 magistris
459 2014 505 2034 vos
536 2006 635 2042 decipi,
652 2007 697 2041 qui
720 2007 942 2035 resurrectionem
955 2014 970 2034 a

184 2053 332 2082 mortuiset
341 2053 437 2081 animm
447 2052 676 2083 immortalitatem
700 2057 807 2087 negant,
829 2058 972 2087 prmterea—

183 2107 237 2134 que
247 2107 337 2127 rerum
356 2106 464 2134 quoque
486 2097 695 2125 indiﬂ’ereutium
707 2097 846 2125 scientiam
861 2099 972 2126 subver-

185 2150 262 2178 tunt;
281 2145 330 2173 has
344 2145 379 2172 ob
394 2152 492 2172 causas
505 2144 596 2172 distuli
621 2151 702 2176 nunc,
726 2149 788 2172 ante
802 2144 908 2179 aliquod
928 2151 970 2170 re-

183 2189 302 2217 medium
315 2190 386 2225 quod
402 2197 451 2225 per
463 2189 570 2216 litteras
581 2189 638 2216 iieri
651 2194 750 2223 potest,
765 2189 798 2216 ad
814 2197 860 2217 vos
869 2189 968 2216 venire.

184 2235 249 2264 Haec
259 2241 349 2264 autem
367 2243 416 2270 per
431 2235 578 2270 Epistolam
599 2235 698 2270 scribo,
714 2236 850 2263 dominum
866 2243 909 2263 me
924 2244 971 2263 Vt:-

184 2286 248 2310 strte
269 2281 331 2309 ﬁdei
349 2281 532 2314 denuntians;
560 2281 637 2309 vobis
661 2281 733 2308 enim
751 2281 784 2308 ad
806 2282 970 2309 credendum

184 2327 351 2364 opitulamur
362 2334 410 2363 per
425 2327 611 2362 magisterium
624 2336 630 2354 :
645 2332 671 2355 et
692 2328 818 2362 quoniam
834 2336 881 2362 per
896 2333 970 2356 cate-

185 2373 287 2402 chesim
306 2377 428 2401 nostram
458 2373 491 2400 ad
516 2373 595 2401 iidem
618 2374 783 2406 accessistis,
813 2381 869 2402 nos.
890 2374 969 2402 sicuti

186 2419 339 2452 docuimus,
352 2419 392 2446 sic
409 2418 491 2446 etiam
501 2419 577 2446 vobis
591 2426 844 2452 commemoramus,
855 2425 884 2447 ut
894 2419 966 2452 inea,

187 2472 269 2501 quam
283 2469 357 2492 recte
384 2465 552 2499 suscepistis,
581 2465 633 2491 lide
655 2465 795 2493 maneatis.
813 2465 973 2501 Quanquam

185 2511 260 2539 cnim
277 2509 399 2537 nonnulli
419 2517 434 2537 a
446 2509 636 2544 deceptoribus
662 2511 784 2538 subversi
804 2511 920 2544 fuerunt,
936 2513 974 2538 ni-

186 2556 333 2585 hilominus
344 2555 452 2583 conlido
466 2562 514 2582 vos
529 2555 554 2582 iu
569 2562 600 2582 ea
629 2563 682 2590 qua
709 2555 804 2583 imbuti
820 2556 909 2584 fuistis
922 2556 974 2584 ﬁde

186 2603 279 2630 ﬁrmos
295 2601 363 2629 fore.

185 2647 261 2677 CAP.
281 2648 314 2681 ll,
336 2654 411 2676 vns.
428 2648 456 2676 5.
476 2646 563 2674 Meum
578 2648 705 2710 g‘audium
728 2649 844 2676 omnium
858 2654 969 2677 vestrum

555 2691 582 2710 es
596 2703 603 2710 .

555 2691 603 2710 ευ.

221 2727 356 2756 Gaudium
380 2735 483 2761 meum,
512 2728 608 2764 inquit,
639 2729 760 2757 omnium
792 2734 909 2757 vestrum
928 2734 970 2758 est

186 2777 299 2808 propter
314 2773 412 2801 bonam
434 2773 553 2807 famam;
587 2775 774 2804 demonstrans
795 2776 876 2804 simul
898 2776 968 2812 quod

222 2860 255 2876 ιι·
271 2860 364 2888 mus.
389 2868 415 2895 v,
442 2861 488 2888 57.

1021 1599 1089 1635 πρὸς
1102 1599 1175 1634 ὑμᾶς
1192 1598 1282 1625 ποθῶν
1295 1598 1377 1633 ὑμᾶς·
1392 1598 1439 1625 καὶ
1453 1599 1497 1625 ὅτε
1506 1599 1533 1625 δὲ
1551 1598 1628 1625 τοῦτο
1643 1599 1672 1625 οὐ
1687 1599 1810 1633 πράττω,

1021 1645 1102 1672 πάλιν
1118 1644 1205 1679 φειδοῖ
1230 1646 1264 1680 τῇ
1282 1644 1351 1680 πρὸς
1377 1645 1450 1680 ὑμᾶς
1475 1644 1576 1679 ἐπέχω.
1594 1645 1665 1671 Ἶστε
1693 1645 1747 1679 γὰρ
1769 1645 1811 1671 ὅτι

1021 1691 1153 1726 πρότερον
1183 1688 1268 1717 ἐλθὼν
1282 1691 1323 1722 είς
1335 1690 1385 1726 τὴν
1407 1690 1484 1717 πόλιν
1502 1690 1589 1725 ὑμῶν,
1615 1690 1675 1717 ὅλον
1691 1691 1812 1717 ἐνιαυτὸν

1021 1737 1068 1764 καὶ
1085 1737 1172 1772 μῆνας
1189 1736 1219 1768 ἒξ
1238 1736 1416 1772 ἐνεδιέτριψα,
1433 1736 1536 1772 χαίρων
1549 1737 1577 1763 ἐν
1595 1735 1634 1772 τῷ
1652 1736 1812 1772 καθημέραν

1021 1784 1093 1819 ὑμᾶς
1106 1783 1176 1810 κατὰ
1192 1783 1310 1818 Χριστὸν
1325 1783 1531 1818 ὠφελουμένους
1544 1782 1718 1818 προκόπτειν.
1732 1783 1812 1818 Ἀμέ-

1020 1827 1061 1854 λει
1077 1827 1141 1862 γοῦν
1154 1827 1222 1863 πρὸς
1235 1828 1268 1863 τῇ
1281 1828 1356 1863 κοινῇ
1371 1827 1538 1863 διδασκαλίᾳ,
1551 1827 1599 1854 καὶ
1617 1827 1749 1862 μυστικὰς
1758 1836 1811 1853 πα-

1022 1873 1145 1910 ραδόσεις
1157 1873 1302 1909 παρέθηκα
1317 1873 1391 1908 ὑμίν-
1408 1873 1487 1900 τοῦτο
1500 1873 1554 1908 γὰρ
1579 1874 1606 1900 ἐν
1624 1875 1656 1909 τῇ
1678 1873 1729 1908 πρὸ
1743 1873 1811 1900 ταύ-

1021 1928 1070 1955 της
1087 1920 1229 1955 Ἐπιστολῇ
1247 1919 1380 1955 ὲδήλωσα,
1391 1918 1532 1955 διεγείρων
1545 1920 1692 1954 κατασχεῖν
1707 1919 1779 1954 ὑμᾶς
1793 1919 1813 1947 ἃ

1023 1965 1218 2001 παρειλήφατε.
1241 1964 1350 2000 Ἐπειδὴ
1361 1964 1388 1991 δὲ
1402 1963 1449 1992 νῦν
1464 1964 1585 2000 ἀκριϐῶς
1597 1964 1747 2000 πέπεισμαι
1774 1964 1812 1996 ὡς

1022 2010 1257 2044 ψευδοδιδάσκαλοί
1270 2018 1341 2042 τινες
1359 2009 1512 2041 ἀπατῶσιν,
1535 2009 1694 2041 ἀθετοῦντες
1707 2009 1757 2044 τὴν
1779 2009 1812 2036 ἐκ

1021 2057 1125 2092 νεκρῶν
1139 2056 1286 2083 ἀνάστασιν
1311 2056 1358 2083 καὶ
1378 2056 1428 2091 τὴν
1442 2057 1487 2082 ἐπὶ
1503 2056 1632 2091 διαμονὴν
1648 2056 1697 2091 τῆς
1710 2055 1810 2090 ψυχῆς·

1021 2102 1061 2129 ἔτι
1077 2102 1130 2139 μὴν
1147 2104 1194 2130 καὶ
1207 2102 1256 2138 τὴν
1274 2103 1338 2139 περὶ
1355 2103 1508 2139 ἀδιαφόρων
1521 2103 1620 2137 γνῶσιν
1634 2102 1811 2138 διαστρέφον-

1022 2159 1077 2183 τες’
1091 2151 1186 2178 τούτου
1202 2151 1283 2186 χάριν
1300 2151 1415 2186 ἐπέσχον
1429 2151 1477 2178 νῦν
1501 2150 1554 2186 πρὸ
1570 2149 1716 2186 θεραπείας
1739 2149 1812 2182 τινος

1024 2197 1067 2224 διὰ
1084 2197 1257 2233 γραμμάτων
1273 2197 1446 2233 ὑπαρχθῆναι
1467 2197 1619 2232 δυναμένης
1644 2195 1813 2231 ἐπιδημῆσαι

1024 2245 1098 2280 ὑμῖν
1112 2244 1198 2270 ταῦτα
1208 2243 1236 2270 δὲ
1249 2243 1421 2280 ὲπιστ[ἐλλω]
1440 2243 1533 2279 κύριον
1547 2243 1595 2278 τῆς
1607 2242 1723 2273 πίστεως
1735 2241 1814 2276 ὑμῶν

1024 2290 1140 2326 ἐμαυτὸν
1163 2290 1353 2326 ἀναγορεύων·
1379 2289 1563 2325 συιιεργοῦμεν
1579 2288 1633 2323 γὰρ
1654 2289 1693 2319 εἰς
1718 2287 1748 2314 τὸ
1771 2296 1816 2314 πι-

1025 2335 1128 2362 στεύειν
1136 2336 1207 2371 ὑμᾶς
1215 2336 1260 2362 διὰ
1266 2336 1450 2368 διδασκαλίας·
1461 2335 1508 2362 καὶ
1519 2335 1581 2361 ἐπεὶ
1596 2336 1627 2361 ὲκ
1635 2334 1814 2369 κατηχήσεως

1024 2381 1101 2417 ἡμῶν
1116 2382 1148 2417 τῇ
1175 2381 1265 2409 πίστει
1282 2381 1513 2417 προσεληλύθατε,
1531 2381 1627 2416 ὥσπερ
1641 2378 1813 2416 ἐδιδάξαμεν,

1023 2426 1095 2454 οὕτω
1114 2427 1162 2454 καὶ
1174 2427 1429 2463 ὑπομιμνήσκομεν,
1440 2427 1513 2459 ὅπως
1528 2427 1664 2462 ἐμμένητε
1711 2434 1815 2462 κατορ-

1023 2472 1128 2500 θώσατε
1142 2473 1243 2499 πίστει·
1262 2473 1315 2499 κᾶν
1331 2473 1385 2508 γάρ
1409 2481 1481 2504 τινες
1496 2471 1678 2508 ἐκλονήθησαν
1689 2471 1741 2497 ὑπὸ
1756 2471 1815 2498 τῶν

1022 2518 1198 2550 ἀπατεώνων,
1214 2518 1272 2545 ἀλλ’
1284 2516 1330 2545 οὖν
1347 2518 1440 2554 cupps.
1452 2518 1490 2550 ὡς
1504 2518 1638 2553 ἑστήκατε
1661 2518 1690 2544 ὲν
1737 2526 1815 2554 παρ-

1022 2565 1132 2593 ελάϐετε
1152 2566 1251 2600 πίστει,
1266 2566 1343 2597 ὄντες
1359 2566 1387 2592 ὲν
1402 2566 1470 2601 αὐτῇ
1484 2565 1601 2600 βέϐαιοι,

1161 2653 1195 2680 'II
1204 2653 1259 2689 ἐμὴ
1270 2653 1346 2688 χαρὰ
1359 2652 1481 2680 πάντων
1497 2653 1580 2689 ὑμῶν
1590 2653 1684 2680 ἐστιν.

1066 2731 1096 2757 ῚῙ
1111 2731 1183 2766 χαρὰ
1196 2731 1212 2766 ἡ
1226 2731 1290 2767 ἐμὴ,
1308 2732 1386 2767 φησὶ,
1398 2731 1506 2758 πάντων
1523 2730 1602 2767 ὑμῶν
1614 2730 1687 2756 ἐστιν
1702 2729 1747 2757 διὰ
1765 2729 1816 2757 τοῦ

1023 2775 1156 2812 εὐφήμου·
1181 2777 1228 2804 καὶ
1241 2777 1270 2803 τὸ
1293 2777 1345 2812 πρὸ
1359 2777 1442 2804 αὑτοῦ
1460 2776 1558 2812 δηλῶν,
1567 2776 1638 2811 λέγω
1654 2775 1685 2812 δὴ
1694 2773 1735 2808 τὸ,
1750 2785 1758 2801 ι
1779 2775 1814 2803 ἰι
