  <div class='ocr_page' id='page_1' title='image "/cluster/home/n/w/nwhite01/storage/ocr_20150623/39/njp.32101010943528/850.png"; bbox 0 0 1913 3071; ppageno 0'>
   <div class='ocr_carea' id='block_1_1' title="bbox 171 112 241 141">
    <p class='ocr_par' dir='ltr' id='par_1_1' title="bbox 171 112 241 141">
     <span class='ocr_line' id='line_1_1' title="bbox 171 112 241 141; baseline -0.014 0"><span class='ocrx_word' id='word_1_1' title='bbox 171 112 241 141; x_wconf 72' lang='grc'><strong>1689</strong></span> 
     </span>
    </p>
   </div>
   <div class='ocr_carea' id='block_1_2' title="bbox 611 107 1354 137">
    <p class='ocr_par' dir='ltr' id='par_1_2' title="bbox 611 107 1354 137">
     <span class='ocr_line' id='line_1_2' title="bbox 611 107 1354 137; baseline 0.001 -2"><span class='ocrx_word' id='word_1_2' title='bbox 611 108 821 137; x_wconf 74' lang='lat' dir='ltr'><strong>FRAGMENTA</strong></span> <span class='ocrx_word' id='word_1_3' title='bbox 847 110 882 136; x_wconf 89' lang='lat' dir='ltr'><strong>IN</strong></span> <span class='ocrx_word' id='word_1_4' title='bbox 901 109 1011 137; x_wconf 81' lang='lat' dir='ltr'><strong>EPIST.</strong></span> <span class='ocrx_word' id='word_1_5' title='bbox 1032 109 1053 136; x_wconf 89' lang='grc' dir='ltr'><strong>ιι</strong></span> <span class='ocrx_word' id='word_1_6' title='bbox 1072 109 1118 136; x_wconf 81' lang='lat' dir='ltr'><strong>AD</strong></span> <span class='ocrx_word' id='word_1_7' title='bbox 1137 107 1354 136; x_wconf 69' lang='lat' dir='ltr'><strong>CDRINTH‘IOS.</strong></span> 
     </span>
    </p>
   </div>
   <div class='ocr_carea' id='block_1_3' title="bbox 1724 107 1794 138">
    <p class='ocr_par' dir='ltr' id='par_1_3' title="bbox 1724 107 1794 138">
     <span class='ocr_line' id='line_1_3' title="bbox 1724 107 1794 138; baseline -0.014 -2"><span class='ocrx_word' id='word_1_8' title='bbox 1724 107 1794 138; x_wconf 71' lang='grc'><strong>1690</strong></span> 
     </span>
    </p>
   </div>
   <div class='ocr_carea' id='block_1_4' title="bbox 165 165 974 203">
    <p class='ocr_par' dir='ltr' id='par_1_4' title="bbox 165 165 959 203">
     <span class='ocr_line' id='line_1_4' title="bbox 165 165 959 203; baseline 0 -9"><span class='ocrx_word' id='word_1_9' title='bbox 165 165 239 202; x_wconf 85' lang='grc' dir='ltr'>λύπη</span> <span class='ocrx_word' id='word_1_10' title='bbox 250 167 267 202; x_wconf 77' lang='grc' dir='ltr'><strong>ἡ</strong></span> <span class='ocrx_word' id='word_1_11' title='bbox 285 165 338 202; x_wconf 76' lang='grc' dir='ltr'><strong>ἐμὴ</strong></span> <span class='ocrx_word' id='word_1_12' title='bbox 364 166 472 193; x_wconf 84' lang='grc' dir='ltr'>πάντων</span> <span class='ocrx_word' id='word_1_13' title='bbox 488 165 565 202; x_wconf 85' lang='grc' dir='ltr'>ὑμῶν</span> <span class='ocrx_word' id='word_1_14' title='bbox 575 165 660 194; x_wconf 80' lang='grc' dir='ltr'>ἑστιν.</span> <span class='ocrx_word' id='word_1_15' title='bbox 677 176 686 192; x_wconf 74' lang='grc' dir='ltr'><strong>ι</strong></span> <span class='ocrx_word' id='word_1_16' title='bbox 705 167 779 194; x_wconf 85' lang='grc' dir='ltr'><strong>Ἔδει</strong></span> <span class='ocrx_word' id='word_1_17' title='bbox 793 167 847 203; x_wconf 82' lang='grc' dir='ltr'><strong>γὰρ</strong></span> <span class='ocrx_word' id='word_1_18' title='bbox 860 167 959 195; x_wconf 86' lang='grc' dir='ltr'>λυπου-</span> 
     </span>
    </p>
   </div>
   <div class='ocr_carea' id='block_1_5' title="bbox 1013 165 1793 203">
    <p class='ocr_par' dir='ltr' id='par_1_5' title="bbox 1013 165 1793 203">
     <span class='ocr_line' id='line_1_5' title="bbox 1013 165 1793 203; baseline -0.001 -8"><span class='ocrx_word' id='word_1_19' title='bbox 1013 167 1158 203; x_wconf 60' lang='lat' dir='ltr'><strong>praecessit,</strong></span> <span class='ocrx_word' id='word_1_20' title='bbox 1176 175 1272 201; x_wconf 84' lang='lat' dir='ltr'><strong>nempe</strong></span> <span class='ocrx_word' id='word_1_21' title='bbox 1287 174 1294 192; x_wconf 84' lang='lat'><strong>:</strong></span> <span class='ocrx_word' id='word_1_22' title='bbox 1309 175 1318 192; x_wconf 78' lang='grc' dir='ltr'><strong>ι</strong></span> <span class='ocrx_word' id='word_1_23' title='bbox 1331 165 1656 202; x_wconf 79' lang='lat' dir='ltr'><strong>Tristitiamea,omnium</strong></span> <span class='ocrx_word' id='word_1_24' title='bbox 1674 172 1793 195; x_wconf 85' lang='lat' dir='ltr'><strong>vestrum</strong></span> 
     </span>
    </p>
   </div>
   <div class='ocr_carea' id='block_1_6' title="bbox 168 211 958 248">
    <p class='ocr_par' dir='ltr' id='par_1_6' title="bbox 168 211 958 248">
     <span class='ocr_line' id='line_1_6' title="bbox 168 211 958 248; baseline -0.001 -8"><span class='ocrx_word' id='word_1_25' title='bbox 168 212 241 248; x_wconf 79' lang='grc' dir='ltr'>μένῳ</span> <span class='ocrx_word' id='word_1_26' title='bbox 262 211 300 246; x_wconf 84' lang='grc' dir='ltr'>τῷ</span> <span class='ocrx_word' id='word_1_27' title='bbox 322 211 476 246; x_wconf 83' lang='grc' dir='ltr'>Ἀποστόλῳ</span> <span class='ocrx_word' id='word_1_28' title='bbox 495 211 689 238; x_wconf 81' lang='grc' dir='ltr'><strong>συλλυπεῖσθαι</strong></span> <span class='ocrx_word' id='word_1_29' title='bbox 715 212 884 248; x_wconf 81' lang='grc' dir='ltr'><strong>Κορινθίους,</strong></span> <span class='ocrx_word' id='word_1_30' title='bbox 914 213 958 240; x_wconf 81' lang='grc' dir='ltr'>ἵνα</span> 
     </span>
    </p>
   </div>
   <div class='ocr_carea' id='block_1_7' title="bbox 165 258 959 295">
    <p class='ocr_par' dir='ltr' id='par_1_7' title="bbox 165 258 959 295">
     <span class='ocr_line' id='line_1_7' title="bbox 165 258 959 295; baseline -0.003 -8"><span class='ocrx_word' id='word_1_31' title='bbox 165 260 214 287; x_wconf 78' lang='grc' dir='ltr'>καὶ</span> <span class='ocrx_word' id='word_1_32' title='bbox 236 259 357 295; x_wconf 85' lang='grc' dir='ltr'><strong>χαίροντι</strong></span> <span class='ocrx_word' id='word_1_33' title='bbox 377 258 444 294; x_wconf 74' lang='lat' dir='ltr'><strong>(l8‘)</strong></span> <span class='ocrx_word' id='word_1_34' title='bbox 463 258 656 294; x_wconf 82' lang='grc' dir='ltr'>συγχαίρωσιν.</span> <span class='ocrx_word' id='word_1_35' title='bbox 676 258 737 285; x_wconf 85' lang='grc' dir='ltr'><strong>Ὅτι</strong></span> <span class='ocrx_word' id='word_1_36' title='bbox 755 258 783 285; x_wconf 81' lang='grc' dir='ltr'>δὲ</span> <span class='ocrx_word' id='word_1_37' title='bbox 795 259 827 285; x_wconf 85' lang='grc' dir='ltr'>ἐκ</span> <span class='ocrx_word' id='word_1_38' title='bbox 843 258 959 294; x_wconf 81' lang='grc' dir='ltr'><strong>γνησίας</strong></span> 
     </span>
    </p>
   </div>
   <div class='ocr_carea' id='block_1_8' title="bbox 165 304 959 340">
    <p class='ocr_par' dir='ltr' id='par_1_8' title="bbox 165 304 959 340">
     <span class='ocr_line' id='line_1_8' title="bbox 165 304 959 340; baseline -0.003 -7"><span class='ocrx_word' id='word_1_39' title='bbox 165 305 312 337; x_wconf 81' lang='grc' dir='ltr'><strong>διαθέσεως</strong></span> <span class='ocrx_word' id='word_1_40' title='bbox 323 304 473 331; x_wconf 79' lang='grc' dir='ltr'><strong>ἐπιστέλλω</strong></span> <span class='ocrx_word' id='word_1_41' title='bbox 483 304 579 338; x_wconf 81' lang='grc' dir='ltr'>ταῦτα,</span> <span class='ocrx_word' id='word_1_42' title='bbox 593 305 670 340; x_wconf 81' lang='grc' dir='ltr'>φησὶ,</span> <span class='ocrx_word' id='word_1_43' title='bbox 686 304 834 340; x_wconf 82' lang='grc' dir='ltr'><strong>γινώσκετε</strong></span> <span class='ocrx_word' id='word_1_44' title='bbox 849 305 880 331; x_wconf 82' lang='grc' dir='ltr'>ἐκ</span> <span class='ocrx_word' id='word_1_45' title='bbox 893 305 959 331; x_wconf 84' lang='grc' dir='ltr'>πολ-</span> 
     </span>
    </p>
   </div>
   <div class='ocr_carea' id='block_1_9' title="bbox 165 350 958 387">
    <p class='ocr_par' dir='ltr' id='par_1_9' title="bbox 165 350 958 387">
     <span class='ocr_line' id='line_1_9' title="bbox 165 350 958 387; baseline 0 -9"><span class='ocrx_word' id='word_1_46' title='bbox 165 352 215 387; x_wconf 87' lang='grc' dir='ltr'>λῆς</span> <span class='ocrx_word' id='word_1_47' title='bbox 224 351 340 386; x_wconf 75' lang='grc' dir='ltr'><strong>θλίψεως</strong></span> <span class='ocrx_word' id='word_1_48' title='bbox 357 350 405 377; x_wconf 74' lang='grc' dir='ltr'>καὶ</span> <span class='ocrx_word' id='word_1_49' title='bbox 415 351 529 386; x_wconf 83' lang='grc' dir='ltr'>συνοχῆς</span> <span class='ocrx_word' id='word_1_50' title='bbox 535 351 649 386; x_wconf 81' lang='grc' dir='ltr'>καρδίας</span> <span class='ocrx_word' id='word_1_51' title='bbox 660 350 703 378; x_wconf 86' lang='grc' dir='ltr'><strong>διὰ</strong></span> <span class='ocrx_word' id='word_1_52' title='bbox 717 350 820 377; x_wconf 79' lang='grc' dir='ltr'>πολλῶν</span> <span class='ocrx_word' id='word_1_53' title='bbox 833 350 958 386; x_wconf 77' lang='grc' dir='ltr'>δακρύων</span> 
     </span>
    </p>
   </div>
   <div class='ocr_carea' id='block_1_10' title="bbox 166 396 959 433">
    <p class='ocr_par' dir='ltr' id='par_1_10' title="bbox 166 396 959 433">
     <span class='ocr_line' id='line_1_10' title="bbox 166 396 959 433; baseline 0 -9"><span class='ocrx_word' id='word_1_54' title='bbox 166 396 372 433; x_wconf 82' lang='grc' dir='ltr'>ὑπηγορεῦσθαι</span> <span class='ocrx_word' id='word_1_55' title='bbox 388 396 439 432; x_wconf 83' lang='grc' dir='ltr'>τὴν</span> <span class='ocrx_word' id='word_1_56' title='bbox 475 396 645 432; x_wconf 77' lang='grc' dir='ltr'>Ἐπιστολήν.</span> <span class='ocrx_word' id='word_1_57' title='bbox 675 396 712 422; x_wconf 80' lang='grc' dir='ltr'><strong>Οὐ</strong></span> <span class='ocrx_word' id='word_1_58' title='bbox 732 396 786 431; x_wconf 82' lang='grc' dir='ltr'><strong>γὰρ</strong></span> <span class='ocrx_word' id='word_1_59' title='bbox 807 396 959 432; x_wconf 77' lang='grc' dir='ltr'>ἐϐουλόμην</span> 
     </span>
    </p>
   </div>
   <div class='ocr_carea' id='block_1_11' title="bbox 164 441 959 478">
    <p class='ocr_par' dir='ltr' id='par_1_11' title="bbox 164 441 959 478">
     <span class='ocr_line' id='line_1_11' title="bbox 164 441 959 478; baseline 0 -9"><span class='ocrx_word' id='word_1_60' title='bbox 164 442 292 469; x_wconf 83' lang='grc' dir='ltr'>τοιούτων</span> <span class='ocrx_word' id='word_1_61' title='bbox 312 442 384 478; x_wconf 79' lang='grc' dir='ltr'>ὑμᾶς</span> <span class='ocrx_word' id='word_1_62' title='bbox 400 441 503 468; x_wconf 86' lang='grc' dir='ltr'>δεῖσθαι</span> <span class='ocrx_word' id='word_1_63' title='bbox 522 441 705 477; x_wconf 77' lang='grc' dir='ltr'>ἐπιπλήξεων,</span> <span class='ocrx_word' id='word_1_64' title='bbox 721 441 778 468; x_wconf 78' lang='grc' dir='ltr'>ἀλλ’</span> <span class='ocrx_word' id='word_1_65' title='bbox 797 441 959 475; x_wconf 80' lang='grc' dir='ltr'>ἀποδείξεων</span> 
     </span>
    </p>
   </div>
   <div class='ocr_carea' id='block_1_12' title="bbox 165 487 957 523">
    <p class='ocr_par' dir='ltr' id='par_1_12' title="bbox 165 487 957 523">
     <span class='ocr_line' id='line_1_12' title="bbox 165 487 957 523; baseline 0 -9"><span class='ocrx_word' id='word_1_66' title='bbox 165 487 219 514; x_wconf 78' lang='grc' dir='ltr'>τῶν</span> <span class='ocrx_word' id='word_1_67' title='bbox 241 487 304 523; x_wconf 71' lang='grc' dir='ltr'>περὶ</span> <span class='ocrx_word' id='word_1_68' title='bbox 327 488 375 523; x_wconf 89' lang='grc' dir='ltr'>τῆς</span> <span class='ocrx_word' id='word_1_69' title='bbox 396 487 525 523; x_wconf 80' lang='grc' dir='ltr'>ἀληθείας</span> <span class='ocrx_word' id='word_1_70' title='bbox 541 487 684 523; x_wconf 83' lang='grc' dir='ltr'>δογμάτων</span> <span class='ocrx_word' id='word_1_71' title='bbox 700 487 746 514; x_wconf 74' lang='grc' dir='ltr'>καὶ</span> <span class='ocrx_word' id='word_1_72' title='bbox 767 488 957 523; x_wconf 79' lang='grc' dir='ltr'>ὑπομνήσεως,</span> 
     </span>
    </p>
   </div>
   <div class='ocr_carea' id='block_1_13' title="bbox 167 533 795 571">
    <p class='ocr_par' dir='ltr' id='par_1_13' title="bbox 167 533 795 571">
     <span class='ocr_line' id='line_1_13' title="bbox 167 533 795 571; baseline 0.002 -11"><span class='ocrx_word' id='word_1_73' title='bbox 167 533 266 571; x_wconf 82' lang='grc' dir='ltr'>μᾶλλον</span> <span class='ocrx_word' id='word_1_74' title='bbox 277 534 304 560; x_wconf 79' lang='grc' dir='ltr'>δὲ</span> <span class='ocrx_word' id='word_1_75' title='bbox 316 534 474 569; x_wconf 82' lang='grc' dir='ltr'>προτροπῆς</span> <span class='ocrx_word' id='word_1_76' title='bbox 488 534 556 570; x_wconf 84' lang='grc' dir='ltr'>πρὸς</span> <span class='ocrx_word' id='word_1_77' title='bbox 565 534 671 561; x_wconf 84' lang='grc' dir='ltr'>τελείαν</span> <span class='ocrx_word' id='word_1_78' title='bbox 684 534 795 571; x_wconf 81' lang='grc' dir='ltr'>ἀρετήν.</span> 
     </span>
    </p>
   </div>
   <div class='ocr_carea' id='block_1_14' title="bbox 374 623 748 658">
    <p class='ocr_par' dir='ltr' id='par_1_14' title="bbox 374 623 748 658">
     <span class='ocr_line' id='line_1_14' title="bbox 374 623 748 658; baseline 0.005 -8"><span class='ocrx_word' id='word_1_79' title='bbox 374 623 425 650; x_wconf 82' lang='grc' dir='ltr'><strong>Ἐν</strong></span> <span class='ocrx_word' id='word_1_80' title='bbox 441 624 592 658; x_wconf 78' lang='grc' dir='ltr'>προσώπῳ</span> <span class='ocrx_word' id='word_1_81' title='bbox 608 624 748 658; x_wconf 65' lang='grc' dir='ltr'>Χριστοῦ.</span> 
     </span>
    </p>
   </div>
   <div class='ocr_carea' id='block_1_15' title="bbox 197 669 957 709">
    <p class='ocr_par' dir='ltr' id='par_1_15' title="bbox 197 669 957 709">
     <span class='ocr_line' id='line_1_15' title="bbox 197 669 957 709; baseline 0.007 -14"><span class='ocrx_word' id='word_1_82' title='bbox 197 669 293 704; x_wconf 79' lang='grc' dir='ltr'><strong>Διττὴν</strong></span> <span class='ocrx_word' id='word_1_83' title='bbox 307 669 386 695; x_wconf 82' lang='grc' dir='ltr'>τοῦτο</span> <span class='ocrx_word' id='word_1_84' title='bbox 411 669 529 696; x_wconf 86' lang='grc' dir='ltr'>διάνοιαν</span> <span class='ocrx_word' id='word_1_85' title='bbox 547 669 654 705; x_wconf 76' lang='grc' dir='ltr'>ἐχειτὸ,</span> <span class='ocrx_word' id='word_1_86' title='bbox 667 680 676 696; x_wconf 75' lang='grc' dir='ltr'><strong>ι</strong></span> <span class='ocrx_word' id='word_1_87' title='bbox 699 672 728 698; x_wconf 83' lang='grc' dir='ltr'>ἑν</span> <span class='ocrx_word' id='word_1_88' title='bbox 745 672 883 707; x_wconf 77' lang='grc' dir='ltr'>προσώπῳ</span> <span class='ocrx_word' id='word_1_89' title='bbox 900 673 957 709; x_wconf 84' lang='grc'><strong>(19)</strong></span> 
     </span>
    </p>
   </div>
   <div class='ocr_carea' id='block_1_16' title="bbox 164 714 958 752">
    <p class='ocr_par' dir='ltr' id='par_1_16' title="bbox 164 714 958 752">
     <span class='ocr_line' id='line_1_16' title="bbox 164 714 958 752; baseline 0.005 -10"><span class='ocrx_word' id='word_1_90' title='bbox 164 714 293 750; x_wconf 77' lang='grc' dir='ltr'>Χριστοῦ·</span> <span class='ocrx_word' id='word_1_91' title='bbox 306 724 315 740; x_wconf 74' lang='grc' dir='ltr'><strong>ι</strong></span> <span class='ocrx_word' id='word_1_92' title='bbox 329 714 454 749; x_wconf 73' lang='grc' dir='ltr'>δηλοῦται</span> <span class='ocrx_word' id='word_1_93' title='bbox 466 715 520 750; x_wconf 79' lang='grc' dir='ltr'><strong>γὰρ</strong></span> <span class='ocrx_word' id='word_1_94' title='bbox 535 715 593 750; x_wconf 77' lang='grc' dir='ltr'>ἦτοι</span> <span class='ocrx_word' id='word_1_95' title='bbox 609 717 638 742; x_wconf 79' lang='grc' dir='ltr'>ἐν</span> <span class='ocrx_word' id='word_1_96' title='bbox 653 717 801 752; x_wconf 85' lang='grc' dir='ltr'>προσώπῳ,</span> <span class='ocrx_word' id='word_1_97' title='bbox 817 719 958 746; x_wconf 81' lang='grc' dir='ltr'>τουτέστιν</span> 
     </span>
    </p>
   </div>
   <div class='ocr_carea' id='block_1_17' title="bbox 164 761 960 800">
    <p class='ocr_par' dir='ltr' id='par_1_17' title="bbox 164 761 960 800">
     <span class='ocr_line' id='line_1_17' title="bbox 164 761 960 800; baseline 0.005 -12"><span class='ocrx_word' id='word_1_98' title='bbox 164 762 279 789; x_wconf 72' lang='grc' dir='ltr'>ἐνώπιον</span> <span class='ocrx_word' id='word_1_99' title='bbox 295 761 341 788; x_wconf 74' lang='grc' dir='ltr'>καὶ</span> <span class='ocrx_word' id='word_1_100' title='bbox 357 761 501 796; x_wconf 78' lang='grc' dir='ltr'>βλέποντος</span> <span class='ocrx_word' id='word_1_101' title='bbox 516 761 647 797; x_wconf 78' lang='grc' dir='ltr'>Χριστοῦ·</span> <span class='ocrx_word' id='word_1_102' title='bbox 676 763 744 790; x_wconf 83' lang='grc' dir='ltr'>ἀλλὰ</span> <span class='ocrx_word' id='word_1_103' title='bbox 756 764 801 790; x_wconf 80' lang='grc' dir='ltr'><strong>καὶ</strong></span> <span class='ocrx_word' id='word_1_104' title='bbox 817 764 857 796; x_wconf 79' lang='grc' dir='ltr'>τὺ,</span> <span class='ocrx_word' id='word_1_105' title='bbox 870 765 960 800; x_wconf 76' lang='grc' dir='ltr'>φέρων</span> 
     </span>
    </p>
   </div>
   <div class='ocr_carea' id='block_1_18' title="bbox 164 807 959 845">
    <p class='ocr_par' dir='ltr' id='par_1_18' title="bbox 164 807 959 845">
     <span class='ocr_line' id='line_1_18' title="bbox 164 807 959 845; baseline 0.005 -11"><span class='ocrx_word' id='word_1_106' title='bbox 164 808 211 834; x_wconf 82' lang='grc' dir='ltr'>τοῦ</span> <span class='ocrx_word' id='word_1_107' title='bbox 238 807 356 844; x_wconf 74' lang='grc' dir='ltr'>Χριστοῦ</span> <span class='ocrx_word' id='word_1_108' title='bbox 383 807 528 843; x_wconf 75' lang='grc' dir='ltr'>πρόσωπον</span> <span class='ocrx_word' id='word_1_109' title='bbox 543 809 720 845; x_wconf 78' lang='grc' dir='ltr'>κεχάρισμαι,</span> <span class='ocrx_word' id='word_1_110' title='bbox 752 810 829 842; x_wconf 73' lang='grc' dir='ltr'>εἰδὼς</span> <span class='ocrx_word' id='word_1_111' title='bbox 851 811 892 837; x_wconf 85' lang='grc' dir='ltr'>ὅτι</span> <span class='ocrx_word' id='word_1_112' title='bbox 912 811 959 838; x_wconf 70' lang='grc' dir='ltr'>καὶ</span> 
     </span>
    </p>
   </div>
   <div class='ocr_carea' id='block_1_19' title="bbox 163 854 959 893">
    <p class='ocr_par' dir='ltr' id='par_1_19' title="bbox 163 854 959 893">
     <span class='ocr_line' id='line_1_19' title="bbox 163 854 959 893; baseline 0.005 -13"><span class='ocrx_word' id='word_1_113' title='bbox 163 854 245 885; x_wconf 68' lang='grc' dir='ltr'>αὐτὸς</span> <span class='ocrx_word' id='word_1_114' title='bbox 256 854 345 881; x_wconf 80' lang='grc' dir='ltr'>πάντα</span> <span class='ocrx_word' id='word_1_115' title='bbox 356 854 390 881; x_wconf 76' lang='grc' dir='ltr'><strong>τὰ</strong></span> <span class='ocrx_word' id='word_1_116' title='bbox 403 854 469 890; x_wconf 78' lang='grc' dir='ltr'>πρὸς</span> <span class='ocrx_word' id='word_1_117' title='bbox 482 855 670 891; x_wconf 78' lang='grc' dir='ltr'>μακαριότητα</span> <span class='ocrx_word' id='word_1_118' title='bbox 683 856 848 892; x_wconf 84' lang='grc' dir='ltr'>χαρίσασθαι</span> <span class='ocrx_word' id='word_1_119' title='bbox 864 857 959 893; x_wconf 83' lang='grc' dir='ltr'>κρίνας</span> 
     </span>
    </p>
   </div>
   <div class='ocr_carea' id='block_1_20' title="bbox 164 899 960 939">
    <p class='ocr_par' dir='ltr' id='par_1_20' title="bbox 164 899 960 939">
     <span class='ocr_line' id='line_1_20' title="bbox 164 899 960 939; baseline 0.004 -13"><span class='ocrx_word' id='word_1_120' title='bbox 164 899 336 935; x_wconf 75' lang='grc' dir='ltr'>ἐπεδήμησεν</span> <span class='ocrx_word' id='word_1_121' title='bbox 360 900 398 935; x_wconf 82' lang='grc' dir='ltr'>τῷ</span> <span class='ocrx_word' id='word_1_122' title='bbox 421 900 481 936; x_wconf 83' lang='grc' dir='ltr'>βίῳ.</span> <span class='ocrx_word' id='word_1_123' title='bbox 499 900 585 927; x_wconf 81' lang='grc' dir='ltr'>Αὑτοῦ</span> <span class='ocrx_word' id='word_1_124' title='bbox 601 901 690 928; x_wconf 85' lang='grc' dir='ltr'>τοίνυν</span> <span class='ocrx_word' id='word_1_125' title='bbox 710 902 801 937; x_wconf 79' lang='grc' dir='ltr'>φέρων</span> <span class='ocrx_word' id='word_1_126' title='bbox 823 902 853 929; x_wconf 82' lang='grc' dir='ltr'><strong>τὺ</strong></span> <span class='ocrx_word' id='word_1_127' title='bbox 874 903 960 939; x_wconf 84' lang='grc' dir='ltr'>πρόσ-</span> 
     </span>
    </p>
   </div>
   <div class='ocr_carea' id='block_1_21' title="bbox 164 946 959 984">
    <p class='ocr_par' dir='ltr' id='par_1_21' title="bbox 164 946 959 984">
     <span class='ocr_line' id='line_1_21' title="bbox 164 946 959 984; baseline 0.004 -12"><span class='ocrx_word' id='word_1_128' title='bbox 164 954 239 972; x_wconf 90' lang='grc' dir='ltr'>ωπον</span> <span class='ocrx_word' id='word_1_129' title='bbox 257 946 411 982; x_wconf 87' lang='grc' dir='ltr'>(μιμεῖσθαι</span> <span class='ocrx_word' id='word_1_130' title='bbox 425 947 479 982; x_wconf 87' lang='grc' dir='ltr'><strong>γὰρ</strong></span> <span class='ocrx_word' id='word_1_131' title='bbox 495 947 577 974; x_wconf 80' lang='grc' dir='ltr'>αὑτὸν</span> <span class='ocrx_word' id='word_1_132' title='bbox 603 946 717 983; x_wconf 75' lang='grc' dir='ltr'>εὔχομαι</span> <span class='ocrx_word' id='word_1_133' title='bbox 733 949 780 974; x_wconf 72' lang='grc' dir='ltr'>καὶ</span> <span class='ocrx_word' id='word_1_134' title='bbox 798 949 959 984; x_wconf 66' lang='grc' dir='ltr'>σύμμοριξος</span> 
     </span>
    </p>
   </div>
   <div class='ocr_carea' id='block_1_22' title="bbox 164 990 960 1030">
    <p class='ocr_par' dir='ltr' id='par_1_22' title="bbox 164 990 960 1030">
     <span class='ocr_line' id='line_1_22' title="bbox 164 990 960 1030; baseline 0.004 -12"><span class='ocrx_word' id='word_1_135' title='bbox 164 991 248 1018; x_wconf 78' lang='grc' dir='ltr'>αὐτοῦ</span> <span class='ocrx_word' id='word_1_136' title='bbox 267 990 359 1027; x_wconf 75' lang='grc' dir='ltr'>εἶναι),</span> <span class='ocrx_word' id='word_1_137' title='bbox 388 993 568 1029; x_wconf 79' lang='grc' dir='ltr'>συνεχώρησα</span> <span class='ocrx_word' id='word_1_138' title='bbox 595 993 644 1029; x_wconf 83' lang='grc' dir='ltr'>τὴν</span> <span class='ocrx_word' id='word_1_139' title='bbox 661 994 796 1030; x_wconf 84' lang='grc' dir='ltr'>ἁμαρτίαν</span> <span class='ocrx_word' id='word_1_140' title='bbox 813 995 853 1030; x_wconf 84' lang='grc' dir='ltr'>τῷ</span> <span class='ocrx_word' id='word_1_141' title='bbox 879 1004 960 1030; x_wconf 85' lang='grc' dir='ltr'>μετα-</span> 
     </span>
    </p>
   </div>
   <div class='ocr_carea' id='block_1_23' title="bbox 166 1037 959 1077">
    <p class='ocr_par' dir='ltr' id='par_1_23' title="bbox 166 1037 959 1077">
     <span class='ocr_line' id='line_1_23' title="bbox 166 1037 959 1077; baseline 0.005 -13"><span class='ocrx_word' id='word_1_142' title='bbox 166 1037 301 1073; x_wconf 88' lang='grc' dir='ltr'>νοήσαντι·</span> <span class='ocrx_word' id='word_1_143' title='bbox 315 1038 376 1065; x_wconf 82' lang='grc' dir='ltr'>ὅθεν</span> <span class='ocrx_word' id='word_1_144' title='bbox 393 1039 440 1066; x_wconf 72' lang='grc' dir='ltr'>καὶ</span> <span class='ocrx_word' id='word_1_145' title='bbox 455 1039 540 1066; x_wconf 79' lang='grc' dir='ltr'><strong>ὑπὸ...</strong></span> <span class='ocrx_word' id='word_1_146' title='bbox 556 1039 607 1074; x_wconf 75' lang='grc' dir='ltr'>τῆς</span> <span class='ocrx_word' id='word_1_147' title='bbox 622 1039 737 1075; x_wconf 78' lang='grc' dir='ltr'>γνώμης</span> <span class='ocrx_word' id='word_1_148' title='bbox 748 1038 817 1068; x_wconf 83' lang='grc' dir='ltr'>εἶναι</span> <span class='ocrx_word' id='word_1_149' title='bbox 842 1041 959 1077; x_wconf 78' lang='grc' dir='ltr'>προτρέ-</span> 
     </span>
    </p>
   </div>
   <div class='ocr_carea' id='block_1_24' title="bbox 166 1085 960 1124">
    <p class='ocr_par' dir='ltr' id='par_1_24' title="bbox 166 1085 960 1124">
     <span class='ocr_line' id='line_1_24' title="bbox 166 1085 960 1124; baseline 0.005 -14"><span class='ocrx_word' id='word_1_150' title='bbox 166 1092 263 1120; x_wconf 88' lang='grc' dir='ltr'>πομαι.</span> <span class='ocrx_word' id='word_1_151' title='bbox 277 1085 333 1111; x_wconf 82' lang='grc' dir='ltr'><strong>Οὐκ</strong></span> <span class='ocrx_word' id='word_1_152' title='bbox 357 1085 463 1119; x_wconf 82' lang='grc' dir='ltr'>ἀγνοεῖν</span> <span class='ocrx_word' id='word_1_153' title='bbox 483 1085 537 1121; x_wconf 85' lang='grc' dir='ltr'>γὰρ</span> <span class='ocrx_word' id='word_1_154' title='bbox 554 1087 601 1113; x_wconf 80' lang='grc' dir='ltr'>τοῦ</span> <span class='ocrx_word' id='word_1_155' title='bbox 625 1087 734 1113; x_wconf 81' lang='grc' dir='ltr'>Σατανᾶ</span> <span class='ocrx_word' id='word_1_156' title='bbox 745 1087 779 1113; x_wconf 84' lang='grc' dir='ltr'>τὰ</span> <span class='ocrx_word' id='word_1_157' title='bbox 791 1087 960 1124; x_wconf 85' lang='grc' dir='ltr'>πανουργεύ-</span> 
     </span>
    </p>
   </div>
   <div class='ocr_carea' id='block_1_25' title="bbox 169 1131 960 1168">
    <p class='ocr_par' dir='ltr' id='par_1_25' title="bbox 169 1131 960 1168">
     <span class='ocr_line' id='line_1_25' title="bbox 169 1131 960 1168; baseline 0.005 -12"><span class='ocrx_word' id='word_1_158' title='bbox 169 1139 243 1165; x_wconf 87' lang='grc' dir='ltr'>ματα</span> <span class='ocrx_word' id='word_1_159' title='bbox 257 1131 308 1162; x_wconf 78' lang='grc' dir='ltr'>δεῖ,</span> <span class='ocrx_word' id='word_1_160' title='bbox 332 1131 370 1162; x_wconf 88' lang='grc' dir='ltr'>ὼς</span> <span class='ocrx_word' id='word_1_161' title='bbox 389 1131 474 1159; x_wconf 84' lang='grc' dir='ltr'>πάλαι</span> <span class='ocrx_word' id='word_1_162' title='bbox 497 1132 547 1168; x_wconf 85' lang='grc' dir='ltr'>τῆς</span> <span class='ocrx_word' id='word_1_163' title='bbox 565 1132 693 1168; x_wconf 78' lang='grc' dir='ltr'>πορνείας</span> <span class='ocrx_word' id='word_1_164' title='bbox 711 1133 857 1168; x_wconf 78' lang='grc' dir='ltr'>γινομένης</span> <span class='ocrx_word' id='word_1_165' title='bbox 881 1134 960 1166; x_wconf 77' lang='grc' dir='ltr'><strong>αὐξά-</strong></span> 
     </span>
    </p>
   </div>
   <div class='ocr_carea' id='block_1_26' title="bbox 165 1175 958 1213">
    <p class='ocr_par' dir='ltr' id='par_1_26' title="bbox 165 1175 958 1213">
     <span class='ocr_line' id='line_1_26' title="bbox 165 1175 958 1213; baseline 0.004 -12"><span class='ocrx_word' id='word_1_166' title='bbox 165 1183 220 1202; x_wconf 87' lang='grc' dir='ltr'>νειν</span> <span class='ocrx_word' id='word_1_167' title='bbox 237 1175 286 1211; x_wconf 81' lang='grc' dir='ltr'>τὴν</span> <span class='ocrx_word' id='word_1_168' title='bbox 300 1175 402 1212; x_wconf 80' lang='grc' dir='ltr'>βλάϐην</span> <span class='ocrx_word' id='word_1_169' title='bbox 411 1175 507 1210; x_wconf 84' lang='grc' dir='ltr'>θέλων,</span> <span class='ocrx_word' id='word_1_170' title='bbox 525 1177 731 1212; x_wconf 80' lang='grc' dir='ltr'>παρεσκεύαζεν</span> <span class='ocrx_word' id='word_1_171' title='bbox 745 1177 776 1203; x_wconf 80' lang='grc' dir='ltr'>τὸ</span> <span class='ocrx_word' id='word_1_172' title='bbox 788 1178 958 1213; x_wconf 81' lang='grc' dir='ltr'>ἀσυμπαθὲς,</span> 
     </span>
    </p>
   </div>
   <div class='ocr_carea' id='block_1_27' title="bbox 164 1221 960 1259">
    <p class='ocr_par' dir='ltr' id='par_1_27' title="bbox 164 1221 960 1259">
     <span class='ocr_line' id='line_1_27' title="bbox 164 1221 960 1259; baseline 0.004 -11"><span class='ocrx_word' id='word_1_173' title='bbox 164 1221 203 1254; x_wconf 85' lang='grc' dir='ltr'>ὡς</span> <span class='ocrx_word' id='word_1_174' title='bbox 223 1221 260 1257; x_wconf 82' lang='grc' dir='ltr'>μὴ</span> <span class='ocrx_word' id='word_1_175' title='bbox 282 1222 438 1249; x_wconf 77' lang='grc' dir='ltr'>πενθεῖσθαι</span> <span class='ocrx_word' id='word_1_176' title='bbox 464 1223 509 1249; x_wconf 79' lang='grc' dir='ltr'>τὸν</span> <span class='ocrx_word' id='word_1_177' title='bbox 533 1222 671 1250; x_wconf 79' lang='grc' dir='ltr'>ἑαλωκότα</span> <span class='ocrx_word' id='word_1_178' title='bbox 687 1224 719 1259; x_wconf 84' lang='grc' dir='ltr'>τῇ</span> <span class='ocrx_word' id='word_1_179' title='bbox 746 1223 841 1259; x_wconf 78' lang='grc' dir='ltr'>κακίᾳ”</span> <span class='ocrx_word' id='word_1_180' title='bbox 860 1223 908 1251; x_wconf 82' lang='grc' dir='ltr'>νῦν</span> <span class='ocrx_word' id='word_1_181' title='bbox 932 1224 960 1251; x_wconf 81' lang='grc' dir='ltr'>δὲ</span> 
     </span>
    </p>
   </div>
   <div class='ocr_carea' id='block_1_28' title="bbox 165 1267 958 1305">
    <p class='ocr_par' dir='ltr' id='par_1_28' title="bbox 165 1267 958 1305">
     <span class='ocr_line' id='line_1_28' title="bbox 165 1267 958 1305; baseline 0.004 -11"><span class='ocrx_word' id='word_1_182' title='bbox 165 1267 273 1295; x_wconf 76' lang='grc' dir='ltr'>ἔπεισεν</span> <span class='ocrx_word' id='word_1_183' title='bbox 291 1268 478 1304; x_wconf 84' lang='grc' dir='ltr'>ἀσπλαγχνίαν</span> <span class='ocrx_word' id='word_1_184' title='bbox 496 1267 566 1296; x_wconf 83' lang='grc' dir='ltr'>εἶναι</span> <span class='ocrx_word' id='word_1_185' title='bbox 584 1269 652 1304; x_wconf 85' lang='grc' dir='ltr'>πρὸς</span> <span class='ocrx_word' id='word_1_186' title='bbox 670 1269 715 1296; x_wconf 72' lang='grc' dir='ltr'><strong>τὸν</strong></span> <span class='ocrx_word' id='word_1_187' title='bbox 724 1269 900 1305; x_wconf 84' lang='grc' dir='ltr'>παυσάμενον</span> <span class='ocrx_word' id='word_1_188' title='bbox 913 1269 958 1297; x_wconf 81' lang='grc' dir='ltr'>τοῦ</span> 
     </span>
    </p>
   </div>
   <div class='ocr_carea' id='block_1_29' title="bbox 166 1313 960 1352">
    <p class='ocr_par' dir='ltr' id='par_1_29' title="bbox 166 1313 960 1352">
     <span class='ocr_line' id='line_1_29' title="bbox 166 1313 960 1352; baseline 0.003 -12"><span class='ocrx_word' id='word_1_189' title='bbox 166 1313 267 1346; x_wconf 81' lang='grc' dir='ltr'>κακοῦ,</span> <span class='ocrx_word' id='word_1_190' title='bbox 302 1315 346 1341; x_wconf 87' lang='grc' dir='ltr'>ῖνα</span> <span class='ocrx_word' id='word_1_191' title='bbox 375 1314 418 1342; x_wconf 84' lang='grc' dir='ltr'><strong>διά</strong></span> <span class='ocrx_word' id='word_1_192' title='bbox 450 1314 544 1342; x_wconf 84' lang='grc' dir='ltr'>τούτου</span> <span class='ocrx_word' id='word_1_193' title='bbox 581 1315 708 1342; x_wconf 85' lang='grc' dir='ltr'>κάκεῖνον</span> <span class='ocrx_word' id='word_1_194' title='bbox 743 1315 880 1352; x_wconf 82' lang='grc' dir='ltr'>ἀπολέσῃ.</span> <span class='ocrx_word' id='word_1_195' title='bbox 913 1316 960 1343; x_wconf 78' lang='grc' dir='ltr'>καὶ</span> 
     </span>
    </p>
   </div>
   <div class='ocr_carea' id='block_1_30' title="bbox 166 1361 962 1398">
    <p class='ocr_par' dir='ltr' id='par_1_30' title="bbox 166 1361 962 1398">
     <span class='ocr_line' id='line_1_30' title="bbox 166 1361 962 1398; baseline 0.003 -11"><span class='ocrx_word' id='word_1_196' title='bbox 166 1361 238 1396; x_wconf 77' lang='grc' dir='ltr'>ὑμᾶς</span> <span class='ocrx_word' id='word_1_197' title='bbox 255 1361 388 1393; x_wconf 76' lang='grc' dir='ltr'>ἀλαζόνας</span> <span class='ocrx_word' id='word_1_198' title='bbox 413 1362 461 1388; x_wconf 73' lang='grc' dir='ltr'>καὶ</span> <span class='ocrx_word' id='word_1_199' title='bbox 485 1362 678 1398; x_wconf 68' lang='grc' dir='ltr'>ὑπερηφάνους</span> <span class='ocrx_word' id='word_1_200' title='bbox 706 1363 766 1389; x_wconf 77' lang='grc' dir='ltr'>κατ’</span> <span class='ocrx_word' id='word_1_201' title='bbox 796 1362 878 1389; x_wconf 77' lang='grc' dir='ltr'>αὑτοῦ</span> <span class='ocrx_word' id='word_1_202' title='bbox 897 1363 962 1390; x_wconf 88' lang='grc' dir='ltr'>ἀπο-</span> 
     </span>
    </p>
   </div>
   <div class='ocr_carea' id='block_1_31' title="bbox 165 1406 959 1442">
    <p class='ocr_par' dir='ltr' id='par_1_31' title="bbox 165 1406 959 1442">
     <span class='ocr_line' id='line_1_31' title="bbox 165 1406 959 1442; baseline 0.001 -10"><span class='ocrx_word' id='word_1_203' title='bbox 165 1406 250 1442; x_wconf 77' lang='grc' dir='ltr'>δείξῃ.</span> <span class='ocrx_word' id='word_1_204' title='bbox 284 1406 354 1433; x_wconf 78' lang='grc' dir='ltr'>Ἀλλ’</span> <span class='ocrx_word' id='word_1_205' title='bbox 380 1407 431 1441; x_wconf 83' lang='grc' dir='ltr'>ὅρα</span> <span class='ocrx_word' id='word_1_206' title='bbox 462 1407 498 1442; x_wconf 89' lang='grc' dir='ltr'>μή</span> <span class='ocrx_word' id='word_1_207' title='bbox 526 1415 569 1438; x_wconf 86' lang='grc' dir='ltr'><strong>τις</strong></span> <span class='ocrx_word' id='word_1_208' title='bbox 597 1407 814 1442; x_wconf 84' lang='grc' dir='ltr'>ἀπεκδεχόμενος</span> <span class='ocrx_word' id='word_1_209' title='bbox 845 1407 876 1433; x_wconf 81' lang='grc' dir='ltr'>τὸ</span> <span class='ocrx_word' id='word_1_210' title='bbox 898 1407 959 1442; x_wconf 81' lang='grc' dir='ltr'>βού-</span> 
     </span>
    </p>
   </div>
   <div class='ocr_carea' id='block_1_32' title="bbox 165 1449 961 1487">
    <p class='ocr_par' dir='ltr' id='par_1_32' title="bbox 165 1449 961 1487">
     <span class='ocr_line' id='line_1_32' title="bbox 165 1449 961 1487; baseline 0.001 -10"><span class='ocrx_word' id='word_1_211' title='bbox 165 1451 241 1486; x_wconf 86' lang='grc' dir='ltr'>λημα</span> <span class='ocrx_word' id='word_1_212' title='bbox 266 1451 313 1477; x_wconf 84' lang='grc' dir='ltr'>τοῦ</span> <span class='ocrx_word' id='word_1_213' title='bbox 344 1451 518 1484; x_wconf 86' lang='grc' dir='ltr'>Ἀποστόλου,</span> <span class='ocrx_word' id='word_1_214' title='bbox 536 1451 599 1487; x_wconf 81' lang='grc' dir='ltr'>δόξῃ</span> <span class='ocrx_word' id='word_1_215' title='bbox 631 1451 732 1486; x_wconf 76' lang='grc' dir='ltr'>φαῦλον</span> <span class='ocrx_word' id='word_1_216' title='bbox 752 1449 822 1479; x_wconf 77' lang='grc' dir='ltr'>εἶναι</span> <span class='ocrx_word' id='word_1_217' title='bbox 840 1451 869 1478; x_wconf 83' lang='grc' dir='ltr'><strong>τὺ</strong></span> <span class='ocrx_word' id='word_1_218' title='bbox 891 1452 961 1486; x_wconf 83' lang='grc' dir='ltr'>γνῶ-</span> 
     </span>
    </p>
   </div>
   <div class='ocr_carea' id='block_1_33' title="bbox 169 1497 960 1534">
    <p class='ocr_par' dir='ltr' id='par_1_33' title="bbox 169 1497 960 1534">
     <span class='ocr_line' id='line_1_33' title="bbox 169 1497 960 1534; baseline 0.001 -11"><span class='ocrx_word' id='word_1_219' title='bbox 169 1505 211 1523; x_wconf 89' lang='grc' dir='ltr'><strong>σιν</strong></span> <span class='ocrx_word' id='word_1_220' title='bbox 242 1497 314 1532; x_wconf 74' lang='grc' dir='ltr'>ἔχειν</span> <span class='ocrx_word' id='word_1_221' title='bbox 347 1497 402 1524; x_wconf 86' lang='grc' dir='ltr'><strong>τῶν</strong></span> <span class='ocrx_word' id='word_1_222' title='bbox 431 1497 586 1525; x_wconf 82' lang='grc' dir='ltr'>σατανικῶν</span> <span class='ocrx_word' id='word_1_223' title='bbox 621 1497 780 1534; x_wconf 65' lang='grc' dir='ltr'>νοημάτων</span> <span class='ocrx_word' id='word_1_224' title='bbox 812 1497 960 1533; x_wconf 86' lang='grc' dir='ltr'>βλαπτικὸν</span> 
     </span>
    </p>
   </div>
   <div class='ocr_carea' id='block_1_34' title="bbox 167 1543 961 1580">
    <p class='ocr_par' dir='ltr' id='par_1_34' title="bbox 167 1543 961 1580">
     <span class='ocr_line' id='line_1_34' title="bbox 167 1543 961 1580; baseline -0.001 -10"><span class='ocrx_word' id='word_1_225' title='bbox 167 1543 222 1580; x_wconf 72' lang='grc' dir='ltr'><strong>γὰρ</strong></span> <span class='ocrx_word' id='word_1_226' title='bbox 252 1543 352 1579; x_wconf 77' lang='grc' dir='ltr'>ἥκιστα</span> <span class='ocrx_word' id='word_1_227' title='bbox 377 1543 408 1570; x_wconf 81' lang='grc' dir='ltr'><strong>τὸ</strong></span> <span class='ocrx_word' id='word_1_228' title='bbox 439 1543 571 1577; x_wconf 82' lang='grc' dir='ltr'>τοιοῦτον,</span> <span class='ocrx_word' id='word_1_229' title='bbox 603 1543 671 1570; x_wconf 83' lang='grc' dir='ltr'><strong>ἀλλά</strong></span> <span class='ocrx_word' id='word_1_230' title='bbox 703 1543 801 1579; x_wconf 83' lang='grc' dir='ltr'>μᾶλλον</span> <span class='ocrx_word' id='word_1_231' title='bbox 825 1543 961 1578; x_wconf 67' lang='grc' dir='ltr'>ὡφελητι-</span> 
     </span>
    </p>
   </div>
   <div class='ocr_carea' id='block_1_35' title="bbox 168 1589 959 1626">
    <p class='ocr_par' dir='ltr' id='par_1_35' title="bbox 168 1589 959 1626">
     <span class='ocr_line' id='line_1_35' title="bbox 168 1589 959 1626; baseline -0.004 -8"><span class='ocrx_word' id='word_1_232' title='bbox 168 1589 226 1618; x_wconf 73' lang='grc' dir='ltr'>κόν·</span> <span class='ocrx_word' id='word_1_233' title='bbox 252 1589 284 1616; x_wconf 78' lang='grc' dir='ltr'><strong>τὸ</strong></span> <span class='ocrx_word' id='word_1_234' title='bbox 306 1589 361 1626; x_wconf 75' lang='grc' dir='ltr'><strong>γὰρ</strong></span> <span class='ocrx_word' id='word_1_235' title='bbox 389 1589 488 1616; x_wconf 77' lang='grc' dir='ltr'>ειδέναι</span> <span class='ocrx_word' id='word_1_236' title='bbox 515 1589 564 1625; x_wconf 79' lang='grc' dir='ltr'>τὴν</span> <span class='ocrx_word' id='word_1_237' title='bbox 595 1589 688 1624; x_wconf 84' lang='grc' dir='ltr'>νόησιν</span> <span class='ocrx_word' id='word_1_238' title='bbox 716 1589 763 1616; x_wconf 76' lang='grc' dir='ltr'>καὶ</span> <span class='ocrx_word' id='word_1_239' title='bbox 789 1589 959 1624; x_wconf 81' lang='grc' dir='ltr'>προαίρεσιν,</span> 
     </span>
    </p>
   </div>
   <div class='ocr_carea' id='block_1_36' title="bbox 166 1633 960 1671">
    <p class='ocr_par' dir='ltr' id='par_1_36' title="bbox 166 1633 960 1671">
     <span class='ocr_line' id='line_1_36' title="bbox 166 1633 960 1671; baseline -0.003 -8"><span class='ocrx_word' id='word_1_240' title='bbox 166 1635 199 1663; x_wconf 81' lang='grc' dir='ltr'>οὐ</span> <span class='ocrx_word' id='word_1_241' title='bbox 221 1635 294 1662; x_wconf 84' lang='grc' dir='ltr'>ποιεῖ</span> <span class='ocrx_word' id='word_1_242' title='bbox 320 1635 416 1668; x_wconf 78' lang='grc' dir='ltr'>κακὸν,</span> <span class='ocrx_word' id='word_1_243' title='bbox 447 1635 516 1662; x_wconf 87' lang='grc' dir='ltr'>ἀλλὰ</span> <span class='ocrx_word' id='word_1_244' title='bbox 540 1635 571 1662; x_wconf 82' lang='grc' dir='ltr'>τὸ</span> <span class='ocrx_word' id='word_1_245' title='bbox 596 1635 741 1671; x_wconf 69' lang='grc' dir='ltr'>αἱρεῖσθαι.</span> <span class='ocrx_word' id='word_1_246' title='bbox 761 1635 868 1670; x_wconf 83' lang='grc' dir='ltr'>Ἀμέλει</span> <span class='ocrx_word' id='word_1_247' title='bbox 895 1633 960 1668; x_wconf 79' lang='grc' dir='ltr'>γοῦν</span> 
     </span>
    </p>
   </div>
   <div class='ocr_carea' id='block_1_37' title="bbox 166 1681 960 1718">
    <p class='ocr_par' dir='ltr' id='par_1_37' title="bbox 166 1681 960 1718">
     <span class='ocr_line' id='line_1_37' title="bbox 166 1681 960 1718; baseline -0.003 -9"><span class='ocrx_word' id='word_1_248' title='bbox 166 1682 215 1711; x_wconf 69' lang='grc' dir='ltr'>’καὶ</span> <span class='ocrx_word' id='word_1_249' title='bbox 225 1682 289 1714; x_wconf 78' lang='grc' dir='ltr'>τοὺς</span> <span class='ocrx_word' id='word_1_250' title='bbox 303 1681 425 1718; x_wconf 74' lang='grc' dir='ltr'>ἐλέγχειν</span> <span class='ocrx_word' id='word_1_251' title='bbox 450 1683 513 1714; x_wconf 84' lang='grc' dir='ltr'>τοὺς</span> <span class='ocrx_word' id='word_1_252' title='bbox 532 1681 694 1714; x_wconf 83' lang='grc' dir='ltr'>ἀπατεῶνας</span> <span class='ocrx_word' id='word_1_253' title='bbox 717 1681 960 1717; x_wconf 82' lang='grc' dir='ltr'>προαιρουμένους,</span> 
     </span>
    </p>
   </div>
   <div class='ocr_carea' id='block_1_38' title="bbox 168 1727 961 1764">
    <p class='ocr_par' dir='ltr' id='par_1_38' title="bbox 168 1727 961 1764">
     <span class='ocr_line' id='line_1_38' title="bbox 168 1727 961 1764; baseline -0.003 -8"><span class='ocrx_word' id='word_1_254' title='bbox 168 1728 272 1760; x_wconf 77' lang='grc' dir='ltr'>εἰδότας</span> <span class='ocrx_word' id='word_1_255' title='bbox 287 1728 320 1755; x_wconf 79' lang='grc' dir='ltr'><strong>τὰ</strong></span> <span class='ocrx_word' id='word_1_256' title='bbox 331 1728 379 1764; x_wconf 82' lang='grc' dir='ltr'>τῆς</span> <span class='ocrx_word' id='word_1_257' title='bbox 395 1728 502 1764; x_wconf 83' lang='grc' dir='ltr'>ἀπάτης</span> <span class='ocrx_word' id='word_1_258' title='bbox 516 1728 640 1762; x_wconf 79' lang='grc' dir='ltr'>ἐκείνων,</span> <span class='ocrx_word' id='word_1_259' title='bbox 656 1729 686 1755; x_wconf 79' lang='grc' dir='ltr'><strong>οὐ</strong></span> <span class='ocrx_word' id='word_1_260' title='bbox 703 1728 879 1764; x_wconf 72' lang='grc' dir='ltr'>μεμφόμεθα,</span> <span class='ocrx_word' id='word_1_261' title='bbox 893 1727 961 1754; x_wconf 84' lang='grc' dir='ltr'><strong>ἀλλά</strong></span> 
     </span>
    </p>
   </div>
   <div class='ocr_carea' id='block_1_39' title="bbox 167 1773 962 1811">
    <p class='ocr_par' dir='ltr' id='par_1_39' title="bbox 167 1773 962 1811">
     <span class='ocr_line' id='line_1_39' title="bbox 167 1773 962 1811; baseline -0.001 -10"><span class='ocrx_word' id='word_1_262' title='bbox 167 1775 215 1802; x_wconf 74' lang='grc' dir='ltr'>’καὶ</span> <span class='ocrx_word' id='word_1_263' title='bbox 229 1775 299 1802; x_wconf 89' lang='grc' dir='ltr'>πάνυ</span> <span class='ocrx_word' id='word_1_264' title='bbox 313 1774 511 1810; x_wconf 82' lang='grc' dir='ltr'>ἀποδεχόμεθα·</span> <span class='ocrx_word' id='word_1_265' title='bbox 533 1775 563 1802; x_wconf 84' lang='grc' dir='ltr'>οὺ</span> <span class='ocrx_word' id='word_1_266' title='bbox 578 1775 633 1811; x_wconf 82' lang='grc' dir='ltr'><strong>γὰρ</strong></span> <span class='ocrx_word' id='word_1_267' title='bbox 657 1775 687 1802; x_wconf 82' lang='grc' dir='ltr'>τὸ</span> <span class='ocrx_word' id='word_1_268' title='bbox 703 1775 814 1805; x_wconf 74' lang='grc' dir='ltr'>εἰδέναι,</span> <span class='ocrx_word' id='word_1_269' title='bbox 847 1774 915 1801; x_wconf 81' lang='grc' dir='ltr'>ἀλλὰ</span> <span class='ocrx_word' id='word_1_270' title='bbox 931 1773 962 1800; x_wconf 86' lang='grc' dir='ltr'><strong>τὺ</strong></span> 
     </span>
    </p>
   </div>
   <div class='ocr_carea' id='block_1_40' title="bbox 1011 212 1794 247">
    <p class='ocr_par' dir='ltr' id='par_1_40' title="bbox 1011 212 1794 247">
     <span class='ocr_line' id='line_1_40' title="bbox 1011 212 1794 247; baseline -0.001 -6"><span class='ocrx_word' id='word_1_271' title='bbox 1011 219 1062 241; x_wconf 85' lang='lat' dir='ltr'><strong>est.</strong></span> <span class='ocrx_word' id='word_1_272' title='bbox 1080 223 1090 239; x_wconf 83' lang='grc'><strong>›</strong></span> <span class='ocrx_word' id='word_1_273' title='bbox 1117 213 1241 247; x_wconf 89' lang='lat' dir='ltr'><strong>Oportuit</strong></span> <span class='ocrx_word' id='word_1_274' title='bbox 1261 213 1332 240; x_wconf 90' lang='lat' dir='ltr'><strong>enim</strong></span> <span class='ocrx_word' id='word_1_275' title='bbox 1361 217 1457 240; x_wconf 78' lang='lat' dir='ltr'><strong>mmsto</strong></span> <span class='ocrx_word' id='word_1_276' title='bbox 1481 212 1610 247; x_wconf 81' lang='lat' dir='ltr'><strong>Apostolo</strong></span> <span class='ocrx_word' id='word_1_277' title='bbox 1639 214 1794 241; x_wconf 78' lang='lat' dir='ltr'><strong>contristati</strong></span> 
     </span>
    </p>
   </div>
   <div class='ocr_carea' id='block_1_41' title="bbox 1010 258 1794 294">
    <p class='ocr_par' dir='ltr' id='par_1_41' title="bbox 1010 258 1794 294">
     <span class='ocr_line' id='line_1_41' title="bbox 1010 258 1794 294; baseline 0 -8"><span class='ocrx_word' id='word_1_278' title='bbox 1010 259 1089 286; x_wconf 87' lang='lat' dir='ltr'><strong>simul</strong></span> <span class='ocrx_word' id='word_1_279' title='bbox 1107 258 1272 292; x_wconf 72' lang='lat' dir='ltr'><strong>Corinthios,</strong></span> <span class='ocrx_word' id='word_1_280' title='bbox 1287 264 1315 286; x_wconf 90' lang='lat' dir='ltr'><strong>ut</strong></span> <span class='ocrx_word' id='word_1_281' title='bbox 1328 260 1408 287; x_wconf 83' lang='lat' dir='ltr'><strong>etiam</strong></span> <span class='ocrx_word' id='word_1_282' title='bbox 1424 259 1484 286; x_wconf 68' lang='lat' dir='ltr'><strong>laeto</strong></span> <span class='ocrx_word' id='word_1_283' title='bbox 1498 259 1708 294; x_wconf 77' lang='lat' dir='ltr'><strong>congauderent.</strong></span> <span class='ocrx_word' id='word_1_284' title='bbox 1718 259 1794 293; x_wconf 87' lang='lat' dir='ltr'><strong>Quod</strong></span> 
     </span>
    </p>
   </div>
   <div class='ocr_carea' id='block_1_42' title="bbox 1011 304 1795 338">
    <p class='ocr_par' dir='ltr' id='par_1_42' title="bbox 1011 304 1795 338">
     <span class='ocr_line' id='line_1_42' title="bbox 1011 304 1795 338; baseline 0 -7"><span class='ocrx_word' id='word_1_285' title='bbox 1011 309 1098 331; x_wconf 88' lang='lat' dir='ltr'><strong>autem</strong></span> <span class='ocrx_word' id='word_1_286' title='bbox 1118 304 1179 332; x_wconf 66' lang='lat' dir='ltr'><strong>haec</strong></span> <span class='ocrx_word' id='word_1_287' title='bbox 1195 312 1259 332; x_wconf 86' lang='lat' dir='ltr'><strong>vero</strong></span> <span class='ocrx_word' id='word_1_288' title='bbox 1275 305 1370 332; x_wconf 79' lang='lat' dir='ltr'><strong>allectu</strong></span> <span class='ocrx_word' id='word_1_289' title='bbox 1391 309 1540 332; x_wconf 86' lang='lat' dir='ltr'><strong>commotus</strong></span> <span class='ocrx_word' id='word_1_290' title='bbox 1568 304 1695 337; x_wconf 87' lang='lat' dir='ltr'><strong>scribam,</strong></span> <span class='ocrx_word' id='word_1_291' title='bbox 1709 305 1795 338; x_wconf 69' lang='lat' dir='ltr'><strong>scitis,</strong></span> 
     </span>
    </p>
   </div>
   <div class='ocr_carea' id='block_1_43' title="bbox 1011 349 1796 383">
    <p class='ocr_par' dir='ltr' id='par_1_43' title="bbox 1011 349 1796 383">
     <span class='ocr_line' id='line_1_43' title="bbox 1011 349 1796 383; baseline 0.001 -8"><span class='ocrx_word' id='word_1_292' title='bbox 1011 349 1109 383; x_wconf 91' lang='lat' dir='ltr'><strong>inquit,</strong></span> <span class='ocrx_word' id='word_1_293' title='bbox 1126 350 1254 383; x_wconf 91' lang='lat' dir='ltr'><strong>quoniam</strong></span> <span class='ocrx_word' id='word_1_294' title='bbox 1275 350 1309 377; x_wconf 89' lang='lat' dir='ltr'><strong>ob</strong></span> <span class='ocrx_word' id='word_1_295' title='bbox 1336 350 1447 377; x_wconf 91' lang='lat' dir='ltr'><strong>multam</strong></span> <span class='ocrx_word' id='word_1_296' title='bbox 1480 349 1681 377; x_wconf 69' lang='lat' dir='ltr'><strong>tribui-alienam</strong></span> <span class='ocrx_word' id='word_1_297' title='bbox 1708 355 1735 376; x_wconf 90' lang='lat' dir='ltr'><strong>et</strong></span> <span class='ocrx_word' id='word_1_298' title='bbox 1752 358 1796 377; x_wconf 84' lang='lat' dir='ltr'><strong>ar.-</strong></span> 
     </span>
    </p>
   </div>
   <div class='ocr_carea' id='block_1_44' title="bbox 1010 395 1797 432">
    <p class='ocr_par' dir='ltr' id='par_1_44' title="bbox 1010 395 1797 432">
     <span class='ocr_line' id='line_1_44' title="bbox 1010 395 1797 432; baseline 0 -10"><span class='ocrx_word' id='word_1_299' title='bbox 1010 395 1112 430; x_wconf 81' lang='lat' dir='ltr'><strong>gustias</strong></span> <span class='ocrx_word' id='word_1_300' title='bbox 1128 396 1218 424; x_wconf 82' lang='lat' dir='ltr'><strong>cordis</strong></span> <span class='ocrx_word' id='word_1_301' title='bbox 1236 396 1327 423; x_wconf 86' lang='lat' dir='ltr'><strong>multis</strong></span> <span class='ocrx_word' id='word_1_302' title='bbox 1351 404 1410 423; x_wconf 89' lang='lat' dir='ltr'><strong>etnn</strong></span> <span class='ocrx_word' id='word_1_303' title='bbox 1441 396 1566 432; x_wconf 78' lang='lat' dir='ltr'><strong>lacrymis</strong></span> <span class='ocrx_word' id='word_1_304' title='bbox 1593 395 1738 430; x_wconf 85' lang='lat' dir='ltr'><strong>Epistolam</strong></span> <span class='ocrx_word' id='word_1_305' title='bbox 1756 395 1797 422; x_wconf 88' lang='lat' dir='ltr'><strong>di-</strong></span> 
     </span>
    </p>
   </div>
   <div class='ocr_carea' id='block_1_45' title="bbox 1011 441 1796 477">
    <p class='ocr_par' dir='ltr' id='par_1_45' title="bbox 1011 441 1796 477">
     <span class='ocr_line' id='line_1_45' title="bbox 1011 441 1796 477; baseline 0.003 -10"><span class='ocrx_word' id='word_1_306' title='bbox 1011 441 1096 468; x_wconf 85' lang='lat' dir='ltr'><strong>ctavi.</strong></span> <span class='ocrx_word' id='word_1_307' title='bbox 1115 441 1206 476; x_wconf 81' lang='lat' dir='ltr'><strong>Neque</strong></span> <span class='ocrx_word' id='word_1_308' title='bbox 1222 442 1293 469; x_wconf 90' lang='lat' dir='ltr'><strong>enim</strong></span> <span class='ocrx_word' id='word_1_309' title='bbox 1309 442 1448 470; x_wconf 80' lang='lat' dir='ltr'><strong>voluissem</strong></span> <span class='ocrx_word' id='word_1_310' title='bbox 1476 451 1524 470; x_wconf 89' lang='lat' dir='ltr'><strong>vos</strong></span> <span class='ocrx_word' id='word_1_311' title='bbox 1541 442 1692 477; x_wconf 71' lang='lat' dir='ltr'><strong>huiusmodi</strong></span> <span class='ocrx_word' id='word_1_312' title='bbox 1710 443 1796 469; x_wconf 85' lang='lat' dir='ltr'><strong>inere-</strong></span> 
     </span>
    </p>
   </div>
   <div class='ocr_carea' id='block_1_46' title="bbox 1010 488 1796 524">
    <p class='ocr_par' dir='ltr' id='par_1_46' title="bbox 1010 488 1796 524">
     <span class='ocr_line' id='line_1_46' title="bbox 1010 488 1796 524; baseline 0 -10"><span class='ocrx_word' id='word_1_313' title='bbox 1010 488 1164 523; x_wconf 86' lang='lat' dir='ltr'><strong>patiouibus</strong></span> <span class='ocrx_word' id='word_1_314' title='bbox 1186 489 1316 524; x_wconf 73' lang='lat' dir='ltr'><strong>indigere,</strong></span> <span class='ocrx_word' id='word_1_315' title='bbox 1337 490 1384 516; x_wconf 87' lang='lat' dir='ltr'><strong>sed</strong></span> <span class='ocrx_word' id='word_1_316' title='bbox 1417 494 1446 516; x_wconf 91' lang='lat' dir='ltr'><strong>ut</strong></span> <span class='ocrx_word' id='word_1_317' title='bbox 1467 490 1543 516; x_wconf 86' lang='lat' dir='ltr'><strong>vobis</strong></span> <span class='ocrx_word' id='word_1_318' title='bbox 1570 490 1694 524; x_wconf 78' lang='lat' dir='ltr'><strong>dogmata</strong></span> <span class='ocrx_word' id='word_1_319' title='bbox 1707 489 1796 523; x_wconf 91' lang='lat' dir='ltr'><strong>potius</strong></span> 
     </span>
    </p>
   </div>
   <div class='ocr_carea' id='block_1_47' title="bbox 1011 535 1795 569">
    <p class='ocr_par' dir='ltr' id='par_1_47' title="bbox 1011 535 1795 569">
     <span class='ocr_line' id='line_1_47' title="bbox 1011 535 1795 569; baseline 0 -8"><span class='ocrx_word' id='word_1_320' title='bbox 1011 535 1132 561; x_wconf 70' lang='lat' dir='ltr'><strong>veritatis</strong></span> <span class='ocrx_word' id='word_1_321' title='bbox 1143 535 1361 566; x_wconf 83' lang='lat' dir='ltr'><strong>ostenderentur,</strong></span> <span class='ocrx_word' id='word_1_322' title='bbox 1391 540 1473 569; x_wconf 85' lang='lat' dir='ltr'><strong>atque</strong></span> <span class='ocrx_word' id='word_1_323' title='bbox 1489 540 1518 561; x_wconf 92' lang='lat' dir='ltr'><strong>ut</strong></span> <span class='ocrx_word' id='word_1_324' title='bbox 1537 535 1724 567; x_wconf 89' lang='lat' dir='ltr'><strong>moncrcmiui,</strong></span> <span class='ocrx_word' id='word_1_325' title='bbox 1742 535 1795 562; x_wconf 85' lang='lat' dir='ltr'><strong>into</strong></span> 
     </span>
    </p>
   </div>
   <div class='ocr_carea' id='block_1_48' title="bbox 1011 580 1688 615">
    <p class='ocr_par' dir='ltr' id='par_1_48' title="bbox 1011 580 1688 615">
     <span class='ocr_line' id='line_1_48' title="bbox 1011 580 1688 615; baseline 0 -8"><span class='ocrx_word' id='word_1_326' title='bbox 1011 588 1074 608; x_wconf 83' lang='lat' dir='ltr'><strong>vero</strong></span> <span class='ocrx_word' id='word_1_327' title='bbox 1088 581 1120 608; x_wconf 87' lang='lat' dir='ltr'><strong>ad</strong></span> <span class='ocrx_word' id='word_1_328' title='bbox 1136 580 1284 615; x_wconf 75' lang='lat' dir='ltr'><strong>perfectam</strong></span> <span class='ocrx_word' id='word_1_329' title='bbox 1304 581 1429 607; x_wconf 76' lang='lat' dir='ltr'><strong>virtutem</strong></span> <span class='ocrx_word' id='word_1_330' title='bbox 1452 581 1688 614; x_wconf 85' lang='lat' dir='ltr'><strong>compelleremini.</strong></span> 
     </span>
    </p>
   </div>
   <div class='ocr_carea' id='block_1_49' title="bbox 1176 625 1626 661">
    <p class='ocr_par' dir='ltr' id='par_1_49' title="bbox 1176 625 1626 661">
     <span class='ocr_line' id='line_1_49' title="bbox 1176 625 1626 661; baseline 0 -8"><span class='ocrx_word' id='word_1_331' title='bbox 1176 626 1257 653; x_wconf 71' lang='lat' dir='ltr'><strong>Vsus.</strong></span> <span class='ocrx_word' id='word_1_332' title='bbox 1277 626 1321 654; x_wconf 85' lang='grc'><strong>10.</strong></span> <span class='ocrx_word' id='word_1_333' title='bbox 1342 625 1375 652; x_wconf 86' lang='lat' dir='ltr'><strong>In</strong></span> <span class='ocrx_word' id='word_1_334' title='bbox 1389 635 1501 661; x_wconf 78' lang='lat' dir='ltr'><strong>persona</strong></span> <span class='ocrx_word' id='word_1_335' title='bbox 1519 626 1626 653; x_wconf 74' lang='lat' dir='ltr'><strong>Clu-isti.</strong></span> 
     </span>
    </p>
   </div>
   <div class='ocr_carea' id='block_1_50' title="bbox 1046 672 1794 707">
    <p class='ocr_par' dir='ltr' id='par_1_50' title="bbox 1046 672 1794 707">
     <span class='ocr_line' id='line_1_50' title="bbox 1046 672 1794 707; baseline 0 -9"><span class='ocrx_word' id='word_1_336' title='bbox 1046 672 1182 707; x_wconf 86' lang='lat' dir='ltr'><strong>Duplicem</strong></span> <span class='ocrx_word' id='word_1_337' title='bbox 1197 673 1279 700; x_wconf 85' lang='lat' dir='ltr'><strong>habet</strong></span> <span class='ocrx_word' id='word_1_338' title='bbox 1293 680 1403 700; x_wconf 84' lang='lat' dir='ltr'><strong>sensum</strong></span> <span class='ocrx_word' id='word_1_339' title='bbox 1421 673 1477 699; x_wconf 70' lang='lat' dir='ltr'><strong>tunc</strong></span> <span class='ocrx_word' id='word_1_340' title='bbox 1505 672 1598 704; x_wconf 80' lang='lat' dir='ltr'><strong>dictio,</strong></span> <span class='ocrx_word' id='word_1_341' title='bbox 1613 681 1622 698; x_wconf 77' lang='grc' dir='ltr'><strong>ι</strong></span> <span class='ocrx_word' id='word_1_342' title='bbox 1640 673 1665 699; x_wconf 90' lang='lat' dir='ltr'><strong>in</strong></span> <span class='ocrx_word' id='word_1_343' title='bbox 1681 679 1794 707; x_wconf 76' lang='lat' dir='ltr'><strong>persona</strong></span> 
     </span>
    </p>
   </div>
   <div class='ocr_carea' id='block_1_51' title="bbox 1010 717 1796 752">
    <p class='ocr_par' dir='ltr' id='par_1_51' title="bbox 1010 717 1796 752">
     <span class='ocr_line' id='line_1_51' title="bbox 1010 717 1796 752; baseline 0.001 -8"><span class='ocrx_word' id='word_1_344' title='bbox 1010 717 1132 745; x_wconf 88' lang='lat' dir='ltr'><strong>Christi:</strong></span> <span class='ocrx_word' id='word_1_345' title='bbox 1149 727 1158 744; x_wconf 77' lang='grc' dir='ltr'><strong>ι</strong></span> <span class='ocrx_word' id='word_1_346' title='bbox 1178 718 1313 752; x_wconf 74' lang='lat' dir='ltr'><strong>signiﬁcat</strong></span> <span class='ocrx_word' id='word_1_347' title='bbox 1338 719 1410 746; x_wconf 90' lang='lat' dir='ltr'><strong>enim</strong></span> <span class='ocrx_word' id='word_1_348' title='bbox 1445 718 1487 745; x_wconf 84' lang='lat' dir='ltr'><strong>vel</strong></span> <span class='ocrx_word' id='word_1_349' title='bbox 1513 726 1619 750; x_wconf 85' lang='lat' dir='ltr'><strong>coram,</strong></span> <span class='ocrx_word' id='word_1_350' title='bbox 1644 722 1671 745; x_wconf 87' lang='lat' dir='ltr'><strong>et</strong></span> <span class='ocrx_word' id='word_1_351' title='bbox 1689 718 1796 745; x_wconf 75' lang='lat' dir='ltr'><strong>Christo</strong></span> 
     </span>
    </p>
   </div>
   <div class='ocr_carea' id='block_1_52' title="bbox 1011 762 1796 798">
    <p class='ocr_par' dir='ltr' id='par_1_52' title="bbox 1011 762 1796 798">
     <span class='ocr_line' id='line_1_52' title="bbox 1011 762 1796 798; baseline 0 -8"><span class='ocrx_word' id='word_1_352' title='bbox 1011 768 1164 798; x_wconf 83' lang='lat' dir='ltr'><strong>spectante;</strong></span> <span class='ocrx_word' id='word_1_353' title='bbox 1183 763 1224 790; x_wconf 90' lang='lat' dir='ltr'><strong>vel</strong></span> <span class='ocrx_word' id='word_1_354' title='bbox 1239 764 1337 796; x_wconf 85' lang='lat' dir='ltr'><strong>etiam,</strong></span> <span class='ocrx_word' id='word_1_355' title='bbox 1349 762 1451 791; x_wconf 84' lang='lat' dir='ltr'><strong>Christi</strong></span> <span class='ocrx_word' id='word_1_356' title='bbox 1467 771 1564 798; x_wconf 81' lang='lat' dir='ltr'><strong>gerens</strong></span> <span class='ocrx_word' id='word_1_357' title='bbox 1586 771 1727 798; x_wconf 85' lang='lat' dir='ltr'><strong>personam</strong></span> <span class='ocrx_word' id='word_1_358' title='bbox 1744 765 1796 790; x_wconf 78' lang='grc' dir='ltr'>ιιι)-</span> 
     </span>
    </p>
   </div>
   <div class='ocr_carea' id='block_1_53' title="bbox 1011 809 1795 844">
    <p class='ocr_par' dir='ltr' id='par_1_53' title="bbox 1011 809 1795 844">
     <span class='ocr_line' id='line_1_53' title="bbox 1011 809 1795 844; baseline 0 -8"><span class='ocrx_word' id='word_1_359' title='bbox 1011 809 1084 840; x_wconf 83' lang='lat' dir='ltr'><strong>navi.</strong></span> <span class='ocrx_word' id='word_1_360' title='bbox 1094 809 1183 837; x_wconf 84' lang='lat' dir='ltr'><strong>sciens</strong></span> <span class='ocrx_word' id='word_1_361' title='bbox 1201 809 1287 844; x_wconf 87' lang='lat' dir='ltr'><strong>ipsum</strong></span> <span class='ocrx_word' id='word_1_362' title='bbox 1302 816 1408 844; x_wconf 88' lang='lat' dir='ltr'><strong>quoque</strong></span> <span class='ocrx_word' id='word_1_363' title='bbox 1417 809 1593 837; x_wconf 88' lang='lat' dir='ltr'><strong>beatitudinis</strong></span> <span class='ocrx_word' id='word_1_364' title='bbox 1607 815 1706 837; x_wconf 65' lang='lat' dir='ltr'><strong>nostrae</strong></span> <span class='ocrx_word' id='word_1_365' title='bbox 1714 817 1795 838; x_wconf 80' lang='lat' dir='ltr'><strong>causa</strong></span> 
     </span>
    </p>
   </div>
   <div class='ocr_carea' id='block_1_54' title="bbox 1010 854 1796 890">
    <p class='ocr_par' dir='ltr' id='par_1_54' title="bbox 1010 854 1796 890">
     <span class='ocr_line' id='line_1_54' title="bbox 1010 854 1796 890; baseline 0 -8"><span class='ocrx_word' id='word_1_366' title='bbox 1010 855 1100 882; x_wconf 81' lang='lat' dir='ltr'><strong>omnia</strong></span> <span class='ocrx_word' id='word_1_367' title='bbox 1117 856 1218 882; x_wconf 89' lang='lat' dir='ltr'><strong>donare</strong></span> <span class='ocrx_word' id='word_1_368' title='bbox 1233 854 1380 886; x_wconf 83' lang='lat' dir='ltr'><strong>volentem,</strong></span> <span class='ocrx_word' id='word_1_369' title='bbox 1398 855 1424 881; x_wconf 94' lang='lat' dir='ltr'><strong>in</strong></span> <span class='ocrx_word' id='word_1_370' title='bbox 1443 854 1572 881; x_wconf 90' lang='lat' dir='ltr'><strong>mundum</strong></span> <span class='ocrx_word' id='word_1_371' title='bbox 1594 855 1710 881; x_wconf 79' lang='lat' dir='ltr'><strong>venisse.</strong></span> <span class='ocrx_word' id='word_1_372' title='bbox 1725 854 1796 890; x_wconf 75' lang='lat' dir='ltr'><strong>Ergo</strong></span> 
     </span>
    </p>
   </div>
   <div class='ocr_carea' id='block_1_55' title="bbox 1009 900 1796 936">
    <p class='ocr_par' dir='ltr' id='par_1_55' title="bbox 1009 900 1796 936">
     <span class='ocr_line' id='line_1_55' title="bbox 1009 900 1796 936; baseline -0.001 -8"><span class='ocrx_word' id='word_1_373' title='bbox 1009 901 1081 928; x_wconf 84' lang='lat' dir='ltr'><strong>illius</strong></span> <span class='ocrx_word' id='word_1_374' title='bbox 1094 908 1190 935; x_wconf 79' lang='lat' dir='ltr'><strong>gerens</strong></span> <span class='ocrx_word' id='word_1_375' title='bbox 1206 908 1349 936; x_wconf 86' lang='lat' dir='ltr'><strong>personam</strong></span> <span class='ocrx_word' id='word_1_376' title='bbox 1372 901 1485 936; x_wconf 86' lang='lat' dir='ltr'><strong>(imitari</strong></span> <span class='ocrx_word' id='word_1_377' title='bbox 1502 900 1572 928; x_wconf 89' lang='lat' dir='ltr'><strong>enim</strong></span> <span class='ocrx_word' id='word_1_378' title='bbox 1590 908 1649 927; x_wconf 88' lang='lat' dir='ltr'><strong>eum</strong></span> <span class='ocrx_word' id='word_1_379' title='bbox 1663 901 1757 936; x_wconf 82' lang='lat' dir='ltr'><strong>gestio,</strong></span> <span class='ocrx_word' id='word_1_380' title='bbox 1767 905 1796 928; x_wconf 83' lang='lat' dir='ltr'><strong>et</strong></span> 
     </span>
    </p>
   </div>
   <div class='ocr_carea' id='block_1_56' title="bbox 1009 947 1798 983">
    <p class='ocr_par' dir='ltr' id='par_1_56' title="bbox 1009 947 1798 983">
     <span class='ocr_line' id='line_1_56' title="bbox 1009 947 1798 983; baseline 0.001 -10"><span class='ocrx_word' id='word_1_381' title='bbox 1009 947 1032 974; x_wconf 89' lang='lat' dir='ltr'><strong>ei</strong></span> <span class='ocrx_word' id='word_1_382' title='bbox 1042 947 1227 983; x_wconf 80' lang='lat' dir='ltr'><strong>conformari),</strong></span> <span class='ocrx_word' id='word_1_383' title='bbox 1237 947 1384 975; x_wconf 87' lang='lat' dir='ltr'><strong>condonavi</strong></span> <span class='ocrx_word' id='word_1_384' title='bbox 1399 952 1536 982; x_wconf 90' lang='lat' dir='ltr'><strong>peccatum</strong></span> <span class='ocrx_word' id='word_1_385' title='bbox 1544 947 1695 982; x_wconf 70' lang='lat' dir='ltr'><strong>ptenitenti;</strong></span> <span class='ocrx_word' id='word_1_386' title='bbox 1705 955 1798 982; x_wconf 89' lang='lat' dir='ltr'><strong>quam-</strong></span> 
     </span>
    </p>
   </div>
   <div class='ocr_carea' id='block_1_57' title="bbox 1009 992 1796 1028">
    <p class='ocr_par' dir='ltr' id='par_1_57' title="bbox 1009 992 1796 1028">
     <span class='ocr_line' id='line_1_57' title="bbox 1009 992 1796 1028; baseline -0.003 -7"><span class='ocrx_word' id='word_1_387' title='bbox 1009 994 1100 1021; x_wconf 88' lang='lat' dir='ltr'><strong>obrem</strong></span> <span class='ocrx_word' id='word_1_388' title='bbox 1110 995 1168 1028; x_wconf 83' lang='lat' dir='ltr'><strong>pari</strong></span> <span class='ocrx_word' id='word_1_389' title='bbox 1182 999 1209 1021; x_wconf 78' lang='lat' dir='ltr'><strong>ut</strong></span> <span class='ocrx_word' id='word_1_390' title='bbox 1225 1003 1268 1021; x_wconf 73' lang='lat' dir='ltr'><strong>vos</strong></span> <span class='ocrx_word' id='word_1_391' title='bbox 1282 994 1414 1022; x_wconf 83' lang='lat' dir='ltr'><strong>sententia</strong></span> <span class='ocrx_word' id='word_1_392' title='bbox 1429 993 1489 1021; x_wconf 87' lang='lat' dir='ltr'><strong>sitis</strong></span> <span class='ocrx_word' id='word_1_393' title='bbox 1504 994 1641 1020; x_wconf 86' lang='lat' dir='ltr'><strong>cohortor.</strong></span> <span class='ocrx_word' id='word_1_394' title='bbox 1658 992 1715 1020; x_wconf 87' lang='lat' dir='ltr'><strong>Non</strong></span> <span class='ocrx_word' id='word_1_395' title='bbox 1723 993 1796 1020; x_wconf 84' lang='lat' dir='ltr'><strong>enim</strong></span> 
     </span>
    </p>
   </div>
   <div class='ocr_carea' id='block_1_58' title="bbox 1011 1039 1797 1076">
    <p class='ocr_par' dir='ltr' id='par_1_58' title="bbox 1011 1039 1797 1076">
     <span class='ocr_line' id='line_1_58' title="bbox 1011 1039 1797 1076; baseline -0.004 -7"><span class='ocrx_word' id='word_1_396' title='bbox 1011 1039 1119 1069; x_wconf 76' lang='lat' dir='ltr'><strong>Satanae</strong></span> <span class='ocrx_word' id='word_1_397' title='bbox 1134 1041 1262 1068; x_wconf 81' lang='lat' dir='ltr'><strong>astutiam</strong></span> <span class='ocrx_word' id='word_1_398' title='bbox 1290 1041 1416 1076; x_wconf 80' lang='lat' dir='ltr'><strong>ignorare</strong></span> <span class='ocrx_word' id='word_1_399' title='bbox 1431 1044 1546 1074; x_wconf 82' lang='lat' dir='ltr'><strong>oportet,</strong></span> <span class='ocrx_word' id='word_1_400' title='bbox 1561 1040 1606 1074; x_wconf 88' lang='lat' dir='ltr'><strong>qui</strong></span> <span class='ocrx_word' id='word_1_401' title='bbox 1627 1041 1725 1066; x_wconf 82' lang='lat' dir='ltr'><strong>veteris</strong></span> <span class='ocrx_word' id='word_1_402' title='bbox 1743 1039 1797 1067; x_wconf 36' lang='lat' dir='ltr'><strong>fore</strong></span> 
     </span>
    </p>
   </div>
   <div class='ocr_carea' id='block_1_59' title="bbox 1010 1086 1796 1122">
    <p class='ocr_par' dir='ltr' id='par_1_59' title="bbox 1010 1086 1796 1122">
     <span class='ocr_line' id='line_1_59' title="bbox 1010 1086 1796 1122; baseline -0.001 -9"><span class='ocrx_word' id='word_1_403' title='bbox 1010 1087 1155 1114; x_wconf 88' lang='lat' dir='ltr'><strong>nicationis</strong></span> <span class='ocrx_word' id='word_1_404' title='bbox 1184 1095 1281 1122; x_wconf 78' lang='lat' dir='ltr'><strong>augere</strong></span> <span class='ocrx_word' id='word_1_405' title='bbox 1304 1087 1433 1114; x_wconf 88' lang='lat' dir='ltr'><strong>damnum</strong></span> <span class='ocrx_word' id='word_1_406' title='bbox 1453 1087 1555 1117; x_wconf 89' lang='lat' dir='ltr'><strong>volens,</strong></span> <span class='ocrx_word' id='word_1_407' title='bbox 1583 1086 1796 1113; x_wconf 84' lang='lat' dir='ltr'><strong>misericordiam</strong></span> 
     </span>
    </p>
   </div>
   <div class='ocr_carea' id='block_1_60' title="bbox 1009 1131 1798 1168">
    <p class='ocr_par' dir='ltr' id='par_1_60' title="bbox 1009 1131 1798 1168">
     <span class='ocr_line' id='line_1_60' title="bbox 1009 1131 1798 1168; baseline -0.003 -8"><span class='ocrx_word' id='word_1_408' title='bbox 1009 1133 1128 1165; x_wconf 84' lang='lat' dir='ltr'><strong>sustulit,</strong></span> <span class='ocrx_word' id='word_1_409' title='bbox 1143 1140 1176 1160; x_wconf 87' lang='lat' dir='ltr'><strong>ne</strong></span> <span class='ocrx_word' id='word_1_410' title='bbox 1188 1133 1278 1160; x_wconf 84' lang='lat' dir='ltr'><strong>doleat</strong></span> <span class='ocrx_word' id='word_1_411' title='bbox 1296 1132 1342 1168; x_wconf 91' lang='lat' dir='ltr'><strong>qui</strong></span> <span class='ocrx_word' id='word_1_412' title='bbox 1370 1132 1540 1167; x_wconf 87' lang='lat' dir='ltr'><strong>iniquitatem</strong></span> <span class='ocrx_word' id='word_1_413' title='bbox 1568 1132 1695 1166; x_wconf 84' lang='lat' dir='ltr'><strong>patravit.</strong></span> <span class='ocrx_word' id='word_1_414' title='bbox 1720 1131 1798 1159; x_wconf 77' lang='lat' dir='ltr'><strong>Nunc</strong></span> 
     </span>
    </p>
   </div>
   <div class='ocr_carea' id='block_1_61' title="bbox 1010 1178 1796 1206">
    <p class='ocr_par' dir='ltr' id='par_1_61' title="bbox 1010 1178 1796 1206">
     <span class='ocr_line' id='line_1_61' title="bbox 1010 1178 1796 1206; baseline -0.001 -1"><span class='ocrx_word' id='word_1_415' title='bbox 1010 1183 1098 1205; x_wconf 75' lang='lat' dir='ltr'><strong>autem</strong></span> <span class='ocrx_word' id='word_1_416' title='bbox 1110 1178 1208 1205; x_wconf 89' lang='lat' dir='ltr'><strong>nullam</strong></span> <span class='ocrx_word' id='word_1_417' title='bbox 1224 1179 1361 1206; x_wconf 88' lang='lat' dir='ltr'><strong>inventum</strong></span> <span class='ocrx_word' id='word_1_418' title='bbox 1384 1179 1417 1205; x_wconf 89' lang='lat' dir='ltr'><strong>iri</strong></span> <span class='ocrx_word' id='word_1_419' title='bbox 1447 1178 1617 1205; x_wconf 82' lang='lat' dir='ltr'><strong>clementiam</strong></span> <span class='ocrx_word' id='word_1_420' title='bbox 1642 1178 1739 1206; x_wconf 84' lang='lat' dir='ltr'><strong>suadet</strong></span> <span class='ocrx_word' id='word_1_421' title='bbox 1761 1178 1796 1204; x_wconf 91' lang='lat' dir='ltr'><strong>ab</strong></span> 
     </span>
    </p>
   </div>
   <div class='ocr_carea' id='block_1_62' title="bbox 1009 1222 1797 1258">
    <p class='ocr_par' dir='ltr' id='par_1_62' title="bbox 1009 1222 1797 1258">
     <span class='ocr_line' id='line_1_62' title="bbox 1009 1222 1797 1258; baseline -0.003 -8"><span class='ocrx_word' id='word_1_422' title='bbox 1009 1231 1042 1251; x_wconf 90' lang='lat' dir='ltr'><strong>eo</strong></span> <span class='ocrx_word' id='word_1_423' title='bbox 1055 1224 1099 1258; x_wconf 79' lang='lat' dir='ltr'><strong>qui</strong></span> <span class='ocrx_word' id='word_1_424' title='bbox 1118 1231 1231 1258; x_wconf 88' lang='lat' dir='ltr'><strong>peccare</strong></span> <span class='ocrx_word' id='word_1_425' title='bbox 1245 1223 1391 1255; x_wconf 87' lang='lat' dir='ltr'><strong>desiverit;</strong></span> <span class='ocrx_word' id='word_1_426' title='bbox 1413 1223 1491 1250; x_wconf 87' lang='lat' dir='ltr'><strong>utsic</strong></span> <span class='ocrx_word' id='word_1_427' title='bbox 1507 1227 1534 1249; x_wconf 86' lang='lat' dir='ltr'><strong>et</strong></span> <span class='ocrx_word' id='word_1_428' title='bbox 1547 1222 1622 1249; x_wconf 92' lang='lat' dir='ltr'><strong>illum</strong></span> <span class='ocrx_word' id='word_1_429' title='bbox 1632 1222 1797 1256; x_wconf 80' lang='lat' dir='ltr'><strong>pessumdet,</strong></span> 
     </span>
    </p>
   </div>
   <div class='ocr_carea' id='block_1_63' title="bbox 1009 1267 1799 1304">
    <p class='ocr_par' dir='ltr' id='par_1_63' title="bbox 1009 1267 1799 1304">
     <span class='ocr_line' id='line_1_63' title="bbox 1009 1267 1799 1304; baseline -0.005 -6"><span class='ocrx_word' id='word_1_430' title='bbox 1009 1274 1034 1298; x_wconf 82' lang='lat' dir='ltr'><strong>et</strong></span> <span class='ocrx_word' id='word_1_431' title='bbox 1048 1277 1095 1297; x_wconf 83' lang='lat' dir='ltr'><strong>vos</strong></span> <span class='ocrx_word' id='word_1_432' title='bbox 1106 1277 1188 1297; x_wconf 89' lang='lat' dir='ltr'><strong>vanos</strong></span> <span class='ocrx_word' id='word_1_433' title='bbox 1200 1274 1279 1304; x_wconf 90' lang='lat' dir='ltr'><strong>atque</strong></span> <span class='ocrx_word' id='word_1_434' title='bbox 1293 1269 1423 1304; x_wconf 90' lang='lat' dir='ltr'><strong>superbos</strong></span> <span class='ocrx_word' id='word_1_435' title='bbox 1449 1269 1578 1296; x_wconf 91' lang='lat' dir='ltr'><strong>adversus</strong></span> <span class='ocrx_word' id='word_1_436' title='bbox 1604 1268 1728 1296; x_wconf 87' lang='lat' dir='ltr'><strong>eumdem</strong></span> <span class='ocrx_word' id='word_1_437' title='bbox 1743 1267 1799 1295; x_wconf 74' lang='lat' dir='ltr'><strong>etii-</strong></span> 
     </span>
    </p>
   </div>
   <div class='ocr_carea' id='block_1_64' title="bbox 1010 1314 1795 1350">
    <p class='ocr_par' dir='ltr' id='par_1_64' title="bbox 1010 1314 1795 1350">
     <span class='ocr_line' id='line_1_64' title="bbox 1010 1314 1795 1350; baseline -0.003 -7"><span class='ocrx_word' id='word_1_438' title='bbox 1010 1315 1071 1343; x_wconf 85' lang='lat' dir='ltr'><strong>ciat.</strong></span> <span class='ocrx_word' id='word_1_439' title='bbox 1087 1314 1138 1343; x_wconf 87' lang='lat' dir='ltr'><strong>Sed</strong></span> <span class='ocrx_word' id='word_1_440' title='bbox 1150 1323 1225 1348; x_wconf 85' lang='lat' dir='ltr'><strong>eave,</strong></span> <span class='ocrx_word' id='word_1_441' title='bbox 1244 1323 1276 1342; x_wconf 89' lang='lat' dir='ltr'><strong>ne</strong></span> <span class='ocrx_word' id='word_1_442' title='bbox 1290 1315 1351 1350; x_wconf 83' lang='lat' dir='ltr'><strong>quis</strong></span> <span class='ocrx_word' id='word_1_443' title='bbox 1366 1319 1494 1349; x_wconf 82' lang='lat' dir='ltr'><strong>suscepto</strong></span> <span class='ocrx_word' id='word_1_444' title='bbox 1520 1315 1643 1349; x_wconf 71' lang='lat' dir='ltr'><strong>Apostoli</strong></span> <span class='ocrx_word' id='word_1_445' title='bbox 1670 1314 1795 1346; x_wconf 83' lang='lat' dir='ltr'><strong>consilio,</strong></span> 
     </span>
    </p>
   </div>
   <div class='ocr_carea' id='block_1_65' title="bbox 1009 1360 1798 1395">
    <p class='ocr_par' dir='ltr' id='par_1_65' title="bbox 1009 1360 1798 1395">
     <span class='ocr_line' id='line_1_65' title="bbox 1009 1360 1798 1395; baseline -0.001 -7"><span class='ocrx_word' id='word_1_446' title='bbox 1009 1362 1144 1388; x_wconf 76' lang='lat' dir='ltr'><strong>existimet</strong></span> <span class='ocrx_word' id='word_1_447' title='bbox 1157 1369 1252 1387; x_wconf 87' lang='lat' dir='ltr'><strong>vanam</strong></span> <span class='ocrx_word' id='word_1_448' title='bbox 1267 1368 1326 1388; x_wconf 84' lang='lat' dir='ltr'><strong>esse</strong></span> <span class='ocrx_word' id='word_1_449' title='bbox 1340 1360 1528 1388; x_wconf 86' lang='lat' dir='ltr'><strong>Satanicarum</strong></span> <span class='ocrx_word' id='word_1_450' title='bbox 1552 1361 1651 1387; x_wconf 89' lang='lat' dir='ltr'><strong>artium</strong></span> <span class='ocrx_word' id='word_1_451' title='bbox 1665 1361 1798 1395; x_wconf 80' lang='lat' dir='ltr'><strong>cognitio-</strong></span> 
     </span>
    </p>
   </div>
   <div class='ocr_carea' id='block_1_66' title="bbox 1010 1405 1797 1440">
    <p class='ocr_par' dir='ltr' id='par_1_66' title="bbox 1010 1405 1797 1440">
     <span class='ocr_line' id='line_1_66' title="bbox 1010 1405 1797 1440; baseline -0.003 -7"><span class='ocrx_word' id='word_1_452' title='bbox 1010 1415 1070 1433; x_wconf 87' lang='lat' dir='ltr'><strong>nem</strong></span> <span class='ocrx_word' id='word_1_453' title='bbox 1084 1415 1090 1434; x_wconf 83' lang='lat'><strong>:</strong></span> <span class='ocrx_word' id='word_1_454' title='bbox 1106 1406 1131 1433; x_wconf 89' lang='lat' dir='ltr'><strong>id</strong></span> <span class='ocrx_word' id='word_1_455' title='bbox 1150 1406 1220 1433; x_wconf 90' lang='lat' dir='ltr'><strong>enim</strong></span> <span class='ocrx_word' id='word_1_456' title='bbox 1236 1405 1335 1433; x_wconf 89' lang='lat' dir='ltr'><strong>nullius</strong></span> <span class='ocrx_word' id='word_1_457' title='bbox 1358 1405 1512 1433; x_wconf 85' lang='lat' dir='ltr'><strong>detrimenti</strong></span> <span class='ocrx_word' id='word_1_458' title='bbox 1541 1410 1582 1432; x_wconf 86' lang='lat' dir='ltr'><strong>est</strong></span> <span class='ocrx_word' id='word_1_459' title='bbox 1595 1426 1602 1437; x_wconf 83' lang='grc'>,</span> <span class='ocrx_word' id='word_1_460' title='bbox 1625 1406 1680 1432; x_wconf 88' lang='lat' dir='ltr'><strong>imo</strong></span> <span class='ocrx_word' id='word_1_461' title='bbox 1709 1405 1797 1440; x_wconf 78' lang='lat' dir='ltr'><strong>potius</strong></span> 
     </span>
    </p>
   </div>
   <div class='ocr_carea' id='block_1_67' title="bbox 1012 1451 1798 1486">
    <p class='ocr_par' dir='ltr' id='par_1_67' title="bbox 1012 1451 1798 1486">
     <span class='ocr_line' id='line_1_67' title="bbox 1012 1451 1798 1486; baseline -0.001 -8"><span class='ocrx_word' id='word_1_462' title='bbox 1012 1452 1075 1478; x_wconf 81' lang='lat' dir='ltr'><strong>utile</strong></span> <span class='ocrx_word' id='word_1_463' title='bbox 1088 1459 1094 1478; x_wconf 91' lang='lat'><strong>:</strong></span> <span class='ocrx_word' id='word_1_464' title='bbox 1109 1460 1171 1479; x_wconf 86' lang='lat' dir='ltr'><strong>nam</strong></span> <span class='ocrx_word' id='word_1_465' title='bbox 1188 1452 1300 1479; x_wconf 87' lang='lat' dir='ltr'><strong>scientia</strong></span> <span class='ocrx_word' id='word_1_466' title='bbox 1312 1452 1448 1486; x_wconf 77' lang='lat' dir='ltr'><strong>cogitandi</strong></span> <span class='ocrx_word' id='word_1_467' title='bbox 1473 1457 1553 1486; x_wconf 88' lang='lat' dir='ltr'><strong>atque</strong></span> <span class='ocrx_word' id='word_1_468' title='bbox 1568 1452 1696 1486; x_wconf 77' lang='lat' dir='ltr'><strong>eligendi,</strong></span> <span class='ocrx_word' id='word_1_469' title='bbox 1712 1451 1798 1479; x_wconf 75' lang='lat' dir='ltr'><strong>malos</strong></span> 
     </span>
    </p>
   </div>
   <div class='ocr_carea' id='block_1_68' title="bbox 1012 1497 1798 1532">
    <p class='ocr_par' dir='ltr' id='par_1_68' title="bbox 1012 1497 1798 1532">
     <span class='ocr_line' id='line_1_68' title="bbox 1012 1497 1798 1532; baseline -0.001 -7"><span class='ocrx_word' id='word_1_470' title='bbox 1012 1506 1060 1525; x_wconf 73' lang='lat' dir='ltr'><strong>nos</strong></span> <span class='ocrx_word' id='word_1_471' title='bbox 1073 1498 1142 1525; x_wconf 82' lang='lat' dir='ltr'><strong>haud</strong></span> <span class='ocrx_word' id='word_1_472' title='bbox 1154 1498 1245 1529; x_wconf 73' lang='lat' dir='ltr'><strong>allicit,</strong></span> <span class='ocrx_word' id='word_1_473' title='bbox 1256 1497 1302 1525; x_wconf 87' lang='lat' dir='ltr'><strong>sed</strong></span> <span class='ocrx_word' id='word_1_474' title='bbox 1317 1498 1373 1532; x_wconf 83' lang='lat' dir='ltr'><strong>ipsa</strong></span> <span class='ocrx_word' id='word_1_475' title='bbox 1392 1497 1498 1525; x_wconf 75' lang='lat' dir='ltr'><strong>electio.</strong></span> <span class='ocrx_word' id='word_1_476' title='bbox 1516 1498 1607 1531; x_wconf 87' lang='lat' dir='ltr'><strong>Itaque</strong></span> <span class='ocrx_word' id='word_1_477' title='bbox 1618 1505 1650 1523; x_wconf 91' lang='lat' dir='ltr'><strong>ne</strong></span> <span class='ocrx_word' id='word_1_478' title='bbox 1666 1497 1724 1524; x_wconf 88' lang='lat' dir='ltr'><strong>illos</strong></span> <span class='ocrx_word' id='word_1_479' title='bbox 1735 1497 1798 1532; x_wconf 89' lang='lat' dir='ltr'><strong>qui-</strong></span> 
     </span>
    </p>
   </div>
   <div class='ocr_carea' id='block_1_69' title="bbox 1012 1544 1798 1580">
    <p class='ocr_par' dir='ltr' id='par_1_69' title="bbox 1012 1544 1798 1580">
     <span class='ocr_line' id='line_1_69' title="bbox 1012 1544 1798 1580; baseline 0 -8"><span class='ocrx_word' id='word_1_480' title='bbox 1012 1545 1071 1572; x_wconf 81' lang='lat' dir='ltr'><strong>dem</strong></span> <span class='ocrx_word' id='word_1_481' title='bbox 1089 1544 1133 1578; x_wconf 85' lang='lat' dir='ltr'><strong>qui</strong></span> <span class='ocrx_word' id='word_1_482' title='bbox 1149 1552 1296 1578; x_wconf 76' lang='lat' dir='ltr'><strong>coarguere</strong></span> <span class='ocrx_word' id='word_1_483' title='bbox 1320 1545 1529 1580; x_wconf 66' lang='lat' dir='ltr'><strong>praestigiatores</strong></span> <span class='ocrx_word' id='word_1_484' title='bbox 1560 1544 1722 1578; x_wconf 85' lang='lat' dir='ltr'><strong>suscipiunt,</strong></span> <span class='ocrx_word' id='word_1_485' title='bbox 1736 1552 1798 1579; x_wconf 87' lang='lat' dir='ltr'><strong>pro-</strong></span> 
     </span>
    </p>
   </div>
   <div class='ocr_carea' id='block_1_70' title="bbox 1009 1589 1798 1624">
    <p class='ocr_par' dir='ltr' id='par_1_70' title="bbox 1009 1589 1798 1624">
     <span class='ocr_line' id='line_1_70' title="bbox 1009 1589 1798 1624; baseline -0.003 -8"><span class='ocrx_word' id='word_1_486' title='bbox 1009 1593 1101 1624; x_wconf 82' lang='lat' dir='ltr'><strong>pterea</strong></span> <span class='ocrx_word' id='word_1_487' title='bbox 1114 1589 1185 1624; x_wconf 90' lang='lat' dir='ltr'><strong>quod</strong></span> <span class='ocrx_word' id='word_1_488' title='bbox 1200 1589 1305 1616; x_wconf 88' lang='lat' dir='ltr'><strong>illorum</strong></span> <span class='ocrx_word' id='word_1_489' title='bbox 1323 1590 1454 1617; x_wconf 84' lang='lat' dir='ltr'><strong>malitiam</strong></span> <span class='ocrx_word' id='word_1_490' title='bbox 1468 1593 1577 1621; x_wconf 79' lang='lat' dir='ltr'><strong>norunt,</strong></span> <span class='ocrx_word' id='word_1_491' title='bbox 1589 1596 1638 1615; x_wconf 93' lang='lat' dir='ltr'><strong>nos</strong></span> <span class='ocrx_word' id='word_1_492' title='bbox 1652 1589 1798 1622; x_wconf 80' lang='lat' dir='ltr'><strong>reprehen—</strong></span> 
     </span>
    </p>
   </div>
   <div class='ocr_carea' id='block_1_71' title="bbox 1010 1634 1797 1671">
    <p class='ocr_par' dir='ltr' id='par_1_71' title="bbox 1010 1634 1797 1671">
     <span class='ocr_line' id='line_1_71' title="bbox 1010 1634 1797 1671; baseline -0.003 -9"><span class='ocrx_word' id='word_1_493' title='bbox 1010 1636 1107 1669; x_wconf 88' lang='lat' dir='ltr'><strong>dimus;</strong></span> <span class='ocrx_word' id='word_1_494' title='bbox 1124 1636 1177 1663; x_wconf 92' lang='lat' dir='ltr'><strong>imo</strong></span> <span class='ocrx_word' id='word_1_495' title='bbox 1200 1644 1248 1664; x_wconf 90' lang='lat' dir='ltr'><strong>eos</strong></span> <span class='ocrx_word' id='word_1_496' title='bbox 1263 1636 1339 1663; x_wconf 87' lang='lat' dir='ltr'><strong>valde</strong></span> <span class='ocrx_word' id='word_1_497' title='bbox 1363 1637 1545 1671; x_wconf 88' lang='lat' dir='ltr'><strong>approhamus</strong></span> <span class='ocrx_word' id='word_1_498' title='bbox 1560 1644 1567 1663; x_wconf 88' lang='lat'>:</span> <span class='ocrx_word' id='word_1_499' title='bbox 1589 1643 1641 1662; x_wconf 92' lang='lat' dir='ltr'><strong>non</strong></span> <span class='ocrx_word' id='word_1_500' title='bbox 1657 1635 1740 1666; x_wconf 84' lang='lat' dir='ltr'><strong>enim.</strong></span> <span class='ocrx_word' id='word_1_501' title='bbox 1754 1634 1797 1661; x_wconf 88' lang='lat' dir='ltr'><strong>ln-</strong></span> 
     </span>
    </p>
   </div>
   <div class='ocr_carea' id='block_1_72' title="bbox 1010 1681 1798 1718">
    <p class='ocr_par' dir='ltr' id='par_1_72' title="bbox 1010 1681 1798 1718">
     <span class='ocr_line' id='line_1_72' title="bbox 1010 1681 1798 1718; baseline -0.003 -9"><span class='ocrx_word' id='word_1_502' title='bbox 1010 1690 1102 1717; x_wconf 91' lang='lat' dir='ltr'><strong>quam,</strong></span> <span class='ocrx_word' id='word_1_503' title='bbox 1114 1683 1175 1710; x_wconf 89' lang='lat' dir='ltr'><strong>mali</strong></span> <span class='ocrx_word' id='word_1_504' title='bbox 1191 1683 1319 1718; x_wconf 77' lang='lat' dir='ltr'><strong>cognitio,</strong></span> <span class='ocrx_word' id='word_1_505' title='bbox 1331 1683 1378 1710; x_wconf 86' lang='lat' dir='ltr'><strong>sed</strong></span> <span class='ocrx_word' id='word_1_506' title='bbox 1388 1683 1495 1716; x_wconf 88' lang='lat' dir='ltr'><strong>electio,</strong></span> <span class='ocrx_word' id='word_1_507' title='bbox 1509 1682 1674 1709; x_wconf 84' lang='lat' dir='ltr'><strong>malosl&#39;acit.</strong></span> <span class='ocrx_word' id='word_1_508' title='bbox 1691 1681 1798 1708; x_wconf 82' lang='lat' dir='ltr'><strong>Scimus</strong></span> 
     </span>
    </p>
   </div>
   <div class='ocr_carea' id='block_1_73' title="bbox 1011 1727 1798 1764">
    <p class='ocr_par' dir='ltr' id='par_1_73' title="bbox 1011 1727 1798 1764">
     <span class='ocr_line' id='line_1_73' title="bbox 1011 1727 1798 1764; baseline -0.003 -9"><span class='ocrx_word' id='word_1_509' title='bbox 1011 1728 1102 1764; x_wconf 89' lang='lat' dir='ltr'><strong>itaque</strong></span> <span class='ocrx_word' id='word_1_510' title='bbox 1132 1728 1239 1756; x_wconf 55' lang='lat' dir='ltr'><strong>Satanas</strong></span> <span class='ocrx_word' id='word_1_511' title='bbox 1256 1729 1444 1763; x_wconf 84' lang='lat' dir='ltr'><strong>cogitationes,</strong></span> <span class='ocrx_word' id='word_1_512' title='bbox 1471 1737 1523 1755; x_wconf 91' lang='lat' dir='ltr'><strong>non</strong></span> <span class='ocrx_word' id='word_1_513' title='bbox 1547 1733 1577 1755; x_wconf 90' lang='lat' dir='ltr'><strong>ut</strong></span> <span class='ocrx_word' id='word_1_514' title='bbox 1591 1727 1736 1756; x_wconf 89' lang='lat' dir='ltr'><strong>secundum</strong></span> <span class='ocrx_word' id='word_1_515' title='bbox 1751 1734 1798 1754; x_wconf 83' lang='lat' dir='ltr'><strong>eas</strong></span> 
     </span>
    </p>
   </div>
   <div class='ocr_carea' id='block_1_74' title="bbox 1011 1775 1565 1815">
    <p class='ocr_par' dir='ltr' id='par_1_74' title="bbox 1011 1775 1565 1815">
     <span class='ocr_line' id='line_1_74' title="bbox 1011 1775 1565 1815; baseline -0.002 -13"><span class='ocrx_word' id='word_1_516' title='bbox 1011 1782 1166 1809; x_wconf 80' lang='lat' dir='ltr'><strong>operemur,</strong></span> <span class='ocrx_word' id='word_1_517' title='bbox 1185 1775 1231 1801; x_wconf 88' lang='lat' dir='ltr'><strong>sed</strong></span> <span class='ocrx_word' id='word_1_518' title='bbox 1247 1782 1280 1802; x_wconf 89' lang='lat' dir='ltr'><strong>ne</strong></span> <span class='ocrx_word' id='word_1_519' title='bbox 1297 1775 1401 1808; x_wconf 78' lang='lat' dir='ltr'><strong>decepti</strong></span> <span class='ocrx_word' id='word_1_520' title='bbox 1415 1775 1565 1815; x_wconf 74' lang='lat' dir='ltr'><strong>capiamur.</strong></span> 
     </span>
    </p>
   </div>
   <div class='ocr_carea' id='block_1_75' title="bbox 168 1819 1798 1856">
    <p class='ocr_par' dir='ltr' id='par_1_75' title="bbox 168 1819 1798 1856">
     <span class='ocr_line' id='line_1_75' title="bbox 168 1819 1798 1856; baseline -0.001 -9"><span class='ocrx_word' id='word_1_521' title='bbox 168 1821 356 1856; x_wconf 81' lang='grc' dir='ltr'>προαιρεῖσθαι</span> <span class='ocrx_word' id='word_1_522' title='bbox 384 1820 420 1847; x_wconf 86' lang='grc' dir='ltr'>τὰ</span> <span class='ocrx_word' id='word_1_523' title='bbox 452 1820 540 1854; x_wconf 74' lang='grc' dir='ltr'>φαῦλα</span> <span class='ocrx_word' id='word_1_524' title='bbox 563 1821 665 1853; x_wconf 77' lang='grc' dir='ltr'>κακοὺς</span> <span class='ocrx_word' id='word_1_525' title='bbox 693 1822 775 1847; x_wconf 80' lang='grc' dir='ltr'>ποιεῖ.</span> <span class='ocrx_word' id='word_1_526' title='bbox 796 1821 891 1855; x_wconf 89' lang='grc' dir='ltr'>Ἰσμεν</span> <span class='ocrx_word' id='word_1_527' title='bbox 917 1820 1059 1856; x_wconf 73' lang='grc' dir='ltr'>τοιγαροῦν</span> <span class='ocrx_word' id='word_1_528' title='bbox 1089 1820 1123 1847; x_wconf 81' lang='grc' dir='ltr'>τὰ</span> <span class='ocrx_word' id='word_1_529' title='bbox 1148 1821 1272 1856; x_wconf 83' lang='grc' dir='ltr'>νοήματα</span> <span class='ocrx_word' id='word_1_530' title='bbox 1295 1819 1340 1846; x_wconf 78' lang='grc' dir='ltr'>τοῦ</span> <span class='ocrx_word' id='word_1_531' title='bbox 1363 1820 1482 1852; x_wconf 75' lang='grc' dir='ltr'>Σατανᾶ,</span> <span class='ocrx_word' id='word_1_532' title='bbox 1517 1820 1566 1855; x_wconf 69' lang='grc' dir='ltr'>οὐχ</span> <span class='ocrx_word' id='word_1_533' title='bbox 1588 1820 1661 1852; x_wconf 79' lang='grc' dir='ltr'>ὅπως</span> <span class='ocrx_word' id='word_1_534' title='bbox 1681 1819 1798 1855; x_wconf 71' lang='grc' dir='ltr'>ἐνεργῶ-</span> 
     </span>
    </p>
   </div>
   <div class='ocr_carea' id='block_1_76' title="bbox 170 1863 1040 1901">
    <p class='ocr_par' dir='ltr' id='par_1_76' title="bbox 170 1863 1040 1901">
     <span class='ocr_line' id='line_1_76' title="bbox 170 1863 1040 1901; baseline -0.003 -8"><span class='ocrx_word' id='word_1_535' title='bbox 170 1874 219 1901; x_wconf 86' lang='grc' dir='ltr'><strong>μεν</strong></span> <span class='ocrx_word' id='word_1_536' title='bbox 240 1865 299 1892; x_wconf 73' lang='grc' dir='ltr'>κατ’</span> <span class='ocrx_word' id='word_1_537' title='bbox 314 1865 394 1897; x_wconf 76' lang='grc' dir='ltr'>αὐτὰ,</span> <span class='ocrx_word' id='word_1_538' title='bbox 419 1864 475 1892; x_wconf 83' lang='grc' dir='ltr'>ἀλλ’</span> <span class='ocrx_word' id='word_1_539' title='bbox 496 1865 540 1891; x_wconf 81' lang='grc' dir='ltr'>ἵνα</span> <span class='ocrx_word' id='word_1_540' title='bbox 562 1864 600 1900; x_wconf 82' lang='grc' dir='ltr'>μὴ</span> <span class='ocrx_word' id='word_1_541' title='bbox 623 1865 798 1900; x_wconf 80' lang='grc' dir='ltr'>ἀπατώμενοι</span> <span class='ocrx_word' id='word_1_542' title='bbox 823 1863 1040 1899; x_wconf 82' lang='grc' dir='ltr'>παγιδευθῶμεν.</span> 
     </span>
    </p>
   </div>
   <div class='ocr_carea' id='block_1_77' title="bbox 352 1909 787 1944">
    <p class='ocr_par' dir='ltr' id='par_1_77' title="bbox 352 1909 787 1944">
     <span class='ocr_line' id='line_1_77' title="bbox 352 1909 787 1944; baseline 0 -7"><span class='ocrx_word' id='word_1_543' title='bbox 352 1909 462 1937; x_wconf 77' lang='grc' dir='ltr'>Ἐλθὼν</span> <span class='ocrx_word' id='word_1_544' title='bbox 480 1909 514 1937; x_wconf 85' lang='grc' dir='ltr'>δὲ</span> <span class='ocrx_word' id='word_1_545' title='bbox 530 1911 573 1943; x_wconf 74' lang='grc' dir='ltr'>εἰς</span> <span class='ocrx_word' id='word_1_546' title='bbox 588 1910 646 1944; x_wconf 79' lang='grc' dir='ltr'><strong>τὴν</strong></span> <span class='ocrx_word' id='word_1_547' title='bbox 660 1910 787 1944; x_wconf 80' lang='grc' dir='ltr'>Τρωάδα.</span> 
     </span>
    </p>
   </div>
   <div class='ocr_carea' id='block_1_78' title="bbox 204 1954 962 1991">
    <p class='ocr_par' dir='ltr' id='par_1_78' title="bbox 204 1954 962 1991">
     <span class='ocr_line' id='line_1_78' title="bbox 204 1954 962 1991; baseline 0 -10"><span class='ocrx_word' id='word_1_548' title='bbox 204 1955 318 1990; x_wconf 81' lang='grc' dir='ltr'>Γέγονεν</span> <span class='ocrx_word' id='word_1_549' title='bbox 333 1955 435 1991; x_wconf 80' lang='grc' dir='ltr'>αὺτῴἠ</span> <span class='ocrx_word' id='word_1_550' title='bbox 451 1956 482 1981; x_wconf 76' lang='grc' dir='ltr'>ὲκ</span> <span class='ocrx_word' id='word_1_551' title='bbox 497 1955 624 1990; x_wconf 83' lang='grc' dir='ltr'>Τρωάδος</span> <span class='ocrx_word' id='word_1_552' title='bbox 633 1955 674 1986; x_wconf 84' lang='grc' dir='ltr'><strong>είς</strong></span> <span class='ocrx_word' id='word_1_553' title='bbox 697 1954 864 1981; x_wconf 84' lang='grc' dir='ltr'>Μακεδονίαν</span> <span class='ocrx_word' id='word_1_554' title='bbox 879 1955 962 1990; x_wconf 84' lang='grc' dir='ltr'>μετά-</span> 
     </span>
    </p>
   </div>
   <div class='ocr_carea' id='block_1_79' title="bbox 170 2000 962 2037">
    <p class='ocr_par' dir='ltr' id='par_1_79' title="bbox 170 2000 962 2037">
     <span class='ocr_line' id='line_1_79' title="bbox 170 2000 962 2037; baseline -0.001 -10"><span class='ocrx_word' id='word_1_555' title='bbox 170 2000 249 2032; x_wconf 71' lang='grc' dir='ltr'>ϐασις</span> <span class='ocrx_word' id='word_1_556' title='bbox 259 2000 288 2033; x_wconf 80' lang='grc' dir='ltr'>ἐξ</span> <span class='ocrx_word' id='word_1_557' title='bbox 301 2000 443 2032; x_wconf 80' lang='grc' dir='ltr'>ὀπτασίας.</span> <span class='ocrx_word' id='word_1_558' title='bbox 466 2001 510 2027; x_wconf 91' lang='lat' dir='ltr'><strong>&#39;Ev</strong></span> <span class='ocrx_word' id='word_1_559' title='bbox 526 2000 580 2036; x_wconf 81' lang='grc' dir='ltr'><strong>γὰρ</strong></span> <span class='ocrx_word' id='word_1_560' title='bbox 599 2001 630 2035; x_wconf 86' lang='grc' dir='ltr'>τῇ</span> <span class='ocrx_word' id='word_1_561' title='bbox 647 2000 743 2036; x_wconf 80' lang='grc' dir='ltr'>Γραφῇ</span> <span class='ocrx_word' id='word_1_562' title='bbox 761 2001 814 2026; x_wconf 86' lang='grc' dir='ltr'>τῶν</span> <span class='ocrx_word' id='word_1_563' title='bbox 833 2000 962 2037; x_wconf 81' lang='grc' dir='ltr'>Πράξεων</span> 
     </span>
    </p>
   </div>
   <div class='ocr_carea' id='block_1_80' title="bbox 170 2043 961 2082">
    <p class='ocr_par' dir='ltr' id='par_1_80' title="bbox 170 2043 961 2082">
     <span class='ocr_line' id='line_1_80' title="bbox 170 2043 961 2082; baseline -0.003 -9"><span class='ocrx_word' id='word_1_564' title='bbox 170 2047 223 2074; x_wconf 82' lang='grc' dir='ltr'>τῶν</span> <span class='ocrx_word' id='word_1_565' title='bbox 243 2047 400 2073; x_wconf 83' lang='grc' dir='ltr'>ἀποστόλων</span> <span class='ocrx_word' id='word_1_566' title='bbox 412 2046 530 2082; x_wconf 77' lang='grc' dir='ltr'>εἴρηται,</span> <span class='ocrx_word' id='word_1_567' title='bbox 545 2045 583 2077; x_wconf 82' lang='grc' dir='ltr'>ὡς</span> <span class='ocrx_word' id='word_1_568' title='bbox 607 2045 664 2072; x_wconf 76' lang='grc' dir='ltr'>ὄντι</span> <span class='ocrx_word' id='word_1_569' title='bbox 687 2045 762 2080; x_wconf 79' lang='grc' dir='ltr'>αὐτῷ</span> <span class='ocrx_word' id='word_1_570' title='bbox 788 2046 817 2072; x_wconf 79' lang='grc' dir='ltr'>ὲν</span> <span class='ocrx_word' id='word_1_571' title='bbox 851 2043 961 2079; x_wconf 79' lang='grc' dir='ltr'>Τρωάδι</span> 
     </span>
    </p>
   </div>
   <div class='ocr_carea' id='block_1_81' title="bbox 1066 1908 1740 1938">
    <p class='ocr_par' dir='ltr' id='par_1_81' title="bbox 1066 1908 1740 1938">
     <span class='ocr_line' id='line_1_81' title="bbox 1066 1908 1740 1938; baseline -0.003 0"><span class='ocrx_word' id='word_1_572' title='bbox 1066 1910 1147 1938; x_wconf 68' lang='lat' dir='ltr'><strong>Vens.</strong></span> <span class='ocrx_word' id='word_1_573' title='bbox 1170 1910 1211 1937; x_wconf 72' lang='lat'><strong>1&#39;2.</strong></span> <span class='ocrx_word' id='word_1_574' title='bbox 1234 1908 1301 1937; x_wconf 86' lang='lat' dir='ltr'><strong>Cum</strong></span> <span class='ocrx_word' id='word_1_575' title='bbox 1318 1910 1443 1937; x_wconf 77' lang='lat' dir='ltr'><strong>venissent</strong></span> <span class='ocrx_word' id='word_1_576' title='bbox 1456 1915 1542 1936; x_wconf 81' lang='lat' dir='ltr'><strong>autem</strong></span> <span class='ocrx_word' id='word_1_577' title='bbox 1558 1910 1584 1937; x_wconf 84' lang='lat' dir='ltr'><strong>in</strong></span> <span class='ocrx_word' id='word_1_578' title='bbox 1601 1909 1740 1936; x_wconf 76' lang='lat' dir='ltr'><strong>Troadem.</strong></span> 
     </span>
    </p>
   </div>
   <div class='ocr_carea' id='block_1_82' title="bbox 1047 1955 1798 1990">
    <p class='ocr_par' dir='ltr' id='par_1_82' title="bbox 1047 1955 1798 1990">
     <span class='ocr_line' id='line_1_82' title="bbox 1047 1955 1798 1990; baseline -0.001 -6"><span class='ocrx_word' id='word_1_579' title='bbox 1047 1956 1166 1990; x_wconf 75' lang='lat' dir='ltr'><strong>Contigit</strong></span> <span class='ocrx_word' id='word_1_580' title='bbox 1180 1956 1216 1982; x_wconf 85' lang='lat' dir='ltr'><strong>illi</strong></span> <span class='ocrx_word' id='word_1_581' title='bbox 1231 1963 1264 1983; x_wconf 81' lang='lat' dir='ltr'><strong>cx</strong></span> <span class='ocrx_word' id='word_1_582' title='bbox 1281 1955 1388 1983; x_wconf 85' lang='lat' dir='ltr'><strong>Troade</strong></span> <span class='ocrx_word' id='word_1_583' title='bbox 1415 1957 1440 1983; x_wconf 92' lang='lat' dir='ltr'><strong>in</strong></span> <span class='ocrx_word' id='word_1_584' title='bbox 1457 1955 1640 1983; x_wconf 86' lang='lat' dir='ltr'><strong>Macedoniam</strong></span> <span class='ocrx_word' id='word_1_585' title='bbox 1662 1957 1798 1988; x_wconf 85' lang='lat' dir='ltr'><strong>transitio,</strong></span> 
     </span>
    </p>
   </div>
   <div class='ocr_carea' id='block_1_83' title="bbox 1011 2002 1799 2036">
    <p class='ocr_par' dir='ltr' id='par_1_83' title="bbox 1011 2002 1799 2036">
     <span class='ocr_line' id='line_1_83' title="bbox 1011 2002 1799 2036; baseline -0.001 -7"><span class='ocrx_word' id='word_1_586' title='bbox 1011 2002 1123 2029; x_wconf 86' lang='lat' dir='ltr'><strong>visionis</strong></span> <span class='ocrx_word' id='word_1_587' title='bbox 1137 2002 1275 2035; x_wconf 85' lang='lat' dir='ltr'><strong>cujusdam</strong></span> <span class='ocrx_word' id='word_1_588' title='bbox 1303 2009 1395 2029; x_wconf 85' lang='lat' dir='ltr'><strong>causa.</strong></span> <span class='ocrx_word' id='word_1_589' title='bbox 1424 2002 1544 2036; x_wconf 85' lang='lat' dir='ltr'><strong>Namque</strong></span> <span class='ocrx_word' id='word_1_590' title='bbox 1559 2002 1584 2028; x_wconf 91' lang='lat' dir='ltr'><strong>in</strong></span> <span class='ocrx_word' id='word_1_591' title='bbox 1603 2003 1716 2028; x_wconf 79' lang='lat' dir='ltr'><strong>Actuunt</strong></span> <span class='ocrx_word' id='word_1_592' title='bbox 1735 2009 1799 2036; x_wconf 82' lang='lat' dir='ltr'><strong>apo-</strong></span> 
     </span>
    </p>
   </div>
   <div class='ocr_carea' id='block_1_84' title="bbox 1011 2047 1798 2080">
    <p class='ocr_par' dir='ltr' id='par_1_84' title="bbox 1011 2047 1798 2080">
     <span class='ocr_line' id='line_1_84' title="bbox 1011 2047 1798 2080; baseline 0 -5"><span class='ocrx_word' id='word_1_593' title='bbox 1011 2048 1141 2076; x_wconf 87' lang='lat' dir='ltr'><strong>stolorutn</strong></span> <span class='ocrx_word' id='word_1_594' title='bbox 1160 2048 1230 2075; x_wconf 88' lang='lat' dir='ltr'><strong>libro</strong></span> <span class='ocrx_word' id='word_1_595' title='bbox 1245 2048 1346 2074; x_wconf 90' lang='lat' dir='ltr'><strong>dictum</strong></span> <span class='ocrx_word' id='word_1_596' title='bbox 1363 2053 1416 2080; x_wconf 83' lang='lat' dir='ltr'><strong>est,</strong></span> <span class='ocrx_word' id='word_1_597' title='bbox 1430 2048 1512 2075; x_wconf 86' lang='lat' dir='ltr'><strong>Paulo</strong></span> <span class='ocrx_word' id='word_1_598' title='bbox 1528 2048 1554 2075; x_wconf 92' lang='lat' dir='ltr'><strong>in</strong></span> <span class='ocrx_word' id='word_1_599' title='bbox 1576 2047 1682 2075; x_wconf 85' lang='lat' dir='ltr'><strong>Troade</strong></span> <span class='ocrx_word' id='word_1_600' title='bbox 1696 2048 1798 2075; x_wconf 82' lang='lat' dir='ltr'><strong>consti—</strong></span> 
     </span>
    </p>
   </div>
   <div class='ocr_carea' id='block_1_85' title="bbox 169 2090 974 2137">
    <p class='ocr_par' dir='ltr' id='par_1_85' title="bbox 169 2090 959 2129">
     <span class='ocr_line' id='line_1_85' title="bbox 169 2090 959 2129; baseline -0.005 -8"><span class='ocrx_word' id='word_1_601' title='bbox 169 2093 239 2129; x_wconf 81' lang='grc' dir='ltr'>ἀνὴρ</span> <span class='ocrx_word' id='word_1_602' title='bbox 253 2092 386 2120; x_wconf 83' lang='grc' dir='ltr'>Μακεδὼν</span> <span class='ocrx_word' id='word_1_603' title='bbox 401 2092 480 2128; x_wconf 67' lang='grc' dir='ltr'>ὤφθη</span> <span class='ocrx_word' id='word_1_604' title='bbox 505 2092 704 2126; x_wconf 76' lang='grc' dir='ltr'>ἀποκαλύψεως</span> <span class='ocrx_word' id='word_1_605' title='bbox 723 2092 815 2128; x_wconf 80' lang='grc' dir='ltr'>τρόπῳ</span> <span class='ocrx_word' id='word_1_606' title='bbox 831 2090 959 2118; x_wconf 68' lang='grc' dir='ltr'>κελεύων</span> 
     </span>
    </p>
   </div>
   <div class='ocr_carea' id='block_1_86' title="bbox 1013 2090 1800 2137">
    <p class='ocr_par' dir='ltr' id='par_1_86' title="bbox 1014 2094 1800 2128">
     <span class='ocr_line' id='line_1_86' title="bbox 1014 2094 1800 2128; baseline 0 -8"><span class='ocrx_word' id='word_1_607' title='bbox 1014 2098 1082 2128; x_wconf 83' lang='lat' dir='ltr'><strong>tuto,</strong></span> <span class='ocrx_word' id='word_1_608' title='bbox 1095 2095 1180 2121; x_wconf 89' lang='lat' dir='ltr'><strong>virum</strong></span> <span class='ocrx_word' id='word_1_609' title='bbox 1213 2094 1386 2121; x_wconf 79' lang='lat' dir='ltr'><strong>Macedonem</strong></span> <span class='ocrx_word' id='word_1_610' title='bbox 1417 2094 1560 2121; x_wconf 86' lang='lat' dir='ltr'><strong>revelaulis</strong></span> <span class='ocrx_word' id='word_1_611' title='bbox 1577 2101 1652 2121; x_wconf 91' lang='lat' dir='ltr'><strong>more</strong></span> <span class='ocrx_word' id='word_1_612' title='bbox 1678 2094 1727 2128; x_wconf 89' lang='lat' dir='ltr'><strong>ipsi</strong></span> <span class='ocrx_word' id='word_1_613' title='bbox 1740 2101 1800 2121; x_wconf 85' lang='lat' dir='ltr'><strong>esse.</strong></span> 
     </span>
    </p>
   </div>
   <div class='ocr_carea' id='block_1_87' title="bbox 170 2136 962 2174">
    <p class='ocr_par' dir='ltr' id='par_1_87' title="bbox 170 2136 962 2174">
     <span class='ocr_line' id='line_1_87' title="bbox 170 2136 962 2174; baseline -0.003 -8"><span class='ocrx_word' id='word_1_614' title='bbox 170 2139 287 2173; x_wconf 71' lang='grc' dir='ltr'>ἔφασκεν</span> <span class='ocrx_word' id='word_1_615' title='bbox 312 2138 378 2174; x_wconf 78' lang='grc' dir='ltr'>γάρ·</span> <span class='ocrx_word' id='word_1_616' title='bbox 405 2148 414 2164; x_wconf 74' lang='grc' dir='ltr'><strong>ι</strong></span> <span class='ocrx_word' id='word_1_617' title='bbox 439 2137 539 2169; x_wconf 80' lang='grc' dir='ltr'>Διαϐὰς</span> <span class='ocrx_word' id='word_1_618' title='bbox 561 2138 601 2169; x_wconf 85' lang='grc' dir='ltr'><strong>είς</strong></span> <span class='ocrx_word' id='word_1_619' title='bbox 632 2137 802 2164; x_wconf 82' lang='grc' dir='ltr'>Μακεδονίαν</span> <span class='ocrx_word' id='word_1_620' title='bbox 829 2136 962 2172; x_wconf 84' lang='grc' dir='ltr'>βοήθησον</span> 
     </span>
    </p>
   </div>
   <div class='ocr_carea' id='block_1_88' title="bbox 171 2182 963 2221">
    <p class='ocr_par' dir='ltr' id='par_1_88' title="bbox 171 2182 963 2221">
     <span class='ocr_line' id='line_1_88' title="bbox 171 2182 963 2221; baseline -0.005 -9"><span class='ocrx_word' id='word_1_621' title='bbox 171 2185 247 2221; x_wconf 83' lang='grc' dir='ltr'>ἡμῖν.</span> <span class='ocrx_word' id='word_1_622' title='bbox 268 2194 277 2210; x_wconf 73' lang='grc' dir='ltr'><strong>ι</strong></span> <span class='ocrx_word' id='word_1_623' title='bbox 297 2183 450 2219; x_wconf 78' lang='grc' dir='ltr'>Ἑσιώπησε</span> <span class='ocrx_word' id='word_1_624' title='bbox 462 2184 490 2210; x_wconf 81' lang='grc' dir='ltr'>δὲ</span> <span class='ocrx_word' id='word_1_625' title='bbox 499 2184 589 2216; x_wconf 84' lang='grc' dir='ltr'>τοῦτο,</span> <span class='ocrx_word' id='word_1_626' title='bbox 601 2183 715 2219; x_wconf 82' lang='grc' dir='ltr'>γράφων</span> <span class='ocrx_word' id='word_1_627' title='bbox 726 2182 776 2218; x_wconf 85' lang='grc' dir='ltr'>τὴν</span> <span class='ocrx_word' id='word_1_628' title='bbox 792 2182 963 2217; x_wconf 77' lang='grc' dir='ltr'>Ἐπιστολὴν,</span> 
     </span>
    </p>
   </div>
   <div class='ocr_carea' id='block_1_89' title="bbox 171 2226 963 2267">
    <p class='ocr_par' dir='ltr' id='par_1_89' title="bbox 171 2226 963 2267">
     <span class='ocr_line' id='line_1_89' title="bbox 171 2226 963 2267; baseline -0.004 -10"><span class='ocrx_word' id='word_1_629' title='bbox 171 2231 286 2267; x_wconf 85' lang='grc' dir='ltr'>γνώμης</span> <span class='ocrx_word' id='word_1_630' title='bbox 299 2231 455 2267; x_wconf 85' lang='grc' dir='ltr'>μετριότητι</span> <span class='ocrx_word' id='word_1_631' title='bbox 478 2231 628 2266; x_wconf 74' lang='grc' dir='ltr'>δοκιμάσας</span> <span class='ocrx_word' id='word_1_632' title='bbox 645 2230 683 2265; x_wconf 88' lang='grc' dir='ltr'>μὴ</span> <span class='ocrx_word' id='word_1_633' title='bbox 703 2229 831 2265; x_wconf 74' lang='grc' dir='ltr'>εὔκαιρον</span> <span class='ocrx_word' id='word_1_634' title='bbox 842 2226 911 2254; x_wconf 78' lang='grc' dir='ltr'>εἶναι</span> <span class='ocrx_word' id='word_1_635' title='bbox 933 2229 963 2255; x_wconf 82' lang='grc' dir='ltr'>τὸ</span> 
     </span>
    </p>
   </div>
   <div class='ocr_carea' id='block_1_90' title="bbox 172 2273 964 2312">
    <p class='ocr_par' dir='ltr' id='par_1_90' title="bbox 172 2273 964 2312">
     <span class='ocr_line' id='line_1_90' title="bbox 172 2273 964 2312; baseline -0.004 -9"><span class='ocrx_word' id='word_1_636' title='bbox 172 2276 263 2311; x_wconf 86' lang='grc' dir='ltr'>λέγειν</span> <span class='ocrx_word' id='word_1_637' title='bbox 276 2276 388 2308; x_wconf 61' lang='grc' dir='ltr'>τοιαῦτα</span> <span class='ocrx_word' id='word_1_638' title='bbox 399 2277 462 2312; x_wconf 79' lang='grc' dir='ltr'>περὶ</span> <span class='ocrx_word' id='word_1_639' title='bbox 475 2276 583 2309; x_wconf 80' lang='grc' dir='ltr'>ἑαυτοῦ,</span> <span class='ocrx_word' id='word_1_640' title='bbox 595 2276 632 2308; x_wconf 86' lang='grc' dir='ltr'>ὡς</span> <span class='ocrx_word' id='word_1_641' title='bbox 647 2276 675 2302; x_wconf 81' lang='grc' dir='ltr'>ἐν</span> <span class='ocrx_word' id='word_1_642' title='bbox 686 2276 741 2306; x_wconf 88' lang='grc' dir='ltr'>τοῖς</span> <span class='ocrx_word' id='word_1_643' title='bbox 759 2274 902 2309; x_wconf 81' lang='grc' dir='ltr'>ἑπομένοις</span> <span class='ocrx_word' id='word_1_644' title='bbox 912 2273 964 2301; x_wconf 85' lang='grc' dir='ltr'>δεί-</span> 
     </span>
    </p>
   </div>
   <div class='ocr_carea' id='block_1_91' title="bbox 173 2320 962 2358">
    <p class='ocr_par' dir='ltr' id='par_1_91' title="bbox 173 2320 962 2358">
     <span class='ocr_line' id='line_1_91' title="bbox 173 2320 962 2358; baseline -0.004 -9"><span class='ocrx_word' id='word_1_645' title='bbox 173 2323 224 2355; x_wconf 81' lang='grc' dir='ltr'>ξει.</span> <span class='ocrx_word' id='word_1_646' title='bbox 247 2323 355 2358; x_wconf 83' lang='grc' dir='ltr'>Ἀμέλει</span> <span class='ocrx_word' id='word_1_647' title='bbox 368 2322 433 2357; x_wconf 82' lang='grc' dir='ltr'>γοῦν</span> <span class='ocrx_word' id='word_1_648' title='bbox 443 2323 523 2358; x_wconf 84' lang='grc' dir='ltr'>χάριν</span> <span class='ocrx_word' id='word_1_649' title='bbox 538 2322 664 2358; x_wconf 79' lang='grc' dir='ltr'>ὁμολογεῖ</span> <span class='ocrx_word' id='word_1_650' title='bbox 675 2321 713 2356; x_wconf 85' lang='grc' dir='ltr'>τῷ</span> <span class='ocrx_word' id='word_1_651' title='bbox 731 2320 791 2356; x_wconf 85' lang='grc' dir='ltr'><strong>Θεῷ</strong></span> <span class='ocrx_word' id='word_1_652' title='bbox 804 2320 850 2347; x_wconf 74' lang='grc' dir='ltr'><strong>ἐπὶ</strong></span> <span class='ocrx_word' id='word_1_653' title='bbox 868 2321 900 2355; x_wconf 85' lang='grc' dir='ltr'><strong>τῇ</strong></span> <span class='ocrx_word' id='word_1_654' title='bbox 914 2328 962 2355; x_wconf 87' lang='grc' dir='ltr'>με-</span> 
     </span>
    </p>
   </div>
   <div class='ocr_carea' id='block_1_92' title="bbox 172 2364 962 2405">
    <p class='ocr_par' dir='ltr' id='par_1_92' title="bbox 172 2364 962 2405">
     <span class='ocr_line' id='line_1_92' title="bbox 172 2364 962 2405; baseline -0.005 -10"><span class='ocrx_word' id='word_1_655' title='bbox 172 2368 297 2401; x_wconf 81' lang='grc' dir='ltr'>ταϐάσει,</span> <span class='ocrx_word' id='word_1_656' title='bbox 315 2368 353 2400; x_wconf 81' lang='grc' dir='ltr'>ὡς</span> <span class='ocrx_word' id='word_1_657' title='bbox 371 2368 434 2405; x_wconf 76' lang='grc' dir='ltr'>ἑξῆς</span> <span class='ocrx_word' id='word_1_658' title='bbox 457 2368 594 2404; x_wconf 77' lang='grc' dir='ltr'>ἐπιφέρων</span> <span class='ocrx_word' id='word_1_659' title='bbox 609 2368 676 2403; x_wconf 81' lang='grc' dir='ltr'>ὲρεῐ.</span> <span class='ocrx_word' id='word_1_660' title='bbox 702 2366 862 2401; x_wconf 85' lang='grc' dir='ltr'>Ἐπίστησον</span> <span class='ocrx_word' id='word_1_661' title='bbox 884 2365 911 2391; x_wconf 83' lang='grc' dir='ltr'>δὲ</span> <span class='ocrx_word' id='word_1_662' title='bbox 936 2364 962 2391; x_wconf 90' lang='grc' dir='ltr'><strong>τί</strong></span> 
     </span>
    </p>
   </div>
   <div class='ocr_carea' id='block_1_93' title="bbox 174 2411 960 2450">
    <p class='ocr_par' dir='ltr' id='par_1_93' title="bbox 174 2411 960 2450">
     <span class='ocr_line' id='line_1_93' title="bbox 174 2411 960 2450; baseline -0.005 -10"><span class='ocrx_word' id='word_1_663' title='bbox 174 2413 307 2448; x_wconf 75' lang='grc' dir='ltr'>βούλεται,</span> <span class='ocrx_word' id='word_1_664' title='bbox 319 2413 410 2450; x_wconf 86' lang='grc' dir='ltr'>Θύρας</span> <span class='ocrx_word' id='word_1_665' title='bbox 430 2422 474 2449; x_wconf 89' lang='grc' dir='ltr'><strong>μοι</strong></span> <span class='ocrx_word' id='word_1_666' title='bbox 491 2412 667 2448; x_wconf 77' lang='grc' dir='ltr'>ἀνεῳγμένης</span> <span class='ocrx_word' id='word_1_667' title='bbox 686 2411 805 2447; x_wconf 82' lang='grc' dir='ltr'>μεγάλης</span> <span class='ocrx_word' id='word_1_668' title='bbox 815 2411 843 2437; x_wconf 73' lang='grc' dir='ltr'>ἐν</span> <span class='ocrx_word' id='word_1_669' title='bbox 856 2411 960 2446; x_wconf 81' lang='grc' dir='ltr'>Κυρίῳ.</span> 
     </span>
    </p>
   </div>
   <div class='ocr_carea' id='block_1_94' title="bbox 173 2456 961 2496">
    <p class='ocr_par' dir='ltr' id='par_1_94' title="bbox 173 2456 961 2496">
     <span class='ocr_line' id='line_1_94' title="bbox 173 2456 961 2496; baseline -0.005 -10"><span class='ocrx_word' id='word_1_670' title='bbox 173 2460 250 2495; x_wconf 84' lang='grc' dir='ltr'>Τάχα</span> <span class='ocrx_word' id='word_1_671' title='bbox 263 2460 317 2496; x_wconf 80' lang='grc' dir='ltr'><strong>γὰρ</strong></span> <span class='ocrx_word' id='word_1_672' title='bbox 331 2460 469 2494; x_wconf 82' lang='grc' dir='ltr'>ἀνοίγεται</span> <span class='ocrx_word' id='word_1_673' title='bbox 487 2459 556 2495; x_wconf 86' lang='grc' dir='ltr'>θύρα</span> <span class='ocrx_word' id='word_1_674' title='bbox 565 2459 611 2485; x_wconf 79' lang='grc' dir='ltr'><strong>τοῦ</strong></span> <span class='ocrx_word' id='word_1_675' title='bbox 626 2457 704 2492; x_wconf 88' lang='grc' dir='ltr'>λόγου</span> <span class='ocrx_word' id='word_1_676' title='bbox 722 2457 790 2493; x_wconf 83' lang='grc' dir='ltr'>πρὸς</span> <span class='ocrx_word' id='word_1_677' title='bbox 802 2456 848 2483; x_wconf 84' lang='grc' dir='ltr'>τοῦ</span> <span class='ocrx_word' id='word_1_678' title='bbox 860 2457 961 2492; x_wconf 85' lang='grc' dir='ltr'>Κυρίου</span> 
     </span>
    </p>
   </div>
   <div class='ocr_carea' id='block_1_95' title="bbox 173 2501 963 2539">
    <p class='ocr_par' dir='ltr' id='par_1_95' title="bbox 173 2501 963 2539">
     <span class='ocr_line' id='line_1_95' title="bbox 173 2501 963 2539; baseline -0.006 -7"><span class='ocrx_word' id='word_1_679' title='bbox 173 2507 229 2537; x_wconf 81' lang='grc' dir='ltr'>τοῖς</span> <span class='ocrx_word' id='word_1_680' title='bbox 241 2505 269 2538; x_wconf 75' lang='grc' dir='ltr'>ἐξ</span> <span class='ocrx_word' id='word_1_681' title='bbox 284 2505 404 2537; x_wconf 71' lang='grc' dir='ltr'>ἐπινοίας</span> <span class='ocrx_word' id='word_1_682' title='bbox 423 2505 498 2537; x_wconf 87' lang='grc' dir='ltr'>θείας</span> <span class='ocrx_word' id='word_1_683' title='bbox 511 2503 665 2539; x_wconf 79' lang='grc' dir='ltr'>δεχομένοις</span> <span class='ocrx_word' id='word_1_684' title='bbox 679 2502 710 2529; x_wconf 83' lang='grc' dir='ltr'><strong>τὸ</strong></span> <span class='ocrx_word' id='word_1_685' title='bbox 727 2501 827 2535; x_wconf 81' lang='grc' dir='ltr'>λέγειν,</span> <span class='ocrx_word' id='word_1_686' title='bbox 840 2501 898 2528; x_wconf 80' lang='grc' dir='ltr'>ἀλλ’</span> <span class='ocrx_word' id='word_1_687' title='bbox 912 2501 963 2528; x_wconf 80' lang='grc' dir='ltr'>οὐκ</span> 
     </span>
    </p>
   </div>
   <div class='ocr_carea' id='block_1_96' title="bbox 175 2546 963 2588">
    <p class='ocr_par' dir='ltr' id='par_1_96' title="bbox 175 2546 963 2588">
     <span class='ocr_line' id='line_1_96' title="bbox 175 2546 963 2588; baseline -0.008 -10"><span class='ocrx_word' id='word_1_688' title='bbox 175 2550 205 2583; x_wconf 74' lang='grc' dir='ltr'><strong>ἐξ</strong></span> <span class='ocrx_word' id='word_1_689' title='bbox 224 2551 395 2588; x_wconf 86' lang='grc' dir='ltr'>ἀνθρωπίνης</span> <span class='ocrx_word' id='word_1_690' title='bbox 422 2552 520 2586; x_wconf 86' lang='grc' dir='ltr'>τέχνης</span> <span class='ocrx_word' id='word_1_691' title='bbox 544 2548 722 2585; x_wconf 80' lang='grc' dir='ltr'>παρασκευὴν</span> <span class='ocrx_word' id='word_1_692' title='bbox 741 2547 857 2582; x_wconf 76' lang='grc' dir='ltr'>ἔχουσιν.</span> <span class='ocrx_word' id='word_1_693' title='bbox 882 2546 963 2581; x_wconf 88' lang='grc' dir='ltr'>Λέγει</span> 
     </span>
    </p>
   </div>
   <div class='ocr_carea' id='block_1_97' title="bbox 173 2593 964 2632">
    <p class='ocr_par' dir='ltr' id='par_1_97' title="bbox 173 2593 964 2632">
     <span class='ocr_line' id='line_1_97' title="bbox 173 2593 964 2632; baseline -0.004 -8"><span class='ocrx_word' id='word_1_694' title='bbox 173 2597 239 2632; x_wconf 77' lang='grc' dir='ltr'>γοῦν</span> <span class='ocrx_word' id='word_1_695' title='bbox 255 2597 330 2629; x_wconf 85' lang='grc' dir='ltr'>Θεός·</span> <span class='ocrx_word' id='word_1_696' title='bbox 349 2608 357 2623; x_wconf 79' lang='grc' dir='ltr'><strong>ι</strong></span> <span class='ocrx_word' id='word_1_697' title='bbox 376 2598 514 2625; x_wconf 81' lang='grc' dir='ltr'>Πλάτυνον</span> <span class='ocrx_word' id='word_1_698' title='bbox 529 2596 560 2623; x_wconf 76' lang='grc' dir='ltr'>τὸ</span> <span class='ocrx_word' id='word_1_699' title='bbox 577 2596 665 2631; x_wconf 84' lang='grc' dir='ltr'>στόμα</span> <span class='ocrx_word' id='word_1_700' title='bbox 684 2603 740 2626; x_wconf 80' lang='grc' dir='ltr'>σου,</span> <span class='ocrx_word' id='word_1_701' title='bbox 760 2594 807 2620; x_wconf 84' lang='grc' dir='ltr'>καὶ</span> <span class='ocrx_word' id='word_1_702' title='bbox 827 2593 964 2628; x_wconf 86' lang='grc' dir='ltr'>πληρώσω</span> 
     </span>
    </p>
   </div>
   <div class='ocr_carea' id='block_1_98' title="bbox 176 2639 966 2678">
    <p class='ocr_par' dir='ltr' id='par_1_98' title="bbox 176 2639 966 2678">
     <span class='ocr_line' id='line_1_98' title="bbox 176 2639 966 2678; baseline -0.006 -8"><span class='ocrx_word' id='word_1_703' title='bbox 176 2642 252 2670; x_wconf 66' lang='grc' dir='ltr'>αὑτό.</span> <span class='ocrx_word' id='word_1_704' title='bbox 264 2653 272 2668; x_wconf 80' lang='grc'><strong>1</strong></span> <span class='ocrx_word' id='word_1_705' title='bbox 289 2643 344 2670; x_wconf 69' lang='grc' dir='ltr'><strong>Καὶ</strong></span> <span class='ocrx_word' id='word_1_706' title='bbox 358 2644 372 2669; x_wconf 84' lang='grc' dir='ltr'>ὁ</span> <span class='ocrx_word' id='word_1_707' title='bbox 386 2643 466 2677; x_wconf 79' lang='grc' dir='ltr'>σοφὸς</span> <span class='ocrx_word' id='word_1_708' title='bbox 477 2642 622 2678; x_wconf 86' lang='grc' dir='ltr'>κέκραγεν·</span> <span class='ocrx_word' id='word_1_709' title='bbox 637 2641 745 2675; x_wconf 78' lang='grc' dir='ltr'>Ἃνοιγε</span> <span class='ocrx_word' id='word_1_710' title='bbox 758 2640 803 2667; x_wconf 87' lang='grc' dir='ltr'><strong>σὺν</strong></span> <span class='ocrx_word' id='word_1_711' title='bbox 816 2639 903 2674; x_wconf 81' lang='grc' dir='ltr'>στόμα</span> <span class='ocrx_word' id='word_1_712' title='bbox 921 2639 966 2665; x_wconf 93' lang='grc' dir='ltr'>λό-</span> 
     </span>
    </p>
   </div>
   <div class='ocr_carea' id='block_1_99' title="bbox 175 2685 968 2724">
    <p class='ocr_par' dir='ltr' id='par_1_99' title="bbox 175 2685 968 2724">
     <span class='ocr_line' id='line_1_99' title="bbox 175 2685 968 2724; baseline -0.004 -10"><span class='ocrx_word' id='word_1_713' title='bbox 175 2697 217 2724; x_wconf 85' lang='grc' dir='ltr'>γῳ</span> <span class='ocrx_word' id='word_1_714' title='bbox 230 2688 466 2721; x_wconf 81' lang='grc' dir='ltr'>Θεοῦ-τουτέστιν,</span> <span class='ocrx_word' id='word_1_715' title='bbox 484 2687 746 2724; x_wconf 75' lang='grc' dir='ltr'>Παρεσκευααμένος</span> <span class='ocrx_word' id='word_1_716' title='bbox 771 2685 817 2712; x_wconf 75' lang='grc' dir='ltr'>ἔσο</span> <span class='ocrx_word' id='word_1_717' title='bbox 831 2685 905 2721; x_wconf 82' lang='grc' dir='ltr'>πόθῳ</span> <span class='ocrx_word' id='word_1_718' title='bbox 920 2685 968 2713; x_wconf 79' lang='grc' dir='ltr'>καὶ</span> 
     </span>
    </p>
   </div>
   <div class='ocr_carea' id='block_1_100' title="bbox 213 2754 730 2788">
    <p class='ocr_par' dir='ltr' id='par_1_100' title="bbox 213 2754 730 2788">
     <span class='ocr_line' id='line_1_100' title="bbox 213 2754 730 2788; baseline -0.004 -5"><span class='ocrx_word' id='word_1_719' title='bbox 213 2755 235 2771; x_wconf 84' lang='grc'>⁸⁷</span> <span class='ocrx_word' id='word_1_720' title='bbox 250 2754 377 2788; x_wconf 78' lang='lat' dir='ltr'><strong>Act.xvt,</strong></span> <span class='ocrx_word' id='word_1_721' title='bbox 390 2755 418 2783; x_wconf 88' lang='lat'><strong>9.</strong></span> <span class='ocrx_word' id='word_1_722' title='bbox 455 2755 477 2771; x_wconf 85' lang='grc'><strong>³⁸</strong></span> <span class='ocrx_word' id='word_1_723' title='bbox 497 2754 567 2782; x_wconf 89' lang='lat' dir='ltr'><strong>Psal.</strong></span> <span class='ocrx_word' id='word_1_724' title='bbox 583 2762 665 2788; x_wconf 75' lang='lat' dir='ltr'><strong>Lxxx,</strong></span> <span class='ocrx_word' id='word_1_725' title='bbox 687 2754 730 2782; x_wconf 83' lang='lat' dir='ltr'><strong>ll.</strong></span> 
     </span>
    </p>
   </div>
   <div class='ocr_carea' id='block_1_101' title="bbox 212 2812 517 2847">
    <p class='ocr_par' dir='ltr' id='par_1_101' title="bbox 212 2812 517 2847">
     <span class='ocr_line' id='line_1_101' title="bbox 212 2812 517 2847; baseline -0.01 -6"><span class='ocrx_word' id='word_1_726' title='bbox 212 2813 279 2846; x_wconf 73' lang='lat'><strong>(18‘)</strong></span> <span class='ocrx_word' id='word_1_727' title='bbox 290 2813 355 2841; x_wconf 80' lang='lat' dir='ltr'><strong>Cod.</strong></span> <span class='ocrx_word' id='word_1_728' title='bbox 372 2812 517 2847; x_wconf 81' lang='grc' dir='ltr'>χαίροντες.</span> 
     </span>
    </p>
   </div>
   <div class='ocr_carea' id='block_1_102' title="bbox 1014 2139 1801 2174">
    <p class='ocr_par' dir='ltr' id='par_1_102' title="bbox 1014 2139 1801 2174">
     <span class='ocr_line' id='line_1_102' title="bbox 1014 2139 1801 2174; baseline 0.001 -8"><span class='ocrx_word' id='word_1_729' title='bbox 1014 2139 1144 2172; x_wconf 84' lang='lat' dir='ltr'><strong>oblatum,</strong></span> <span class='ocrx_word' id='word_1_730' title='bbox 1163 2143 1245 2174; x_wconf 84' lang='lat' dir='ltr'><strong>atque</strong></span> <span class='ocrx_word' id='word_1_731' title='bbox 1259 2139 1444 2174; x_wconf 86' lang='lat' dir='ltr'><strong>ilajubentem</strong></span> <span class='ocrx_word' id='word_1_732' title='bbox 1461 2149 1467 2166; x_wconf 87' lang='lat'><strong>:</strong></span> <span class='ocrx_word' id='word_1_733' title='bbox 1489 2149 1498 2165; x_wconf 80' lang='grc' dir='ltr'><strong>ι</strong></span> <span class='ocrx_word' id='word_1_734' title='bbox 1514 2139 1662 2167; x_wconf 83' lang='lat' dir='ltr'><strong>Transieos</strong></span> <span class='ocrx_word' id='word_1_735' title='bbox 1676 2139 1801 2167; x_wconf 80' lang='lat' dir='ltr'><strong>inMace-</strong></span> 
     </span>
    </p>
   </div>
   <div class='ocr_carea' id='block_1_103' title="bbox 1014 2184 1798 2220">
    <p class='ocr_par' dir='ltr' id='par_1_103' title="bbox 1014 2184 1798 2220">
     <span class='ocr_line' id='line_1_103' title="bbox 1014 2184 1798 2220; baseline 0.001 -8"><span class='ocrx_word' id='word_1_736' title='bbox 1014 2185 1119 2213; x_wconf 90' lang='lat' dir='ltr'><strong>doniam</strong></span> <span class='ocrx_word' id='word_1_737' title='bbox 1136 2184 1231 2219; x_wconf 82' lang='lat' dir='ltr'><strong>adjuva</strong></span> <span class='ocrx_word' id='word_1_738' title='bbox 1244 2193 1293 2212; x_wconf 86' lang='lat' dir='ltr'><strong>nos</strong></span> <span class='ocrx_word' id='word_1_739' title='bbox 1309 2185 1341 2213; x_wconf 78' lang='grc'><strong>’⁷,</strong></span> <span class='ocrx_word' id='word_1_740' title='bbox 1361 2195 1370 2211; x_wconf 77' lang='grc' dir='ltr'><strong>ι</strong></span> <span class='ocrx_word' id='word_1_741' title='bbox 1389 2185 1487 2212; x_wconf 85' lang='lat' dir='ltr'><strong>Tacuit</strong></span> <span class='ocrx_word' id='word_1_742' title='bbox 1512 2190 1601 2212; x_wconf 89' lang='lat' dir='ltr'><strong>autem</strong></span> <span class='ocrx_word' id='word_1_743' title='bbox 1627 2185 1716 2212; x_wconf 88' lang='lat' dir='ltr'><strong>hocin</strong></span> <span class='ocrx_word' id='word_1_744' title='bbox 1734 2185 1798 2220; x_wconf 87' lang='lat' dir='ltr'><strong>Epi-</strong></span> 
     </span>
    </p>
   </div>
   <div class='ocr_carea' id='block_1_104' title="bbox 1013 2229 1802 2264">
    <p class='ocr_par' dir='ltr' id='par_1_104' title="bbox 1013 2229 1802 2264">
     <span class='ocr_line' id='line_1_104' title="bbox 1013 2229 1802 2264; baseline -0.001 -7"><span class='ocrx_word' id='word_1_745' title='bbox 1013 2230 1092 2262; x_wconf 88' lang='lat' dir='ltr'><strong>stola,</strong></span> <span class='ocrx_word' id='word_1_746' title='bbox 1109 2230 1206 2257; x_wconf 87' lang='lat' dir='ltr'><strong>mentis</strong></span> <span class='ocrx_word' id='word_1_747' title='bbox 1223 2237 1278 2257; x_wconf 66' lang='lat' dir='ltr'><strong>sua:</strong></span> <span class='ocrx_word' id='word_1_748' title='bbox 1292 2230 1422 2257; x_wconf 89' lang='lat' dir='ltr'><strong>modestia</strong></span> <span class='ocrx_word' id='word_1_749' title='bbox 1436 2230 1561 2264; x_wconf 86' lang='lat' dir='ltr'><strong>judicans</strong></span> <span class='ocrx_word' id='word_1_750' title='bbox 1577 2229 1647 2257; x_wconf 88' lang='lat' dir='ltr'><strong>haud</strong></span> <span class='ocrx_word' id='word_1_751' title='bbox 1662 2237 1721 2257; x_wconf 87' lang='lat' dir='ltr'><strong>esse</strong></span> <span class='ocrx_word' id='word_1_752' title='bbox 1734 2235 1802 2257; x_wconf 92' lang='lat' dir='ltr'><strong>lem-</strong></span> 
     </span>
    </p>
   </div>
   <div class='ocr_carea' id='block_1_105' title="bbox 1012 2277 1801 2312">
    <p class='ocr_par' dir='ltr' id='par_1_105' title="bbox 1012 2277 1801 2312">
     <span class='ocr_line' id='line_1_105' title="bbox 1012 2277 1801 2312; baseline 0 -8"><span class='ocrx_word' id='word_1_753' title='bbox 1012 2277 1146 2311; x_wconf 82' lang='lat' dir='ltr'><strong>pestivum</strong></span> <span class='ocrx_word' id='word_1_754' title='bbox 1163 2285 1220 2304; x_wconf 81' lang='lat' dir='ltr'><strong>rem</strong></span> <span class='ocrx_word' id='word_1_755' title='bbox 1237 2277 1391 2312; x_wconf 86' lang='lat' dir='ltr'><strong>hujusmodi</strong></span> <span class='ocrx_word' id='word_1_756' title='bbox 1404 2277 1435 2305; x_wconf 89' lang='lat' dir='ltr'><strong>de</strong></span> <span class='ocrx_word' id='word_1_757' title='bbox 1449 2284 1479 2304; x_wconf 88' lang='lat' dir='ltr'><strong>se</strong></span> <span class='ocrx_word' id='word_1_758' title='bbox 1492 2278 1592 2310; x_wconf 86' lang='lat' dir='ltr'><strong>dicere,</strong></span> <span class='ocrx_word' id='word_1_759' title='bbox 1606 2277 1668 2304; x_wconf 82' lang='grc' dir='ltr'>ιιιίιι</span> <span class='ocrx_word' id='word_1_760' title='bbox 1684 2285 1801 2311; x_wconf 83' lang='lat' dir='ltr'><strong>sequen-</strong></span> 
     </span>
    </p>
   </div>
   <div class='ocr_carea' id='block_1_106' title="bbox 1014 2322 1802 2357">
    <p class='ocr_par' dir='ltr' id='par_1_106' title="bbox 1014 2322 1802 2357">
     <span class='ocr_line' id='line_1_106' title="bbox 1014 2322 1802 2357; baseline -0.003 -7"><span class='ocrx_word' id='word_1_761' title='bbox 1014 2322 1086 2350; x_wconf 81' lang='lat' dir='ltr'><strong>tibus</strong></span> <span class='ocrx_word' id='word_1_762' title='bbox 1101 2323 1305 2350; x_wconf 86' lang='lat' dir='ltr'><strong>demonstrabit.</strong></span> <span class='ocrx_word' id='word_1_763' title='bbox 1332 2322 1441 2349; x_wconf 89' lang='lat' dir='ltr'><strong>lnterim</strong></span> <span class='ocrx_word' id='word_1_764' title='bbox 1473 2323 1526 2349; x_wconf 81' lang='lat' dir='ltr'><strong>Dco</strong></span> <span class='ocrx_word' id='word_1_765' title='bbox 1541 2323 1643 2357; x_wconf 82' lang='lat' dir='ltr'><strong>gratias</strong></span> <span class='ocrx_word' id='word_1_766' title='bbox 1659 2323 1713 2356; x_wconf 77' lang='lat' dir='ltr'><strong>agit</strong></span> <span class='ocrx_word' id='word_1_767' title='bbox 1739 2330 1802 2356; x_wconf 91' lang='lat' dir='ltr'><strong>pro-</strong></span> 
     </span>
    </p>
   </div>
   <div class='ocr_carea' id='block_1_107' title="bbox 1015 2367 1801 2402">
    <p class='ocr_par' dir='ltr' id='par_1_107' title="bbox 1015 2367 1801 2402">
     <span class='ocr_line' id='line_1_107' title="bbox 1015 2367 1801 2402; baseline 0 -8"><span class='ocrx_word' id='word_1_768' title='bbox 1015 2373 1074 2401; x_wconf 84' lang='lat' dir='ltr'><strong>pter</strong></span> <span class='ocrx_word' id='word_1_769' title='bbox 1092 2369 1245 2400; x_wconf 78' lang='lat' dir='ltr'><strong>trausitutn,</strong></span> <span class='ocrx_word' id='word_1_770' title='bbox 1262 2372 1290 2394; x_wconf 88' lang='lat' dir='ltr'><strong>ut</strong></span> <span class='ocrx_word' id='word_1_771' title='bbox 1301 2372 1392 2402; x_wconf 89' lang='lat' dir='ltr'><strong>postea</strong></span> <span class='ocrx_word' id='word_1_772' title='bbox 1407 2368 1487 2395; x_wconf 85' lang='lat' dir='ltr'><strong>dicet.</strong></span> <span class='ocrx_word' id='word_1_773' title='bbox 1506 2367 1698 2395; x_wconf 84' lang='lat' dir='ltr'><strong>Animadverte</strong></span> <span class='ocrx_word' id='word_1_774' title='bbox 1711 2375 1801 2394; x_wconf 87' lang='lat' dir='ltr'><strong>autent</strong></span> 
     </span>
    </p>
   </div>
   <div class='ocr_carea' id='block_1_108' title="bbox 1016 2412 1800 2448">
    <p class='ocr_par' dir='ltr' id='par_1_108' title="bbox 1016 2412 1800 2448">
     <span class='ocr_line' id='line_1_108' title="bbox 1016 2412 1800 2448; baseline 0.003 -9"><span class='ocrx_word' id='word_1_775' title='bbox 1016 2412 1080 2447; x_wconf 89' lang='lat' dir='ltr'><strong>quid</strong></span> <span class='ocrx_word' id='word_1_776' title='bbox 1095 2413 1239 2448; x_wconf 76' lang='lat' dir='ltr'><strong>signiﬁcet,</strong></span> <span class='ocrx_word' id='word_1_777' title='bbox 1255 2413 1351 2448; x_wconf 82' lang='lat' dir='ltr'><strong>Ampio</strong></span> <span class='ocrx_word' id='word_1_778' title='bbox 1364 2413 1428 2441; x_wconf 89' lang='lat' dir='ltr'><strong>mihi</strong></span> <span class='ocrx_word' id='word_1_779' title='bbox 1447 2414 1580 2448; x_wconf 71' lang='lat' dir='ltr'><strong>patefacto</strong></span> <span class='ocrx_word' id='word_1_780' title='bbox 1591 2414 1660 2441; x_wconf 84' lang='lat' dir='ltr'><strong>ostio</strong></span> <span class='ocrx_word' id='word_1_781' title='bbox 1673 2414 1698 2441; x_wconf 90' lang='lat' dir='ltr'><strong>in</strong></span> <span class='ocrx_word' id='word_1_782' title='bbox 1712 2415 1800 2441; x_wconf 83' lang='lat' dir='ltr'><strong>Domi-</strong></span> 
     </span>
    </p>
   </div>
   <div class='ocr_carea' id='block_1_109' title="bbox 1016 2458 1802 2493">
    <p class='ocr_par' dir='ltr' id='par_1_109' title="bbox 1016 2458 1802 2493">
     <span class='ocr_line' id='line_1_109' title="bbox 1016 2458 1802 2493; baseline 0.003 -9"><span class='ocrx_word' id='word_1_783' title='bbox 1016 2465 1061 2485; x_wconf 88' lang='lat' dir='ltr'><strong>no.</strong></span> <span class='ocrx_word' id='word_1_784' title='bbox 1076 2458 1189 2485; x_wconf 87' lang='lat' dir='ltr'><strong>Videtur</strong></span> <span class='ocrx_word' id='word_1_785' title='bbox 1206 2459 1277 2486; x_wconf 88' lang='lat' dir='ltr'><strong>enim</strong></span> <span class='ocrx_word' id='word_1_786' title='bbox 1294 2459 1394 2493; x_wconf 85' lang='lat' dir='ltr'><strong>aperiri</strong></span> <span class='ocrx_word' id='word_1_787' title='bbox 1408 2460 1488 2487; x_wconf 88' lang='lat' dir='ltr'><strong>verbo</strong></span> <span class='ocrx_word' id='word_1_788' title='bbox 1501 2460 1599 2487; x_wconf 89' lang='lat' dir='ltr'><strong>ostium</strong></span> <span class='ocrx_word' id='word_1_789' title='bbox 1613 2468 1628 2486; x_wconf 88' lang='lat' dir='ltr'><strong>a</strong></span> <span class='ocrx_word' id='word_1_790' title='bbox 1643 2461 1757 2487; x_wconf 86' lang='lat' dir='ltr'><strong>Domino</strong></span> <span class='ocrx_word' id='word_1_791' title='bbox 1770 2460 1802 2486; x_wconf 82' lang='lat' dir='ltr'><strong>iis</strong></span> 
     </span>
    </p>
   </div>
   <div class='ocr_carea' id='block_1_110' title="bbox 1017 2502 1801 2539">
    <p class='ocr_par' dir='ltr' id='par_1_110' title="bbox 1017 2502 1801 2539">
     <span class='ocr_line' id='line_1_110' title="bbox 1017 2502 1801 2539; baseline 0 -10"><span class='ocrx_word' id='word_1_792' title='bbox 1017 2502 1062 2537; x_wconf 89' lang='lat' dir='ltr'><strong>qui</strong></span> <span class='ocrx_word' id='word_1_793' title='bbox 1088 2503 1179 2530; x_wconf 86' lang='lat' dir='ltr'><strong>divino</strong></span> <span class='ocrx_word' id='word_1_794' title='bbox 1210 2504 1324 2532; x_wconf 87' lang='lat' dir='ltr'><strong>consilio</strong></span> <span class='ocrx_word' id='word_1_795' title='bbox 1350 2505 1569 2539; x_wconf 62' lang='lat' dir='ltr'><strong>praedicationem</strong></span> <span class='ocrx_word' id='word_1_796' title='bbox 1597 2506 1801 2539; x_wconf 79' lang='lat' dir='ltr'><strong>aggrediuntur,</strong></span> 
     </span>
    </p>
   </div>
   <div class='ocr_carea' id='block_1_111' title="bbox 1015 2549 1801 2583">
    <p class='ocr_par' dir='ltr' id='par_1_111' title="bbox 1015 2549 1801 2583">
     <span class='ocr_line' id='line_1_111' title="bbox 1015 2549 1801 2583; baseline 0.001 -9"><span class='ocrx_word' id='word_1_797' title='bbox 1015 2556 1068 2575; x_wconf 88' lang='lat' dir='ltr'><strong>non</strong></span> <span class='ocrx_word' id='word_1_798' title='bbox 1080 2553 1170 2575; x_wconf 88' lang='lat' dir='ltr'><strong>autem</strong></span> <span class='ocrx_word' id='word_1_799' title='bbox 1198 2549 1232 2576; x_wconf 88' lang='lat' dir='ltr'><strong>ab</strong></span> <span class='ocrx_word' id='word_1_800' title='bbox 1263 2550 1382 2578; x_wconf 85' lang='lat' dir='ltr'><strong>humano</strong></span> <span class='ocrx_word' id='word_1_801' title='bbox 1412 2550 1528 2577; x_wconf 77' lang='lat' dir='ltr'><strong>artificio</strong></span> <span class='ocrx_word' id='word_1_802' title='bbox 1555 2550 1675 2577; x_wconf 86' lang='lat' dir='ltr'><strong>subsidia</strong></span> <span class='ocrx_word' id='word_1_803' title='bbox 1696 2554 1801 2583; x_wconf 84' lang='lat' dir='ltr'><strong>petunt.</strong></span> 
     </span>
    </p>
   </div>
   <div class='ocr_carea' id='block_1_112' title="bbox 1016 2594 1803 2630">
    <p class='ocr_par' dir='ltr' id='par_1_112' title="bbox 1016 2594 1803 2630">
     <span class='ocr_line' id='line_1_112' title="bbox 1016 2594 1803 2630; baseline 0.004 -11"><span class='ocrx_word' id='word_1_804' title='bbox 1016 2594 1195 2627; x_wconf 86' lang='lat' dir='ltr'><strong>Quamobrem</strong></span> <span class='ocrx_word' id='word_1_805' title='bbox 1211 2596 1282 2623; x_wconf 83' lang='lat' dir='ltr'><strong>Deus</strong></span> <span class='ocrx_word' id='word_1_806' title='bbox 1297 2596 1351 2622; x_wconf 85' lang='lat' dir='ltr'><strong>ait:</strong></span> <span class='ocrx_word' id='word_1_807' title='bbox 1368 2605 1380 2622; x_wconf 83' lang='grc' dir='ltr'><strong>ιι</strong></span> <span class='ocrx_word' id='word_1_808' title='bbox 1392 2595 1474 2630; x_wconf 84' lang='lat' dir='ltr'><strong>Aperi</strong></span> <span class='ocrx_word' id='word_1_809' title='bbox 1489 2604 1519 2623; x_wconf 90' lang='lat' dir='ltr'><strong>os</strong></span> <span class='ocrx_word' id='word_1_810' title='bbox 1531 2601 1604 2622; x_wconf 88' lang='lat' dir='ltr'><strong>tuum</strong></span> <span class='ocrx_word' id='word_1_811' title='bbox 1616 2615 1624 2628; x_wconf 87' lang='lat'><strong>,</strong></span> <span class='ocrx_word' id='word_1_812' title='bbox 1639 2599 1667 2622; x_wconf 90' lang='lat' dir='ltr'><strong>et</strong></span> <span class='ocrx_word' id='word_1_813' title='bbox 1687 2595 1803 2628; x_wconf 78' lang='lat' dir='ltr'><strong>implebo</strong></span> 
     </span>
    </p>
   </div>
   <div class='ocr_carea' id='block_1_113' title="bbox 1016 2639 1803 2675">
    <p class='ocr_par' dir='ltr' id='par_1_113' title="bbox 1016 2639 1803 2675">
     <span class='ocr_line' id='line_1_113' title="bbox 1016 2639 1803 2675; baseline 0.003 -9"><span class='ocrx_word' id='word_1_814' title='bbox 1016 2639 1081 2666; x_wconf 93' lang='lat' dir='ltr'><strong>illud</strong></span> <span class='ocrx_word' id='word_1_815' title='bbox 1095 2639 1118 2655; x_wconf 70' lang='grc'>³⁸</span> <span class='ocrx_word' id='word_1_816' title='bbox 1130 2648 1137 2673; x_wconf 83' lang='grc'><strong>;</strong></span> <span class='ocrx_word' id='word_1_817' title='bbox 1151 2649 1161 2666; x_wconf 76' lang='grc' dir='ltr'><strong>ι</strong></span> <span class='ocrx_word' id='word_1_818' title='bbox 1176 2644 1203 2667; x_wconf 89' lang='lat' dir='ltr'><strong>et</strong></span> <span class='ocrx_word' id='word_1_819' title='bbox 1219 2641 1326 2675; x_wconf 81' lang='lat' dir='ltr'><strong>sapiens</strong></span> <span class='ocrx_word' id='word_1_820' title='bbox 1338 2640 1438 2668; x_wconf 87' lang='lat' dir='ltr'><strong>clamat</strong></span> <span class='ocrx_word' id='word_1_821' title='bbox 1452 2649 1459 2668; x_wconf 76' lang='grc' dir='ltr'><strong>ι</strong></span> <span class='ocrx_word' id='word_1_822' title='bbox 1475 2641 1555 2675; x_wconf 80' lang='lat' dir='ltr'><strong>Aperi</strong></span> <span class='ocrx_word' id='word_1_823' title='bbox 1583 2648 1613 2667; x_wconf 88' lang='lat' dir='ltr'><strong>os</strong></span> <span class='ocrx_word' id='word_1_824' title='bbox 1629 2645 1703 2667; x_wconf 91' lang='lat' dir='ltr'><strong>tuum</strong></span> <span class='ocrx_word' id='word_1_825' title='bbox 1720 2641 1803 2668; x_wconf 78' lang='lat' dir='ltr'><strong>verbo</strong></span> 
     </span>
    </p>
   </div>
   <div class='ocr_carea' id='block_1_114' title="bbox 1018 2684 1807 2726">
    <p class='ocr_par' dir='ltr' id='par_1_114' title="bbox 1018 2684 1807 2726">
     <span class='ocr_line' id='line_1_114' title="bbox 1018 2684 1807 2726; baseline 0.003 -14"><span class='ocrx_word' id='word_1_826' title='bbox 1018 2684 1084 2719; x_wconf 84' lang='lat' dir='ltr'><strong>Dei;</strong></span> <span class='ocrx_word' id='word_1_827' title='bbox 1098 2685 1124 2713; x_wconf 84' lang='lat' dir='ltr'><strong>id</strong></span> <span class='ocrx_word' id='word_1_828' title='bbox 1142 2691 1193 2719; x_wconf 84' lang='lat' dir='ltr'><strong>est,</strong></span> <span class='ocrx_word' id='word_1_829' title='bbox 1206 2686 1318 2714; x_wconf 85' lang='lat' dir='ltr'><strong>Paratus</strong></span> <span class='ocrx_word' id='word_1_830' title='bbox 1332 2691 1390 2714; x_wconf 86' lang='lat' dir='ltr'><strong>esto</strong></span> <span class='ocrx_word' id='word_1_831' title='bbox 1408 2686 1504 2721; x_wconf 87' lang='lat' dir='ltr'><strong>cupide</strong></span> <span class='ocrx_word' id='word_1_832' title='bbox 1521 2685 1700 2721; x_wconf 84' lang='lat' dir='ltr'><strong>alacriterque</strong></span> <span class='ocrx_word' id='word_1_833' title='bbox 1716 2685 1807 2726; x_wconf 17' lang='lat' dir='ltr'><strong>adrex-</strong></span> 
     </span>
    </p>
   </div>
   <div class='ocr_carea' id='block_1_115' title="bbox 214 2841 974 2884">
    <p class='ocr_par' dir='ltr' id='par_1_115' title="bbox 214 2841 972 2884">
     <span class='ocr_line' id='line_1_115' title="bbox 214 2841 972 2884; baseline -0.001 -9"><span class='ocrx_word' id='word_1_834' title='bbox 214 2841 531 2884; x_wconf 57' lang='lat' dir='ltr'><strong>(19)&#39;tit&#39;-.ecc&quot;7cp&#39;ésoir{w</strong></span> <span class='ocrx_word' id='word_1_835' title='bbox 544 2847 628 2876; x_wconf 72' lang='lat' dir='ltr'><strong>vultus</strong></span> <span class='ocrx_word' id='word_1_836' title='bbox 645 2852 670 2876; x_wconf 92' lang='lat' dir='ltr'><strong>ct</strong></span> <span class='ocrx_word' id='word_1_837' title='bbox 686 2855 810 2883; x_wconf 73' lang='lat' dir='ltr'><strong>rcrsona;</strong></span> <span class='ocrx_word' id='word_1_838' title='bbox 827 2854 879 2876; x_wconf 91' lang='lat' dir='ltr'><strong>non</strong></span> <span class='ocrx_word' id='word_1_839' title='bbox 891 2846 972 2882; x_wconf 63' lang='lat' dir='ltr'><strong>item;</strong></span> 
     </span>
    </p>
   </div>
   <div class='ocr_carea' id='block_1_116' title="bbox 1013 2841 1644 2884">
    <p class='ocr_par' dir='ltr' id='par_1_116' title="bbox 1013 2841 1644 2878">
     <span class='ocr_line' id='line_1_116' title="bbox 1013 2841 1644 2878; baseline -0.005 -5"><span class='ocrx_word' id='word_1_840' title='bbox 1013 2852 1074 2874; x_wconf 77' lang='lat' dir='ltr'><strong>sana</strong></span> <span class='ocrx_word' id='word_1_841' title='bbox 1089 2842 1194 2878; x_wconf 82' lang='lat' dir='ltr'><strong>Latine,</strong></span> <span class='ocrx_word' id='word_1_842' title='bbox 1216 2841 1268 2871; x_wconf 80' lang='lat' dir='ltr'><strong>nisi</strong></span> <span class='ocrx_word' id='word_1_843' title='bbox 1284 2841 1408 2870; x_wconf 74' lang='lat' dir='ltr'><strong>theatrali</strong></span> <span class='ocrx_word' id='word_1_844' title='bbox 1428 2848 1507 2871; x_wconf 69' lang='lat' dir='ltr'><strong>sensu</strong></span> <span class='ocrx_word' id='word_1_845' title='bbox 1522 2841 1564 2870; x_wconf 77' lang='lat' dir='ltr'><strong>vel</strong></span> <span class='ocrx_word' id='word_1_846' title='bbox 1582 2849 1644 2871; x_wconf 74' lang='lat' dir='ltr'><strong>usu.</strong></span> 
     </span>
    </p>
   </div>
  </div>
