1913 3071
139 113 209 142 ίίθθ

782 113 898 142 DlDYMl
919 113 1154 142 ALEXANDRINI

1707 115 1783 143 1700

139 175 285 206 propterea
304 169 367 197 ﬁdei
385 173 480 197 vestra:
497 177 551 198 non
577 169 750 197 dominamur
767 179 774 197 :
802 171 934 207 praedica-

1006 171 1150 207 υριεύομεν
1177 169 1254 206 ὑμῶν
1283 170 1333 206 τῆς
1360 170 1492 202 πίστεως·
1525 169 1698 207 κηρύττομει
1723 172 1785 208 γὰρ

141 225 201 244 mus
212 217 286 244 enim
297 216 389 244 Jesum
402 216 538 244 Christum
555 217 638 245 Deum
655 218 812 252 Dominum;
827 221 934 245 nosmet

140 267 233 290 autem
257 269 351 290 servos
367 267 472 290 vestros
494 268 605 298 propter
630 263 767 292 Christunt
785 273 792 292 :
811 265 935 299 adeoque

142 316 317 343 nequaquam
335 315 385 336 nos
409 309 456 336 sed
483 309 540 344 ipse
564 314 662 338 vestra:
680 311 743 338 ﬁdei
770 311 934 343 dominatur,

143 354 263 388 probans
278 359 324 382 aut
344 355 501 389 improbans
518 363 565 384 vos
580 359 727 384 Secundum
750 357 848 392 ipsam.
868 357 935 384 Pro-

143 405 237 434 pterea
257 401 357 429 locutio
387 401 442 435 illa,
461 411 471 427 ε
499 402 633 436 Quoniam
650 403 723 431 Deus
740 404 785 438 qui
813 404 880 430 dixit
904 404 937 430 de

146 447 267 475 tenebris
298 448 384 475 lucem
413 449 612 484 splendescere.
641 459 651 476 i
684 450 870 485 conjungenda
896 455 938 477 est

147 500 208 520 cunt
226 494 319 526 altera,
343 493 397 521 Nos
423 499 511 521 autem
529 503 623 523 omnes
643 496 761 523 revelata
788 497 857 524 facie
881 497 940 533 glo-

147 540 216 567 riam
239 540 343 568 Domini
363 542 544 576 speculamur.
559 542 578 569 E
591 543 709 570 tenebris
726 547 814 571 autem
832 543 941 578 eﬁ'ulget

146 587 192 614 lux
211 588 327 615 venienti
345 590 377 616 de
392 589 497 616 inscitia
510 590 543 617 ad
559 591 681 618 veritatis
697 591 871 626 agnitionem.
892 591 939 618 Di-

148 634 235 660 cimus
251 634 344 669 igitur,
373 642 404 661 ex
431 635 524 670 ignaro
541 641 568 663 et
584 635 728 670 insipiente
749 638 898 672 sapientem
914 641 942 664 et

147 681 285 707 eruditum
303 681 371 708 ﬁeri.
389 681 455 709 Cum
477 682 560 717 igitur
580 689 799 718 prmocmtpasset
816 684 942 711 homines

149 726 257 753 inscitia
285 733 312 753 et
338 727 510 762 improbitas,
533 735 592 763 qum
619 729 789 763 appellantur
812 729 941 761 tenebrae,

153 773 366 806 explendescere
385 773 449 801 fecit
463 774 533 801 Deus
545 776 570 802 in
582 775 708 803 cordibus
719 775 806 803 lumen
817 777 943 811 practieaa

153 819 332 854 theoricmque
349 821 468 852 virtutis,
489 825 517 848 ut
534 822 707 856 acquirerent
726 822 852 849 homines
869 823 941 849 noti-

154 867 217 893 tiam
233 867 324 901 gloria:
339 867 441 894 Christi
458 867 485 894 in
503 875 617 901 persona
635 868 878 904 ipsiuszgloriani,
899 869 941 895 in-

152 919 245 945 qunm,
263 911 306 938 vel
321 919 373 946 qua
393 911 473 939 ﬁdem
490 913 592 940 habent
618 920 680 948 erga
706 913 805 947 ipsum,
823 912 864 940 vel
886 912 943 948 glo-

156 958 225 983 tiam
242 965 294 991 qua
313 958 400 992 ipsum
418 958 596 992 glorilieatunt
613 959 794 994 agnoscimus.

152 1003 235 1031 Vsus.
250 1003 275 1030 7.
293 1003 426 1030 Habemus
444 1005 707 1073 augntltbltesaurum
729 1006 811 1033 istum
831 1006 858 1033 in
875 1005 943 1033 vatis

501 1046 554 1066 clm
575 1049 615 1067 us.

501 1046 615 1067 611110118-

188 1084 293 1112 Fictilia
324 1093 387 1113 vasa
416 1091 552 1121 nuncupat
571 1087 624 1114 vile
650 1087 755 1115 dicendi
784 1094 880 1123 genus,
917 1092 945 1115 et

127 1139 130 1142 λ
154 1132 305 1167 simplicem
321 1134 513 1161 elocutionem.
532 1133 599 1161 Nam
617 1135 638 1161 si
656 1134 793 1169 Evangelii
815 1135 945 1170 pradica-

156 1183 227 1205 ton-s
242 1180 391 1206 secundum
410 1180 555 1206 humanam
578 1180 774 1216 philosophiam
799 1181 942 1208 veritatem

156 1224 339 1257 IlUItli‘dSselll,
358 1225 476 1259 suspicio
494 1225 590 1252 fuisset
607 1233 671 1252 num
687 1225 806 1253 humano
831 1226 946 1253 artilicio

156 1269 244 1303 potius
259 1277 339 1304 quam
359 1270 458 1298 virtute
473 1269 520 1297 Dei
537 1271 674 1305 subjugati
690 1271 808 1298 fuissent
824 1272 946 1299 homines

156 1315 268 1342 salutari
280 1315 419 1343 doctrinae.
435 1316 490 1344 Sed
507 1324 569 1344 eum
583 1317 715 1345 illitterati
730 1317 871 1352 idiotmque
887 1317 945 1345 t‘ue-

157 1361 213 1388 rint
237 1361 366 1394 ministri,
393 1362 554 1390 excellentia
577 1363 688 1390 virtutis
715 1362 772 1396 Dei,
798 1363 946 1391 secundum

158 1407 277 1435 thesauri
294 1409 486 1443 scientiam,es
499 1408 555 1436 Deo
567 1413 594 1436 et
604 1417 656 1436 non
666 1408 699 1436 ex‘
711 1410 870 1438 mortalibus
882 1410 947 1436 viri-

157 1454 218 1487 bus,
228 1454 406 1490 reputabitur.
416 1455 637 1484 lluieconsonutu
646 1456 760 1483 estillud
771 1465 778 1482 :
789 1455 817 1483 Si
826 1461 852 1484 et
863 1456 947 1483 idiota

994 216 1098 252 Ἰησοῦν
1122 215 1239 252 Χριστὸν
1263 216 1328 243 Θεὸν
1353 215 1467 252 Κύριον,
1492 217 1607 248 ἑαυτοὺς
1626 216 1654 242 δὲ
1669 216 1783 249 δούλους

987 262 1064 298 ὑμῶν
1082 263 1126 290 διὰ
1142 262 1260 298 Χριστοῦ
1273 270 1279 277 '
1297 263 1368 289 ὥστε
1383 263 1431 298 οὐχ
1446 264 1537 298 ἡμεῖς,
1551 263 1608 289 ἀλλ’
1627 263 1708 295 αὑτὸς
1729 272 1782 290 κυ-

989 310 1074 346 ριεύει
1093 311 1142 346 τῆς
1168 311 1286 343 πίστεως
1312 311 1398 347 ὑμῶν,
1424 312 1655 348 ἀποδεχόμενοςῆ
1679 313 1782 348 κρίνων

987 356 1060 391 ὑμᾶς
1079 357 1139 383 κατ’
1155 357 1250 392 αὐτὴν.
1261 358 1332 393 Πρὸς
1347 357 1452 390 τούτοις
1470 358 1517 397 καὶ
1529 358 1570 391 τὸ,
1586 368 1595 384 ι
1612 359 1672 385 ’Ότι
1685 360 1698 385 ὁ
1713 359 1783 391 Θεὸς

987 404 1001 430 ὁ
1028 402 1112 429 εἰπὼν
1126 403 1158 430 ἐκ
1181 405 1292 436 σκότους
1312 404 1369 438 φῶς
1389 403 1512 439 λάμψαι,
1529 414 1538 430 ι
1555 406 1703 432 συναπτέον
1725 405 1781 440 τῷ.

995 450 1090 485 Ἡμεῖς
1112 451 1141 477 δὲ
1163 452 1263 484 πάντες
1285 451 1539 487 ἀνακεκαλυμμένῳ
1567 451 1706 487 προσώπῳ
1731 452 1784 487 τὴν

989 495 1068 529 δόξαν
1083 496 1186 532 Κυρίου
1209 497 1462 533 κατοπτριζόμεθα·
1483 498 1516 524 ἐκ
1536 498 1649 530 σκότους
1663 498 1692 525 δὲ
1713 498 1786 534 λάμ.-

991 552 1070 570 πεται
1101 544 1159 579 φῶς
1175 545 1214 580 τῷ
1232 545 1262 579 ἐξ
1288 546 1398 580 ἀγνοίας
1420 547 1460 578 εἰς
1484 547 1632 581 ἐπίγνωσιν
1653 548 1784 584 ἀληθείας

990 589 1140 625 ἐρχομένῳ.
1159 590 1282 626 Λέγομεν
1300 591 1364 626 γοῦν
1382 591 1411 624 ἐξ
1426 591 1586 626 ἀγνοοῦντος
1600 593 1647 619 καὶ
1668 593 1784 628 εὐήθους

991 635 1161 671 ἐπιστήμονα
1184 637 1231 664 καὶ
1254 637 1470 673 πεπαιδευμένον
1496 638 1628 672 γίνεσθαι.
1655 638 1710 674 Τῆς
1736 637 1786 666 οὖν

992 683 1256 718 προκαταλαὸούσης
1270 685 1334 716 τοὺς
1356 683 1517 720 ἀνθρώπους
1541 684 1652 718 ἀγνοίας
1670 686 1716 712 καὶ
1733 694 1786 712 κα-

993 729 1054 761 κίας
1075 729 1278 767 ὠνομασμένων
1294 731 1416 764 σκότους,
1435 731 1556 767 ἔλαμψεν
1572 733 1587 759 ὁ
1600 732 1666 764 Θεὸς
1681 733 1709 758 ἐν
1724 733 1786 764 ταῖς

993 775 1118 811 καρδίαις
1143 777 1283 811 φωτισμὸν
1306 778 1462 814 πρακτικῆς
1485 786 1515 804 τε
1547 778 1591 806 καὶ
1610 779 1787 814 διανοητικῆς

994 821 1109 857 ἀρετῆς·
1137 822 1170 848 ἵν’
1193 822 1275 857 ἔχωσι
1291 823 1409 859 θεωρίας
1435 824 1484 859 τῆς
1509 824 1586 860 δόξης
1609 822 1729 860 Χριστοῦ
1757 825 1788 850 ἐν

995 867 1134 904 προσώπῳ
1149 868 1246 895 αὑτοῦ·
1275 869 1353 902 δόξαν
1377 869 1416 901 δὲ,
1440 870 1500 905 ἦτοι
1518 870 1579 897 καθ’
1602 870 1634 905 ἦν
1657 869 1789 905 φρονοῦσι

994 914 1060 949 περὶ
1084 914 1179 946 αὐτοῦ,
1203 914 1220 950 ἦ
1245 915 1322 947 δόξαν
1343 915 1403 942 καθ’
1428 917 1460 952 ἢν
1487 915 1679 952 δεδοξασμένον
1704 916 1789 943 αὐτὸν

995 959 1085 993 τσμεν.

997 1005 1125 1039 Ἔχομεν
1136 1005 1170 1032 δὲ
1184 1005 1237 1033 τὸν
1253 1006 1408 1050 θησαιιρίξν
1425 1007 1530 1034 τοῦτον
1545 1007 1580 1034 ἐν
1598 1007 1791 1042 ὀστρακίνοις

1314 1050 1468 1069 σκευεσιν.

1039 1086 1202 1122 Ὀστρὰκινα
1222 1087 1295 1122 λέγει
1312 1087 1397 1123 σκεύη
1419 1088 1470 1119 τὰς
1489 1088 1608 1120 εὐτελεῖς
1632 1088 1718 1120 λέξεις
1742 1088 1792 1115 καὶΙ

995 1132 1026 1160 τὸ
1043 1134 1180 1160 ἄπλαστον
1194 1134 1244 1168 τῆς
1261 1134 1419 1170 ἑρμηνείας.
1444 1135 1475 1161 El
1493 1135 1547 1170 γὰρ
1563 1136 1587 1161 οἱ
1603 1136 1723 1171 κήρυκες
1740 1136 1791 1163 τοῦ

997 1176 1162 1210 Εὑαγγελίου
1180 1177 1251 1204 κατὰ
1263 1177 1438 1214 ἀνθρωπίνην
1452 1179 1610 1214 φιλοσοφίαν
1624 1180 1792 1216 ἐπρέσϐευον

997 1223 1046 1258 τῆς
1061 1223 1197 1258 ἀληθείας,
1220 1224 1384 1260 ὑπωπτεύθη
1396 1224 1429 1252 ἂν
1443 1225 1473 1257 ἐξ
1493 1225 1667 1265 ἀνθρωπίνης
1680 1226 1790 1261 τέχνης,

997 1267 1045 1294 καὶ
1059 1268 1096 1303 μὴ
1115 1269 1146 1294 ὲκ
1162 1269 1303 1304 δυνάμεως
1318 1270 1386 1296 Θεοῦ
1402 1270 1590 1306 κεκρατῆσθαι
1606 1272 1669 1303 τοὺς
1685 1271 1793 1306 ἀνθρὼ-

999 1322 1066 1346 πους
1081 1315 1114 1350 τῇ
1134 1315 1300 1351 σωτηριώδει
1318 1310 1478 1343 παιδεύσει·
1495 1317 1686 1352 ἀγραμμάτων
1702 1318 1729 1344 δὲ
1746 1317 1793 1344 καὶ

1001 1360 1112 1388 ἰδιωτῶν
1134 1361 1218 1388 ὅντων
1234 1361 1288 1389 τῶν
1306 1362 1533 1398 διακονουμένων,
1550 1364 1566 1398 ἡ
1585 1363 1722 1399 ὑπερῦολὴ
1742 1363 1793 1398 τῆς

1000 1406 1141 1442 δυνάμεως
1157 1408 1205 1434 τοῦ
1220 1408 1290 1435 κατὰ
1309 1408 1358 1444 τὴν
1378 1409 1480 1444 γνῶσιν
1497 1409 1634 1445 θησαυροῦ
1655 1410 1686 1436 ἐκ
1705 1409 1791 1442 Θεοῦ,

1001 1452 1046 1478 καὶ
1058 1452 1108 1479 οὐκ
1123 1453 1154 1479 ἐκ
1171 1451 1276 1489 θνητῶν
1297 1453 1518 1490 ὑποληφθήσεται
1540 1454 1607 1490 (27).
1618 1454 1711 1490 Τούτῳ
1727 1464 1792 1481 συν-

159 1508 296 1534 sermone,
311 1509 364 1529 non
378 1506 469 1528 autem
486 1502 659 1537 cognitione;
676 1507 704 1529 et
720 1501 785 1528 illud
801 1509 808 1527 :
828 1511 837 1527 (
851 1501 948 1529 Sermo

1006 1497 1058 1533 έιδει
1077 1499 1118 1532 τὸ,
1135 1499 1166 1525 Εί
1178 1500 1225 1526 καὶ
1242 1499 1349 1535 ἰδιώτης
1364 1499 1403 1535 τῷ
1416 1499 1497 1535 λόγῳ,
1516 1501 1572 1527 ἀλλ’
1587 1501 1616 1527 οὺ
1633 1501 1665 1536 τῇ
1679 1500 1792 1535 γνώσει·

159 1555 235 1574 meus
257 1552 284 1574 et
306 1548 461 1582 praedicatio
476 1555 536 1576 mea
556 1555 610 1574 non
623 1549 649 1574 in
666 1547 888 1583 persuasibilibus
904 1555 949 1575 sa-

159 1593 266 1627 pienti-.e
283 1594 372 1621 verbis
384 1593 417 1620 ".
437 1603 447 1620 ›
466 1593 588 1621 Habebat
605 1594 676 1620 enim
693 1594 847 1620 thesaurtnn
862 1593 950 1620 scien—

161 1639 215 1669 tirr,
241 1638 390 1665 secundum
418 1646 499 1673 quam
517 1645 569 1664 non
592 1642 651 1664 erat
667 1637 760 1670 idiota,
778 1637 804 1663 in
823 1635 950 1663 ﬁctilibus

158 1684 241 1716 vasis,
260 1688 393 1718 quatenus
405 1684 486 1711 idiota
503 1691 629 1711 sermone
645 1687 714 1710 erat.
732 1681 871 1718 [Nonnulli
887 1690 951 1710 vero

160 1731 237 1758 aiunt
261 1731 354 1759 ﬁctilia
382 1739 445 1759 vasa
464 1739 525 1759 esse
554 1731 611 1759 haec
635 1731 733 1766 quibus
757 1731 841 1758 induti
858 1738 952 1758 sumus

160 1785 286 1812 corpora,
307 1778 369 1805 dum
385 1778 411 1805 in
428 1776 602 1806 sensibilihus
615 1778 695 1805 rebus
716 1785 865 1805 versamur.
884 1777 953 1805 Seu-

161 1823 246 1851 tentia
260 1829 350 1851 autem
367 1828 409 1851 est
420 1832 426 1851 :
438 1822 572 1856 Quoniam
583 1823 672 1850 adhuc
685 1831 767 1851 carne
781 1823 951 1856 circumdati,

161 1877 220 1904 quae
237 1869 358 1897 veritatis
371 1869 591 1905 contemplationi
606 1869 698 1903 allicit,
718 1870 841 1897 notitiam
856 1869 954 1897 nihilo-

162 1916 253 1944 minus
281 1916 425 1944 Trinitatis
453 1916 671 1944 habemusrsed
700 1916 773 1943 enim
802 1916 954 1944 sublimitas

163 1963 356 1998 magnitudinis
369 1963 488 1990 scientia:
501 1963 580 1998 hujus
593 1970 644 1990 non
654 1970 685 1989 ex
698 1963 786 1994 nobis.
797 1962 845 1990 sed
861 1969 894 1989 ex
903 1961 952 1989 Dei

163 2009 265 2035 virtute
275 2007 371 2035 conﬁci
381 2007 459 2035 nobis
473 2005 666 2043 dignoscitur.]
678 2006 724 2034 Sic
733 2007 815 2034 etiam
825 2006 953 2042 Cyrillus.

165 2052 246 2081 Vsus.
262 2054 289 2081 8.
310 2053 344 2081 lu
361 2053 431 2080 omni
443 2061 470 2080 re
482 2052 676 2079 tribulationem
693 2051 830 2086 patimur,
843 2051 886 2078 sed
904 2060 956 2078 non

466 2088 660 2123 angttrtiamur.

201 2134 299 2169 Utique
322 2142 371 2169 pro
385 2134 618 2161 circumstantium
645 2132 778 2160 malorum
797 2132 955 2164 acerbitate,

1001 1544 1047 1570 καὶ
1061 1544 1100 1577 τὸ,
1126 1553 1135 1570 t
1157 1545 1186 1571 '0
1200 1545 1279 1579 λόγος
1295 1554 1346 1580 μου
1367 1545 1457 1572 καὶτὸ
1480 1546 1613 1582 κήρυγμά
1632 1555 1682 1581 μου
1699 1546 1750 1572 οὐκ
1763 1545 1795 1574 ὲν

1002 1590 1106 1622 πειθοῖς
1123 1590 1219 1626 σοφίας
1232 1591 1331 1626 λόγοις.
1351 1601 1359 1618 t
1373 1590 1452 1628 Εἶχεν
1466 1592 1520 1627 γὰρ
1532 1592 1578 1619 τὸν
1593 1591 1729 1628 θησαυρὸν
1744 1592 1795 1628 τῆς

1001 1635 1138 1670 γνώσεως,
1155 1637 1205 1663 οὐκ
1217 1637 1254 1664 ὢν
1271 1639 1330 1664 κατ’
1340 1637 1424 1674 αὐτὴν
1439 1638 1557 1674 ἰδιώτης,
1580 1639 1607 1665 ὲν
1623 1639 1794 1674 ὀστρακίνοις

1003 1682 1138 1715 σκεύεσιν,
1155 1682 1262 1718 ἰδιώτης
1275 1683 1311 1710 ὢν
1323 1683 1361 1719 τῷ
1374 1683 1455 1719 λόγῳ.
1468 1683 1539 1720 [Εἰσὶ
1550 1684 1578 1711 δὲ
1590 1684 1626 1720 οἱ]
1647 1685 1795 1720 ὀστράκινα

1003 1727 1088 1763 σκεύη
1113 1728 1237 1763 λέγοντες
1251 1729 1269 1756 ἃ.
1284 1729 1466 1765 περικείμεθα
1483 1729 1613 1765 σώματα,
1630 1731 1659 1758 ὲν
1681 1733 1736 1762 τοῖς
1752 1731 1792 1757 αἰ-

1004 1773 1112 1809 σθητοῖς
1125 1774 1211 1806 ὄντες,
1227 1775 1330 1811 διανοίᾳ
1350 1776 1475 1813 τοιαύτῃ·
1495 1777 1569 1803 Ἐπεὶ
1582 1776 1622 1804 ἔτι
1640 1777 1730 1812 σάρκα
1744 1785 1794 1803 πε-

1005 1820 1171 1855 ρικείμενοι,
1193 1821 1242 1856 τὴν
1266 1821 1465 1857 ἐμποδίζουσαν
1485 1824 1518 1858 τῇ
1542 1823 1643 1858 θεωρίᾳ
1658 1823 1707 1858 τῆς
1729 1822 1796 1858 ἀλη-

1005 1865 1090 1898 θείας,
1107 1866 1207 1900 γνῶσιν
1218 1866 1316 1902 ἔχομεν
1331 1867 1380 1903 τὴν
1396 1868 1459 1903 περὶ
1474 1868 1523 1903 τῆς
1535 1868 1660 1904 Τριὰδοςε
1678 1870 1694 1904 ἡ
1712 1869 1797 1904 ὑπερ-

1005 1912 1070 1948 ϐολὴ
1084 1913 1130 1939 τοῦ
1149 1913 1279 1949 μεγέθους
1291 1913 1341 1948 τῆς
1352 1913 1477 1948 γνώσεως
1489 1915 1539 1941 οὑκ
1552 1915 1581 1947 ἐξ
1592 1914 1678 1950 ἡμῶν,
1693 1915 1751 1941 ἀλλ’
1765 1915 1798 1941 ἐκ

1005 1956 1073 1983 Θεοῦ
1090 1957 1230 1992 δυνάμεως
1252 1957 1412 1993 ὑπάρχουσα
1432 1960 1498 1994 ἡμῖν
1515 1959 1699 1996 γνωρίζεται]
1712 1960 1798 1986 Τοῦτο

1006 2003 1053 2030 καὶ
1068 2003 1201 2039 Κύριλλος
1218 2003 1295 2039 (27').

1013 2051 1061 2077 Ἐν
1074 2050 1162 2077 παντί
1177 2052 1355 2086 θλιϐόμενοι,
1371 2052 1441 2079 ἀλλ’
1464 2053 1500 2080 οὺ
1512 2053 1796 2087 στενοχωρούμενοι.

1044 2129 1126 2156 Ὅσον
1160 2130 1207 2156 ἐπὶ
1235 2132 1268 2166 τῇ
1305 2131 1450 2167 πικρότητι
1479 2130 1532 2158 τῶν
1569 2131 1799 2167 περιεστηκότων,

164 2182 360 2217 desperandum
373 2181 442 2209 foret
455 2189 484 2208 ac
497 2181 662 2216 pereundum
676 2188 683 2213 ;
700 2180 746 2207 sed
765 2179 819 2207 Deo
834 2187 883 2206 nos
896 2186 946 2206 con

1010 2175 1205 2211 ἁπηυδὴσαμεν
1228 2176 1261 2203 ἂν
1278 2178 1325 2204 καὶ
1341 2177 1522 2213 ἀπωλόμεθα·
1547 2178 1609 2204 ὅσον
1633 2177 1661 2204 δὲ
1686 2178 1733 2203 ἐπὶ
1762 2177 1799 2212 τῷ

165 2229 280 2260 solante,
296 2228 386 2255 omnia
404 2227 481 2254 nobis
498 2227 531 2254 ad
544 2226 658 2254 salutent
675 2225 814 2261 proclivia.
829 2225 885 2252 Etsi
911 2225 959 2259 igi-

166 2280 209 2302 tur
227 2275 252 2302 iti
269 2275 340 2302 omni
357 2283 387 2302 re
402 2273 573 2305 tribulamur,
589 2272 675 2300 nostri
698 2277 786 2299 tamen
803 2271 886 2298 animi
903 2270 958 2298 for-

167 2318 281 2346 titudine
296 2319 328 2345 ad
344 2318 440 2345 incitas
452 2324 504 2344 nou
517 2316 676 2352 redigimur.
692 2315 726 2342 Et
742 2322 897 2350 quanquam
908 2322 957 2342 ceu

166 2365 240 2392 onmi
266 2372 316 2399 ope
333 2364 477 2392 destitutos
503 2363 625 2390 nonnulli
648 2369 697 2389 nos
717 2365 828 2397 putant,
845 2360 960 2394 ideoque

166 2415 368 2446 persequuntur
379 2415 406 2438 et
418 2409 560 2442 infestant.
573 2416 621 2436 nos
634 2413 722 2436 tamen
733 2407 843 2435 omnino
854 2406 957 2434 alacres

146 2445 220 2484 mon
241 2456 422 2491 trepidamus,
451 2463 501 2483 nec
526 2456 656 2491 perimus,
679 2461 729 2482 nec
748 2454 954 2488 prosternimur.

167 2503 234 2532 Nam
261 2504 322 2531 dum
349 2503 465 2538 improbi
491 2502 649 2530 subvertere
665 2509 713 2528 nos
734 2504 878 2531 conantur,
896 2507 959 2534 per-

168 2556 271 2579 stamus
289 2550 451 2583 immobiles,
469 2549 665 2578 insectantibus
676 2548 783 2575 fortiter
792 2546 957 2579 resistimus,

168 2598 258 2625 omnia
279 2599 356 2626 nobis
378 2598 412 2625 ad
429 2598 543 2626 salutent
560 2601 714 2632 suppetunt.
738 2596 883 2624 Sciendum
898 2599 957 2627 est,

169 2645 282 2672 verbum
304 2645 450 2680 angustiari
467 2645 548 2672 modo
560 2644 713 2680 signiﬁcare
729 2641 863 2673 tribulari,
880 2640 959 2668 modo

171 2690 254 2718 aliud.
271 2691 338 2718 Cum
351 2697 442 2720 autern
459 2696 604 2727 utrumque
616 2691 726 2719 verbum
739 2689 856 2724 ponitur,
875 2688 961 2715 tribuo

207 2745 231 2762 "
246 2747 253 2773 Ι
270 2746 332 2775 Cor.
362 2756 392 2781 ll,
417 2749 445 2776 4.

283 2795 348 2833 C_od.
365 2795 612 2833 ὑποληφθήσεσθαι.
939 2826 945 2833 ι

180 2863 188 2870 .
296 2830 393 2870 Exstat
408 2829 505 2870 revera
515 2831 558 2858 hic
569 2830 660 2866 Cyrilli
670 2834 783 2870 tracttis,
795 2834 873 2862 quem
885 2829 962 2870 uncis

179 2864 349 2898 inclusimus,
376 2866 403 2893 iu
417 2866 538 2894 editione
561 2864 653 2894 nostra
674 2864 766 2900 Cyrilli
784 2867 956 2891 commenti»

1008 2222 1211 2257 παρακαλοῦντι
1229 2222 1299 2258 Θεῷ,
1318 2224 1406 2250 πάντα
1421 2225 1487 2259 ἡμῖν
1506 2225 1574 2260 πρὸς
1594 2224 1731 2260 σωτηρίαν
1753 2224 1800 2250 εὑ-

1010 2268 1095 2304 μαρῆ.
1112 2268 1172 2296 Κᾶν
1189 2269 1218 2296 ὲν
1236 2269 1317 2296 παντὶ
1333 2268 1381 2297 οὖν
1401 2271 1546 2306 πράγματι
1561 2270 1726 2305 θλιὸώμεθα,
1739 2279 1800 2304 γενε

1008 2314 1164 2346 ναιάζοντες
1189 2315 1220 2341 οὐ
1249 2316 1505 2352 στενοχωρούμεθα·
1530 2316 1582 2343 κᾶν
1611 2317 1648 2348 ὡς
1679 2316 1802 2352 ἀπόρους

1008 2362 1082 2397 ἡμᾶς
1103 2370 1175 2394 τινες
1202 2362 1425 2398 ὑπολαμϐάνωσι,
1449 2362 1592 2395 διώκοντες
1615 2363 1663 2389 καὶ
1687 2363 1802 2397 ἀνατρέ-

1011 2417 1118 2441 ποντες,
1141 2409 1195 2436 ἀλλ’
1215 2407 1261 2436 οὖν
1278 2411 1357 2445 ἡμεῖς
1378 2410 1407 2436 ἐν
1431 2408 1533 2436 ἅπασιν
1551 2408 1731 2445 εὐποροῦντες
1751 2410 1802 2436 οὐκ

1011 2455 1227 2492 ὲξαπορούμεθα,
1239 2457 1289 2483 οὐκ
1311 2456 1498 2492 ἀπολλύμεθα,
1522 2456 1553 2483 οὐ
1565 2455 1801 2491 καταῦαλλόμεθα.

1017 2502 1236 2538 Ἀνατρεπόντων
1259 2502 1313 2538 γὰρ
1335 2502 1389 2530 τῶν
1406 2502 1544 2538 πονηρῶν,
1563 2502 1698 2537 στήκομεν
1724 2500 1802 2527 ἀκλύ-

1012 2556 1104 2584 νητοι·
1140 2549 1300 2584 διωκόμενοι
1332 2547 1544 2584 γενναιάζομεν,
1575 2548 1700 2583 πορίμων
1738 2547 1804 2583 ἡμῖν

1013 2596 1122 2623 πάντων
1139 2596 1224 2623 ὄντων
1245 2595 1313 2631 πρὸς
1335 2595 1481 2630 σωτηρίαν.
1503 2594 1610 2626 Ἰστέον,
1632 2594 1673 2620 ὅτι
1691 2593 1720 2619 τὸ
1744 2601 1803 2619 στε-

1013 2642 1190 2678 νοχωρεῖσθαι
1213 2642 1257 2669 ὁτὲ
1279 2641 1329 2677 μὲν
1348 2641 1445 2667 ταυτὸν
1467 2641 1524 2667 ἐστι
1542 2639 1691 2670 θλίὸεσθαι,
1710 2639 1755 2665 ὁτὲ
1775 2637 1805 2664 δὲ

1013 2687 1115 2723 ἕτερον.
1133 2689 1217 2715 Ὅταν
1232 2688 1286 2722 γὰρ
1306 2687 1448 2724 ἀμφότερα
1467 2686 1593 2721 λέγηται,
1609 2685 1684 2720 δηλοῖ
1701 2683 1731 2711 τὸ
1756 2683 1805 2719 μὲν

1018 2791 1120 2818 riorum
1136 2791 1169 2817 ad
1189 2791 1258 2817 hanc
1267 2786 1548 2824 Epistolmu.Cyrillus
1560 2786 1650 2821 itaque
1667 2784 1803 2821 antiquio-

1017 2834 1073 2854 rcm
1092 2834 1120 2855 se
1137 2826 1279 2860 Didymuin
1293 2828 1474 2859 expresserat.
