1913 3071
119 116 185 144 1701

557 118 769 150 FRAGMENTA
786 119 823 150 ῙΝ
841 120 951 152 ΕΡ18Τ.
971 122 993 151 li
1013 124 1057 152 AD
1076 123 1295 155 CORINTHIOS.

1674 132 1742 162 “13-2

121 171 257 199 θλίϐεσθαι
279 172 328 208 τὴν
354 172 453 206 ἔξωθεν
479 175 653 210 περίστασιν·
675 178 705 205 τὸ
726 181 900 216 στενοχωρεῖ-

956 181 1004 208 lari
1017 183 1125 217 quidem
1142 184 1276 220 signiﬁcat
1297 188 1436 213 externam
1450 187 1647 221 aggressionem
1661 197 1669 222 ;
1691 199 1742 217 an-

120 217 191 248 σθαι,
205 216 234 243 τὸ
247 216 371 250 ὀκλάζειν
385 219 418 253 τῇ
438 220 595 254 προαιρέσει
611 221 658 248 καὶ
675 222 805 257 λογισμῷ.
819 223 902 251 Ὅταν

119 261 146 288 δὲ
164 262 201 297 μὴ
227 262 369 298 ἀμφότερα
395 263 578 300 λαμϐάνηται,
602 267 634 293 ἐκ
659 267 832 303 παραλλήλου
854 269 902 305 δη-

119 306 193 333 λοῦσι
208 307 238 334 τὸ
257 308 331 334 αὐτό.

125 353 177 380 Ἀεὶ
192 353 247 388 γὰρ
266 354 351 389 ἡμεῖς
368 356 395 382 οἱ
415 355 583 393 {Graec-Veli;
601 357 732 393 θάνατον
749 360 905 393 παραδιδό-

367 392 442 424 μεθα
461 391 509 418 διὰ
529 392 655 426 Ἰησοῦν.

152 435 189 461 Τὸ
206 435 252 464 ἀεὶ
274 436 321 462 καὶ
338 436 464 464 πάντοτε
475 457 483 471 ,
500 438 614 473 κείμενα
634 438 663 465 ὲν
680 440 712 475 τῇ
736 440 903 476 προκειμένῃ

119 480 198 514 λέξει.
216 481 245 507 οὑ
264 481 293 507 τὸ
311 482 487 518 ἀτελεύτητον
508 484 554 510 καὶ
570 484 686 520 ἄναρχον
701 485 791 519 δηλοῖ,
813 485 903 518 καθὼς

119 526 233 561 λέγομεν
246 527 275 553 τὸ
291 527 383 560 ἀΐδιον,
396 527 463 555 ἀλλὰ
480 529 509 555 τὸ
523 529 660 557 ἄπαυστον
672 531 719 557 καὶ
733 531 901 558 ἀδιάστατον.

124 572 153 597 '0
169 573 222 607 γὰρ
236 573 285 608 τὴν
302 573 434 610 νέκρωσιν
449 574 494 600 τοῦ
513 575 599 611 Ἰησοῦ
619 576 656 612 μὴ
674 577 739 604 ποτὲ
759 577 818 613 μὲν,
839 578 903 605 ποτὲ

118 618 146 645 δὲ
171 617 212 651 οὒ,
238 620 392 655 περιφέρων
416 621 444 646 ὲν
468 620 506 656 τῷ
532 621 637 656 σώματι
665 622 764 655 αὑτοῦ,
788 623 903 651 πάντοτε

118 663 196 691 τοῦτο
217 667 303 692 ποιεῖν
327 666 400 701 ἐρεῖ·
419 666 486 692 ἀλλὰ
513 667 558 693 καὶ
574 668 588 693 ό
604 666 675 703 ζωὴν
695 668 742 694 καὶ
763 668 903 696 εὐσέϐειαν

118 711 165 737 καὶ
180 711 296 746 σπουδὴν
310 711 378 747 ἔχων
391 712 558 744 ἁδιαστάτως
572 713 754 747 ἀγωνίζεσθαι
769 714 840 750 ὑπὲρ
853 715 902 750 τῆς

118 756 245 791 ἀληθείας
258 757 338 790 λέξει,
362 758 398 789 ὼς
413 758 484 793 Ἀρα
506 759 586 793 ἡμεῖς
601 760 625 785 οἱ
642 759 752 792 ζῶντες,
768 760 812 787 τὸν
828 761 903 796 εἰρη-

120 801 198 835 μένον
221 802 330 837 τρόπον,
351 803 421 830 “ro-31'
447 803 519 830 ἔστιν
542 804 606 831 ἄνευ
629 804 840 841 διαλειμμάτων,
864 807 903 838 είς

118 846 233 873 θάνατον
259 847 472 883 παραδιδόμεθα.
488 849 535 880 Ei;
558 849 636 876 τοῦτο
658 850 730 887 λήψῃ
754 851 846 878 καὶτὸ
861 852 900 879 λε-

117 891 181 926 χοὲν
209 893 260 919 ὑπὸ
288 893 422 927 Στεφάνου
450 894 518 929 πρὸς
549 894 710 927 Ἰουδαίους·
737 905 746 921 ι
768 897 824 923 ’Λεὶ
846 897 900 933 γὰρ

117 937 196 972 ὑμεῖς
218 938 256 972 τῷ
283 938 353 973 ἁγίῳ
374 938 514 974 Πνεύματι
531 939 718 968 ἀντιπίπτετε.
736 950 744 966 ι
757 942 900 976 Συνέζευξε

116 983 171 1018 γὰρ
188 983 260 1018 αὑτῴ
279 984 318 1013 τὺ,
334 994 343 1009 ι
361 984 428 1011 Τίνα
448 984 503 1011 τῶν
514 985 662 1020 προφητῶν
676 986 724 1012 οὐκ
745 986 856 1019 ἐδίωξαν
875 988 901 1014 οἱ

117 1029 233 1064 πατέρες
257 1029 370 1064 ὑμῶνςι
390 1029 497 1066 Ταύτης
516 1031 564 1066 τῆς
584 1030 702 1063 διανοίας
723 1031 780 1058 ἐστὶ
795 1033 842 1059 καὶ
859 1033 900 1065 τὸ,

120 1083 128 1099 ι
144 1072 232 1100 Εἷπα·
251 1074 307 1101 Ἀεὶ
330 1075 483 1102 πλανῶνται
506 1077 539 1112 τῇ
559 1077 673 1113 καρδίᾳ·
689 1086 699 1103 ι
726 1077 798 1104 τοῦτ’
815 1078 899 1110 ἐστιν,

115 1120 146 1145 οὺ
172 1120 236 1146 ποτὲ
261 1120 320 1155 μὲν,
347 1121 410 1147 ποτὲ
440 1121 469 1147 δὲ
493 1121 535 1153 οὒ,
564 1121 622 1148 ἀλλ’
648 1123 827 1155 ἁδιαστάτως.
851 1124 900 1156 Τὸ,

119 1175 127 1190 ι
149 1164 305 1201 Ἐσιώπησα
324 1165 362 1198 δὲ,
384 1166 421 1201 μὴ
437 1166 483 1192 καί¹
504 1166 548 1194 ἀεὶ
562 1168 748 1203 σιωπήσομαι;
763 1178 772 1194 ι
791 1169 821 1195 τὸ
839 1169 901 1195 ἀτε-

116 1209 244 1245 λεύτητον
261 1211 307 1238 καὶ
320 1210 457 1238 ἄπαυστον
472 1211 555 1247 δηλοῖ.
569 1213 599 1239 Εἰ
616 1212 670 1249 γὰρ
687 1213 733 1240 καὶ
747 1213 804 1245 νῦν,
821 1214 898 1250 φησὶ,

117 1256 285 1292 μακροθυμῶ
305 1257 514 1292 ἁμαρτανόντων
536 1258 622 1294 ὑμῶν,
646 1259 702 1286 ἀλλ’
719 1257 765 1286 οὖν
786 1260 836 1286 οὐκ
860 1261 901 1292 εἰς

115 1301 145 1327 τὸ
164 1301 300 1328 ἄπαυστον
325 1301 400 1329 ἔσται
417 1302 564 1337 ὑπέρθεσις
586 1303 637 1338 τῆς
658 1304 806 1340 τιμωρίας·
832 1305 901 1340 μετὰ

113 1346 168 1383 γὰρ
184 1346 283 1382 πολλὴν
301 1347 500 1383 μακροθυμίαν,
517 1348 754 1384 τιμωρηθήσονται
771 1349 794 1375 οἱ
814 1349 900 1385 ἐμμέ-

115 1400 205 1424 νοντες
220 1393 253 1427 τῇ
268 1392 362 1428 κακίᾳ.

92 1432 94 1435 ’
192 1439 332 1473 Ἔχοντες
345 1438 378 1465 τὸ
395 1439 467 1466 αὐτὸ
483 1439 600 1474 πνεῦμα
615 1439 670 1473 τῆς
684 1439 822 1471 πίστεως.

148 1483 260 1518 Πνεῦμα
273 1484 359 1515 καλεῖ,
375 1485 451 1519 φησὶ,
467 1484 585 1515 πίστεως
598 1485 647 1519 τὴν
665 1483 831 1519 μετέχουσαν
844 1483 895 1518 τῆς

115 1530 232 1561 πίστεως
248 1529 280 1565 ἢν
292 1530 346 1565 ἔχει
360 1539 402 1561 τις
417 1529 524 1566 [gmw].

317 1575 348 1603 Ἠ
361 1575 492 1610 ἐπίγειος
509 1575 593 1610 ἡμῶν
607 1577 694 1603 οἰκία.

149 1620 201 1647 Δύο
233 1621 321 1653 οἰκίας
354 1620 500 1656 διαφόρους
533 1622 659 1658 σημαίνει
684 1623 700 1658 ἡ
733 1624 899 1660 προκειμένη

114 1667 223 1702 γραφή·
247 1666 310 1702 μίαν
339 1667 387 1702 μὲν
416 1667 537 1702 ἐπίγειον
561 1668 608 1694 καὶ
636 1670 837 1706 χειροποίητον,
855 1670 900 1697 τὸν

114 1711 274 1747 φαινόμενον
290 1710 359 1739 εἶναι
385 1713 486 1747 κόσμον
510 1714 568 1744 ταῖς
592 1713 640 1740 τοῦ
660 1714 727 1741 Θεοῦ
747 1716 838 1752 χερσὶν
861 1717 900 1749 είς

113 1758 144 1784 τὺ
177 1757 245 1785 εἶναι
285 1759 472 1795 παρηγμένον.
496 1760 607 1791 Δεικνὺς
634 1760 689 1796 γὰρ
717 1761 751 1788 τὰ
785 1763 900 1799 αἰσθητὰ

114 1804 213 1835 πάντα,
228 1805 323 1840 φησίν·
339 1814 347 1830 ‹
365 1805 398 1832 Ἡ
416 1805 474 1841 χείρ
492 1814 538 1832 σου
557 1806 668 1842 ἐποίησε
680 1807 765 1834 ταῦτα
783 1809 897 1836 πάντα.)

120 1849 200 1876 Ἀλλὰ
219 1849 276 1881 καὶ,
299 1859 308 1875 ι
323 1850 363 1876 Τὰ
378 1849 445 1886 ἔργα
467 1851 521 1877 τῶν
535 1851 633 1887 χειρῶν
656 1860 703 1878 σου
724 1854 794 1880 είσὶν
810 1856 834 1880 οἱ
855 1855 900 1881 οὐ-

114 1895 199 1929 ρανοὶ⁷
211 1903 220 1919 ι
238 1895 287 1929 τῆς
308 1896 391 1930 αὐτῆς
406 1897 462 1923 ἐστι
479 1897 597 1931 νοήσεως
608 1904 615 1912 ·
638 1897 726 1924 οἰκίαν
751 1898 778 1925 δὲ
794 1900 900 1935 ἀχειρο-

113 1941 225 1976 ποίητον
245 1939 326 1967 οὖσαν
354 1942 382 1967 ὲν
406 1942 462 1973 τοῖς
481 1943 622 1978 οὐρανοῖς,
649 1943 694 1969 τὸν
729 1944 830 1980 κόσμον
854 1946 899 1973 τὸν

112 1986 191 2014 ἄλλον
217 1987 291 2022 παρὰ
318 1987 421 2013 τοῦτον.
447 1987 522 2014 Ἑπεὶ
543 1986 587 2015 οὖν
625 1989 826 2026 καταλυομένου
849 1991 898 2018 τοῦ

113 2032 243 2068 ιιίσΘητοῦ
268 2032 381 2067 κόσμου,
397 2033 427 2059 οὑ
446 2033 565 2069 παράγει
588 2034 618 2060 τὸ
637 2035 729 2070 σχῆμα
752 2036 798 2062 τοῦ
817 2037 899 2073 οὐραέ

113 2078 159 2105 νοῦ
176 2078 223 2105 καὶ
237 2079 286 2114 τῆς
302 2079 365 2114 γῆς,
387 2079 628 2114 παρελευσομένων
641 2081 690 2107 οὐκ
708 2083 747 2113 εἰς
763 2082 793 2108 τό
808 2083 844 2118 μὴ
858 2083 897 2116 ὃν,

113 2126 136 2152 οἱ
155 2125 292 2161 ἄνθρωποι
307 2125 525 2161 καταστρέφουσι
538 2127 583 2153 τὸν
600 2127 748 2163 οίκήσαντα
768 2129 898 2165 πρότερον

114 2172 142 2198 ἐν
157 2173 190 2208 τῇ
205 2172 391 2207 καταλυομένη
409 2171 522 2207 ὲπιγείῳ
537 2172 619 2208 οἰκία,
635 2173 783 2205 διαδέξεται
802 2176 818 2211 ὴ
839 2175 899 2211 μέλ-

954 229 1065 263 gustiari
1090 237 1167 262 vero,
1188 231 1311 258 haesitare
1339 232 1437 260 mentis
1451 233 1656 262 deliberatione.
1673 235 1740 264 Cum

954 273 1068 308 denique
1084 282 1136 301 non
1153 275 1233 302 simul
1249 276 1327 303 ambo
1340 281 1485 310 ponuntur,
1501 281 1564 304 tunc
1575 278 1742 313 aequabiliter

955 319 1022 346 idem
1036 320 1198 355 signiﬁcant.

954 364 1035 393 Vens.
1052 366 1096 393 ΙΙ.
1113 367 1223 405 Semper
1233 369 1301 396 enim
1314 378 1359 397 nos
1370 391 1376 401 .
1392 371 1437 405 qui
1454 370 1577 404 vivimus,
1591 371 1618 398 in
1634 376 1741 399 mortem

1165 404 1295 430 tradimur
1307 410 1412 439 propter
1425 405 1527 433 letum.

990 447 1124 475 Vocabula
1138 448 1181 475 ἀεί
1194 453 1221 476 et
1237 449 1362 483 πὰντοτε,
1381 451 1407 477 in
1423 451 1590 484 praecedente
1606 454 1677 477 textu
1694 458 1741 485 po-

954 494 1023 526 sita,
1041 502 1093 521 non
1112 494 1266 529 signiﬁcant
1279 496 1337 523 sine
1358 496 1411 523 ﬁne
1425 500 1471 523 aut
1494 495 1635 530 principio,
1661 495 1741 523 sicuti

954 541 1148 574 sempiternum
1162 541 1291 573 dicimus,
1308 542 1355 569 sed
1374 541 1544 569 incessanter
1557 547 1585 570 et
1601 543 1742 570 continua-

955 587 1012 613 lim.
1024 586 1090 613 Nam
1102 587 1146 621 qui
1157 586 1219 614 Jesu
1233 588 1468 615 mortiﬁcationem
1481 596 1532 616 non
1546 589 1625 616 modo
1637 589 1740 624 utique,

954 633 1033 659 modo
1049 640 1138 665 secus,
1151 632 1177 659 in
1193 639 1307 668 corpore
1324 640 1372 660 suo
1388 632 1552 665 circumfert,
1570 640 1677 669 semper
1690 634 1742 662 hoc

953 684 982 704 se
998 676 1086 704 facere
1098 676 1249 704 aiiirmabit.
1267 678 1319 705 Sed
1335 683 1362 705 et
1375 679 1420 713 qui
1433 679 1515 705 vitam
1529 682 1556 705 et
1569 679 1695 714 pietatem
1709 686 1742 706 ac

953 722 1073 750 sedulum
1099 722 1214 750 cilicium
1239 724 1336 751 retinet
1350 729 1478 759 perpetuo
1493 732 1541 759 pro
1561 725 1673 752 veritate
1695 725 1742 752 de-

954 768 1084 802 certandi,
1111 769 1192 800 dicet,
1219 768 1322 796 Revera
1345 776 1394 797 nos
1416 770 1461 804 qui
1481 769 1596 797 vivimus
1615 769 1742 804 praedicto

955 815 1035 842 modo
1047 834 1055 848 ,
1068 814 1095 842 id
1108 820 1149 843 est
1159 816 1218 843 sine
1235 815 1496 848 intermissionibus,
1513 816 1540 843 in
1557 820 1671 844 mortem
1685 821 1741 843 tra—

922 858 942 885 Β
959 860 1058 888 dimur.
1074 860 1112 887 Ita
1130 861 1261 895 intelliges
1284 862 1365 888 etiam
1382 862 1481 889 dictum
1501 869 1516 888 a
1536 861 1672 895 Stephano
1694 862 1742 889 Ju-

955 907 1019 934 daeis
1036 916 1042 934 :
1061 917 1070 932 ι
1093 907 1205 941 Semper
1220 915 1266 935 vos
1282 907 1394 941 Spiritui
1418 913 1510 935 sancto
1531 908 1659 936 resistitis
1673 908 1708 934 ".
1728 917 1738 934 ι

961 952 1106 985 Subjunxit
1132 953 1214 985 enim,
1243 962 1252 978 ι
1269 953 1354 986 Quem
1374 953 1562 988 prophetarum
1590 961 1643 980 non
1677 957 1741 981 sunt

956 998 1089 1032 persecuti
1105 1002 1195 1032 patres
1211 998 1309 1025 vestri?
1329 1007 1338 1024 ν
1356 998 1454 1025 Eadem
1476 998 1607 1026 sententia
1623 1002 1664 1025 est
1678 1006 1740 1025 ver-

955 1043 1050 1071 borum
1068 1052 1075 1071 :
1095 1053 1104 1070 ι
1124 1044 1182 1071 Dixi
1198 1043 1246 1072 :Hi
1266 1051 1372 1079 semper
1388 1049 1482 1072 errant
1495 1045 1575 1072 corile
1588 1045 1622 1076 ⁵³,
1634 1054 1642 1070 ι
1662 1045 1687 1072 id
1700 1047 1743 1072 est

955 1097 1007 1116 non
1031 1090 1110 1117 modo
1134 1089 1243 1124 utique,
1266 1090 1346 1117 modo
1365 1096 1457 1123 secus,
1475 1090 1521 1117 sed
1537 1089 1672 1117 continuo.
1689 1087 1742 1116 Lo-

955 1134 1025 1161 cutio
1046 1139 1143 1166 autem,
1160 1143 1169 1160 ι
1187 1134 1286 1167 Tacui,
1303 1143 1365 1161 num
1385 1142 1491 1169 semper
1504 1136 1597 1162 tacebo
1610 1135 1651 1161 “?
1667 1144 1676 1160 ι
1694 1135 1742 1161 in—

955 1179 1058 1206 ﬁnitum
1079 1184 1105 1207 et
1120 1180 1279 1208 incessabile
1304 1182 1425 1208 denotat.
1439 1179 1507 1207 Nam
1530 1180 1581 1208 etsi
1601 1188 1685 1214 nunc,
1700 1180 1742 1207 in-

953 1227 1022 1259 quit,
1038 1233 1097 1253 sum
1111 1226 1273 1260 longanimis
1288 1227 1462 1261 peccantibus
1476 1227 1561 1259 vobis,
1578 1235 1631 1253 non
1648 1231 1739 1253 tamen

954 1270 1057 1298 inﬁnita
1071 1271 1122 1298 erit
1138 1271 1231 1298 dilatio
1249 1278 1356 1306 ptnnae:
1373 1279 1434 1298 nam
1451 1276 1510 1305 post
1524 1271 1633 1298 multam
1649 1271 1743 1307 longa-

953 1316 1115 1349 nimitatem,
1127 1317 1271 1350 punientur
1279 1317 1324 1352 qui
1339 1317 1366 1344 in
1381 1317 1483 1344 malitia
1498 1322 1684 1352 perseverant.

1024 1446 1106 1476 Vens.
1127 1448 1170 1475 15.
1189 1447 1320 1475 Habentes
1336 1449 1453 1475 eumdem
1466 1450 1587 1484 spiritum
1596 1451 1669 1485 ﬁdei.

990 1491 1119 1526 Spiritum
1139 1497 1275 1527 nuncupat
1292 1493 1372 1528 ﬁdei,
1392 1494 1464 1521 illam
1486 1502 1566 1529 quam
1586 1496 1647 1531 quis
1661 1497 1742 1525 habet

915 1532 935 1561 C
954 1537 1111 1573 participem
1126 1537 1185 1565 ﬁdei
1201 1537 1319 1574 [vitam].

1030 1583 1109 1612 CAP.
1122 1585 1156 1616 ν,
1174 1592 1251 1611 vent.
1268 1585 1293 1612 l.
1311 1584 1452 1613 Terrestris
1463 1591 1551 1614 nostra
1565 1587 1670 1616 domus.

990 1630 1061 1658 Duas
1084 1631 1203 1658 diversas
1230 1631 1324 1658 domos
1350 1631 1484 1667 signiﬁcat
1506 1633 1562 1660 haec
1589 1633 1740 1668 scriptura;

954 1685 1033 1705 unam
1056 1677 1163 1712 quidem
1188 1682 1344 1705 terreslrem
1370 1682 1396 1705 et
1419 1677 1619 1712 manufactam,
1645 1686 1742 1714 nempe

954 1723 1025 1750 hunc
1040 1723 1228 1758 aspectabilem
1249 1723 1393 1756 mundum,
1412 1723 1458 1751 Dei
1478 1724 1603 1752 manibus
1616 1725 1648 1751 ad
1668 1724 1740 1752 exsi-

953 1770 1079 1798 stentiam
1101 1770 1280 1804 productum:
1298 1777 1413 1803 namque
1436 1770 1579 1797 ostendens
1602 1770 1741 1798 sensibilia

954 1817 1044 1844 omnia
1058 1816 1122 1843 dicit
1136 1815 1277 1842 Psalmista
1294 1823 1301 1842 :
1325 1824 1334 1840 ι
1355 1815 1449 1842 Manus
1465 1820 1508 1842 tua
1523 1815 1584 1842 fecit
1602 1816 1658 1843 inec
1677 1816 1709 1843 ".
1728 1826 1737 1843 Ι

954 1862 1006 1890 Sed
1018 1866 1045 1889 et
1063 1861 1144 1889 illud:
1163 1871 1172 1888 ι
1184 1860 1271 1895 Opera
1286 1868 1411 1888 manuum
1426 1866 1530 1888 tuarum
1543 1867 1604 1889 sunt
1618 1862 1677 1889 coeli
1689 1861 1737 1895 ",n

953 1908 1074 1935 eamdem
1088 1907 1248 1934 sententiam
1264 1907 1392 1934 continet.
1409 1907 1521 1934 Domum
1534 1915 1599 1934 vero
1613 1915 1664 1934 non
1683 1915 1740 1934 ma-

954 1953 1088 1980 nufactam
1103 1960 1162 1988 qua:
1178 1953 1203 1980 in
1228 1953 1304 1980 caelis
1320 1957 1372 1984 est,
1389 1955 1517 1980 mundum
1530 1961 1589 1981 esse
1613 1953 1740 1988 intelligi-

953 2005 1013 2025 mus
1033 1999 1066 2025 ab
1085 1999 1136 2026 hoc
1148 2003 1240 2026 nostro
1267 1999 1410 2026 diversum.
1427 1998 1558 2032 Quoniam
1571 1999 1660 2033 itaque
1674 2007 1739 2026 sen-

953 2043 1025 2070 sibili
1038 2043 1089 2071 hoc
1107 2043 1236 2070 dissoluto
1250 2044 1364 2076 mundo,
1385 2050 1438 2070 non
1457 2048 1544 2070 tamen
1562 2044 1658 2071 transit
1678 2043 1738 2072 coeli

953 2092 1085 2123 terraeque
1098 2088 1180 2122 ﬁgura
1192 2108 1199 2121 ,
1214 2092 1341 2123 tauquam
1358 2089 1391 2116 ad
1412 2096 1466 2117 non
1485 2089 1667 2116 exsisteudum
1682 2094 1739 2116 tra-

952 2135 1047 2168 ducta;
1062 2135 1198 2162 demutant
1223 2135 1344 2163 homines
1358 2135 1431 2162 illum
1442 2155 1450 2167 ,
1465 2136 1510 2170 qui
1527 2135 1663 2162 habitator
1683 2136 1739 2162 dis-

953 2181 1047 2208 solutae
1062 2186 1154 2216 postea
1169 2181 1265 2208 domus
1281 2181 1380 2212 fuerat,
1391 2189 1506 2215 eumque
1520 2181 1609 2207 futura
1622 2180 1738 2215 excipiet

113 2217 195 2243 λουσα
215 2218 262 2244 καὶ¹
275 2218 392 2250 αἰώνιος.
405 2215 487 2244 Εἶπεν
505 2217 548 2244 δέ·
570 2228 578 2244 ι
592 2219 685 2248 Οἰκίαν
708 2209 899 2256 ἕχομνγάχει-

955 2231 977 2253 et
991 2231 1101 2254 aeterna.
1113 2226 1183 2253 Dixit
1198 2231 1297 2257 autem,
1312 2234 1321 2251 ι
1341 2226 1452 2252 Domum
1465 2225 1594 2252 habemus
1609 2232 1661 2251 non
1682 2231 1737 2250 ma-

115 2262 255 2298 ροποίητον
282 2263 389 2290 αἰώνιον
407 2264 434 2290 ἐν
459 2265 513 2296 τοῖς
529 2264 654 2299 οὐρανοῖς
666 2274 672 2280 ·
696 2275 705 2291 ι
719 2266 826 2299 δεικνὺς
857 2267 898 2294 ὅτι

113 2308 286 2340 ἀπεντεῦθεν⁷
312 2309 412 2344 μᾶλλον
433 2310 461 2336 δὲ
478 2310 510 2336 ὲκ
525 2310 622 2337 πολλοῦ
644 2312 819 2347 εὐτρέπισται
842 2315 897 2346 τοῖς

112 2353 198 2387 ἀξίοις
213 2353 260 2381 τοῦ
279 2355 370 2390 τυχεῖν
384 2355 477 2390 αὐτῆς.
497 2356 606 2392 ’Δμέλει
627 2357 691 2391 γοῦν
712 2358 761 2390 τὰς
780 2360 809 2385 ἐν
828 2359 896 2395 αὐτῇ

112 2399 290 2434 ἐπαγγελίας,
310 2400 344 2432 ἃς
364 2401 501 2436 ὀφθαλμὸς
521 2402 570 2429 οὐκ
592 2400 669 2436 εἶδεν,
689 2403 748 2430 οὐδὲ
769 2404 835 2440 ἄλλη
855 2405 897 2432 αἵ-

114 2445 209 2480 σθησις
235 2446 251 2482 ἦ
282 2447 374 2483 νόησις
403 2448 581 2484 κατείληφεν,
601 2450 818 2485 προητοιμάσθαι
843 2451 897 2478 ὑπὸ

113 2491 160 2518 τοῦ
180 2491 245 2519 Θεοῦ
267 2494 322 2525 τοῖς
340 2494 420 2520 αὐτὸν
442 2494 584 2528 ἀγαπῶσιν
596 2490 716 2530 εἴρηται.
737 2497 793 2522 Καὶ
812 2497 825 2523 ὁ
841 2497 897 2524 Σω-

112 2537 165 2572 τήρ
176 2546 258 2573 φησι·
278 2548 287 2564 ι
302 2539 531 2576 κληρονομήσατε
545 2541 595 2576 τὴν
611 2541 749 2576 βασιλείαν
763 2542 812 2577 τὴν
827 2544 896 2579 ἡτοι-

115 2583 255 2619 μασμένην
274 2584 337 2620 ὑμῖν
360 2585 414 2621 πρὸ
435 2587 588 2622 καταϐολῆς
604 2588 717 2624 κόσμου.
733 2597 742 2614 ι
768 2588 841 2625 Αὕτη
867 2590 895 2616 δὲ

113 2628 130 2663 ἡ
145 2628 269 2664 λεχθεῖσα
284 2630 400 2667 αἰσθητὴ
413 2632 479 2668 μονὴ
495 2633 562 2668 (28),
575 2633 647 2660 οἰκία
663 2634 770 2670 εἴρηται
785 2635 814 2661 οὑ
830 2635 895 2662 καθ-

113 2673 188 2708 άπαξ
210 2676 298 2711 ἡμῶν,
312 2677 369 2704 ἀλλ’
386 2678 403 2713 ἡ
420 2678 465 2705 τοῦ
480 2679 594 2715 σκήνους
606 2680 682 2716 ἡμῶν
693 2689 700 2695 ·
717 2681 734 2716 ἡ
749 2680 803 2717 γὰρ
817 2681 894 2709 ἐπου-

952 2270 1086 2298 uul‘aetam
1109 2276 1237 2299 aeternam
1251 2272 1277 2298 in
1293 2271 1380 2303 cmlis,
1400 2281 1409 2297 ι
1426 2274 1454 2298 ut
1477 2271 1643 2298 demonstret
1666 2269 1737 2304 quod

951 2317 1047 2344 abhinc
1059 2317 1104 2344 diu
1117 2316 1172 2350 jam
1190 2321 1282 2351 parata
1296 2321 1337 2344 est
1353 2317 1441 2351 dignis
1454 2324 1513 2344 eam
1531 2315 1648 2350 assequi.
1666 2315 1737 2342 Sane

951 2367 977 2390 et
992 2362 1131 2396 promissa:
1143 2363 1168 2389 in
1185 2362 1228 2389 illa
1241 2370 1292 2395 res,
1306 2370 1372 2397 quas
1387 2361 1480 2389 oculus
1493 2369 1546 2388 non
1557 2361 1633 2394 vidit,
1650 2367 1737 2394 neque

951 2407 1019 2434 alius
1048 2408 1158 2442 quilibet
1187 2405 1286 2435 sensus‘
1304 2407 1489 2435 intellectusve
1512 2405 1736 2439 comprehendit,

951 2458 1108 2488 prteparatze
1121 2461 1134 2480 a
1156 2453 1211 2481 Deo
1224 2454 1397 2489 diligentibus
1416 2453 1490 2480 illum
1511 2452 1637 2479 dicuntur
1651 2451 1684 2478 ³³.
1702 2450 1736 2477 Et

950 2499 1071 2526 Salvator
1081 2499 1133 2526 ait:
1146 2509 1156 2525 ι
1170 2499 1308 2526 Possidete
1325 2507 1436 2534 regnum
1452 2502 1574 2533 paratum
1589 2497 1665 2525 vobis
1678 2496 1735 2531 jam

956 2544 1017 2571 inde
1031 2552 1045 2571 a
1062 2545 1151 2572 mundi
1166 2546 1356 2573 constitutione
1371 2546 1404 2572 ε’.
1422 2554 1431 2570 ι
1449 2545 1512 2571 Hmc
1526 2547 1614 2571 autem
1634 2542 1673 2569 sic
1688 2549 1735 2575 ap-

949 2589 1046 2624 pellata
1059 2591 1194 2618 sensibilis
1206 2592 1322 2623 mansio,
1337 2591 1406 2618 haud
1419 2591 1514 2617 domus
1528 2593 1619 2616 nostra
1631 2587 1734 2621 simpli-

949 2636 1016 2664 citer
1037 2637 1147 2670 dicitur,
1173 2638 1220 2665 sed
1243 2637 1406 2665 tabernaculi
1433 2635 1540 2663 nostri:
1557 2641 1619 2661 nam
1640 2640 1735 2666 reapse

948 2682 1042 2711 domus
1068 2683 1198 2717 caelestis,
1215 2683 1400 2719 principaliter
1420 2686 1512 2710 nostra
1534 2679 1671 2713 habitatio
1681 2683 1735 2706 est.

144 2742 177 2785 "ﬁ
188 2743 249 2785 Act;
263 2751 312 2785 vn,
328 2744 373 2785 5i,
392 2745 437 2772 52.
449 2745 497 2785 __"
518 2745 587 2775 Psal.
605 2754 676 2782 κίειν,
697 2747 742 2776 10.
778 2748 864 2777 "15a.
882 2756 905 2778 ιι

966 2749 1009 2778 Η.
1048 2750 1069 2768 ⁸⁷
1084 2751 1153 2781 Psal.
1170 2758 1251 2785 cvm,
1267 2751 1312 2778 ‘27.
1350 2750 1372 2767 “
1384 2748 1454 2778 Psal.
1471 2758 1508 2783 ct,
1521 2748 1567 2778 26.
1583 2743 1657 2784 ί⁸⁶⁷ἰ
1670 2747 1735 2777 Cor.

113 2784 146 2810 ll,
162 2778 188 2806 9.
227 2778 249 2795 ‘°
262 2778 356 2807 Matth.
371 2788 435 2815 xxv,
449 2780 493 2808 5i.

148 2834 204 2871 (28)
223 2836 289 2865 Cod.
303 2837 380 2873 μόνη.
