1913 3071
155 115 225 143 1703

795 112 914 140 DIDYMI
934 92 1172 140 ALEXQiNomNt

1723 111 1793 140 170$

154 172 210 199 Etsi
238 170 310 198 enim
328 170 353 198 in
379 175 470 198 nostra
497 171 696 199 resurrectione
719 172 846 200 reddetur
865 181 944 201 suum

1005 173 1090 205 nemo;
1108 172 1187 208 ἡμῶν
1207 171 1421 208 προηγουμένως
1443 171 1548 207 οἴκησίς
1563 171 1646 198 ἐστιν.
1661 172 1720 199 Κᾶν
1737 173 1794 209 γὰρ

155 217 252 246 anian
272 218 496 248 tabernaculum.
524 222 549 244 ut
575 223 602 244 et
626 219 714 252 ipsum
740 219 777 246 sit
801 220 827 247 iu
843 220 947 248 eteleeti

153 264 252 296 domo;
275 268 393 290 attamen
424 263 467 290 ille
492 264 623 290 ineolatus
645 264 830 299 principaliter
851 266 948 293 animae

153 310 258 336 mansio
283 313 336 342 est;
358 317 406 343 per
423 310 549 336 arcideus
574 318 637 337 vero
659 311 740 337 etiam
755 311 813 346 ejus
825 319 878 346 quo
895 312 948 339 eir-

153 357 296 382 eunnlatur
308 356 484 383 tabernaculi.
498 356 679 389 Quamobrem
695 358 832 385 terrestris
848 357 949 393 prima-

153 402 191 427 ria
209 402 312 428 ratione
326 402 422 429 domus
443 407 482 428 est
507 402 687 436 tabernaculi;
709 403 869 431 secundaria
891 411 941 430 au-

153 452 218 480 tem,
238 448 320 483 ipsius
334 456 439 482 quoque
455 449 552 475 animae
571 457 630 483 quae
646 449 673 476 in
688 457 801 483 corpore
816 456 866 477 est.
882 450 947 486 Legi

153 492 264 526 alicubi,
277 493 386 520 domum
402 493 509 527 quidem
527 498 684 521 terrestrem
699 495 863 521 tabernaculi
875 495 926 522 dici
938 515 946 526 ,

153 539 335 572 compositum
364 545 414 565 hoc
448 546 479 565 ex
508 539 615 566 ossibus
632 539 813 573 carnibusque
836 547 945 575 corpus.

153 584 219 610 Cum
236 591 301 619 ergo
313 584 526 617 tabernaculum,
543 584 567 610 id
580 590 622 612 est
634 585 738 612 visibile
753 590 778 611 et
789 586 945 620 organicum

153 636 260 663 corpus,
276 630 310 655 sit
328 629 354 655 in
370 629 421 655 hac
436 629 524 660 domo,
546 629 629 663 figura
648 629 787 657 interioris
814 630 945 662 hominis;

154 675 199 707 qui
215 675 255 700 sie
269 674 483 709 interpretantur
495 674 581 706 aiunt,
596 675 712 701 resoluta
727 675 777 702 hac
790 675 874 702 crassi
891 683 948 702 cor-

153 721 230 753 poris
249 720 328 746 domo
343 740 349 751 ,
376 719 494 746 transire
512 720 629 745 animam
657 719 683 746 in
702 720 840 747 caelestem
859 721 948 755 regio-

154 770 228 794 nem,
241 770 299 796 quin
314 762 464 796 appellatur
481 762 576 788 domus
591 770 642 789 non
659 763 815 790 ntanul‘acta
834 769 945 791 mret-na.

152 807 335 842 Recuperabit
351 813 441 834 tamen
461 808 551 834 anima
571 808 641 842 quod
657 808 821 844 deposuerat
836 818 945 845 corpus,

153 853 318 888 factumjani
335 853 445 882 caeleste
459 874 465 887 ,
484 854 555 889 quod
572 855 753 882 habitaculum
769 856 802 884 de
813 857 882 885 ccelo
897 865 946 892 ap-
962 848 984 875 Β

153 899 279 933 pellatur.

153 943 237 971 Vens.
253 945 280 971 2.
299 944 368 971 Nam
385 951 407 972 et
425 947 450 973 in
468 946 516 973 hoc
533 947 736 981 ingemisrimus,
754 949 940 977 habitationem

207 986 322 1006 nostram
333 989 391 1015 quw
405 981 436 1008 de
449 982 510 1008 ctelo
523 988 560 1009 est
574 984 728 1016 superindui
744 986 885 1019 cupientes.

189 1025 302 1053 Etiamsi
331 1027 449 1054 resoluta
474 1028 643 1056 tabernaculi
668 1031 825 1064 supradicta
855 1032 946 1064 domo,

154 1077 202 1097 nos
219 1070 394 1099 tabernaculo
415 1072 465 1100 hoc
487 1073 657 1106 circumdati,
681 1082 742 1102 eum
760 1082 792 1102 eo
814 1076 839 1102 in
862 1076 948 1103 coele—

153 1120 221 1142 stem
236 1116 344 1144 (tornum
366 1118 503 1145 transituri
526 1119 621 1153 simus,
643 1120 816 1148 nihilominus
836 1121 888 1149 hoc
906 1129 948 1149 re-

154 1166 230 1189 tento
259 1163 403 1198 gemimus,
434 1165 589 1199 superiudui
622 1166 761 1200 cupientes
785 1166 948 1201 habitaculo,

153 1209 224 1242 quod
238 1213 278 1235 est
294 1209 326 1235 de
345 1210 427 1242 cmlo;
448 1211 474 1237 id
495 1215 546 1243 est,
568 1211 689 1245 deposito
709 1212 755 1240 illo
767 1220 781 1239 a
797 1213 873 1240 nobis
887 1221 948 1240 cor-

153 1260 230 1287 pore,
246 1254 317 1287 quod
338 1255 370 1281 de
387 1255 457 1281 coelo
476 1256 620 1290 aliquando
633 1257 759 1289 exsistet,
779 1265 839 1284 cum
858 1258 948 1286 incor-

153 1299 278 1332 ruptione
291 1306 317 1327 et
327 1301 530 1328 immortalitate
544 1302 680 1329 iuduetur.
691 1302 744 1330 Sed
761 1304 886 1337 quamvis
900 1304 951 1330 hoe

155 1345 341 1373 habitaculum
360 1351 495 1380 optamus,
516 1347 617 1374 videsis
636 1355 669 1374 an
685 1349 730 1383 qui
753 1349 797 1376 illo
818 1349 950 1381 induitur,

154 1398 264 1426 prorsus
274 1392 306 1418 ab
315 1399 348 1419 eo
362 1397 532 1428 contegatur.
543 1392 598 1420 Hoc
608 1394 679 1420 enim
696 1394 848 1428 signiﬁcant
858 1395 950 1427 verba,

157 1446 167 1463 ι
185 1437 324 1473 Siquidem
338 1438 439 1470 vestiti,
462 1446 514 1465 non
535 1440 610 1471 nudi,
631 1439 809 1468 inveniemur.
830 1450 839 1467 ι
860 1441 952 1469 Nudus

154 1488 245 1511 autent
263 1491 316 1511 non
341 1485 477 1512 invenitur
489 1486 534 1519 qui
551 1485 596 1512 illo
620 1486 730 1513 indutus
750 1487 809 1519 fuit,
829 1487 851 1514 si
876 1492 950 1515 certe

155 1530 242 1557 lidelis
254 1536 420 1566 sanctusque
436 1530 527 1564 fuerit,
543 1539 639 1567 nempe
654 1532 676 1559 si
691 1537 754 1560 ante
769 1533 834 1560 illud
853 1533 947 1560 indue—
964 1534 985 1562 C

154 1577 250 1604 ritsibi
267 1577 409 1604 Dominum
433 1577 536 1611 Jesum,
558 1583 586 1605 et
611 1586 687 1605 arma
705 1578 783 1610 lucis,
805 1583 833 1606 et
845 1579 947 1606 visi:era

155 1623 360 1650 miserit-order.
373 1623 495 1658 Namque
507 1623 624 1651 inﬁdelis
636 1629 664 1651 et
678 1624 828 1659 improbus,
842 1625 949 1651 etiami

155 1669 275 1703 spiritale
290 1675 390 1702 corpus
409 1669 593 1702 nanciscatur,
616 1669 688 1703 quod
702 1670 735 1696 de
754 1669 824 1696 ccelo
841 1670 948 1696 habita-

155 1715 245 1742 culum
272 1713 433 1748 appellatur,
462 1714 550 1741 nudus
579 1714 756 1741 nihilominus
786 1715 948 1748 invenietur,

155 1759 218 1793 quia
233 1765 342 1793 operam
359 1765 413 1785 non
433 1758 507 1785 dedit
523 1763 552 1785 ut
570 1752 709 1786 interioris
726 1760 843 1787 houtinis
867 1761 949 1787 vesti-

155 1809 246 1832 menta
263 1805 383 1832 haberet.
399 1804 446 1832 His
461 1804 496 1831 ita
510 1812 539 1832 se
553 1805 724 1838 habentibus,
741 1814 789 1834 nos
805 1807 852 1841 qui
868 1807 893 1834 in
909 1812 950 1833 ta-

155 1851 303 1879 bernaculo
320 1859 423 1884 sumus,
437 1852 540 1886 gravati
563 1853 717 1886 gemimus;
732 1853 795 1888 quia
811 1857 949 1880 terrenum

157 1897 360 1925 tabernaculum
373 1903 500 1932 aggravat
511 1903 628 1925 mentem
639 1899 731 1926 multis
741 1900 814 1928 euris
824 1899 947 1935 plenam:

156 1943 204 1970 sed
223 1943 294 1970 enitn
311 1950 466 1977 tptauquam
482 1950 515 1970 eo
530 1942 654 1970 habendo
670 1951 825 1977 gravantur,
843 1951 894 1970 non
910 1948 951 1969 ta-

156 1995 218 2016 men
233 1987 350 2022 abjicere
368 1992 502 2022 optamus,
531 1988 577 2014 sed
593 1988 667 2014 indui
689 1988 779 2023 potius
795 1988 950 2015 habitacula

157 2035 228 2069 quod
246 2034 280 2061 de
297 2034 367 2062 caelo
393 2039 449 2062 est:
468 2043 476 2060 ι
499 2038 528 2061 ut
544 2034 723 2062 absorbeatur
742 2034 813 2069 quod
837 2034 950 2062 mortale

157 2091 199 2113 est
215 2093 229 2112 a
249 2085 312 2112 vita.
336 2094 345 2112 ι
362 2083 420 2112 Non
442 2084 514 2111 enim
531 2084 651 2111 destruet
674 2083 727 2110 vita
747 2082 950 2110 tabernaculum

159 2137 283 2158 nostrum
309 2139 371 2158 cum
394 2130 562 2158 iuduerimus
585 2128 827 2161 immortalitatem,
853 2129 900 2156 sed
923 2128 949 2156 id

157 2177 328 2209 absorbebit,
355 2181 488 2211 quatenus
515 2175 632 2203 validior
657 2175 705 2203 ﬁet
731 2175 790 2210 ejus
815 2174 948 2210 qualitas,

158 2232 238 2259 quam
251 2224 310 2259 ejus
326 2224 351 2250 in
367 2230 419 2258 quo
432 2229 526 2250 sumus
544 2221 684 2250 mortales.

187 2279 268 2307 Vens.
285 2279 328 2306 12.
345 2278 404 2306 Sive
419 2280 487 2305 enim
500 2282 586 2305 mente
602 2277 764 2310 excedimus,
779 2275 851 2309 Deo;
868 2277 922 2304 sive

403 2315 483 2341 sobrii
498 2322 600 2346 sumus,
617 2313 700 2340 vobis.

195 2360 234 2388 Illi
251 2367 340 2389 autem
366 2362 399 2388 de
424 2361 466 2388 his
489 2364 670 2394 roarguantur
686 2366 701 2385 a
719 2358 811 2392 vobis;
833 2358 952 2393 loqultur

159 2408 287 2435 nimirum
310 2408 342 2434 de
361 2407 604 2441 pseudoapostolis.
620 2405 675 2432 Nos
687 2412 752 2432 vero
768 2404 851 2432 vestri
868 2411 950 2431 causa

159 2453 216 2483 haec
227 2453 340 2487 agimus.
354 2454 418 2480 Sive
429 2452 501 2479 enim
515 2457 592 2479 extra
604 2452 736 2478 humanas
750 2457 794 2478 res
807 2450 949 2477 constituti

161 2501 194 2528 ad
219 2500 300 2526 Deum
320 2504 409 2526 mente
427 2498 600 2529 excedemus,
617 2496 794 2523 nihilominus
809 2496 886 2523 vobis
906 2503 951 2523 so~

161 2547 212 2575 brii
232 2553 345 2577 sumus;
361 2544 424 2578 quia
439 2543 556 2570 exstasis
574 2550 627 2569 non
643 2541 777 2568 insaniam
792 2542 838 2569 sed
851 2541 953 2569 sobrie-

162 2597 245 2619 tatem
264 2591 355 2618 habet.
374 2589 468 2624 Neque
487 2588 680 2616 attendeudum
699 2591 741 2614 est
755 2586 891 2623 Phrygum
909 2594 954 2614 as-

160 2639 240 2666 sectis
258 2637 411 2665 dicentibus
438 2634 575 2670 apostolos
598 2638 679 2669 atque
700 2634 846 2669 prophetas
863 2638 953 2660 mente

160 2684 198 2712 ita
219 2684 382 2716 excessisse,
398 2688 427 2710 ut
439 2683 595 2710 delirarent.
612 2681 718 2709 Etenim
730 2681 794 2715 quid
808 2680 953 2715 loqueren-

163 2735 207 2757 tur
220 2736 248 2758 et
258 2735 380 2765 agerent,
395 2730 421 2758 bi
434 2729 556 2766 apprime
569 2727 734 2756 sentiebant.
745 2727 849 2755 Fucum
863 2731 953 2754 autem

199 2822 255 2857 (Q9)
268 2823 307 2850 En
321 2823 432 2855 evidens
448 2823 642 2855 testimonium,
657 2826 750 2849 contra
770 2820 950 2857 recentiorum

161 2856 312 2893 temperum
325 2857 445 2892 Graecos,
460 2859 492 2887 de
503 2860 636 2894 justorum
653 2858 794 2886 animabus
812 2858 838 2885 in
853 2856 959 2907 etelum‘

999 219 1029 252 ὲξ
1046 219 1219 251 ἀναστάσεως
1244 218 1362 253 ἀποδοθῇ
1386 218 1417 243 τὸ
1441 218 1540 252 σκῆνος
1564 218 1613 253 τῆς
1637 218 1738 254 ψυχῆς,
1755 218 1793 251 ὡς

1000 263 1069 292 εἶναι
1093 266 1141 292 καὶ
1166 265 1233 292 αὐτὸ
1258 266 1287 291 ἐν
1311 266 1343 300 τῇ
1367 264 1522 300 ἐπουρανίῳ
1550 264 1639 300 οἰκίᾳ,
1665 265 1721 291 ἀλλ’
1745 264 1791 292 οὖν

1000 313 1215 349 προηγουμένως
1238 313 1288 347 τῆς
1305 312 1395 348 ψυχῆς
1418 313 1434 348 ὴ
1456 311 1582 348 διατριϐὴ
1612 312 1698 348 αὕτη,
1721 315 1791 342 κατὰ

999 359 1174 396 συμϐεϐηκὸς
1195 359 1224 386 δὲ
1248 359 1296 386 καὶ
1315 357 1346 386 οὗ
1368 359 1522 395 περίκειται
1541 359 1735 395 σκηνώματος·
1754 361 1792 393 ὡς

998 403 1033 433 αὖ
1059 406 1180 440 ἐπίγειος
1202 405 1274 432 κατὰ
1294 405 1426 441 πρότερον
1453 404 1531 438 λόγον
1556 405 1629 432 οἰκία
1650 407 1723 433 ἐστὶν
1743 407 1791 434 τοῦ

1000 453 1127 489 σκήνους·
1143 453 1277 489 δευτέρως
1295 450 1336 484 δὲ,
1357 452 1469 487 καὶτῆς
1492 451 1582 487 ψυχῆς
1604 451 1688 488 οὔσης
1704 454 1732 481 ἐν
1753 453 1791 488 τῷ

1000 499 1117 534 σώματι.
1141 498 1273 533 Ἀνὲγνων
1289 507 1352 532 που,
1366 498 1456 524 οίκίαν
1472 497 1522 533 μὲν
1539 498 1661 532 ἐπίγειον
1675 500 1790 534 σκήνους

997 544 1124 580 λέγεσθαι
1141 545 1173 571 τὸ
1191 545 1221 577 ἐξ
1241 544 1328 571 ὀστῶν
1344 544 1390 584 καὶ
1410 544 1518 580 σαρκῶν
1539 545 1718 581 συγκείμενον
1741 547 1792 572 σῶ-

1000 601 1047 626 μα.
1070 592 1172 627 Σκῆνος
1189 591 1217 618 δὲ
1234 591 1264 618 δν
1279 590 1306 618 ἐν
1334 593 1367 627 τῇ
1383 591 1458 626 οἰκίᾳ
1469 591 1565 627 ταύτῃ,
1579 591 1610 617 τὺ
1630 593 1722 627 σχῆμα
1744 593 1791 619 τοῦ

999 638 1052 665 ἔσω
1075 637 1236 674 ἀνθρώπου,
1260 638 1274 664 ὅ
1300 638 1374 664 ἐστιν
1403 637 1543 672 αὐγοειδὲς
1572 638 1620 665 καὶ
1648 639 1793 674 ὀργανικὸν

999 685 1089 721 σῶμα,
1104 686 1128 711 οἱ
1153 683 1239 716 οὕτως
1259 683 1555 720 ἑρμηνεύοντεςφασὶν
1578 682 1634 718 οὖν,
1650 685 1793 712 Καταλυο-

1000 731 1085 766 μένης
1100 731 1203 766 ταύτης
1218 731 1268 766 τῆς
1287 731 1376 762 οἰκίας
1395 730 1442 757 τοῦ
1457 731 1558 766 παχέος
1577 730 1712 766 σώματος,
1729 740 1794 767 μετ-

998 776 1130 809 οικίζεται
1148 778 1164 812 ὴ
1184 776 1257 812 ψυχὴ
1275 776 1322 803 ἐπὶ
1344 776 1389 803 τὸν
1406 777 1531 812 οὐράνιον
1552 776 1640 812 χῶρον
1657 777 1724 811 (29),
1742 786 1793 804 κα-

998 822 1044 849 λού
1049 831 1128 858 μενον
1141 822 1230 849 οίκίαν
1247 823 1457 858 ἀχειροποίητον
1468 823 1588 851 αἰώνιον.
1609 824 1794 860 Ἀπολήψεται

997 869 1026 895 δὲ
1044 869 1089 895 καὶ
1104 869 1117 895 ὃ
1131 868 1247 895 ἀπέθετο
1262 868 1341 904 σῶμα
1362 869 1489 904 οὐράνιον
1510 872 1704 905 γεγενημένον,
1723 871 1793 907 ὅπερ

996 914 1153 949 οἰκητήριον
1167 913 1196 946 ἐξ
1210 913 1327 949 οὐρανοῦ
1342 913 1517 950 ὀνομάζεται.

998 959 1119 996 Holy-rip
1128 958 1163 996 ἐν
1172 959 1265 996 τούτῳ
1277 959 1466 996 οντενᾴζομεν,
1483 960 1515 987 τὸ
1529 961 1702 995 οἰκητήριον
1710 961 1794 996 ἡμῶν

1033 994 1067 1021 τὸ
1087 995 1121 1026 ἐξ
1135 994 1264 1028 οὐρανοῦ
1281 994 1508 1022 ἐπενδύσασθαι
1520 994 1747 1030 ἐπιποθοῦντεξ.

1034 1041 1065 1066 Εἰ
1083 1041 1129 1066 καὶ
1144 1039 1344 1076 καταλυθείσης
1354 1040 1403 1076 τῆς
1420 1041 1625 1077 προειρημένης
1642 1042 1730 1075 οἰκίας
1746 1043 1793 1070 τοῦ

1001 1086 1125 1122 σκήνους,
1144 1085 1328 1122 περικείμεθα
1349 1086 1379 1112 τὸ
1400 1088 1509 1123 σκῆνος,
1531 1088 1559 1114 ὲν
1572 1087 1645 1123 αύτῷ
1661 1088 1794 1123 μεταϐαί⁴

999 1140 1090 1164 νοντες
1115 1133 1155 1164 εἰς
1179 1133 1229 1168 τὴν
1259 1132 1385 1168 οὐράνιον
1409 1131 1509 1166 οἰκίαν,
1527 1132 1585 1160 ἀλλ’
1608 1131 1654 1160 οὖν
1672 1135 1701 1161 ὲν
1719 1134 1794 1170 αὐτῷ

1000 1179 1179 1214 τυγχάνοντες
1193 1179 1372 1214 στενάζομεν,
1384 1179 1585 1207 ἐπενδύσασθαι
1601 1180 1752 1213 ποθοῦντες
1764 1181 1795 1208 τὸ

1001 1224 1030 1257 ἐξ
1046 1223 1161 1260 ούρανοῦ
1185 1225 1342 1260 οἰκητήριον
1355 1233 1361 1240 ·
1377 1224 1457 1252 τοῦτο
1471 1226 1500 1252 δέ
1523 1227 1596 1253 ἐστιν
1607 1227 1621 1254 ὃ
1636 1227 1794 1263 ἀπεθέμεθα

1002 1269 1082 1305 σῶμα
1111 1270 1139 1303 ἐξ
1169 1269 1286 1305 ούρανοῦ
1312 1276 1376 1296 ποτε
1405 1270 1575 1306 χρηματίξον
1591 1291 1598 1304 ,
1625 1271 1664 1299 ὅτ’
1686 1272 1719 1299 ἂν
1745 1272 1795 1308 τὴν

1001 1316 1155 1351 egestum
1181 1315 1227 1342 καὶ
1256 1316 1405 1342 ἀθανασίαν
1431 1316 1584 1353 ἐνδύσηται.
1615 1317 1684 1344 Ἀλλ’
1700 1319 1723 1344 εξ
1747 1318 1794 1346 καὶ

1002 1361 1188 1396 ἑπιποθοῦμεν
1202 1361 1282 1388 τοῦτο
1297 1362 1327 1388 τὸ
1341 1363 1511 1398 οἰκητήριον,
1527 1363 1623 1390 σκόπει
1639 1364 1663 1390 εἰ
1684 1365 1698 1390 δ
1718 1363 1794 1391 ἐνδυ-

1003 1408 1118 1442 σάμενος
1132 1407 1198 1434 αὐτὸ
1212 1407 1321 1440 πάντως
1342 1409 1509 1441 σκεπάζεται
1523 1409 1591 1445 πρὸς
1601 1409 1694 1436 αὐτοῦ.
1709 1409 1795 1436 Τοῦτο

1003 1454 1056 1490 γὰρ
1074 1453 1201 1490 δηλοῦται
1222 1455 1254 1481 ὲκ
1278 1453 1336 1487 τοῦ⁷
1354 1463 1363 1480 ‹
1387 1455 1420 1481 Εἴ
1433 1463 1465 1490 γε
1492 1455 1539 1482 καὶ
1556 1455 1742 1491 ἐνδυσάμενοι,
1763 1455 1795 1482 οὗ

1003 1502 1113 1535 γυμνοὶ,
1131 1501 1354 1537 εὑρεθησόμεθα·
1381 1511 1390 1527 ι
1408 1501 1438 1527 οὐ
1466 1501 1570 1537 γυμνὸς
1586 1501 1614 1528 δὲ
1637 1501 1796 1537 εὑρίσκεται

1003 1546 1182 1581 ἐνδυσάμενος
1211 1547 1288 1580 αὐτὸ,
1308 1548 1322 1573 ὁ
1345 1547 1440 1579 πιστὸς
1468 1547 1515 1574 καὶ
1541 1548 1616 1582 ἅγιος
1635 1549 1688 1582 πρὸ
1712 1547 1796 1574 αὑτοῦ

1002 1592 1097 1619 τούτου
1109 1593 1289 1628 ἐνδυσάμενος
1315 1593 1361 1620 τὸν
1387 1593 1488 1630 Κύριον
1510 1593 1624 1630 Ἰησοῦν,
1652 1593 1699 1620 καὶ
1725 1593 1797 1620 ὅπλα

1004 1639 1102 1673 φωτὸς,
1115 1640 1162 1666 καὶ
1179 1639 1321 1674 σπλάγχνα
1337 1639 1489 1676 οἰκτιρμοῦ.
1508 1640 1537 1666 Ὀ
1549 1639 1604 1676 γὰρ
1622 1639 1736 1672 ἄπιστος
1749 1639 1798 1667 καὶ

1004 1683 1114 1718 φαῦλος.
1135 1685 1186 1711 κᾶν
1204 1684 1272 1720 τύχῃ
1296 1684 1343 1711 τοῦ
1361 1685 1546 1721 πνευματικοῦ
1567 1685 1703 1721 σώματος,
1719 1685 1733 1712 δ
1747 1694 1798 1712 κα-

1003 1729 1089 1755 λεῖται
1113 1728 1141 1761 ἐξ
1155 1728 1270 1764 ούρανοῦ
1294 1729 1462 1765 οἰκητήριον,
1480 1729 1583 1765 γυμνὸς
1605 1729 1796 1764 εὑρεθήσεται,

1003 1774 1032 1800 οὐ
1048 1774 1200 1804 σπουδάσας
1220 1774 1292 1809 ἔχειν
1305 1774 1339 1801 τὰ
1351 1774 1398 1801 τοῦ
1419 1774 1473 1801 ἔσω
1490 1773 1634 1810 ἀνθρώπου
1647 1772 1796 1809 ἐνδύματα.

1004 1819 1112 1846 Τούτων
1138 1819 1209 1846 οὕτω
1228 1820 1427 1855 τυγχανόντων,
1452 1821 1477 1846 οἱ
1494 1820 1522 1846 ὲν
1543 1819 1583 1855 τῷ
1601 1820 1695 1854 σκήνει
1719 1819 1797 1851 evre;

1003 1865 1094 1900 ἡμεῖς,
1123 1864 1286 1900 στενάζομεν
1313 1865 1496 1901 βαρούμενοι*
1518 1865 1634 1900 ἐπείπερ
1652 1864 1739 1900 βρίθει
1766 1864 1798 1891 τὸ

1003 1910 1106 1945 γεῶδες
1135 1911 1233 1946 σκῆνος
1261 1911 1324 1937 νοῖν
1349 1911 1558 1946 πολυῳρόντιδα.
1587 1911 1681 1946 Ὅμως
1700 1911 1723 1936 εἱ
1750 1911 1799 1937 καὶ

1005 1955 1161 1991 βαρούμεθα.
1186 1957 1218 1983 ὲκ
1242 1956 1288 1983 τοῦ
1316 1957 1387 1992 ἔχειν
1405 1956 1481 1988 αὐτὸ,
1505 1957 1554 1983 οὐκ
1570 1955 1716 1983 ἀποϐαλεῖν
1732 1956 1799 1984 αὐτὸ

1007 2001 1154 2037 ποθοῦμεν,
1170 2002 1227 2028 ἀλλ’
1239 2002 1399 2029 ἐνδύσασθαι
1411 2002 1441 2029 τδ
1454 2002 1484 2034 ἐξ
1496 2002 1611 2038 ούρανοῦ
1627 2003 1797 2038 οἰκητήριον,

1007 2057 1016 2073 ι
1035 2048 1078 2074 ἵνα
1092 2048 1215 2084 κρατηθῇ
1234 2048 1388 2075 καταποθὲν
1400 2048 1429 2075 τὺ
1445 2048 1541 2083 θνητὸν
1556 2048 1608 2074 ὑπὸ
1621 2049 1670 2083 τῆς
1682 2048 1765 2082 ζωῆς.
1786 2058 1795 2074 ν

1004 2093 1041 2120 Ού
1055 2093 1109 2129 γὰρ
1125 2093 1281 2128 ἐξαφανίζει
1309 2095 1325 2129 ἡ
1351 2094 1408 2129 ζωὴ
1431 2094 1462 2120 τὸ
1487 2093 1586 2129 σκῆνος
1611 2093 1689 2128 ἡμῶν
1713 2093 1799 2120 ὅτ’ἃν

1004 2138 1216 2174 ὲπενδυσώμεθα
1230 2140 1279 2174 τὴν
1301 2140 1460 2172 ἀθανασίαν,
1479 2140 1546 2167 ἀλλὰ
1566 2140 1709 2169 καταπίνει
1719 2140 1797 2171 αὐτὸ,

1004 2186 1235 2221 ὲπικρατεστέρας
1265 2186 1412 2221 γινομένης
1428 2186 1478 2221 τῆς
1500 2186 1529 2220 ἐξ
1553 2187 1638 2222 αύτῆς
1654 2186 1800 2221 ποιότητος

1004 2230 1052 2257 τοῦ
1069 2230 1128 2257 καθ’
1142 2231 1156 2257 ὃ
1167 2231 1259 2266 θνητοί
1274 2233 1368 2266 ἐσμεν.

1003 2275 1072 2302 Εἴτε
1092 2276 1147 2310 γὰρ
1171 2275 1349 2312 ἐξέστημεν,
1368 2276 1452 2321 βξῷ·
1479 2278 1540 2305 alte
1560 2278 1798 2312 σωφρονοῦμεν,

1359 2321 1441 2347 υμιν,

1045 2359 1158 2385 Ἐκεῖνοι
1172 2358 1221 2394 μὲν
1236 2358 1283 2384 ἐπὶ
1298 2358 1403 2390 τούτοις
1414 2359 1619 2394 ὲλεγχέσθωσαν
1633 2358 1798 2394 παρ’ὗμῶψ

1003 2405 1077 2440 λέγει
1091 2405 1119 2431 δὲ
1141 2405 1272 2441 περὶτῶν
1287 2405 1523 2440 ψευδαποττόλων.
1543 2406 1638 2440 Ἡμεῖς
1663 2405 1690 2432 δὲ
1719 2404 1800 2440 ὑμῶν

1004 2452 1084 2488 χάριν
1111 2452 1158 2478 καὶ
1177 2452 1210 2477 δι’
1225 2452 1296 2487 ὑμᾶς
1315 2451 1402 2488 ταῦτα
1420 2451 1586 2487 πράττομεν.
1609 2451 1668 2478 Κᾶν
1691 2459 1721 2477 τε
1742 2450 1801 2487 γὰρ

1005 2498 1058 2531 ἔξω
1074 2497 1127 2524 τῶν
1155 2497 1331 2533 ἀνθρωπίνων
1345 2497 1485 2533 γενόμενοι
1499 2497 1537 2533 τῷ
1557 2496 1617 2532 θεῷ
1639 2497 1796 2532 ὲκστῶμεν,

1006 2543 1062 2571 ἀλλ’
1076 2542 1123 2570 οὖν
1141 2543 1332 2580 σωφρονοῦμεν
1347 2544 1421 2579 ὑμῖν,
1437 2544 1487 2579 τῆς
1502 2543 1576 2574 θείας
1591 2543 1746 2575 ἐκστάσεως
1763 2543 1799 2570 οὗ

1007 2590 1117 2626 μανίαν,
1132 2590 1202 2617 ἀλλὰ
1218 2589 1401 2625 νηφαλιότητα
1425 2588 1550 2624 ἐχούσης.
1573 2590 1610 2616 Οὐ
1631 2589 1802 2625 προσεκτέον

1007 2637 1060 2673 γὰρ
1073 2638 1129 2668 τοῖς
1148 2637 1202 2663 ἀπὸ
1216 2636 1271 2663 τῶν
1285 2635 1398 2673 Φρυγῶν
1414 2635 1470 2670 (50)
1485 2635 1595 2670 λέγουσι
1606 2636 1669 2667 τοὺς
1680 2635 1802 2662 ἀποστό-

1005 2683 1068 2716 λους
1090 2684 1137 2710 καὶ
1164 2684 1306 2720 προφήτας
1334 2682 1503 2716 ἐξίστασθαι,
1530 2681 1601 2709 ὥστε
1629 2683 1805 2718 παραπαίειν

1009 2729 1241 2765 (παρηκολούθουν
1259 2729 1312 2765 γὰρ
1327 2725 1367 2761 οἷς
1379 2728 1470 2762 ἔλεγον
1487 2727 1533 2755 καὶ
1548 2727 1693 2764 ἔπραττον,
1710 2728 1735 2754 εἰ
1751 2727 1804 2757 καί

1005 2817 1200 2847 transferendis
1210 2825 1261 2845 non
1271 2819 1425 2851 exspectata
1437 2822 1578 2849 corporum
1587 2823 1646 2844 resu
1651 2814 1799 2845 rrectionc.

1042 2854 1098 2891 (50)
1117 2854 1185 2883 Dicit
1197 2853 1385 2889 Cataphrygas
1400 2859 1448 2881 seu
1464 2851 1653 2881 Montanistas.
