1913 3071
122 136 193 167 1705

565 138 778 167 FRAGMENTA
800 139 832 166 IN
852 137 963 166 EPIST.
985 138 1007 165 ll
1026 138 1072 166 AD
1090 138 1311 167 CORINTIIIOS.

1685 139 1755 168 1706

122 207 192 230 τινες
205 197 290 233 ἄλλοι)
299 207 305 213 ·
321 198 502 233 ἠπατήθησαν
517 198 544 224 δὲ
557 199 581 224 οἱ
593 197 692 232 ἠλίθιοι
703 199 735 224 ὲκ
748 198 798 233 τῆς
810 198 916 233 ὁμωνυ-

979 198 1011 225 iis
1029 199 1220 234 insipientihus
1233 199 1298 226 l‘ccit
1313 198 1495 234 homonymia.
1514 198 1579 226 Nam
1595 199 1756 227 vocabulum

123 244 197 278 μίας.
214 244 251 270 Οὐ
265 244 318 278 γὰρ
339 244 419 278 μόνον
433 243 464 269 τὺ
475 244 643 279 παραπαίειν
665 244 712 270 καὶ
725 243 914 278 παρακόπτειν

122 290 248 325 σημαίνει
263 291 279 325 ἠ
297 289 407 323 ἐξέστη
435 290 522 325 φωνὴ.
539 290 607 316 ἀλλὰ
621 290 666 316 καὶ
683 290 713 316 τὸ
738 289 914 324 ἐκπλαγῆναι

121 336 166 362 ἐπὶ
197 335 362 371 θαυμασμῷ.
384 336 462 363 Οὕτω
485 335 540 371 γὰρ
556 336 652 371 ἐξέστη
678 335 772 362 Ἰσαὰκ
786 335 914 362 ἔκστασιν

123 381 253 416 μεγάλην.
274 382 327 408 Καὶ
342 381 520 418 ὲκστήσονταί
536 390 607 413 τινες
629 381 675 407 ἐπὶ
699 381 738 417 τῷ
757 381 853 416 Κυρίῳ
868 381 914 408 καὶ

121 427 166 452 ἐπὶ
191 428 247 459 τοῖς
274 427 388 461 ἀγαθοῖς
401 426 496 458 αὐτοῦ,
510 427 581 453 κατὰ
601 426 647 453 τδν
664 427 818 462 προφήτην.
835 427 867 453 Ει
886 426 915 452 δὲ

122 472 168 498 καὶ
184 472 251 499 ἄλλα
262 472 324 499 τινὰ
338 472 466 508 δηλοῦται
481 472 533 499 ὑπὸ
546 472 596 506 τῆς
613 472 706 507 φωνῆς
719 492 726 504 ,
751 472 890 507 ὲπιστήτω
901 473 916 498 ὁ

121 519 292 553 ἐντυγχάνων
307 519 367 550 ταῖς
380 519 512 553 Γραφαῖς.

189 564 220 591 Ἠ
235 563 288 598 γὰρ
303 563 404 599 ἀγάπη
415 563 468 590 τοῦ
484 563 612 597 Χριστοῦ
628 562 750 598 συνέχει
762 562 850 597 ἡμᾶς.

163 609 315 644 Ἐξηγεῖται
327 609 357 635 τὸ
366 606 435 640 εἶδος
447 605 481 644 ἧς
494 609 624 644 ὑπομένει
638 609 803 640 ἐκστάσεως,
814 609 913 644 φήσας·

122 654 295 689 Συνεχὺμεθα
306 654 361 688 (51)
380 653 432 680 ὑπὸ
446 653 497 688 τῆς
511 653 611 689 πολλῆς
622 655 662 685 εἰς
679 654 753 688 ἡμᾶς
765 653 915 688 γενομένης

121 699 231 734 ἀγάπης
250 699 333 725 Θεοῦ·
363 699 432 734 μετὰ
456 698 504 725 τοῦ
529 698 689 733 θαυμάζειν,
710 699 914 734 δοκιμάζοντες,

121 745 161 770 ὅτι
179 745 203 770 εὶ
217 742 256 775 εἷς
282 744 351 780 ὑπὲρ
375 745 484 771 πάντων
503 744 517 770 ὁ
531 744 648 780 Χριστὸς
664 744 808 778 ἀπέθανεν,
822 745 876 780 ἄρα
890 745 915 770 oi

122 789 221 821 πάντες
237 789 389 816 ἀπέθανον·
404 790 454 816 οὐκ
468 790 501 816 ἂν
517 789 570 825 γὰρ
585 790 655 825 ὑπὲρ
668 790 778 817 πάντων
793 790 915 825 ἀπέθνη-

122 843 196 863 σκεν.
220 836 244 862 εἰ
272 835 309 871 μὴ
338 836 439 867 πάντες
456 835 600 862 ὑπεύθυνοι
628 833 699 872 ἦμεν
726 835 852 863 θανάτου.
882 835 914 862 Et

966 244 1088 277 exslasis,
1116 252 1169 271 non
1191 244 1314 271 delirium
1337 245 1521 272 tantummodo
1543 250 1589 272 aut
1611 245 1757 280 deliquium

966 289 1111 323 signiﬁcat,
1135 298 1229 317 verum
1248 290 1329 317 etiam
1348 294 1484 324 stuporem
1509 298 1542 318 ex
1565 291 1756 318 admiratione.

966 335 1012 362 Sic
1025 336 1097 363 enim
1117 340 1144 363 et
1161 336 1235 363 Isaac
1249 336 1342 369 grandi
1363 337 1464 363 exstasi
1485 340 1576 364 mente
1596 337 1711 364 excessit
1724 337 1757 363 ".

965 381 1000 408 Et
1021 381 1140 408 nonnulli
1163 382 1290 409 exstasim
1312 382 1485 416 experientur
1502 382 1528 409 in
1556 383 1668 409 Domino
1686 387 1713 409 et
1732 383 1758 409 in

966 427 1044 454 bonis
1058 427 1127 461 eius,
1143 432 1171 454 ttt
1185 428 1223 454 ait
1238 428 1368 463 propheta
1381 428 1413 454 θ’.
1428 428 1487 455 Jam
1502 433 1591 456 utrutn
1608 429 1676 456 alias
1688 437 1758 463 quo—

967 480 1020 507 que
1037 474 1248 509 signiﬁcationes
1269 474 1366 502 habeat
1390 475 1440 502 hoc
1465 475 1645 507 vocabulum,
1670 476 1759 503 videat

967 519 1011 546 ille
1023 520 1067 553 qui
1081 519 1231 553 Scripturis
1249 527 1360 555 operam
1377 521 1516 555 impendit.

1038 564 1121 592 Vens.
1137 565 1179 591 Η.
1194 565 1319 592 Charitas
1332 567 1400 593 enim
1417 565 1517 593 Christi
1536 572 1610 602 urget
1630 574 1686 593 nos.

1002 610 1118 644 Exponit
1125 611 1259 644 quodnam
1269 618 1353 646 genus
1362 615 1501 639 exslaseos
1509 613 1637 647 patiatur,
1647 613 1739 640 dicens
1751 621 1758 639 t

967 654 1134 690 Urgemur‘a
1158 655 1272 690 plurima
1292 656 1338 683 Dei
1361 664 1425 690 erga
1449 665 1499 684 nos
1524 659 1672 690 charitate;
1705 666 1758 685 nou

967 701 1025 727 sine
1037 700 1217 728 admiratione
1229 705 1396 736 reputantes,
1413 703 1482 736 Quod
1492 702 1514 730 si
1527 710 1596 730 unus
1609 710 1658 737 pro
1671 705 1759 730 omni-

966 744 1016 772 bus
1032 750 1154 772 mortuus
1168 750 1210 772 est
1222 745 1357 779 Christus,
1372 747 1464 781 utique
1476 754 1572 774 omnes
1585 749 1682 775 mortui
1697 748 1759 776 l'ue-

967 794 1045 817 rant:
1069 797 1121 817 non
1145 791 1217 817 enim
1241 798 1290 825 pro
1313 792 1440 819 onmibtts
1466 798 1588 820 tuortuus
1608 798 1691 826 esset,
1709 795 1760 821 nisi

966 843 1059 864 omnes
1068 838 1147 863 morti
1158 836 1268 864 obnoxii
1282 844 1404 866 essemus
1416 838 1515 866 elfecti.
1530 839 1558 866 Si
1580 846 1645 874 ergo
1656 847 1704 875 pro
1716 848 1762 867 ηιμ-

121 881 210 907 τοίνυν
220 881 290 917 ὑπὲρ
304 881 382 916 ἡμῶν
399 881 445 908 καὶ
456 881 490 907 δι’
503 882 576 916 ἡμᾶς
590 881 727 908 ἀπέθανεν
742 881 789 907 καὶ
803 881 914 916 ἀνέστη,

975 882 1008 910 )is
1024 887 1051 909 et
1068 887 1178 917 propter
1200 890 1249 910 uos
1271 887 1394 910 mortuus
1413 889 1456 911 est
1477 891 1510 911 ac
1533 885 1692 917 resurrexit,
1711 893 1760 917 nos

121 926 286 958 ἀναστάντες
315 927 363 953 σὺν
391 926 465 962 αὑτῴ
493 925 603 963 ζῶμεν·
632 927 724 954 οὐκέτι
750 927 782 954 δι’
806 928 914 960 αὐτοὺς,

121 971 192 997 τοῦτ’
213 971 286 998 ἓιτιν
313 971 502 1007 ἀνθρωπίνως,
529 972 598 999 ἀλλὰ
621 971 660 1007 τῷ
678 973 747 1008 ὑπὲρ
762 973 841 1008 ἡμῶν
863 982 916 1000 πα-

122 1017 195 1043 θόντι
208 1017 255 1044 καὶ
269 1018 433 1044 ἀναστάντι·
452 1018 553 1050 ζῶντες
571 1018 598 1044 δὲ
619 1018 703 1054 αὐτῷ,
721 1019 768 1045 καὶ
792 1019 852 1046 κατ’
868 1019 917 1045 αὺ-

121 1063 178 1093 τὸν,
195 1063 284 1089 πάντα
307 1063 324 1090 ἃ
347 1063 470 1098 βούλεται
487 1063 644 1099 πράττομεν
659 1064 705 1090 καὶ
733 1063 847 1099 λέγομεν
870 1065 917 1091 καὶ

121 1108 301 1143 διανοούμεθα
316 1117 322 1123 '
336 1109 373 1140 ὡς
391 1109 507 1136 ἕκαστον
525 1109 715 1146 τεθαῤῥηκότα
729 1111 815 1137 εἰπεῖν
827 1119 833 1125 ”
850 1119 859 1135 t
886 1111 917 1137 Ἡ

121 1154 194 1189 ψυχή
210 1162 259 1189 μου
269 1153 343 1189 αὐτῷ
355 1154 388 1190 ζῇ
399 1164 421 1181 ἰ
433 1156 490 1187 καὶ,
506 1164 515 1180 (
531 1155 572 1181 Ζῶ
582 1155 610 1181 δὲ
623 1155 714 1181 οὐκέτι
723 1154 788 1189 ἐγὼ.
804 1155 837 1189 ζῇ
850 1155 877 1181 δὲ
888 1157 917 1182 ὲν

125 1201 187 1235 ἐμοὶ
202 1201 328 1236 Χριστός.
345 1210 354 1226 ι

129 1257 227 1291 Ἡμεῖς
241 1258 300 1285 ἀπὸ
312 1258 366 1285 τοῦ
382 1258 440 1285 ’νῦν
455 1258 565 1285 οὐδένα
576 1259 700 1293 οἴδαμεν
713 1259 788 1286 κατὰ
806 1260 914 1293 σάρκα.

164 1334 240 1360 Ἐπεὶ
255 1333 347 1370 ζῶμεν
359 1335 398 1370 τῷ
413 1336 483 1370 ὑπὲρ
501 1335 581 1372 ἡμῶν
597 1336 759 1363 ἀποθανόντι
773 1338 818 1363 καὶ
838 1339 904 1370 εγεβ

123 1380 205 1411 θέντι,
222 1381 268 1414 ἀφ’
284 1377 313 1408 οὗ
328 1381 473 1417 ἠρξάμεθα
488 1382 560 1409 οὕτω
573 1380 653 1414 εἶναι,
669 1382 765 1409 οὐδένα
781 1383 820 1409 ἔτι
846 1384 916 1410 κατὰ

124 1426 214 1461 σάρκα
230 1426 414 1462 γινώσκομεν,
441 1428 610 1463 ὑπερϐάντες
626 1428 675 1463 τὴν
703 1429 791 1463 σάρκα
818 1428 916 1455 καὶτὰ

122 1470 224 1505 ταύτης
243 1471 329 1505 πάθη,
344 1471 383 1497 ἔτι
396 1471 448 1506 μὴν
459 1472 506 1498 καὶ
519 1472 567 1506 τὴν
584 1471 684 1507 σκιώδη
711 1472 757 1498 τοῦ
780 1472 863 1508 νόμον
878 1472 917 1499 δι-

123 1515 281 1543 δασκαλίαν.
300 1516 331 1541 El
355 1516 383 1541 δὲ
413 1517 460 1542 καὶ
487 1516 532 1542 τὸν
550 1516 667 1550 Χριστὸν
696 1516 818 1552 ἔγνωμεν
846 1518 916 1545 κατὰ

125 1561 224 1596 σάρκα,
261 1561 302 1588 ἔτι
338 1561 481 1593 ἰουδαΐζειν
511 1561 632 1593 θέλοντες
662 1561 707 1588 καὶ
737 1562 851 1590 ἔπεσθαι
882 1565 915 1599 τῇ

125 1607 242 1643 σαρκίνῃ
256 1608 379 1643 διηγήσει
394 1608 440 1635 τοῦ
458 1609 550 1644 νόμου,
572 1608 640 1634 ἀλλὰ
658 1607 704 1634 νῦν
724 1609 815 1636 οὐκέτι
830 1609 917 1641 οὕτως

124 1654 215 1685 αὑτὸν,
231 1655 288 1681 ἀλλ’
299 1654 336 1685 ὡς
347 1654 412 1680 Θεὸν
421 1655 505 1689 Λόγον
513 1654 693 1690 γινώσκομεν.
703 1656 849 1691 Γενόμενος
863 1656 916 1691 γὰρ

124 1702 138 1727 ὁ
150 1701 236 1734 Λόγος
248 1700 375 1736 σὰρξ,οὺκ
382 1699 560 1735 ᾠκησεν,άλλ¹
569 1701 724 1736 ἐσκήνωσεν
735 1701 790 1736 (52)
800 1702 827 1728 ἐν
839 1703 916 1736 ἡμῖν,

125 1747 170 1773 ἵνα
181 1747 250 1781 μετὰ
259 1746 338 1773 τοῦτο
349 1746 509 1781 θεασώμεθα
519 1746 567 1782 τὴν
578 1747 657 1780 δόξαν
669 1747 760 1779 αὐτοῦ,
773 1758 781 1773 t
794 1747 872 1779 δόξαν
879 1748 916 1779 ὡς

124 1791 293 1826 Μσνογενοῦς
308 1792 384 1827 παρὰ
405 1792 521 1828 Πατρός,
539 1792 646 1829 πλήρης
661 1793 771 1829 χάριτος
788 1793 836 1819 καὶ
852 1793 919 1829 ἀλη-

125 1837 209 1869 θεὶας.
234 1848 242 1863 ι
259 1839 387 1873 Διαφέρει
399 1838 452 1873 γὰρ
472 1839 501 1864 τὸ
518 1839 628 1874 οἰκῆσαι
651 1839 697 1866 τοῦ
712 1839 860 1875 σκηνῶσαι,
880 1839 917 1870 ὡς

125 1884 172 1909 καὶ
187 1881 283 1915 enim;
300 1885 413 1919 σκηνῆς.
432 1884 487 1910 Ἀεὶ
502 1885 555 1919 γὰρ
571 1885 645 1920 μένει
666 1886 679 1911 ὁ
694 1883 768 1916 οἶκος
783 1886 917 1920 ἁμετακι-

126 1931 213 1964 νὴτως
226 1929 472 1965 τεθεμελιιυμένος’
488 1931 504 1965 ἡ
520 1930 548 1956 δὲ
562 1931 647 1965 σκηνὴ
661 1929 734 1962 οἶκός
758 1931 816 1956 ἐστι
835 1939 918 1966 φορη-

125 1975 180 2005 τός.
204 1975 313 2010 ’Λμέλει
329 1974 475 2010 σκηνοῦσιν
488 1975 512 2001 οἱ
529 1974 740 2009 προκόπτοντες.
762 1975 881 2001 οἰκοῦσιν
893 1976 917 2002 οἱ

127 2021 339 2056 τετελειωμένοι.
361 2030 369 2046 t
387 2021 563 2056 Διελεύσομαι
590 2021 644 2056 γὰρ
673 2022 700 2047 ὲν
720 2021 794 2056 τόπῳ
816 2021 917 2057 σκηνῆς

126 2067 286 2102 θαυμαστῆς
300 2067 352 2098 ἕως
363 2067 409 2093 τοῦ
428 2067 503 2093 οἴκου
520 2066 566 2093 τοῦ
581 2066 659 2094 Θεοῦ.
680 2076 688 2092 ι

267 2113 304 2140 Εἴ
321 2121 366 2146 τις
378 2113 412 2139 ἐν
425 2112 541 2146 Χριστῷ
567 2111 655 2145 καινὴ
668 2113 775 2144 κτίσις.

167 2160 195 2185 '0
214 2159 242 2186 ἐν
260 2159 369 2195 Χριστῷ
381 2158 420 2194 τῷ
432 2159 554 2194 μετέχειν
571 2158 652 2185 αὑτοῦ
673 2159 823 2194 γινόμενος,
839 2159 918 2195 καινὴ

127 2205 214 2236 κτίσις
227 2205 309 2231 ἐστίν.
322 2204 456 2241 Τοιαύτην
474 2204 645 2240 ὑπαρχθῆναι
658 2206 690 2240 τῇ
709 2204 803 2231 ἑαυτοῦ
821 2205 918 2241 καρδίᾳ

126 2250 271 2285 εὐχόμενος
286 2251 300 2276 ὁ
316 2250 393 2284 ἅγιος
410 2249 501 2277 εἶπεν·
522 2260 531 2276 t
551 2250 672 2286 Καρδίαν
693 2250 816 2286 καθαρὰν
830 2250 921 2278 κτίσον

127 2296 156 2321 ὲν
167 2296 238 2331 ἐμοὶ,
253 2297 267 2322 ὁ
281 2295 357 2328 Θεός.
369 2306 378 2322 ι
394 2297 470 2323 Κατὰ
481 2296 558 2323 τοῦτο
571 2296 600 2323 τὸ
615 2297 823 2331 σημαινόμενον,
835 2296 920 2328 κτίζει

126 2341 155 2368 ὲν
169 2341 243 2376 αυτῷ
259 2342 273 2368 ὀ
288 2342 382 2378 Σωτὴρ
399 2343 460 2375 τοὺς
484 2343 530 2369 δύο
549 2343 588 2374 είς
603 2343 651 2369 ἕνα
664 2342 755 2368 καινὸν
767 2342 918 2378 ἄνθρωπον.

126 2387 175 2414 ”Ίν’
189 2386 235 2414 οὖν
258 2388 336 2414 τοῦτο
351 2389 489 2424 ὑπαρχθῇ,
518 2389 604 2424 τούτῳ
623 2388 661 2423 τῷ
677 2389 769 2424 τρόπῳ
787 2388 919 2415 ὑπέϐαλεν

127 2433 222 2460 ἑαυτὸν
241 2434 394 2469 κτισθῆναι,
409 2435 506 2469 λέγων·
525 2445 534 2460 t
554 2435 655 2470 Κύριος
668 2435 774 2461 ἓκτισέν
794 2443 829 2469 με
839 2435 925 2470 ἀρχὴν

127 2479 194 2505 ὁδῶν
207 2481 246 2507 εἰς
261 2480 338 2516 ἔργα.
352 2491 360 2506 ι
371 2482 407 2508 0'3
416 2482 491 2517 δηλοῖ
501 2481 627 2508 οὑσίωσιν
640 2481 670 2507 τὸ
684 2480 826 2514 κτισθῆναι
838 2481 922 2515 ῥῆμα,

127 2526 164 2558 ὡς
179 2527 208 2553 ὲν
221 2527 311 2559 ἄλλοις
325 2527 370 2554 διὰ
387 2528 516 2554 πλειόνων
538 2527 670 2554 δέδεικται
686 2526 752 2561 (55)·
774 2526 923 2561 γενομένης

127 2572 154 2598 δὲ
167 2573 262 2608 καινῆς
280 2573 394 2606 κτίσεως
421 2574 450 2600 ὲν
463 2573 501 2608 τῷ
518 2572 629 2609 Χριστῷ
659 2572 712 2598 τῶν
743 2572 922 2597 πεπιστευκό-

163 2653 183 2669 ⁶¹
203 2652 270 2680 Gen.
286 2660 369 2684 nvtt.
388 2653 431 2680 35.
483 2653 505 2668 "
520 2653 582 2680 Osr.
598 2661 637 2683 lli,

129 2689 150 2705 "
172 2688 241 2716 Psal.
256 2696 281 2720 ι,
297 2689 330 2714 Η
379 2688 401 2704 ⁸⁸³
422 2688 520 2722 Ephes.
533 2688 616 2720 “,15.
654 2687 676 2702 θ’
698 2687 776 2713 Prov.
795 2694 853 2713 vnl.
872 2686 916 2712 ‘22.

165 2767 406 2805 (51)Συνέχομεθα
420 2767 500 2794 ctiam
519 2768 647 2801 cogimur,
665 2765 838 2800 possidentur,
856 2773 916 2791 cor-

131 2806 195 2839 repti
210 2813 309 2831 minus.

166 2840 220 2874 (52)
234 2840 337 2872 “eapse
349 2837 466 2874 Joannes
482 2844 500 2867 ι.
514 2837 558 2867 Μ,
576 2837 658 2874 utitur
672 2836 754 2862 verbo
767 2835 919 2871 ἐσκήνωσε,

132 2872 203 2912 quod
223 2875 310 2902 Latini
325 2874 436 2900 liberius
456 2872 723 2899 fecerunt/rabitur”.

273 2922 407 2953 PATaOL.
432 2921 490 2951 Gn.
516 2918 666 2949 XXXIX.

728 2651 749 2666 εδ
767 2651 825 2677 l‘sal
858 2659 911 2677 ut.
924 2651 969 2681 51,

969 936 1078 963 quoque
1100 933 1272 963 resurgentes
1285 937 1346 956 cum
1368 937 1401 957 eo
1417 931 1556 963 vivemus;
1580 937 1629 957 nec
1640 931 1696 965 jam
1713 938 1762 964 per

954 973 1016 1001 ‘nos
1031 975 1114 1008 ipsos,
1128 974 1296 1007 humanitus,
1311 976 1358 1002 sed
1375 976 1399 1002 ei
1415 975 1460 1010 qui
1481 983 1576 1010 passus
1597 976 1757 1004 resurrexit.

968 1021 1094 1048 Viventes
1110 1027 1201 1048 autem
1225 1029 1284 1047 cum
1308 1023 1378 1056 ipso,
1394 1026 1421 1049 et
1437 1022 1584 1049 secundum
1600 1022 1686 1056 ipsum
1701 1030 1709 1054 ;
1735 1024 1760 1049 id

966 1073 1007 1094 est
1021 1068 1110 1095 omnia
1126 1075 1185 1102 qua:
1198 1067 1221 1094 is
1235 1067 1289 1094 vult
1303 1068 1419 1102 agitans,
1434 1073 1460 1095 et
1474 1067 1620 1102 loquimur,
1637 1074 1662 1095 cl
1678 1068 1758 1102 cogi-

968 1118 1065 1141 tamus.
1083 1113 1119 1140 Ita
1136 1119 1164 1139 ut
1180 1114 1363 1148 unusquisque
1379 1113 1551 1141 confidenter
1565 1114 1651 1141 dicat:
1669 1123 1678 1139 ι
1698 1115 1762 1141 Aui-

969 1168 1009 1186 ma
1023 1160 1125 1186 meailli
1137 1160 1200 1186 vivit
1213 1160 1252 1193 '3;
1270 1170 1279 1186 ι
1294 1165 1333 1192 et,
1350 1160 1503 1195 «Vivoego,
1513 1160 1566 1194 jam
1579 1168 1631 1187 nou
1644 1168 1703 1196 ego,
1724 1161 1762 1186 vi-

967 1207 1005 1232 vit
1021 1213 1085 1232 vero
1104 1207 1130 1232 in
1144 1212 1186 1232 me
1198 1206 1322 1233 Christus
1335 1205 1368 1232 ⁸⁵.
1395 1215 1404 1231 ι

986 1262 1070 1290 Vsus.
1087 1262 1131 1289 16.
1148 1262 1203 1289 No:
1217 1262 1312 1289 abhinc
1329 1266 1457 1289 neminem
1472 1263 1590 1289 not-imus
1603 1263 1744 1289 secundum

1307 1306 1423 1324 carnem.

1010 1345 1143 1377 Quoniam
1156 1345 1271 1371 vivimus
1285 1344 1308 1370 ei
1325 1344 1370 1378 qui
1383 1352 1431 1378 pro
1450 1343 1527 1370 nobis
1540 1348 1661 1370 mortuus
1675 1349 1717 1370 cst
1730 1352 1762 1370 ae

968 1388 1132 1420 resurrexit;
1147 1396 1179 1415 ex
1200 1395 1253 1423 quo
1268 1388 1358 1414 taliter
1379 1395 1442 1414 esse
1462 1388 1603 1421 coepimus,
1626 1388 1760 1414 neminem

965 1435 1021 1470 jam
1034 1435 1180 1462 secumlum
1191 1441 1302 1462 carnem
1316 1434 1515 1468 cognoscimus,
1529 1436 1683 1468 superiores
1697 1433 1761 1460 facti

967 1478 1044 1506 carni
1063 1483 1089 1506 et
1101 1478 1180 1512 hujus
1201 1479 1383 1512 passionibus,
1397 1487 1447 1506 nec
1465 1486 1518 1506 non
1540 1479 1680 1506 umbratili
1698 1480 1765 1514 legis

968 1524 1106 1551 doctrinae.
1116 1524 1191 1557 Quod
1203 1525 1223 1551 si
1236 1525 1316 1551 etiam
1328 1525 1464 1552 Christum
1478 1525 1651 1559 cognovimus
1665 1532 1761 1552 secun-

971 1570 1034 1596 dum
1048 1577 1167 1601 carnem,
1181 1569 1322 1604 judaizare
1339 1570 1427 1597 adhuc
1443 1569 1562 1597 volentes
1579 1574 1606 1596 et
1621 1569 1756 1596 carnalem

971 1615 1036 1650 legis
1049 1615 1177 1642 dictatum
1194 1615 1281 1650 sequi,
1298 1623 1368 1643 nunc
1381 1619 1469 1643 tamen
1484 1615 1554 1642 haud
1569 1623 1630 1642 eum
1647 1615 1763 1650 amplius

972 1662 1022 1689 hac
1034 1662 1135 1688 ratione
1150 1662 1332 1697 agnoscimus,
1342 1661 1389 1689 sed
1400 1666 1526 1696 tanqttatn
1536 1661 1652 1689 Verbum
1667 1661 1763 1689 Deum.

973 1709 1087 1736 Verbum
1100 1708 1170 1735 enim
1182 1716 1246 1736 caro
1261 1708 1372 1741 factum,
1389 1716 1440 1735 uon
1457 1709 1597 1744 habitavit,
1614 1709 1661 1735 sed
1676 1708 1764 1742 hospi-

972 1760 1054 1782 tatum
1069 1759 1110 1782 cst
1123 1755 1193 1782 inter
1206 1762 1264 1786 ttos,
1281 1759 1369 1782 ulnos
1380 1760 1473 1790 postea
1485 1755 1596 1789 gloriam
1608 1755 1667 1789 ejus
1689 1755 1764 1780 vidc—

972 1808 1071 1832 remus,
1090 1810 1099 1826 ι
1116 1801 1228 1835 gloriam
1243 1801 1320 1834 quasi
1347 1800 1482 1835 Unigcniti
1503 1808 1518 1827 a
1538 1800 1627 1832 Patre.
1654 1800 1763 1835 pleuttm

971 1847 1063 1881 gratite
1074 1852 1101 1873 et
1117 1846 1239 1874 veritatis
1252 1847 1285 1874 ⁸⁸.
1301 1856 1311 1873 ι
1331 1845 1422 1873 Diﬂert
1437 1848 1508 1874 enim
1526 1847 1648 1874 habitare
1662 1848 1696 1875 ab
1713 1848 1761 1874 ho-

971 1892 1077 1926 spitari,
1089 1892 1158 1919 sicut
1170 1891 1252 1919 etiam
1267 1891 1363 1918 domus
1376 1893 1410 1918 ab
1422 1891 1553 1925 hospitio:
1571 1900 1676 1926 semper
1689 1893 1761 1919 enim

972 1941 1022 1963 stat
1042 1938 1138 1963 domus
1151 1935 1327 1963 immobiliter
1341 1935 1469 1968 futtdata;
1484 1935 1686 1963 tabernaculum
1703 1944 1764 1970 por-

974 1981 1064 2009 tahilis
1075 1981 1170 2008 domus
1181 1985 1231 2008 est.
1250 1980 1349 2015 Utique
1363 1981 1536 2016 hospitentur
1548 1981 1591 2016 qui
1607 1981 1760 2014 proﬁciunt.

974 2027 1094 2054 habitant
1114 2035 1179 2054 vero
1198 2026 1321 2061 perfecti.
1346 2036 1355 2052 ‹
1377 2026 1508 2054 Transibo
1529 2027 1602 2054 enim
1625 2027 1650 2053 in
1672 2026 1759 2053 locum

974 2072 1137 2099 tabernaculi
1155 2072 1320 2099 admirabilis
1339 2079 1424 2107 usqtte
1441 2072 1475 2099 ad
1488 2073 1595 2100 detnqu
1612 2072 1697 2100 Dei“.
1717 2081 1726 2097 ι

1044 2117 1125 2144 Vsus.
1142 2118 1184 2144 17.
1200 2117 1230 2145 Si
1245 2126 1297 2152 qua
1313 2119 1339 2145 in
1355 2117 1460 2145 Christo
1477 2126 1542 2145 nova
1557 2123 1690 2144 creatura.

1009 2163 1097 2197 Quiin
1117 2163 1223 2191 Christo
1234 2168 1286 2196 est,
1305 2168 1438 2199 quatenus
1459 2163 1562 2192 scilicet
1575 2171 1635 2191 eum
1656 2164 1764 2199 partici-

972 2215 1027 2244 pat,
1056 2217 1125 2236 nova
1148 2215 1189 2237 est
1208 2215 1344 2237 creatura.
1367 2210 1432 2238 Tale
1446 2210 1496 2237 sibi
1511 2217 1558 2237 cor
1571 2209 1628 2237 ﬁeri
1655 2214 1764 2237 sanctus

976 2254 1017 2281 vir
1034 2255 1195 2288 precabatur
1206 2255 1318 2282 dicens:
1341 2264 1350 2281 (
1366 2255 1418 2282 Cor
1434 2255 1562 2282 mundum
1583 2262 1644 2282 crea
1669 2255 1693 2281 in
1709 2262 1763 2288 me,

976 2301 1046 2328 Deus
1063 2301 1094 2326 ⁸⁷.
1119 2310 1128 2326 ι
1158 2301 1214 2328 lloc
1245 2301 1409 2337 signiﬁcatu,
1443 2302 1534 2329 condit
1563 2302 1589 2328 in
1619 2301 1765 2334 semetipso

978 2345 1108 2373 Servator
1130 2346 1182 2373 duo
1211 2347 1238 2373 in
1255 2354 1336 2373 unum
1356 2354 1453 2374 novum
1475 2345 1649 2374 hominem“.
1667 2345 1701 2374 Ut
1714 2346 1765 2373 hoc

977 2391 1060 2425 igitur
1086 2392 1171 2426 ﬂeret,
1199 2392 1301 2420 idcirco
1318 2392 1436 2420 subdidit
1451 2399 1480 2419 se
1495 2396 1625 2423 creatum,
1650 2392 1763 2420 dicens:

982 2437 1134 2465 tDominus
1162 2438 1265 2465 ereavit
1289 2445 1331 2465 me
1356 2438 1432 2465 initio
1461 2438 1565 2464 viarum
1593 2445 1701 2464 suarum
1730 2438 1763 2463 ad

976 2490 1056 2517 opera
1067 2483 1099 2509 θ’.
1119 2493 1128 2509 ι
1144 2482 1235 2518 Neque
1254 2488 1344 2510 tamen
1360 2483 1470 2510 denotat
1481 2483 1648 2510 materialem
1665 2482 1765 2508 fortna-

977 2528 1074 2555 lionent
1092 2529 1249 2556 vocabulum
1264 2530 1361 2565 creari.
1373 2529 1513 2557 sicutalibi
1527 2528 1647 2562 pluribus
1662 2528 1763 2553 dictum

976 2574 1034 2600 fuit.
1052 2573 1132 2602 Facta
1148 2580 1236 2601 autem
1254 2583 1322 2602 nova
1340 2580 1463 2603 creatura
1490 2573 1656 2602 credentium
1682 2572 1763 2599 Chri-

1021 2653 1044 2667 "*
1061 2652 1119 2680 Gal.
1141 2662 1168 2683 ιι,
1183 2654 1228 2679 20.
1281 2653 1302 2668 ⁸³⁵
1318 2652 1394 2679 Joan.
1409 2660 1427 2685 ι,
1448 2652 1490 2678 14.
1537 2652 1559 2667 ⁸⁸
1579 2651 1646 2678 Psal.
1664 2658 1718 2681 XLI.
1733 2650 1760 2677 5.

1009 2765 1065 2801 (55)
1082 2765 1208 2793 Videmus
1227 2765 1278 2792 hoc
1304 2763 1363 2801 loco
1390 2763 1464 2790 innui
1487 2761 1658 2801 pmnltetttite
1672 2769 1764 2790 sacra-

975 2796 1096 2828 mémum
1112 2809 1125 2827 a
1143 2802 1250 2827 Christo
1268 2800 1431 2832 institutum,
1447 2804 1475 2825 et
1487 2796 1540 2833 ’ρετ
1557 2796 1691 2832 apostolos
1717 2805 1763 2826 sa-

975 2838 1153 2871 cerdolt‘sqtte
1164 2837 1290 2871 deiuceps
1305 2835 1558 2862 administrandum.

1566 2912 1604 2943 ὃᾶν
