1913 3071
125 123 193 149 ΠΟἹ

765 115 879 144 υιῡιιιι
901 113 1137 142 ALEXANDRINI

1692 112 1762 140 1708

124 186 179 211 sto,
197 183 289 205 vctcra
306 177 471 203 transierunt
487 175 626 209 abrogata,
647 173 723 200 novis
745 173 914 200 introductis.

992 180 1032 203 ην,
1050 171 1085 197 τὰ
1099 171 1200 206 ἀρχαῖα
1218 169 1339 205 παρῆλθε
1363 169 1586 204 πεπαλαιωμένα,
1600 169 1655 195 τῶν
1664 171 1764 195 καινῶν

127 225 159 252 Ει
177 224 310 259 siquidem
327 227 417 250 vetera
435 229 484 257 pro
498 221 629 255 legalibus
644 225 672 248 et
694 219 860 254 propheticis
876 219 918 245 di-

127 272 177 304 cit,
192 271 348 298 desivcrunl
363 269 419 296 haec
436 267 608 295 subintrante
624 265 780 301 Evangelia.
802 264 864 292 Haec
880 269 921 292 ta-

127 325 187 344 lllell
204 321 293 343 vetera
309 323 342 342 ac
359 322 437 345 nova,
456 321 508 340 non
525 317 578 340 tam
594 319 659 340 VCI‘O
685 311 818 346 subjecto.
838 318 920 345 quam

127 362 228 389 utentis
243 365 376 396 conceptu
397 359 534 388 diﬁernnt.
558 358 657 385 Eadem
673 357 745 384 enim
760 362 800 384 est
817 356 921 383 utrius-

125 415 178 441 que
191 406 357 434 'l‘cstamenti
373 405 506 437 doctrina,
522 404 579 431 sive
595 411 656 430 cum
672 402 760 429 velato
788 402 845 429 sive
858 409 921 428 cum

126 457 220 487 aperte
234 453 373 488 proposita
391 452 452 478 fuit.
470 450 570 478 Vetera
586 456 651 483 ergo
672 453 735 475 sunt
753 455 812 482 quae
829 447 915 474 dicun-

127 504 172 526 tur
183 499 282 526 velata.
299 499 375 532 Quod
388 499 410 525 si
425 497 486 532 quis
507 497 580 524 dicat
598 503 645 522 eos
663 502 762 527 mores,
779 493 824 528 qui
842 493 922 520 [idem

133 549 343 579 praecesserunt,
361 543 585 571 cciistitutionem
602 542 719 576 priscam
743 540 838 571 fuisse,
866 539 923 566 haec

129 591 237 625 quidem
254 590 394 625 praeteriit,
424 589 587 616 succedente
608 587 760 622 evangelica
784 586 922 617 doctrina;

129 637 270 672 priorique
287 635 451 670 legislationi
467 637 597 669 congruet
609 634 673 660 illud
689 633 808 659 dictum:
826 631 923 659 Omnia

130 691 162 710 cx
179 684 243 715 Deo;
256 689 318 709 nam
334 686 362 709 et
373 683 414 708 lex
427 685 454 708 et
467 680 606 715 prophetat
619 684 645 706 et
662 678 804 713 Evangelia
818 685 925 712 quoque

133 737 165 756 ex
185 729 238 755 Deo
264 731 338 759 sunt,
353 727 500 754 secundum
514 725 897 761 posterioreminstitutionem
916 732 923 756 ;

130 777 166 802 ita
185 778 213 801 ut
227 775 318 800 omnia
336 781 404 800 nova
422 780 456 800 ex
482 772 535 799 Deo
560 772 632 804 sint;
665 775 693 798 et
715 771 822 806 quidem
844 771 924 798 etiam

130 821 174 848 illa
191 827 249 854 qua
271 819 470 854 pmtericnml.
497 817 581 845 Porro
606 819 697 845 omnia
713 825 745 844 ex
773 817 826 844 Deo
852 822 924 850 sunt,

131 868 175 902 qui
192 875 241 894 nos
258 866 308 894 sibi
329 864 513 892 reconciliavit
528 872 577 899 per
591 863 742 891 Christum.
756 863 840 890 Valde
853 863 924 890 enim

131 913 233 940 inimici
253 919 374 944 eramus,
390 918 484 938 errore
500 916 528 938 et
551 910 669 945 peccatis
694 909 848 945 subjugati:
879 909 927 937 sed

130 959 153 985 ci
173 957 338 985 reconciliati
360 957 469 989 luimus,
486 956 592 983 veniam
609 955 641 982 ab
660 955 721 990 ipso
730 961 757 982 et
771 962 818 989 per
839 955 926 989 ipsum

132 1003 281 1030 consecuti.
296 1002 492 1030 Reconciliavit
506 1006 595 1028 autem
612 1001 662 1028 sibi
691 1008 740 1027 nos
763 1007 811 1034 per
837 999 927 1026 Domi-

133 1058 207 1080 num.
222 1050 267 1084 qui
286 1056 335 1084 pro
359 1049 436 1076 nobis
453 1053 577 1075 mortuus
591 1053 632 1074 est
647 1055 679 1074 ac
704 1047 862 1074 resurrexit.
890 1046 930 1074 Ne

132 1100 221 1122 autem
248 1102 331 1122 sensu
348 1093 528 1122 occalleamus
540 1092 573 1120 ad
588 1098 689 1120 tantum
700 1092 746 1120 Dei
758 1093 929 1126 benelicimn,

133 1141 360 1169 reconciliationis
376 1139 531 1168 doctrinam
549 1138 680 1173 apostolis
702 1139 820 1172 tradidit,
849 1143 878 1165 ut
896 1139 930 1166 ab

134 1189 175 1214 his
203 1187 315 1218 eruditi,
346 1187 372 1213 iu
399 1185 510 1212 Christo
538 1192 759 1219 permaneamus.
789 1184 841 1212 Per
858 1185 931 1212 hunc

133 1233 206 1258 enim
223 1238 386 1266 permanens
400 1231 464 1262 erit,
488 1233 549 1264 post
566 1230 825 1262 reconciliationem,
840 1234 930 1256 nostra

134 1287 194 1306 cum
213 1277 267 1304 Deo
285 1277 418 1304 amicitia.

137 1369 217 1396 γῆς.
245 1369 289 1395 2t.
320 1367 424 1394 ι’ῖιειιξσι
439 1375 497 1394 eum
513 1367 559 1401 qui
587 1375 639 1394 non
657 1373 763 1394 noverat
787 1373 930 1401 peccatum.

174 1414 344 1441 Nescientem
364 1413 441 1445 dicit,
458 1419 507 1447 pro
522 1412 739 1446 experimentum
759 1421 813 1440 non
829 1413 932 1439 haben.

136 1465 189 1487 tem
205 1460 318 1494 peccati.
336 1459 393 1486 Non
410 1459 481 1486 enim
503 1459 644 1494 ignorasse
671 1459 774 1494 peccati
806 1463 931 1486 naturam

971 218 1010 248 είς
1029 217 1111 252 μέσον
1137 216 1280 252 ἡγμένωνσ
1302 217 1347 244 καὶ
1364 217 1388 242 εἰ
1407 217 1454 251 μὲν
1486 217 1585 251 ἀρχαῖα
1611 216 1646 242 τὰ
1666 218 1765 252 νομικὰ

972 262 1019 288 καὶ
1031 261 1189 297 προφητικὰ
1203 261 1287 296 λέγει,
1312 261 1483 297 παρελήλυθε
1497 261 1594 293 ταῦτα,
1611 261 1666 287 τῶν
1678 262 1765 296 Εὐαγ-

972 308 1070 343 γελίων
1089 307 1288 343 διαδεξαμένων
1301 316 1307 322 “
1321 308 1424 334 τούτων
1441 308 1494 334 τῶν
1512 307 1635 334 παλαιῶν
1648 309 1696 334 καὶ
1706 316 1763 334 και-

973 354 1025 381 νῶν
1038 355 1069 380 οὐ
1100 354 1160 380 καθ’
1179 354 1369 388 ὑποκείμενον,
1385 353 1442 380 ἀλλ’
1463 353 1568 389 ἐπινοίᾳ
1589 353 1705 388 ἑχόντων
1719 353 1767 388 τὴν

972 399 1121 436 διαφοράν·
1141 401 1158 436 ὴ
1183 400 1238 435 γὰρ
1264 399 1333 436 αὑτὴ
1362 399 1522 427 διδασκαλία
1538 400 1592 426 τῶν
1610 400 1657 427 δύο
1671 401 1768 436 Διαθη-

974 447 1030 474 κῶν
1042 447 1086 473 ὁτὲ
1101 446 1151 482 μὲν
1163 446 1390 482 κεκαλυμμένως,
1407 446 1453 473 ὁτὲ
1470 446 1499 472 δὲ
1520 446 1632 482 γυμνῶς
1647 446 1766 481 γέγονεν.

981 493 1095 528 Ἀρχαῖα
1114 491 1161 520 οὖν
1174 494 1232 520 ἐστι
1247 492 1282 519 τά
1294 493 1490 528 κεκαλυμμένα
1500 501 1506 507 ·
1533 493 1557 519 εἰ
1569 492 1598 519 δέ
1610 501 1652 524 τις
1666 493 1700 519 τὰ
1717 493 1769 529 πρὸ

975 539 1023 573 τῆς
1038 538 1155 570 πίστεως
1170 539 1217 574 ἔθη
1233 539 1280 565 καὶ
1290 538 1457 565 κατάστασιν
1471 539 1588 574 ἀρχαίαν
1600 537 1669 566 εἶναι
1684 539 1768 574 λέγοι,

976 584 1097 620 παρῆλθε
1115 585 1202 611 ταῦτα
1227 584 1402 620 παυσάμενα,
1427 585 1605 620 ἐνεστηκυίας
1630 586 1680 621 τῆς
1701 587 1770 613 κατά

975 631 1006 656 τὸ
1018 630 1182 664 Εὑαγγέλιον
1196 630 1386 662 διδασκαλίας·
1406 631 1475 666 πρὸς
1491 632 1541 667 τὴν
1556 632 1691 668 προτέραν
1702 633 1770 659 ἀπό-

976 677 1048 704 δοσιν
1067 678 1184 714 ἁρμόσει
1198 677 1239 710 τὸ,
1255 677 1348 705 Πάντα
1359 678 1392 704 ὲκ
1415 677 1463 704 τοῦ
1477 678 1545 705 Θεοῦ
1565 679 1632 714 (54).
1649 679 1705 706 Καὶ
1719 680 1772 715 γὰρ

976 724 993 750 ὁ
1004 725 1096 759 νόμος,
1111 724 1158 751 καὶ
1179 724 1204 750 ol.
1220 725 1368 760 προφῆται,
1387 725 1434 751 καὶ
1459 724 1494 751 τὰ
1511 725 1663 759 Εὐαγγὲλια
1677 726 1708 752 ἐκ
1725 726 1772 752 τοῦ

977 770 1056 803 Θεοῦ,
1072 771 1143 798 κατὰ
1155 771 1204 807 τὴν
1225 771 1343 807 ὑστέραν
1366 771 1504 806 διήγησιν,
1520 771 1629 798 πάντων
1643 772 1697 799 τῶν
1718 781 1774 799 και-

978 816 1031 842 νῶν
1043 817 1075 843 ὲκ
1085 815 1153 842 Θεοῦ
1170 816 1264 849 ὅντων,
1278 816 1309 843 οὐ
1323 816 1377 851 μὴν
1398 816 1445 843 καὶ
1461 816 1516 843 τῶν
1530 817 1756 852 παρεληλυθότων
1766 827 1772 832 ·

942 847 965 874 Β
977 862 1012 888 τὰ
1026 861 1055 888 δὲ
1084 862 1173 888 πάντα
1200 862 1232 887 ἐκ
1247 862 1293 888 τοῦ
1310 861 1377 888 Θεοῦ
1399 860 1446 888 τοῦ
1469 861 1685 895 καταλλάξαντος
1701 863 1775 898 ἡμᾶς

978 907 1258 943 ἑαυτῷδιὰΧριστόν.
1280 908 1388 944 Ἐχοροὶ
1402 908 1456 943 γὰρ
1479 906 1551 944 ἦμεν
1584 909 1662 940 πολὺ,
1683 909 1775 944 ἀπάτῃ

979 953 1026 980 καὶ
1037 954 1218 989 ἁμαρτήμασι
1233 954 1435 989 κεκρατημένοι
1448 962 1457 970 ο
1467 954 1679 991 κατηλλάγημεν
1692 954 1721 981 δὲ
1733 955 1777 981 αὑ-

979 1000 1027 1035 τῷ,
1039 1000 1135 1034 ἄφεσιν
1151 1000 1218 1035 πρὸς
1233 1000 1315 1026 αὑτοῦ
1329 1000 1375 1027 καὶ
1392 1000 1424 1026 δι’
1440 1000 1522 1027 αὐτοῦ
1540 1001 1680 1036 εἰληφότες
1690 1009 1696 1016 ·
1711 1009 1778 1027 κατ-

983 1046 1094 1081 ήλλαξεν
1117 1046 1146 1072 δὲ
1166 1047 1239 1082 ἡμᾶς
1260 1046 1348 1082 ἑαυτῷ
1365 1046 1409 1073 διὰ
1426 1046 1473 1073 τοῦ
1493 1047 1564 1084 ὑπὲρ
1580 1047 1657 1082 ἡμῶν
1671 1047 1776 1074 ἀποθα-

981 1092 1071 1124 νόντος
1086 1093 1132 1119 καὶ
1157 1093 1322 1124 ἀναστάντος
1343 1092 1457 1128 Κυρίου.
1485 1094 1579 1125 Ὅπως
1605 1093 1633 1120 δὲ
1650 1094 1687 1129 μὴ
1700 1095 1778 1120 ἀναι-

983 1138 1127 1173 σθητῶμεν
1141 1139 1190 1173 τῆς
1207 1139 1308 1174 πολλῆς
1321 1138 1390 1165 Θεοῦ
1401 1139 1574 1174 εὐεργεσίας,
1587 1139 1637 1174 τὴν
1649 1140 1714 1175 περὶ
1729 1140 1778 1175 τῆς

982 1184 1155 1219 καταλλαγῆς
1167 1184 1341 1211 διδασκαλίαν
1359 1185 1459 1211 δέδωκε
1473 1187 1528 1216 τοῖς
1539 1185 1698 1217 ἀποστόλοις
1710 1186 1778 1220 (55),

982 1230 1025 1256 ἴνα
1039 1229 1228 1266 παιδευόμενοι
1253 1231 1299 1258 ὑπ’
1324 1231 1415 1258 αὐτῶν
1439 1231 1603 1266 ἐμμένωμεν
1616 1231 1656 1266 τῷ
1669 1233 1698 1258 ὲν
1713 1233 1780 1267 Χρι-

984 1276 1039 1310 στῷ
1055 1274 1139 1303 εἶναι’
1153 1276 1186 1303 δι’
1199 1276 1282 1303 αὐτοῦ
1309 1278 1362 1314 γὰρ
1380 1278 1507 1313 ἐπίμονος
1523 1278 1626 1314 Errat-ﬁ
1646 1278 1715 1314 μετά
1731 1279 1780 1313 τὴν

984 1322 1156 1357 καταλλαγὴν
1169 1323 1316 1358 ὑπάρξασα
1328 1323 1396 1359 πρὸς
1413 1323 1478 1350 Θεὸν
1495 1324 1580 1357 φιλία.

1147 1369 1202 1396 Τὸν
1218 1369 1273 1404 γὰρ
1288 1370 1330 1404 μὴ
1343 1371 1453 1405 γνόντα
1462 1371 1618 1405 ἀμαρτΙαν.

1020 1415 1073 1441 Τὺν
1089 1414 1126 1450 μὴ
1143 1415 1241 1449 γνόντα
1257 1416 1349 1451 φησὶν,
1363 1417 1424 1445 ἀντὶ
1434 1416 1491 1449 τοῦ,
1510 1417 1554 1443 τὸν
1568 1417 1604 1453 μὴ
1618 1417 1784 1453 παραθέντι

986 1461 1132 1496 ἁμαρτίας.
1149 1461 1186 1488 Οὐ
1202 1462 1257 1497 γὰρ
1277 1462 1308 1488 τδ
1327 1463 1363 1498 μὴ
1386 1462 1494 1497 ἀγνοεῖν
1510 1464 1559 1498 τὴν
1585 1463 1666 1498 φύσιν
1696 1465 1784 1498 αὐτῆς

137 1507 201 1534 dicit
215 1507 326 1542 (etenim
346 1506 416 1533 hanc
437 1513 492 1540 pra:
509 1505 614 1533 cateris
640 1504 770 1533 Servator
798 1506 927 1541 noverat)

992 1513 1054 1541 ρησι
1067 1505 1180 1540 (μᾶλλον
1191 1506 1244 1542 γὰρ
1258 1506 1366 1534 πάντων
1380 1507 1437 1543 ᾔδει
1448 1508 1532 1544 αὐτὴν
1549 1509 1564 1535 ὁ
1580 1509 1697 1544 Σωτὴρ),
1715 1509 1785 1536 ἀλλὰ

137 1555 183 1580 sed
199 1552 301 1587 peccati
318 1551 401 1579 fuisse
416 1555 566 1586 expertem.
582 1549 648 1577 Nam
663 1557 690 1577 et
705 1550 749 1578 ille
761 1551 805 1584 qni
822 1551 932 1577 manda-

137 1604 193 1626 tum
217 1599 355 1629 observat,
383 1597 483 1624 dicitur
503 1604 556 1623 non
579 1596 720 1630 agniturns
744 1596 855 1625 verbum
874 1603 932 1622 ma-

138 1650 191 1675 lntu
204 1649 237 1675 "°.

138 1695 215 1722 CAP.
232 1693 274 1724 Vl.
289 1700 367 1720 vsns.
384 1692 410 1719 δ.
425 1690 534 1718 Nemini
547 1692 641 1720 dantes
652 1690 733 1717 ullam
751 1689 932 1725 offensionem.

174 1739 305 1773 Quoniam
332 1737 447 1772 propitio
475 1742 596 1772 tempore
622 1742 650 1764 et
672 1736 715 1763 die
744 1736 841 1763 salutis
859 1736 930 1762 Deus

139 1784 288 1812 exaudiens
302 1783 450 1811 auxiliatus
464 1787 518 1816 est,
541 1783 683 1818 proprium
704 1781 802 1808 Filium
825 1781 934 1808 mittens

140 1831 303 1865 tradensque
318 1837 367 1865 pro
381 1829 467 1862 nobis,
489 1836 570 1856 nemo
585 1828 719 1855 ullatenus
742 1827 933 1855 ot’fendiculum

141 1877 308 1905 inﬁdelitatis
333 1876 390 1907 ﬁat,
417 1882 452 1902 ne
481 1875 610 1910 probrum
642 1874 738 1901 habeat
771 1874 934 1908 evangelicae

139 1925 270 1952 doctrinae
289 1922 480 1950 ministerium.
499 1921 589 1954 Quare
605 1920 757 1948 curandum
781 1920 876 1948 sedulo
893 1925 935 1948 est

140 1977 169 1998 ut
182 1971 402 1999 commendemus
417 1978 466 1998 nos
478 1971 605 2004 operibus
622 1969 710 2001 bonis.
733 1969 839 1996 etiamsi
860 1969 935 1996 labo-

141 2018 212 2045 riosa
240 2016 353 2045 fuerint.
382 2016 440 2044 Fiet
458 2020 548 2044 autem
571 2016 633 2047 hoc,
649 2015 671 2043 si
691 2015 848 2050 patientiam
867 2016 935 2042 retis

141 2069 246 2097 nentes,
283 2063 481 2095 tribulationcs,
519 2063 695 2090 necessitates
736 2066 763 2089 et
795 2062 934 2096 angustias

141 2114 248 2148 aliaque
277 2112 430 2147 huiusmodi
460 2111 567 2138 fortiter
593 2110 801 2146 pertulerimus,
830 2110 935 2137 vincula

141 2159 224 2187 etiam
245 2162 272 2186 et
290 2164 416 2186 carceres
433 2156 558 2184 hilariter
581 2155 772 2191 perpelientes.
801 2155 847 2183 Sic
863 2156 934 2182 enim

987 1551 1018 1577 τὸ
1036 1551 1073 1586 μὴ
1091 1551 1253 1586 πειραθῆναι
1267 1553 1364 1588 αὐτῆς
1381 1553 1452 1580 οὕτω
1470 1554 1524 1589 γὰρ
1547 1555 1594 1581 καὶ
1610 1555 1624 1580 ὀ
1638 1554 1785 1589 φυλάσσων

988 1596 1106 1632 ἐντολὴν,
1121 1598 1151 1624 οὺ
1163 1597 1297 1632 γνώσεται
1316 1599 1392 1634 ῥῆμα
1404 1601 1532 1636 πονηρόν.

1058 1690 1213 1725 Μηδεμίαν
1227 1691 1261 1718 ἐν
1275 1692 1383 1726 μηδενὶ
1398 1692 1503 1726 δόντες
1519 1695 1709 1729 προσκοπήν.

1030 1736 1105 1763 Ἐπεὶ
1116 1737 1203 1773 δεκτῷ
1224 1738 1313 1774 καιρῷ
1329 1739 1376 1765 καὶ
1406 1740 1542 1776 σωτηρίας
1559 1742 1649 1778 ἡμέρᾳ
1663 1742 1785 1768 ἐπακού-

983 1782 1039 1815 ﬁat;
1053 1783 1119 1816 Θεὸς
1135 1783 1277 1820 ἐϐοήθησε,
1295 1785 1407 1821 πέμψας
1419 1786 1465 1813 τὸν
1482 1787 1547 1814 ἴδιον
1558 1788 1621 1815 Υίδν
1632 1789 1683 1815 καῖ
1693 1797 1787 1824 παρα-

987 1829 1049 1861 δοὺς
1064 1829 1146 1856 αὑτὸν
1171 1830 1241 1866 ὑπὲρ
1261 1830 1350 1866 ἡμῶν,
1368 1831 1463 1866 μηδεὶς
1481 1833 1552 1859 κατά
1569 1833 1669 1869 μηδένα
1683 1835 1786 1870 τρόπον

989 1876 1132 1911 «penori;
1161 1877 1290 1909 ἀπιστίας
1313 1877 1438 1913 γένηται,
1457 1878 1501 1905 ῐνα
1516 1879 1553 1914 μὴ
1580 1880 1674 1914 μῶμον
1693 1882 1744 1916 rm
1768 1882 1785 1916 ἡ

988 1921 1111 1948 διακονία
1135 1922 1186 1957 τῆς
1202 1923 1383 1959 εὐαγγελικῆς
1397 1923 1583 1957 διδασκαλίας.
1600 1925 1683 1952 Ὅθεν
1701 1935 1788 1953 σπου-

987 1967 1099 1995 δαστέον
1115 1970 1270 1997 συνιστάναι
1285 1971 1399 2004 ἑαυτοὺς
1417 1971 1508 2008 ἔργοις
1519 1972 1641 2006 ἀγαθοῖς,
1660 1973 1712 2000 κᾶν
1729 1974 1789 2000 ἐπί-

990 2023 1058 2042 πονα
1067 2012 1119 2041 ὦσι
1131 2024 1138 2030 ·
1160 2017 1283 2050 γίγνεται
1306 2018 1334 2044 δὲ
1351 2017 1439 2050 τοῦτο,
1455 2018 1502 2045 ἑὰν
1514 2019 1653 2054 ὑπομονὴν
1665 2018 1786 2054 ἔχοντες,

989 2061 1104 2096 θλίψεις,
1137 2063 1182 2089 καὶ
1197 2063 1330 2098 ἀνάγκας,
1347 2064 1393 2091 καὶ
1415 2064 1606 2100 στενοχωρίας,
1624 2065 1671 2092 καὶ
1686 2065 1722 2092 τὰ
1734 2075 1789 2092 πα-

991 2108 1129 2144 ραπλήσια
1164 2109 1295 2143 γενναίως
1325 2109 1463 2145 φέρωμεν,
1488 2110 1576 2145 δεσμὰ
1592 2111 1638 2137 καὶ
1661 2111 1789 2147 φυλακῆς

989 2155 1088 2190 πεῖραν
1115 2154 1215 2191 ἱλαρῶς
1231 2155 1371 2190 φέροντες.
1389 2155 1466 2182 Οὕτω
1494 2156 1548 2192 γὰρ
1563 2156 1688 2190 ἁγνεύειν
1713 2158 1791 2184 κατὰ

142 2205 221 2233 nobis
235 2203 404 2232 sanctiﬁcari
421 2203 540 2230 animam
553 2202 702 2237 continget,
724 2208 797 2229 recte
817 2202 927 2229 sentien-

992 2200 1036 2236 τὴν
1047 2201 1135 2236 ψυχὴν
1150 2201 1328 2236 συμϐήσεται,
1344 2201 1411 2237 ὀρθὰ
1422 2202 1573 2238 φρονοῦσαν
1586 2203 1634 2230 καὶ
1649 2203 1791 2238 πράττου-

143 2258 196 2279 tem
213 2255 294 2286 atque
307 2254 442 2284 agentem.
459 2248 583 2280 Animas.
603 2248 700 2283 inquit,
717 2253 825 2276 nastras
837 2249 938 2276 sancti-

142 2300 267 2329 ﬁcantes,
285 2296 436 2324 obediendo
451 2295 600 2323 veritati".
619 2294 673 2322 Sed
687 2299 714 2322 et
731 2295 812 2322 timor
832 2294 937 2322 Domini

140 2349 252 2372 sanctus
275 2351 336 2371 cum
360 2343 406 2376 sit,
435 2343 618 2370 omnimodam
638 2341 811 2369 sanctitatem
836 2340 939 2369 confert

139 2389 354 2423 suscipientibus
368 2388 455 2415 illum.
741 2379 743 2383 ’

163 2436 248 2463 Vitis.
262 2436 288 2462 7.
308 2435 361 2462 Per
379 2443 455 2461 arma
463 2434 600 2469 jurtititea
614 2433 713 2460 dextris
728 2437 751 2459 et
766 2441 781 2458 ιι
794 2432 919 2459 sinistris.

179 2516 278 2544 Dextra
299 2519 327 2542 et
349 2514 459 2542 sinislra
480 2513 593 2548 justitic
609 2520 696 2546 arma,
723 2513 839 2541 fortasse
857 2513 880 2540 is
895 2517 937 2540 est

143 2563 189 2595 qui
206 2562 233 2589 in
249 2561 329 2589 rebus
345 2558 517 2587 sensibilibus
533 2563 588 2586 tam
603 2559 676 2594 juste
689 2567 719 2587 se
733 2560 814 2594 gerit,
845 2564 874 2586 ut
893 2559 938 2586 in-

142 2606 242 2641 juriam
254 2612 282 2634 et
294 2606 416 2641 rapinam
430 2606 484 2640 pati
499 2605 586 2638 malit,
600 2612 680 2640 quam
696 2605 754 2633 haec
766 2606 823 2641 ipse
836 2605 940 2633 facere:

181 2674 203 2689 "
224 2673 311 2700 Eccle.
335 2679 393 2705 vnt,
417 2672 446 2699 5.
481 2671 503 2688 τι
524 2670 618 2699 lPetr.
637 2679 656 2703 ι.
670 2670 715 2699 ‘22.

182 2754 238 2790 (54)
253 2754 316 2790 lla'c
329 2761 437 2790 quicque
448 2754 577 2781 adversus
592 2752 764 2790 Manichteos,
784 2754 935 2790 quosripso-

147 2787 206 2816 rum
221 2787 374 2816 confutatur
390 2789 519 2823 Didymus
535 2796 606 2822 saepe
624 2796 679 2822 pne
695 2787 779 2814 oculis
789 2787 915 2816 habebat.

184 2823 240 2859 (55)
257 2823 386 2850 Memorat
397 2824 440 2850 hic
455 2823 582 2858 Didymus
604 2824 828 2850 commentarium
848 2831 935 2859 suum

147 2861 175 2887 in
190 2858 341 2892 Proverbia,
354 2859 430 2894 cujus
445 2866 493 2886 nos
507 2859 556 2893 ipsi
577 2865 628 2886 non
643 2865 744 2893 paucas
761 2858 887 2893 reliquias
901 2866 936 2886 ex

992 2255 1052 2273 σαν.
1067 2247 1124 2278 Τὰς
1141 2247 1230 2282 ψυχὰς
1247 2248 1301 2282 γὰρ
1316 2247 1394 2283 ἡμῶν
1409 2248 1476 2284 (56),
1492 2249 1584 2284 φησὶν,
1599 2250 1743 2284 ἡγνικότες
1759 2252 1792 2277 ἐν

990 2294 1023 2328 τῇ
1037 2294 1143 2329 ὑπακοῇ
1161 2294 1211 2328 τῆς
1228 2293 1368 2329 ἀληθείας.
1390 2295 1469 2321 Ἀλλά
1486 2297 1533 2322 καὶ
1546 2297 1560 2322 ὁ
1578 2296 1659 2330 φόϐος
1681 2297 1791 2332 Κυρίου

990 2339 1072 2372 ἁγνὸς
1083 2339 1130 2371 ὣν,
1141 2340 1231 2366 πᾶσαν
1248 2340 1358 2374 ἁγνείαν
1372 2342 1510 2376 περιποιεῖ
1525 2341 1563 2377 τῷ
1580 2342 1662 2368 αὑτὸν
1677 2342 1794 2377 ἀνειλη-

990 2385 1061 2419 φότι.

990 2430 1040 2458 Διὰ
1060 2430 1118 2457 τῶν
1135 2431 1238 2459 ὅπλων
1258 2432 1313 2466 τῆς
1323 2432 1519 2467 δικαιοσύνης
1539 2433 1598 2460 τῶν
1617 2433 1726 2465 δεξιῶν
1736 2435 1792 2461 καὶ

1298 2468 1472 2502 ἀριστερῶν.

1023 2513 1104 2546 Δεξιὰ
1118 2513 1166 2539 καὶ
1194 2513 1328 2549 ἀριστερὰ
1342 2514 1412 2540 ὅπλα
1442 2515 1492 2550 τῆς
1517 2514 1691 2551 δικαιοσύνης
1703 2512 1792 2546 εἶναι,

989 2559 1059 2594 τάχα
1071 2557 1117 2586 οὖν
1127 2560 1141 2585 ὁ
1153 2561 1216 2596 περὶ
1227 2560 1261 2586 τὰ
1276 2561 1392 2595 αἰσθητὰ
1401 2561 1615 2596 δικαιοπραγῶν,
1628 2561 1664 2592 ὡς
1684 2561 1795 2588 ἐθέλειν

993 2605 1093 2641 μᾶλλον
1109 2606 1259 2633 ἀδικεῖσθαι
1276 2607 1323 2634 καὶ
1335 2607 1556 2643 ἀποστερεῖσθαι,
1572 2607 1588 2643 ἢ
1607 2608 1694 2634 ποιεῖν
1705 2607 1795 2638 sint;

998 2753 1128 2780 Vaticano
1139 2753 1234 2779 codice
1250 2753 1395 2784 edidimus,
1409 2761 1477 2787 quas
1488 2753 1589 2781 videsis
1615 2754 1648 2780 ad
1672 2753 1795 2781 citatum

990 2788 1034 2815 hic
1049 2788 1254 2825 Proverbiorum
1268 2787 1373 2825 locum,
1386 2797 1447 2825 cap.
1461 2797 1489 2822 ν,
1505 2789 1548 2822 17,
1564 2789 1607 2816 ubi
1619 2796 1715 2824 reapse
1727 2791 1795 2823 plu-

992 2824 1067 2850 rihus
1078 2823 1170 2849 deltac
1187 2830 1218 2849 re
1234 2823 1332 2857 agitur.

1029 2859 1086 2894 (56)
1100 2857 1138 2886 Ita
1151 2858 1212 2886 cod.
1231 2865 1284 2885 non
1300 2857 1388 2894 ὑμῶν.
