1913 3071
140 167 155 193 1
163 165 212 194 τοο

580 166 790 194 FRAGMENTA
812 166 844 193 IN
867 165 974 193 EPIST.
997 165 1017 192 11
1039 165 1084 192 AD
1103 164 1321 194 CORINTHIOS.

1696 166 1765 196 1710

143 223 243 251 ταῦτα·
272 223 425 259 πέφρακται
443 225 497 255 τοῖς
514 224 604 255 ὅπλοις
627 226 675 260 τῆς
689 226 860 260 δικαιοσύνης
876 227 930 256 τοῖς

986 225 1026 252 hic
1055 227 1192 252 enimvero
1213 224 1324 258 justitiae
1347 223 1448 251 dextris
1473 225 1556 252 armis
1579 225 1698 253 munitus
1712 232 1765 255 cst.

142 270 308 305 ἀριστεροῖς·
321 269 367 296 τοῦ
384 270 433 305 τὴν
443 270 510 304 πρὸς
526 270 591 297 Θεὸν
607 271 788 307 δικαιοσύνην,
804 272 929 306 ὁσιότητα

142 316 324 350 καλουμένην,
343 315 449 350 ἔχοντος
466 317 494 342 ἐν
522 316 561 352 τῷ
576 317 729 344 ἀποδιδόναι
745 318 778 345 τὰ
799 318 846 345 τοῦ
861 318 928 345 Θεοῦ

141 360 180 394 τῷ
191 359 260 395 θεῷ,
275 360 421 395 φοροῦντος
441 360 471 386 τὰ
482 361 555 394 δεξιὰ
567 361 661 396 αὐτῆς.
681 363 769 388 Ὅπλα
785 364 812 389 ἐν
828 363 929 398 ἑτέροις

143 405 231 439 φωτὸς
249 405 356 441 εἴρηται
384 406 413 431 ἐν
434 405 482 440 τῷ,
500 415 509 430 ι
527 406 685 433 Ἐνδύσασθε
711 407 780 433 ὅπλα
803 408 900 441 φωτός.
917 418 926 434 ι

143 450 236 476 Ταῦτα
249 450 284 476 τὰ
299 450 368 477 ὅπλα
379 450 428 485 τῆς
448 452 577 486 στρατιᾶς
604 452 634 478 οὐ
651 452 776 487 σάρκινα,
791 453 929 479 τουτέστιν

141 495 192 522 οὐκ
205 496 372 532 ἀνθρώπινα,
389 497 457 524 ἀλλὰ
468 497 566 525 δυνατὰ
581 498 619 532 τῷ
630 498 689 533 Θεῷ
702 499 838 533 τυγχάνει.
860 500 930 525 Ἐπί-

144 549 241 576 στησον
256 543 279 567 εἰ
301 541 410 568 δύναται
436 542 505 569 ὅπλα
535 543 737 579 ὰριστερώτερα
760 544 930 580 δικαιοσύνης

143 586 226 622 ἔχειν,
248 588 263 613 ὁ
285 588 356 614 κατὰ
383 589 433 623 τὴν
464 589 543 615 σκιὰν
567 589 613 615 τοῦ
629 590 709 624 νόμου
724 590 928 625 δικαιούμενος·

142 633 212 659 ὃπλα
225 633 254 660 δὲ
265 633 349 666 δεξιὰ,
364 635 378 660 ὁ
393 635 579 669 πεποιωμένος
601 636 670 662 κατὰ
682 635 730 672 τὴν
745 636 928 672 δικαιοσύνην,

142 679 192 713 τὴν
206 679 351 715 γινομένην
377 679 420 706 διὰ
440 679 525 714 Ἰησοῦ
545 680 662 716 Χριστοῦ
688 682 728 713 είς
740 681 844 714 πάντας
866 683 930 715 τοὺς

144 724 330 756 πιστεύοντας.
349 725 421 762 Αὕτη
431 725 459 752 δέ
474 727 530 752 ἐστι
545 727 609 762 περ).
620 724 653 762 ἧς
671 727 685 753 ὁ
698 727 791 763 Σωτὴρ
803 730 859 760 τοῖς
876 737 929 764 μα·

143 768 238 803 θηταῖς
250 767 326 796 εἶπεν
336 778 342 784 ·
364 779 374 795 α
397 770 458 796 Ἐὰν
475 771 514 806 μὴ
527 772 692 808 περισσεύσῃ
712 773 728 807 ὴ
742 773 818 807 ὑμῶν
828 773 929 800 δικαιο-

144 813 210 849 σύνη
220 815 300 841 πλέον
306 815 359 841 τῶν
368 815 556 851 Γραμματέων
564 818 609 844 καὶ
615 818 778 853 Φαρισαίων,
788 819 817 845 οὐ
827 819 863 854 μὴ
874 820 929 844 είσ-

144 859 240 895 ἔλθητε
251 861 291 891 είς
299 861 349 896 τὴν
357 861 494 895 βασιλείαν
501 862 555 889 τῶν
561 862 591 888 οὺ
596 863 694 898 ρανῶν.
701 872 710 888 ι
723 863 783 889 Ἔτι
790 864 803 889 ὁ
811 863 840 889 τὺ
848 863 931 889 δίκαι-

984 270 1033 302 Qui
1046 270 1176 304 justitiam
1191 277 1254 304 erga
1278 270 1372 302 Deum,
1402 276 1483 304 quam
1502 271 1673 298 sanctitatem
1690 279 1767 300 voca-

984 323 1053 345 mus,
1070 315 1168 342 retinet
1181 315 1243 341 dtnn
1259 315 1312 342 Deo
1328 315 1374 342 dat
1388 322 1448 349 quae
1469 319 1531 342 sunt
1559 315 1616 349 Dei,
1643 317 1687 344 hic
1709 315 1766 351 ejus

984 361 1077 386 dextra
1104 368 1177 386 arma
1202 360 1263 388 fert.
1285 361 1354 388 Alibi
1370 361 1496 388 dicuntur
1512 368 1586 387 arma
1610 362 1686 394 lucis,
1704 361 1765 389 dum

984 405 1098 433 dicitur:
1116 413 1126 432 ‹
1145 407 1248 434 lnduite
1263 414 1337 433 arma
1350 407 1417 434 lucis
1427 407 1460 434 '".
1480 416 1490 433 ι
1507 407 1676 435 11τιξοηιξιῑιὶίε
1693 416 1766 436 arma

984 458 1038 478 non
1067 451 1197 483 carnalia,
1226 451 1252 478 id
1281 456 1323 478 est
1347 452 1476 485 humana,
1497 452 1543 479 sed
1569 453 1687 486 potentia
1714 453 1768 481 Deo

984 496 1087 523 sunt”.
1108 497 1139 524 Et
1152 497 1267 529 videsis,
1286 505 1348 524 uum
1363 504 1437 524 arma
1455 497 1544 532 potius
1559 499 1667 526 sinistra
1690 499 1769 533 justi-

985 542 1028 568 tiat
1053 547 1139 575 gerat,
1166 542 1212 576 qui
1238 542 1264 569 in
1283 543 1348 578 legis
1365 542 1460 570 umbra
1475 544 1658 578 justificatur:
1674 546 1767 573 dextra

985 592 1074 614 autem
1089 595 1174 618 artua,
1196 588 1219 614 is
1234 589 1279 623 qui
1293 595 1347 623 pra:
1364 595 1394 616 se
1409 588 1462 616 fert
1481 589 1626 623 justitiam,
1650 599 1709 626 qua:
1729 595 1770 619 est

984 640 1031 667 per
1055 631 1146 659 Iesum
1173 633 1322 667 Christum,
1349 641 1412 669 erga
1437 642 1532 663 omnes
1555 637 1705 664 credentes.
1723 637 1771 664 Est

985 685 1049 706 vero
1064 679 1132 710 haec,
1147 679 1179 707 de
1194 685 1246 714 qua
1265 680 1391 708 Salvator
1403 680 1493 709 aiebat
1505 681 1643 716 discipulis
1657 692 1663 710 :
1684 691 1694 709 ι
1714 683 1768 711 Nisi

984 724 1274 758 almndaveritjustitia
1291 731 1380 753 vestra
1395 726 1454 760 plus
1469 734 1549 762 quam
1566 727 1722 756 Scribarum
1744 734 1770 756 et

984 768 1191 802 Pharisaeorum,
1202 777 1254 796 non
1267 770 1399 798 intrabitis
1411 771 1436 798 in
1450 779 1560 807 regnum
1569 773 1699 801 caelorum
1708 775 1742 803 ⁷⁸.
1758 784 1767 800 ι

983 810 1117 841 Praeterea
1149 814 1195 848 qui
1224 818 1327 841 rectum
1351 819 1423 841 recte
1454 819 1572 842 sectatur
1604 817 1772 844 inhumano

986 859 1149 886 commercio
1160 878 1169 892 ,
1183 859 1302 887 sinistris
1317 859 1429 894 iustitia:
1448 862 1530 891 armis
1557 862 1704 890 instructus
1717 869 1769 892 cst.

142 913 172 931 ον
187 904 297 937 δικαίως
303 905 407 933 διώκων
422 907 492 934 κατὰ
502 907 535 933 τὰ
545 907 701 944 ἀνθρώπινα
709 909 930 944 συναλλάγματα,

986 904 1033 938 Qui
1050 912 1113 932 vero
1127 905 1273 933 secundum
1290 907 1410 934 veritatis
1423 907 1548 942 dogmata
1568 907 1594 934 id
1613 909 1676 943 agit,
1694 914 1722 935 ut
1737 909 1771 936 ﬁ-

143 950 276 980 ὦπλισται
305 952 376 979 κατὰ
389 953 423 980 τὰ
435 953 608 988 δικαιοσύνης
631 954 764 990 ἀριστερὰ
780 954 848 982 ὅπλα
857 963 864 969 ·
876 955 891 981 ὁ
902 955 931 981 δὲ

143 998 212 1025 κατὰ
223 998 257 1024 τὰ
276 999 397 1033 δόγματα
411 999 462 1033 τῆς
479 999 605 1034 ἀληθείας
619 1000 698 1026 τοῦτο
709 1000 846 1035 πράττων,
861 1001 931 1036 ὑπὲρ

142 1043 189 1070 τοῦ
205 1044 262 1075 υίὸς
277 1044 450 1079 δικαιοσύνης
473 1045 599 1078 γενέσθαι
618 1045 781 1080 διωκόμενος
797 1046 865 1081 ὑπὲρ
881 1046 930 1072 αὺ-

142 1090 201 1124 τῆς,
217 1091 295 1124 φέρει
309 1090 343 1116 τὰ
361 1089 437 1121 δεξιὰ
454 1090 538 1125 αὐτῆς
553 1090 633 1117 ὅπλα.
649 1091 719 1126 Ὅρα
735 1099 767 1124 γε
792 1092 860 1127 πρὸς
876 1093 930 1123 τοῖς

142 1136 306 1171 εἰρημένοις,
319 1136 343 1161 εί
357 1135 434 1169 λόγον
449 1136 504 1171 ἔχει
520 1136 550 1162 τὸ
576 1136 787 1172 λεχθησόμενον
818 1138 847 1163 ’0
861 1138 930 1173 ὑπὲρ

143 1183 284 1214 εὐσεϐείας
297 1183 504 1218 ἀτιμαζόμενος,
517 1182 741 1218 δυσφημούμενός
750 1192 779 1209 τε
797 1183 844 1210 καὶ
861 1184 930 1211 πλά-

142 1237 187 1260 νος
200 1229 466 1264 ὑπολαμῦανόμενος,
481 1228 612 1262 γενναίως
627 1229 673 1256 καὶ
683 1229 832 1261 ἐπαινετῶς
845 1229 931 1256 ταῦτα

143 1275 244 1310 φέρων,
263 1275 415 1310 ἀριστεροῖς
441 1275 533 1306 ὅπλοις
561 1276 610 1309 τῆς
629 1275 800 1310 δικαιοσύνης
820 1276 928 1311 χρᾶται,

142 1323 198 1352 τοῖς
212 1319 309 1352 δεξιοῖς
323 1320 407 1355 αὐτῆς
424 1321 516 1352 ὅπλοις
545 1321 754 1356 ὴσψαλισμένος,
771 1322 809 1348 ὅτ’
826 1321 858 1347 ἂν
877 1322 929 1357 μὴν

144 1366 252 1397 ἔπαινος
265 1367 281 1402 ἢ
295 1367 376 1401 ἑτέρα
386 1375 427 1398 τις
438 1365 545 1393 εῠκλεια
563 1367 608 1393 καὶ
621 1367 752 1401 εὐφημία,
765 1367 801 1398 ὡς
816 1368 859 1393 ἐπ’
868 1367 930 1402 ἁλη-

144 1412 235 1447 θότητι
259 1413 348 1446 λόγου,
371 1414 463 1447 χαυνοῖ
491 1413 538 1438 καὶ
551 1413 661 1449 ὲπαίρῃ,
677 1413 769 1449 Ταύτῃ
785 1414 816 1448 τῇ
828 1413 930 1448 διανοίᾳ

124 1449 126 1451 ἓ
144 1457 191 1483 καὶ
203 1457 258 1483 τῶν
279 1457 419 1492 ἑπομένων
439 1458 554 1483 ἕκαστον
571 1458 638 1492 μετὰ
653 1458 701 1492 τῆς
725 1458 810 1492 αὐτῆς
825 1459 930 1484 ἀντιθέ-

145 1509 213 1534 σεως
228 1502 371 1537 εἰρημένον
387 1503 559 1538 ἐφαρμόσεις.

206 1549 252 1575 Στ.
266 1551 292 1574 ι’.
312 1549 360 1582 Ὠς
373 1550 566 1583 λυπούμενοι,
583 1549 631 1575 ἀρ)
641 1549 674 1576 δὲ
689 1550 855 1584 χιιιζροντες.

985 952 1037 979 lius
1050 951 1163 985 iustitia:
1174 951 1230 984 ﬁat,
1240 953 1455 987 persecutionem
1467 953 1548 988 hujus
1559 961 1640 981 causa
1654 955 1768 989 patiens.

985 997 1029 1024 hic
1047 999 1140 1024 dextra
1175 997 1295 1031 ejusdem
1331 1005 1406 1025 arma
1428 998 1508 1033 gerit.
1539 999 1572 1026 Et
1584 999 1655 1032 vide,
1674 1005 1771 1035 przeter

981 1042 1038 1076 jam
1054 1044 1136 1077 dicta,
1151 1051 1185 1071 an
1200 1048 1272 1071 recte
1287 1051 1317 1072 se
1332 1044 1441 1078 habeat,
1458 1045 1531 1080 quod
1546 1045 1635 1073 adhuc
1649 1046 1771 1075 dicturus

985 1097 1058 1116 sum:
1074 1089 1123 1122 Qui
1136 1089 1284 1117 maledictis
1300 1091 1444 1125 appetitus,
1460 1095 1487 1118 et
1501 1091 1630 1125 impostor
1639 1093 1770 1122 creditus,

985 1134 1090 1161 lortiter
1099 1141 1131 1161 ac
1147 1134 1317 1161 laudabiliter
1336 1134 1394 1162 haec
1407 1134 1519 1168 perfert,
1548 1135 1666 1163 sinistris
1686 1137 1771 1163 armis

982 1178 1096 1214 justitia‘
1111 1181 1205 1213 utitur,
1222 1187 1282 1207 cum
1296 1180 1330 1208 sit
1347 1180 1451 1208 dextris
1467 1181 1587 1215 ejusdem
1606 1182 1688 1210 armis
1705 1190 1771 1210 conc

985 1230 1081 1259 tectus,
1099 1226 1121 1252 si
1135 1227 1244 1260 quando
1262 1226 1332 1258 laus,
1348 1231 1394 1253 aut
1409 1225 1460 1253 alia
1472 1227 1560 1261 aliqua
1577 1227 1647 1254 fama
1662 1233 1689 1255 et
1703 1236 1770 1262 prte-

983 1270 1103 1303 conium,
1121 1271 1178 1298 veri
1190 1271 1277 1298 instar
1287 1270 1433 1303 sermonis,
1451 1271 1581 1298 tumidum
1596 1271 1675 1299 faciat
1690 1277 1771 1307 atque

983 1316 1094 1344 elatum.
1111 1316 1179 1344 lluic
1196 1317 1348 1350 sententiae,
1366 1317 1471 1351 singula
1487 1318 1589 1352 pariter
1603 1325 1662 1352 quae
1679 1318 1771 1345 subse-

984 1367 1115 1396 quunltlr,
1141 1362 1235 1390 eadem
1258 1369 1319 1389 cum
1346 1362 1474 1390 antithesi
1493 1363 1644 1398 proferens,
1663 1371 1771 1391 accom-

985 1406 1117 1433 modabis.

1005 1541 1085 1570 \‘Eus.
1101 1541 1145 1568 10.
1168 1541 1251 1573 Quasi
1264 1542 1352 1568 tristes
1362 1561 1369 1574 ,
1383 1550 1483 1576 semper
1497 1549 1583 1570 autem
1598 1544 1750 1578 gaudentes.

174 1594 234 1621 Ἔτι
249 1594 441 1630 ὑπονοούμενοι
456 1594 608 1627 λυπεῖσθαι,
627 1595 674 1621 καὶ
693 1597 795 1631 πτωχοὶ
810 1597 857 1623 καὶ
874 1605 927 1634 μη-

1019 1586 1115 1614 Adhuc
1133 1587 1178 1622 qui
1201 1587 1338 1614 credimur
1362 1587 1453 1619 tristes
1473 1595 1551 1622 esse,
1573 1593 1601 1616 et
1623 1597 1770 1624 pauperes,

143 1640 188 1667 ξεν
204 1640 320 1675 ἔχοντες,
338 1640 370 1666 δι’
384 1640 417 1675 ῆν
433 1639 618 1676 κατορθοῦμεν
640 1641 830 1677 ἀκτημοσύνην
840 1641 932 1678 χαίρο-

145 1694 205 1721 μεν,
225 1686 401 1717 πλουτοῦντες
420 1686 510 1722 ἔργοις
528 1687 649 1720 ἀγαθοῖς,
676 1687 722 1713 κα)⁸
752 1688 833 1714 παντὶ
849 1687 929 1722 λόγῳ,

143 1733 190 1758 καὶ
203 1733 277 1768 πάσῃ
291 1732 406 1766 γνώσει’
431 1733 468 1764 ὡς
499 1734 546 1760 καὶ
560 1733 655 1765 ἄλλους
683 1733 836 1766 πλουτίζειν
861 1734 932 1760 κατὰ

142 1777 187 1803 τὸν
201 1777 315 1804 πλοῦτον
331 1778 376 1804 τὸν
392 1777 437 1809 ὀξὺ
456 1777 595 1813 βλέποντα.
624 1778 651 1805 Ὀ
666 1779 721 1814 γὰρ
735 1778 828 1806 τοῦτον
851 1778 929 1813 ἔχων,

143 1823 252 1849 πάντων
267 1824 404 1859 ἐγκρατής
420 1824 503 1854 ἐστιν.
531 1824 652 1858 κατέχων
677 1825 755 1852 αὑτά,
773 1824 809 1851 Εὖ
837 1825 865 1851 δὲ
885 1825 931 1851 καὶ

142 1867 173 1893 τὸ
186 1869 271 1893 είπεῖν
285 1869 327 1902 ἐφ’
347 1867 461 1894 ἑκάστου
482 1869 536 1894 τῶν
559 1869 658 1903 ἀηδῶν,
674 1870 712 1901 ὡς
724 1870 763 1901 τὸ,
796 1879 805 1894 t
818 1870 879 1896 Ἐπὶ
903 1870 930 1896 δὲ

142 1912 196 1939 τῶν
213 1913 303 1940 καλῶν
318 1914 365 1940 καὶ
385 1914 562 1949 σωτηριωδῶν
578 1914 657 1940 τοῦτό
675 1924 718 1949 μοι
735 1915 851 1951 εἴρηται.
867 1925 876 1941 ι

188 2044 237 2070 Στ.
256 2044 301 2070 ια’.
316 2045 350 2071 Τὸ
364 2047 461 2079 στόμα
471 2045 554 2080 ἡμῶν
568 2044 680 2079 ἀνέῳγε
694 2045 769 2078 πρὸς
783 2045 873 2080 ἡμᾶς.

178 2089 207 2116 Ὀ
219 2090 316 2126 πολλὴν
332 2091 483 2127 παρρησίαν
497 2092 535 2122 εἰς
555 2091 585 2117 τὸ
601 2090 688 2124 λέγειν
700 2090 798 2123 λαϐὼν,
817 2091 870 2126 πρὸ
879 2091 928 2126 τῆς

145 2140 296 2176 προθυμίας
311 2140 365 2165 τῶν
382 2139 524 2175 ἀκροατῶν
544 2140 618 2175 ἑρεῖ’
638 2140 676 2166 Τὸ
688 2140 773 2175 στόμα
792 2140 873 2176 ἡμῶν
885 2141 931 2167 ἀν-

142 2185 221 2220 έῳγε,
249 2185 295 2211 καὶ
316 2186 332 2219 ὴ
349 2184 447 2220 καρδία
469 2185 498 2210 ἑν
521 2184 559 2219 τῷ
584 2185 653 2211 νοεῖν
674 2184 836 2211 πλατύνεται
863 2184 930 2220 πρὸς

144 2231 224 2265 ὑμᾶς,
248 2227 270 2256 ὦ
293 2229 445 2265 Κορίνθιοι·
468 2229 508 2256 διὸ
525 2229 570 2256 καὶ
593 2230 802 2265 στενοχωρεῖσθε
824 2229 876 2256 ὑπὸ
889 2230 931 2256 ὲν-

142 2276 271 2311 οχλούσης
286 2276 405 2309 ἀγνοίας.
416 2275 472 2302 οὐκ
483 2275 512 2308 ἐξ
526 2275 604 2311 ὴμιῗν
617 2275 672 2310 ἔχει
685 2274 774 2302 τοῦτο.
791 2275 933 2302 ’Λπαιτοῦ-

144 2330 194 2356 μεν
211 2321 264 2356 γὰρ
277 2321 348 2356 ὑμᾶς
363 2321 401 2352 ὡς
412 2321 494 2348 τέκνα
508 2321 679 2356 ἀντιμισθίαν
693 2322 845 2356 παρασχεῖν
858 2322 933 2356 ἡμῖν,

142 2367 186 2394 διὰ
200 2367 246 2394 τοῦ
267 2366 411 2394 πλατύνειν
423 2366 499 2402 ὑμῶν
519 2367 569 2402 τὴν
585 2367 677 2402 νόησιν
693 2367 760 2402 πρὸς
779 2367 934 2402 παραδοχὴν

142 2412 176 2450 ἧς
197 2414 387 2449 προσφέρομεν
402 2414 466 2449 ὑμῖν
483 2413 658 2445 παιδεύσεως.
690 2413 834 2448 Σπλάγχνα
847 2413 876 2439 δὲ
889 2414 934 2439 ὲν-

143 2459 229 2487 ταῦθα
238 2460 362 2486 ἐκλαϐεῖν
377 2460 417 2486 δεῖ
432 2460 482 2487 οὐκ
494 2459 626 2494 αἰσθητά·
650 2460 681 2486 οὺ
700 2459 754 2495 γὰρ
770 2460 835 2494 περὶ
846 2467 935 2494 σωμα-

143 2506 237 2539 τικῶν,
257 2506 325 2533 ἀλλὰ
339 2506 541 2541 πνευματικῶν,
556 2506 570 2531 ὁ
584 2505 672 2539 λόγος.

182 2595 227 2621 Στ.
243 2594 283 2622 ιδ.
293 2597 341 2631 Μὴ
354 2598 476 2632 γίνεσθε
489 2596 730 2631 ἐτεροῷγοῦντες
741 2596 890 2629 ἀπίστοις.

184 2640 410 2674 Ἑκκλησιαστικῇ
428 2638 566 2673 συνηθείᾳ,
585 2637 685 2672 μᾶλλον
699 2637 728 2663 δὲ
741 2639 874 2672 γραφικῇ,
888 2636 934 2663 σύ-

142 2685 218 2720 ζυγοι
235 2686 262 2712 αἱ
280 2685 398 2721 γαμεταὶ
406 2687 461 2717 τοῖς
475 2684 586 2720 ἀνδράσι
600 2684 732 2718 λέγονται.
745 2683 852 2710 κωλύει
865 2683 930 2717 γοῦν

142 2732 189 2759 καὶ
197 2732 240 2758 διὰ
254 2732 307 2766 τῷν
322 2731 509 2766 προκειμένων
524 2729 713 2766 ἑτερογαμίαν,
727 2729 849 2765 γράφων·
863 2739 871 2754 ι
884 2729 929 2764 Μὴ

141 2778 235 2806 ἔπεσθε
252 2778 474 2814 ἑτεροζυγοῦντες
483 2777 633 2808 ἀπίστοις-ο
645 2775 784 2811 μονονουχὶ
797 2775 875 2802 τοῦτο
887 2777 929 2802 λέ-

986 1637 1012 1660 et
1041 1633 1107 1660 nihil
1132 1633 1283 1665 habentes,
1310 1638 1421 1669 propter
1448 1634 1520 1661 illam
1550 1642 1631 1669 quam
1661 1637 1767 1671 prome.

986 1687 1045 1706 mur
1060 1680 1178 1714 inopiam
1201 1680 1367 1715 gaudemus,
1394 1680 1457 1715 quia
1479 1680 1558 1708 bonis
1580 1682 1707 1716 operibus
1732 1684 1771 1710 di—

985 1726 1054 1763 vites
1077 1732 1191 1758 sumus,
1217 1732 1250 1752 ac
1271 1732 1397 1753 sermone
1421 1727 1494 1753 omni
1518 1731 1546 1753 et
1568 1728 1642 1754 omni
1664 1732 1772 1755 senten-

986 1771 1044 1802 tia;
1071 1771 1108 1797 iIa
1133 1776 1162 1797 ut
1183 1771 1251 1798 alios
1273 1778 1381 1806 quoque
1407 1772 1623 1807 locupletemus,
1647 1781 1681 1801 eo
1704 1774 1772 1801 divi-

985 1817 1082 1843 tiarum
1107 1823 1227 1850 genere,
1256 1817 1326 1850 quod
1354 1822 1433 1844 acute
1459 1817 1608 1852 perspicit;
1636 1826 1698 1846 nam
1724 1821 1770 1853 qui

984 1862 1116 1896 ejusmodi
1144 1869 1210 1895 opes
1233 1861 1332 1894 habet,
1360 1862 1394 1888 ab
1421 1863 1548 1890 omnibus
1573 1864 1711 1896 abstinet,
1740 1866 1772 1891 iis

984 1912 1138 1935 comenlus.
1167 1907 1250 1935 Recte
1276 1913 1364 1934 autem
1388 1908 1439 1935 dici
1469 1913 1557 1943 potest
1587 1909 1613 1936 in
1643 1911 1773 1938 molestiis

986 1953 1116 1986 singulis,
1136 1953 1208 1980 velut
1234 1953 1297 1980 illud
1311 1973 1318 1986 ,
1333 1962 1342 1979 ‹
1359 1953 1388 1980 in
1409 1953 1546 1988 praeclaris
1566 1959 1655 1982 autem
1679 1962 1709 1982 ac
1731 1963 1773 1983 sa-

985 1998 1116 2026 lutaribus
1139 1999 1190 2026 hoc
1214 1999 1279 2026 mihi
1308 2000 1408 2027 dictum
1431 2004 1474 2027 est
1496 2000 1528 2027 ".
1549 2009 1558 2026 ι

1097 2043 1179 2072 Vsus.
1202 2045 1244 2072 Η.
1267 2044 1303 2072 Os
1324 2050 1441 2072 nostrum
1460 2050 1529 2079 pale!
1550 2047 1584 2072 ad
1604 2054 1659 2073 uos.

1020 2090 1070 2123 Qui
1091 2090 1202 2118 multam
1222 2091 1272 2118 sibi
1291 2090 1417 2118 ﬁduciam
1433 2090 1541 2118 dicendi
1566 2092 1701 2127 sumpsit,
1723 2100 1772 2119 au-

985 2137 1115 2166 dientium
1145 2143 1254 2171 quoque
1281 2137 1446 2164 voluntatem
1473 2137 1630 2171 prmvcniet.
1659 2138 1695 2166 Os
1722 2146 1771 2166 no-

985 2188 1071 2210 strum
1101 2187 1194 2217 patet,
1227 2187 1255 2210 et
1285 2189 1333 2210 cor
1363 2182 1521 2211 meditando
1549 2184 1679 2211 dilatatur
1707 2192 1770 2220 erga

986 2235 1050 2260 vos,
1073 2235 1090 2254 ο
1112 2227 1256 2254 Corinthii.
1288 2226 1434 2261 Propterea
1463 2231 1492 2254 et
1517 2228 1709 2262 augustiamini
1737 2231 1770 2256 ob

988 2273 1102 2300 inscitia:
1128 2272 1296 2300 molestiam:
1322 2273 1349 2299 id
1375 2277 1464 2300 tamen
1487 2280 1570 2300 causa
1598 2279 1690 2301 nostra
1717 2281 1769 2302 nou

985 2318 1024 2346 ﬁt.
1053 2318 1190 2353 Rogamus
1214 2326 1262 2346 vos
1287 2322 1413 2353 tanquam
1438 2318 1525 2351 ﬁlios,
1549 2323 1579 2345 ut
1603 2326 1651 2346 nos
1676 2327 1767 2347 remu-

984 2363 1115 2390 ucremini
1130 2382 1138 2394 ,
1159 2362 1297 2390 dilatando
1321 2361 1426 2389 scilicet
1453 2367 1570 2389 mentem
1595 2368 1712 2389 vestram
1734 2364 1770 2391 ob

984 2408 1171 2442 excipiendam
1196 2415 1275 2442 quam
1298 2407 1375 2434 vobis
1400 2407 1532 2434 tradimus
1560 2407 1766 2436 institutionem.

985 2455 1097 2482 Viscera
1122 2459 1212 2482 autem
1235 2454 1279 2481 hic
1309 2453 1459 2489 intelligere
1484 2458 1590 2488 oportet
1616 2454 1686 2482 haud
1712 2462 1769 2481 ma—

984 2501 1108 2534 terialia;
1133 2508 1186 2527 non
1206 2500 1278 2527 enim
1297 2499 1329 2526 de
1344 2498 1530 2534 corporalibus
1546 2499 1644 2533 rebus,
1669 2499 1716 2526 sed
1735 2499 1769 2526 de
1815 2531 1818 2534 _

983 2547 1169 2580 spiritualibus
1188 2552 1278 2573 sermo
1299 2549 1350 2572 est.

1019 2591 1101 2619 Vsus.
1119 2591 1162 2618 M.
1179 2590 1269 2618 Nolite
1277 2590 1373 2625 jugum
1390 2590 1483 2616 ducere
1499 2596 1558 2615 cum
1573 2587 1732 2622 inﬁdelibus.

1018 2637 1208 2666 Ecciesiastica
1226 2637 1279 2664 imo
1298 2636 1386 2672 potius
1402 2635 1554 2670 scripturali
1571 2635 1766 2662 consuetudine

984 2683 1133 2718 conjugatae
1158 2683 1223 2710 viris
1245 2682 1373 2710 dicuntur
1395 2689 1505 2708 uxores.
1535 2680 1612 2708 Vetat
1637 2688 1702 2717 ergo
1726 2682 1767 2709 his

984 2729 1071 2757 verbis
1093 2729 1201 2764 nuptias
1225 2736 1287 2756 cum
1313 2727 1426 2759 alienis,
1449 2727 1562 2754 dicens:
1578 2736 1588 2753 ι
1605 2726 1643 2755 Ne
1664 2728 1768 2755 ducetis

980 2775 1073 2810 jugum
1097 2782 1159 2802 cum
1181 2774 1343 2801 inﬁdelibus.
1361 2783 1371 2799 ›
1387 2772 1442 2801 lloc
1457 2774 1650 2809 pr0pcmodum
1668 2774 1767 2803 diserte

177 2882 200 2899 "
221 2883 298 2911 Rom.
314 2882 430 2915 xut,12.
470 2882 491 2898 ⁷³
504 2883 524 2910 11
534 2881 597 2909 Cor.
614 2889 641 2915 κ,
655 2881 682 2909 4.
721 2882 741 2896 τ’
756 2880 851 2908 Matth.
863 2889 886 2914 ν,
902 2881 937 2908 ἳΟ

987 2881 1008 2896 ⁷⁵
1029 2880 1098 2908 Psal.
1118 2887 1212 2913 cmi,
1231 2880 1255 2908 1.
