1913 3071
119 135 185 162 f7“

750 140 865 168 DlDYMl
884 142 1116 171 ALEXANDRlNI

1679 148 1749 174 1712

117 193 232 220 dicens:
259 192 303 218 Vir
328 193 412 222 ﬁdelis
438 202 472 222 ne
497 196 578 223 ducat
607 204 716 224 uxorein
746 199 899 234 infidelem;

955 211 1027 236 γων·
1045 202 1143 234 Πιστὸς
1165 202 1233 238 ἀνὴρ
1251 203 1288 238 μὴ
1306 203 1414 236 ἀγέσθω
1428 204 1542 230 ἄπιστον
1562 207 1692 240 γαμετήν.
1709 206 1748 232 Σὺ

116 244 145 267 ιιι
163 240 235 267 enim
255 240 331 267 suavi
347 240 410 268 Jesu
432 242 496 277 jugo
511 243 660 279 subjaces;
679 245 721 272 illa
743 253 832 273 autem
851 247 901 274 sub

117 287 258 321 cujusdam
283 287 396 321 improbi
418 288 483 322 jugo
507 293 558 317 est.
588 289 710 318 Vicissim
737 299 796 326 qua:
822 292 899 319 fidem

115 333 196 359 habet
217 332 323 365 mulier,
343 339 376 359 ne
400 333 548 362 idololatrae
577 337 639 363 viro
661 336 800 371 jungatur.
827 337 898 365 Sua-

114 379 160 406 det
184 378 274 412 itaque
294 382 323 404 ut
343 378 498 413 conjugium
520 388 582 408 cum
604 381 700 409 alienis
722 383 832 417 vitetur,
853 391 901 411 ex-

113 431 216 458 ponens
240 431 300 458 quze
326 426 436 452 omnino
466 432 596 454 eventura
621 433 702 460 sunt,
729 429 898 464 dicensque:

115 478 124 493 ι
144 469 210 502 Quae
236 470 408 504 participatio
429 472 542 505 justitia:
570 480 630 500 cum
659 474 829 509 iniquitate?
846 485 856 501 ι
875 480 902 503 et

112 515 225 550 reliqua.
245 516 312 549 Quia
335 517 405 543 enim
429 517 514 544 ﬁdelis
534 518 666 553 justitiam
691 520 773 547 habet
786 541 793 554 ,
811 526 837 548 ct
859 526 902 549 est.

113 562 156 588 lux
172 563 281 595 mundi,
309 562 359 590 sub
383 562 491 590 Christo
515 563 634 598 degens;
663 571 758 592 contra
785 566 901 594 infidelis

113 607 255 641 iniquitate
276 612 379 640 scatet,
404 615 435 634 ac
460 614 600 642 propterea
628 611 788 638 tenebrosus
810 617 850 639 est
875 616 902 638 ct

114 653 211 680 Beliari
237 653 393 688 subjectus,
416 654 461 688 qui
484 655 614 682 scelestus
637 660 702 689 est;
722 665 775 684 non
795 663 902 692 oportet

113 701 218 728 fidelem
233 701 392 736 participem
412 702 468 728 ﬁeri
483 702 596 730 infidelis
609 712 615 731 :
631 711 692 730 nam
705 704 761 738 ipse
774 707 901 740 templum

111 745 334 779 Dcieflcctu5est,
343 747 457 773 inﬁdelis
469 754 532 774 vero
541 748 684 776 idolorum.
698 749 773 778 Unde
782 752 843 785 quia
853 760 902 779 nec

109 792 211 825 justilia
222 791 354 826 particeps
364 797 402 818 est
410 792 569 827 iniquitatis,
579 801 628 821 nee
638 794 725 822 lumen
736 798 902 823 communio-

113 844 173 863 nem
186 837 265 864 babet
278 845 337 863 cum
350 837 479 869 tenebris.
490 839 635 866 nerristo
643 841 748 874 quidem
758 842 901 869 concordia

111 886 151 909 cst
174 888 234 908 cum
252 881 366 912 Beliarc.
383 889 468 917 neque
493 884 592 917 templo
607 884 652 912 Dei
673 888 815 913 conventio
837 895 898 914 etim

111 927 209 960 templo
226 927 356 953 idolorum
371 936 377 959 ;
401 928 433 954 ad
456 929 562 962 nuptias
575 929 726 964 bnjusmodi
740 933 898 958 veniendqu

111 980 162 999 non
179 978 220 1000 est
234 981 240 999 :
254 973 323 1000 male
333 973 403 1000 enim
417 973 466 1000 sibi
484 973 559 1003 facit.
572 976 615 1008 qui
637 977 671 1002 ita
696 984 726 1003 se
746 977 814 1011 gerit
837 978 899 1005 fide-

110 1017 142 1044 lis
156 1039 163 1050 ,
189 1018 252 1044 dum
278 1019 413 1053 particeps
435 1019 463 1045 fit
485 1020 631 1055 nequitias,
658 1022 711 1049 imo
733 1027 760 1049 et
779 1031 840 1050 cum
861 1028 899 1050 te-

110 1063 201 1090 nebris
214 1064 396 1091 communicat
409 1084 417 1095 ,
435 1069 462 1091 et
480 1065 511 1091 ad
526 1065 656 1092 Beliarem
681 1068 823 1103 transfugit
839 1088 846 1100 ,
872 1072 898 1096 et

111 1108 245 1136 infidelem
264 1114 367 1144 partem
385 1110 470 1145 eligit.
490 1112 636 1147 Fugiamus
655 1114 745 1148 itaque
768 1116 897 1150 przedicta

109 1154 218 1186 omnia,
239 1155 284 1188 qui
304 1155 431 1189 templum
450 1164 544 1184 smnus
566 1158 611 1185 Dei
634 1160 750 1186 dicentis
770 1170 776 1187 :
794 1170 802 1185 ι
819 1161 898 1188 Inha-

109 1198 202 1226 bitabo
228 1200 254 1226 in
277 1201 317 1230 eis
343 1205 370 1227 ct
393 1201 566 1230 inambulabo
590 1205 608 1229 ‘.
627 1214 636 1229 ›
653 1204 680 1231 Si
704 1207 775 1232 enim
799 1206 846 1233 filii
869 1208 899 1234 ti-

109 1244 204 1278 liaeque
223 1244 269 1272 Dei
290 1246 366 1278 estis,
391 1247 424 1273 ab
443 1248 555 1282 impuris
578 1249 730 1277 infidelibus
753 1253 897 1287 segregati,

109 1297 203 1318 cavete
225 1292 370 1326 quominus
384 1293 434 1320 sub
459 1293 528 1320 idem
544 1294 639 1329 jugum
666 1297 846 1330 redigamini;
871 1303 899 1324 ιιι

113 1344 207 1365 sacras
221 1338 269 1365 bas
298 1339 503 1373 consequamini
529 1341 783 1374 remunerationes,
806 1343 827 1370 si
852 1351 898 1370 vos

108 1384 288 1418 purgaveritis
300 1385 333 1411 ab
353 1385 426 1412 omni
446 1385 649 1419 inquinamento
665 1387 819 1420 nuptiarum
836 1395 898 1415 car-

109 1430 208 1456 nalium
235 1437 295 1457 cum
325 1430 430 1458 alienis.
455 1430 529 1458 Tune
544 1432 615 1459 enim
642 1431 758 1467 denique
786 1434 898 1468 spiritus

108 1475 352 1502 sanetit‘tcationcm
371 1480 397 1502 et
416 1481 505 1503 mente
521 1482 547 1503 et
562 1483 644 1511 opere
660 1478 816 1512 perﬁcietis.

167 1532 242 1561 CAP.
264 1532 320 1565 VII,
342 1541 416 1560 vens.
431 1533 456 1560 Ι.
477 1533 535 1560 llas
551 1534 632 1568 igitur
647 1535 778 1568 habentes,
794 1540 845 1563 etc.

144 1578 225 1605 Varie
238 1583 327 1605 autem
344 1578 469 1613 praedicta
491 1579 590 1606 locutio
609 1579 818 1616 interpungitur.
847 1581 898 1608 Alii

109 1626 179 1653 enim
199 1625 289 1659 legunt
305 1633 310 1651 :
328 1634 336 1650 ι
354 1624 407 1651 Has
431 1624 512 1658 igitur
537 1624 668 1651 habentes
690 1626 898 1659 promissiones,

109 1671 278 1701 cbarissimi,
306 1677 450 1704 purgemus
471 1678 519 1697 nos
544 1670 578 1696 ab
599 1671 671 1697 omni
700 1671 900 1705 inquinamento

109 1716 199 1743 carnis
214 1723 245 1742 ac
260 1715 389 1749 spiritus;
405 1720 458 1749 )(III
474 1723 560 1750 neque
575 1716 664 1742 carnis
676 1723 762 1750 neque
777 1717 898 1751 spiritus,

110 1762 135 1788 id
151 1765 192 1788 est
213 1767 299 1794 neque
321 1760 418 1786 animm
436 1768 522 1794 neque
546 1761 643 1787 tuentis
668 1760 898 1795 inquinamentum

109 1815 123 1834 a
142 1811 252 1842 peccato
266 1807 423 1834 habeamus.
435 1805 512 1833 Tunc
525 1807 597 1833 enim
614 1807 765 1834 necessario
778 1808 898 1840 eveniet,

109 1858 138 1880 ut
159 1854 330 1888 perficiamus
356 1857 476 1880 nostram
502 1859 565 1879 cum
594 1853 689 1880 timore
709 1853 900 1881 sanctificatim

110 1907 170 1927 nem
185 1908 192 1932 ;
207 1901 243 1926 ita
257 1905 285 1926 ut
302 1899 397 1934 Spirtlu
423 1902 450 1927 et
475 1906 588 1933 corpore
614 1899 700 1926 sancti
724 1899 818 1927 simus.
847 1899 898 1927 Alii

110 1955 174 1974 vero
194 1951 332 1982 postquam
348 1945 481 1980 legerint:
496 1955 505 1970 ι
521 1945 670 1980 Purgemus
684 1953 733 1972 nos
750 1945 784 1972 ab
809 1946 899 1980 inqui-

111 1998 238 2021 namcnlo
253 1993 341 2019 carnis
365 1999 396 2019 ac
413 1992 534 2026 spiritus,
551 2000 561 2017 ι
577 1991 744 2026 diSIinguunt
758 1999 766 2022 ;
781 2000 790 2017 ι
804 1996 831 2018 et
845 1991 900 2025 spi-

111 2040 180 2066 ritus
203 2039 376 2074 perficicntes
402 2037 665 2070 sanctificationem,
693 2046 703 2063 ι
729 2037 900 2071 retinentque

111 2086 182 2113 banc
196 2085 414 2116 distinctionem,
431 2087 562 2118 quotquot
582 2083 675 2109 volunt
698 2087 821 2109 sanctum
840 2089 900 2109 esse

111 2131 241 2165 Spiritum
254 2148 262 2161 ,
284 2129 391 2163 quoties
414 2127 474 2155 sine
492 2127 625 2161 adjectivo
641 2127 667 2153 in
687 2125 836 2161 Scripturis
853 2133 900 2161 po—

111 2177 194 2202 nitur.
212 2175 295 2202 Aiunt
315 2175 402 2207 cnim,
427 2173 592 2208 Scripturam
612 2179 672 2199 cum
689 2174 745 2198 vult
762 2172 833 2199 hunc
851 2173 899 2199 de-

112 2228 204 2249 nutut't:
215 2243 222 2254 ,
241 2222 284 2248 ubi
300 2222 332 2249 de
348 2225 442 2249 sancto
456 2220 553 2255 agitur,
571 2219 612 2246 vel
630 2219 675 2246 Dci
692 2218 820 2254 Spiritum
832 2239 839 2251 ,
856 2219 898 2246 vel

111 2269 182 2294 aliud
202 2267 354 2302 bnjusmodi
372 2267 472 2294 dicere.
489 2266 541 2293 Sed
559 2270 647 2292 tamen
662 2265 742 2292 etiam
768 2265 826 2292 sine
849 2265 898 2291 ad-

108 2315 208 2349 jectivo
219 2335 225 2347 ,
243 2314 313 2341 velut
329 2313 383 2340 ibi:
399 2322 408 2338 ι
420 2312 479 2347 Ipse
499 2311 617 2347 Spiritus
633 2311 814 2337 testimonium
836 2311 897 2336 red-

112 2362 150 2387 dit
168 2359 273 2394 spiritui
290 2363 382 2386 nostro
392 2358 432 2390 ”;
449 2367 458 2383 ι
473 2358 534 2384 dum
544 2356 696 2384 contrarius
712 2356 822 2390 spiritus
839 2363 899 2382 cum

113 2406 244 2438 adjective
262 2412 369 2439 semper
393 2403 548 2430 nominatur
568 2403 603 2429 ita
618 2411 624 2428 :
640 2401 756 2435 Spiritus
786 2401 902 2426 immun-

113 2454 178 2484 dus,
202 2451 313 2485 spiritus
328 2449 469 2480 daemonii,
489 2453 516 2475 et
535 2447 621 2475 sicubi
649 2447 725 2472 aliter
747 2453 806 2472 cum
831 2446 903 2481 adje-

113 2500 183 2525 Cli\‘0
203 2496 403 2532 pronuntiatur.

278 2541 359 2569 Vsus.
378 2540 406 2568 ‘2.
425 2538 514 2574 Capite
535 2537 590 2573 ('58)
612 2545 675 2568 nos,
698 2541 750 2562 etc.

150 2589 323 2617 Fiducialiter
341 2587 490 2618 locuturus,
515 2592 566 2612 una
591 2591 653 2611 cum
677 2581 803 2617 Epistolas
821 2581 898 2616 hujus

151 2649 175 2667 ⁷⁸
196 2648 275 2675 Rom.
293 2654 360 2678 vtu,
379 2644 422 2672 16.

151 2706 208 2741 (57)
228 2705 454 2741 Aniinadvertunt
473 2700 708 2741 Qbristianihbanc
722 2697 834 2741 Pidymi
848 2697 897 2741 jun-

117 2732 185 2769 sta‘tn
200 2732 355 2774 nuptiarum
371 2747 430 2766 cum
449 2738 601 2775 infidelibus
617 2732 899 2775 detestationctlt._Ne:

117 2767 169 2810 quo
186 2767 276 2802 obst'at
291 2775 423 2809 Cyrillns,
444 2774 489 2808 qui
514 2773 540 2810 in
563 2774 708 2810 comment.
729 2767 839 2810 Epist.l
862 2767 897 2810 ad

116 2803 181 2840 Cor.
223 2803 384 2845 apparcnter
416 2803 621 2845 contradicere
640 2805 755 2845 videtur.
791 2803 896 2845 Etenim

117 2839 232 2882 Cyrinus
242 2839 355 2882 nautam
370 2845 402 2870 de
415 2843 531 2882 ineundo
541 2839 767 2882 cumnilntid‘elibus

118 2875 182 2917 agit,
195 2888 274 2915 quam
288 2880 319 2906 de
335 2877 535 2913 perseverantia
558 2877 583 2903 in
599 2875 644 2903 illo
658 2875 738 2902 etiam
756 2877 815 2907 post
832 2879 895 2898 sus-

954 247 1003 281 μὲν
1021 247 1074 282 γὰρ
1102 247 1154 274 ὑπὸ
1173 247 1217 273 τὸν
1235 247 1353 282 χρηστὸν
1387 248 1474 283 Ἰησοῦ
1492 249 1572 283 ζυγὸν
1603 249 1746 285 ὑπάρχεις.

951 292 1042 327 ἐκείνη
1055 293 1083 319 δὲ
1096 293 1148 319 ὑπὸ
1162 293 1243 327 ζυγδν
1260 293 1378 328 πονηροῦ
1400 294 1471 325 τινός
1486 295 1568 321 ἐστιν.
1596 296 1710 330 Ὁμοίως
1730 297 1747 331 ὴ

953 337 1042 363 πίστιν
1055 337 1153 372 ἔχουσα
1179 337 1247 373 γυνὴ
1265 337 1301 373 μὴ
1321 337 1477 372 ζευγνύσθω
1497 338 1632 375 ἀνθρώπῳ
1644 340 1751 366 εἰδωλο-

951 383 1046 419 λάτρῃ.
1066 383 1157 409 Πείθει
1169 383 1196 409 δὲ
1213 384 1403 418 παραιτεῖσθαι
1422 384 1471 419 τὴν
1485 385 1670 419 ἑτεροζυγίαν,
1688 386 1750 411 ἑπι-

952 428 1041 463 φὲρων
1056 428 1090 454 τὰ
1109 428 1216 460 πάντως
1234 429 1360 463 ἐσόμενα,
1375 429 1486 463 φάσκων
1497 437 1503 444 ·
1523 430 1575 455 «Ἣ
1588 430 1630 461 τίς
1644 431 1746 466 μετοχὴ

951 472 1106 508 δικαιοσύνῃ
1121 473 1168 499 καὶ
1193 474 1292 508 ἀνομίᾳ
1305 481 1312 505 ;
1326 483 1335 499 ι
1360 474 1407 500 καὶ
1423 473 1456 500 τὰ
1472 473 1546 509 ἑξῆς,
1569 475 1644 501 Ἐπεὶ
1659 475 1713 511 γὰρ
1731 477 1747 502 ὸ

953 519 1047 550 πιστὸς
1075 519 1246 554 δικαιοσύνην
1259 519 1325 554 ἔχει,
1341 520 1387 546 καὶ
1405 520 1462 553 φῶς
1489 522 1546 546 ἐστι
1567 520 1612 547 τοῦ
1628 521 1742 556 κόσμου,

952 565 1091 599 τυγχάνων
1118 564 1169 590 ὑπὸ
1199 565 1243 590 τὸν
1269 565 1394 600 Χριστὸν,
1413 565 1427 591 ό
1449 564 1476 590 δὲ
1491 565 1604 597 ἄπιστος
1629 566 1744 601 ἀνομίας

952 610 1010 636 ἐστὶ
1029 609 1144 645 πλήρης,
1162 610 1198 641 ὡς
1213 610 1257 636 διὰ
1269 610 1346 636 τοῦτο
1366 610 1459 641 σκότος
1478 609 1547 637 εἶναι
1565 612 1744 645 ὑποκείμενον

952 655 990 690 τῷ
1002 654 1098 691 Βελίαρ
1119 655 1246 690 (πονηρὸς
1259 656 1287 681 δέ
1302 665 1344 687 τις
1359 654 1460 691 οὗτος)·
1479 657 1509 683 οὑ
1529 657 1568 682 δεῖ
1587 657 1682 692 μερίδα
1698 658 1744 683 τὶν

953 701 1047 727 πιστὸν
1061 700 1132 735 ἔχειν
1146 701 1214 736 μετὰ
1233 700 1356 727 ἀπίστου.
1370 701 1454 732 Αὐτὸς
1464 701 1512 736 μὲν
1531 701 1584 736 γὰρ
1601 702 1661 733 ναὸς
1675 702 1743 728 Θεοῦ

952 747 1184 773 κατεσκεύασται’
1204 747 1218 772 ὁ
1241 746 1268 772 δὲ
1285 746 1408 778 ἄπιστος,
1430 746 1555 773 εἰδώλων.
1576 747 1655 774 Ὅθεν
1681 748 1744 773 ἐπεὶ

953 792 1083 828 ἀμέτοχος
1115 792 1263 828 ἁνομίαςή
1289 793 1456 827 δικαιοσύνη,
1486 793 1533 819 καὶ
1553 794 1743 827 ἀκοινωνήτως

954 838 1009 873 ἔχει
1025 838 1054 863 τὸ
1068 838 1124 872 φῶς
1139 838 1204 873 πρὸς
1218 838 1248 864 τὸ
1272 838 1376 870 σκότος,
1393 838 1448 864 ἀλλ’
1473 839 1532 864 οὐδὲ
1548 839 1690 873 συμφωνία
1702 839 1742 873 τῷ

918 880 937 906 Β
952 883 1062 919 Χριστῷ
1077 883 1143 918 πρὸς
1152 884 1197 909 τὸν
1211 882 1308 917 Βελίαρ
1325 882 1408 914 ἐστὶν,
1425 882 1483 909 οὐδὲ
1493 883 1549 918 ναῷ
1561 883 1627 909 Θεοῦ
1643 891 1743 916 συγκα-

951 929 1059 960 τάθεσίς
1072 937 1112 959 τις
1129 928 1197 961 μετὰ
1211 927 1274 954 ναοῦ
1293 928 1419 959 εἰδώλων,
1439 928 1468 953 οὐ
1485 927 1675 963 προσελθετέον
1691 929 1739 962 γά-

953 983 996 1009 μῳ
1027 974 1138 1008 τοιούτῳ
1156 974 1220 1008 (57).
1244 973 1362 1007 Πλὴσσει
1389 973 1442 1008 γὰρ
1473 973 1552 999 τοῦτο
1580 974 1709 1009 πράσσων
1727 975 1742 1000 ὁ

952 1021 1056 1052 πιστὸς,
1083 1020 1204 1055 μετέχων
1223 1020 1354 1054 ἀνομίας·
1380 1019 1447 1045 ἀλλὰ
1475 1020 1521 1046 καὶ
1547 1019 1682 1046 κοινωνῶν
1702 1019 1742 1054 τῷ

952 1067 1052 1097 σκότει,
1073 1067 1197 1102 καὶπρὸς
1223 1066 1268 1092 τον
1278 1066 1380 1101 Βελίαρ
1397 1066 1563 1101 αὺτομολῶν,
1580 1066 1626 1092 καὶ
1644 1066 1742 1100 μερίδα

950 1112 998 1148 τὴν
1015 1110 1126 1139 ἄπιστον
1155 1110 1352 1146 ἀσπαζόμενος.
1380 1111 1511 1146 Φύγωμεν
1535 1111 1679 1146 τοιγαροῦν
1705 1111 1742 1137 τὰ

951 1159 1136 1194 προειρημένα
1154 1159 1252 1190 πάντα,
1266 1158 1328 1188 ναὸς
1342 1157 1417 1188 ὀντες
1431 1157 1478 1183 τοῦ
1497 1157 1638 1192 εἰρηκότος
1654 1157 1737 1182 Θεοῦ*

953 1215 962 1230 ι
974 1205 1120 1239 Ἐνοικήσω
1129 1205 1156 1231 ἐν
1165 1204 1308 1236 αὐτοῖςκαὶ
1325 1204 1551 1239 ὲμπεριπατήσω.
1560 1212 1568 1228 ι
1581 1204 1611 1229 Εἰ
1622 1203 1676 1238 γὰρ
1685 1202 1741 1230 υἱοὶ

950 1251 996 1277 καὶ
1007 1250 1152 1285 θυγατέρες
1160 1250 1226 1277 Θεοῦ
1237 1249 1353 1283 γίνεσθε,
1363 1249 1555 1285 ἀφορισθέντες
1563 1248 1616 1274 τῶν
1622 1248 1742 1283 ἀκαθάρ-

949 1304 1002 1322 των
1010 1295 1142 1326 ὰπίστων,
1157 1295 1192 1330 μὴ
1207 1295 1245 1329 τῷ
1260 1294 1334 1329 αὐτῷ
1351 1294 1426 1329 ζυγῷ
1443 1293 1596 1329 ὑπολάϐητε
1614 1294 1738 1325 ἑαυτούς·

949 1341 992 1367 ἴνα
1007 1341 1059 1367 τῶν
1077 1341 1156 1376 ἱερῶν
1169 1340 1269 1366 τούτων
1280 1340 1401 1375 ἀμοιὸὦν
1419 1341 1527 1376 τύχητε,
1544 1340 1740 1376 καθαρίσαντες

950 1387 1061 1418 ἑαυτοὺς
1075 1386 1128 1412 ἀπὸ
1139 1386 1247 1412 πάντων
1266 1386 1429 1422 μιασμάτων
1443 1386 1497 1413 τῶν
1512 1387 1541 1418 ἐξ
1557 1386 1738 1421 ὲτερογαμίας

949 1433 1097 1467 γινομένων
1109 1433 1244 1467 σαρκίνων
1256 1432 1349 1458 ὄντων·
1361 1432 1420 1458 τότε
1429 1432 1485 1467 γὰρ
1496 1432 1544 1467 τὴν
1558 1432 1604 1458 τοῦ
1616 1432 1739 1465 πνεύμα-

949 1485 994 1508 τος
1003 1485 1058 1512 πρα
1071 1477 1160 1508 ,τικῶς
1170 1477 1217 1506 καὶ
1225 1477 1263 1512 τῷ
1276 1478 1385 1511 φρονεῖν
1391 1478 1563 1504 ὲπιτελέσετε
1572 1477 1738 1512 ἁγιωσύνην.

914 1543 935 1571 c
975 1534 1054 1561 ΚΕΦ.
1073 1535 1110 1566 Ζ’,
1125 1542 1166 1561 στ.
1183 1534 1346 1570 α’,χαύτας
1362 1532 1418 1562 οὖν
1435 1535 1566 1570 ἔχοντες.
1584 1543 1610 1561 κ.
1627 1543 1650 1561 τ.
1669 1534 1694 1560 λ.

972 1581 1096 1613 Στίξεται
1113 1581 1141 1607 δὲ
1158 1583 1174 1616 ἠ
1192 1582 1359 1618 προκειμένη
1373 1581 1446 1615 λέξις
1462 1583 1608 1618 διαφόρως.
1627 1583 1658 1609 Οἱ
1681 1582 1732 1617 μὲν

951 1627 1005 1662 γὰρ
1014 1625 1230 1666 θιναγινώσκουσι
1240 1633 1247 1640 ⁸
1265 1634 1274 1650 ι
1286 1624 1392 1656 Ταύτας
1413 1623 1459 1650 οῦν
1471 1624 1577 1658 ἔχοντες
1597 1625 1645 1654 τὰς
1656 1624 1740 1655 ἐπαγ-

950 1671 1055 1706 γελίας,
1066 1671 1212 1706 ἀγαπητοὶ,
1239 1668 1432 1705 καθαρίσωμεν
1441 1670 1553 1700 ἑαυτοὺς
1576 1669 1629 1695 ἀπὸ
1640 1669 1740 1700 παντὸς

953 1717 1089 1752 μολυσμοῦ
1108 1716 1208 1751 σαρκδς
1234 1716 1280 1741 καὶ
1293 1715 1444 1749 πνεύματος
1459 1723 1465 1729 ·
1479 1723 1488 1740 ι
1503 1715 1577 1745 ὅπως
1591 1714 1658 1748 μηδὲ
1674 1723 1740 1750 σαρ-

951 1764 997 1794 κὸς
1020 1762 1086 1797 μηδὲ
1104 1761 1266 1796 πνεύματος,
1295 1760 1366 1786 τοῦτ’
1395 1759 1452 1785 ἐστι
1476 1760 1524 1794 τῆς
1545 1759 1634 1794 ψυχῆς
1652 1760 1668 1794 ἢ
1688 1759 1740 1794 τῆς

950 1808 1072 1843 γνώμης.
1098 1806 1234 1842 μολυσμὸν
1262 1805 1290 1838 ἐξ
1305 1804 1439 1839 ἁμαρτίας
1455 1804 1579 1840 σχῶμεν·
1604 1804 1664 1830 τότε
1682 1804 1739 1839 γὰρ

950 1852 1103 1888 ἀναγκαίως
1120 1852 1213 1886 ἕψεται
1233 1851 1386 1878 ἐπιτελέσαι
1411 1851 1483 1885 ἡμᾶς
1500 1851 1528 1876 ὲν
1545 1849 1620 1884 φόϐῳ
1635 1849 1739 1884 Κυρίου

951 1900 1119 1935 ἁγιωσύνην·
1137 1898 1206 1924 ὥστε
1218 1897 1351 1933 πνεύματι
1366 1896 1413 1923 καὶ
1426 1896 1530 1936 σώματι
1547 1896 1640 1930 ἁγίους
1657 1893 1738 1923 εἶναι.

952 1947 1060 1981 ’Έτεροι
1070 1945 1098 1971 δὲ
1108 1943 1312 1978 ἁναγνύντεςτο,
1326 1953 1334 1969 ι
1348 1942 1548 1978 Καθαρίσωμεν
1562 1943 1672 1974 ἑαυτοὺς
1685 1943 1740 1968 ἀπὸ

952 1991 1052 2021 παντὸς
1073 1989 1210 2025 μολυσμοῦ
1227 1988 1327 2024 σαρκὸς
1339 1989 1385 2014 καὶ
1401 1988 1565 2023 πνεύματος,
1586 1997 1594 2013 ι
1613 1987 1736 2014 διαστέλ-

951 2037 1034 2068 λουσι,
1044 2045 1053 2061 ι
1069 2036 1116 2062 καὶ
1123 2035 1276 2069 πνεύματος
1284 2033 1470 2065 ἐπιτελοῦντες
1479 2033 1642 2068 ἁγιωσύνην·
1658 2043 1666 2058 ›
1675 2041 1737 2069 κρα-

950 2083 1056 2109 τύνουσι
1067 2082 1094 2108 δὲ
1107 2083 1156 2117 τὴν
1169 2081 1308 2117 διαστολὴν
1318 2080 1419 2115 ταύτην
1429 2080 1485 2106 ὅσοι
1500 2079 1604 2106 θέλουσι
1617 2080 1647 2106 τὸ
1661 2081 1738 2114 ἅγιον

950 2127 1019 2155 εἶναι
1046 2127 1168 2162 Πνεῦμα,
1194 2127 1224 2153 τὸ
1239 2126 1301 2153 ἄνευ
1317 2125 1474 2161 προσθήκης
1489 2126 1518 2151 ὲν
1532 2127 1591 2157 ταῖς
1619 2126 1739 2162 Γραφαῖς

952 2174 1109 2209 φερόμενον.
1119 2173 1186 2198 Φασὶ
1200 2172 1254 2206 γὰρ
1266 2172 1314 2206 τὴν
1334 2171 1456 2206 Γραφὴν,
1475 2171 1594 2206 δηλῶσαι
1612 2171 1740 2205 βουλομέ-

951 2229 1000 2255 νην
1023 2219 1112 2250 τοῦτο,
1134 2219 1200 2244 ὅπου
1229 2217 1278 2251 μὲν
1302 2216 1378 2250 ἅγιον
1392 2214 1420 2251 ᾖ,
1438 2216 1506 2242 Θεοῦ
1524 2216 1634 2251 Πνεῦμα
1649 2217 1665 2252 ἢ
1681 2217 1741 2243 ἓτε-

954 2264 998 2300 ρόν
1013 2271 1039 2289 τι
1055 2262 1158 2288 τοιοῦτο
1186 2261 1326 2295 λέγεσθαι·
1344 2260 1410 2286 ἀλλὰ
1427 2261 1473 2287 καὶ
1490 2261 1553 2288 ἄνευ
1569 2262 1738 2297 προσθήκης,

952 2310 989 2339 ὡς
1002 2309 1030 2334 ὲν
1045 2307 1091 2341 τῷ·
1111 2316 1119 2332 ι
1141 2306 1211 2332 Αὐτὸ
1225 2307 1255 2332 τὸ
1271 2306 1384 2341 Πνεῦμα
1395 2308 1588 2342 συμμαρτυρεῖ
1602 2306 1641 2341 τῷ
1658 2306 1739 2332 πνεύ-

953 2354 1114 2390 ματι-ημῶν·
1130 2363 1138 2378 ι
1153 2352 1199 2379 τοῦ
1216 2353 1336 2379 ἐναντίου
1350 2353 1418 2388 μετὰ
1429 2353 1586 2389 προσθήκης
1594 2353 1636 2380 ἀεὶ
1646 2353 1739 2380 καλουε

953 2401 1032 2436 μένου
1043 2400 1144 2431 οὕτως·
1163 2398 1275 2434 Πνεῦμα
1294 2397 1458 2434 ἀκάθαρτον,
1485 2399 1591 2433 πνεῦμα
1611 2398 1738 2433 πονηρὸν,

951 2445 1058 2480 πνεῦμα
1083 2445 1232 2480 δαιμονίου,
1247 2445 1293 2471 καὶ
1308 2446 1334 2471 εἴ
1347 2454 1404 2476 πως
1429 2444 1515 2475 ἄλλως
1533 2445 1600 2479 μετὰ
1618 2445 1738 2481 προσθὴ-

951 2500 1002 2526 κης
1019 2491 1197 2527 προφέρεται.

1070 2538 1115 2564 Στ.
1131 2537 1164 2572 β’.
1182 2537 1343 2572 Χωρήσατε
1363 2537 1451 2572 ἡμᾶς,
1466 2546 1492 2564 κ.
1510 2545 1535 2564 τ.
1553 2536 1577 2564 λ.

964 2583 1203 2619 Παρρησιάζεσθαι
1225 2583 1329 2619 μέλλων
1352 2583 1420 2619 μετὰ
1444 2583 1497 2610 τῶν
1520 2583 1725 2618 συνεκπεμπόν-

955 2699 1032 2729 cepta
1049 2693 1148 2720 Christi
1171 2695 1339 2718 sacramenta
1356 2694 1464 2724 propter
1479 2689 1610 2723 religiosa:
1629 2688 1739 2715 vir-tutis

956 2730 1092 2756 Inluciam.

988 2765 1044 2799 (58)
1066 2763 1111 2790 Sic
1131 2761 1413 2799 vulgatusinterpres,
1431 2764 1458 2785 et
1475 2760 1514 2786 sic
1529 2759 1608 2785 etiam
1626 2758 1668 2785 alii
1687 2757 1741 2799 La?

954 2801 1000 2826 tini
1023 2794 1125 2825 veteres
1142 2794 1233 2831 lcg'unt
1256 2796 1301 2822 hic
1319 2796 1418 2826 capite,
1441 2802 1506 2831 quich
1522 2800 1563 2820 cst
1586 2799 1645 2831 nuta
1664 2794 1738 2820 verbi

952 2834 1047 2870 χωρέω
1058 2829 1230 2870 significatio.
1246 2832 1373 2870 Didymus
1384 2834 1472 2870 tamen
1485 2829 1620 2868 clegaptcr
1631 2829 1666 2855 ita
1677 2836 1738 2855 tuo:

951 2864 1097 2905 ἱῖχιὶίιιιιιιιζ
1110 2876 1158 2896 ceu
1173 2868 1194 2895 si
1212 2874 1260 2894 nos
1274 2864 1367 2893 Latine
1381 2865 1534 2892 diceremus
1547 2864 1633 2891 sinite.
