1913 3071
122 164 189 192 1715

120 231 174 251 των
192 224 240 260 τὴν
261 223 432 259 Ἐπιστολὴν,
455 223 522 258 φησὶ
538 224 593 254 τοῖς
609 222 772 258 Κορινθίοις·
788 231 796 246 ι
815 221 911 256 Χωρή-

121 277 202 302 σατε,
231 279 239 295 ι
268 269 425 301 τουτέστιν,
452 268 596 302 Ἐνέγκατε
626 269 699 302 ἡμᾶς
728 266 920 308 ἀπολογουμὲί

121 323 194 347 νους·
219 322 229 338 (
241 315 327 342 οὐδενὶ
341 314 417 350 ὑμῶν
435 314 516 341 αἴτιοι
533 314 639 345 ἀδικίας
656 314 672 349 ἢ
690 313 793 349 φθορᾶς
840 312 915 338 πλεο-

121 358 210 391 νεξίας
236 360 418 394 γεγενήμεθα.
444 359 537 386 Ταῦτα
556 359 584 385 δὲ
600 358 836 395 παρῤησιάζομαι,
865 358 915 384 οὐκ

122 404 277 439 ἀνακρίνειν
292 405 364 439 ὑμᾶς
391 403 561 439 βουλόμενος·
579 403 832 439 προεμαρτυράμην
861 403 916 438 γὰρ

121 450 161 476 ὅτι
175 449 260 481 οὕτως
287 450 403 484 ἑτοίμως
428 449 514 484 ἔχετε,
537 450 576 481 ὡς
598 448 812 485 ὑπεραπιθανεῖν
826 448 913 484 ἡμῶν·

122 496 168 522 καί
185 496 239 532 γὰρ
258 496 338 530 ἡμεῖς
360 496 429 531 ὑπὲρ
447 495 534 530 ὑμῶν·
557 497 572 531 ἡ
589 496 644 532 γὰρ
658 495 768 530 τοιαύτη
787 495 836 530 τῆς
850 503 916 530 προ-

122 541 221 576 θυμίας
238 543 390 577 έτοιμασία,
405 544 433 569 ὲν
447 543 505 574 ταῖς
519 541 729 577 καρδίαιςὴμῶν
744 550 773 568 τε
781 541 827 567 καὶ
840 541 915 576 ὑμῶν

123 587 344 623 παρεσκευάσθη.
365 588 446 615 ’Ὸθεν
471 588 571 623 πολλὴν
593 587 663 623 ὑπὲρ
685 587 762 622 ὑμῶν
783 586 916 622 καύχησιν

123 633 200 667 ἔχων,
215 633 320 669 πλήρης
333 635 389 669 εἰμὶ
405 634 454 670 τῆς
467 634 653 669 παραμυθίας,
670 632 911 669 ὑπερπεριττευούσ

124 686 172 713 σης
186 681 214 705 ὲν
225 680 290 714 ἡμῖν
304 680 352 715 τῆς
372 681 441 716 ὑπὲρ
450 681 498 716 τῆς
513 680 650 716 σωτηρίας
662 680 739 715 ὑμῶν
755 680 842 715 χαρᾶς
870 679 917 705 καὶ

123 725 292 761 εὐφροσύνης
307 727 353 752 ἐπὶ
369 727 461 759 πᾶσιν,
513 726 684 761 ὑφιστάμεθα
704 725 774 761 ὑπὲρ
788 725 838 759 τῆς
852 724 915 759 ἁλη-

123 771 198 803 θείας
209 772 339 798 κακώσει.
351 773 406 799 Καὶ
423 773 477 808 γὰρ
489 773 517 798 ἐν
527 774 560 808 τῇ
575 772 726 807 Μακεδονίᾳ
736 770 916 806 ἐληλυθότων,

123 817 216 843 ἄνεσιν
227 817 354 852 οὐδεμίαν
374 817 481 853 ἐσχενὴ
501 817 570 853 σὰρξ
590 817 677 853 ἡμῶν,
696 817 815 852 συνεχῶς
835 824 918 852 προσ-

124 863 278 889 πιπτόντων
292 864 564 899 πειρασμῶν.”ομως
580 865 603 890 ει
613 864 659 889 καὶ
667 864 684 899 ἡ
695 862 763 898 σὰρξ
770 863 861 890 ἄνεσιν
869 862 919 888 οὐκ

560 160 771 189 FRAGMENTA
792 158 824 186 IN
845 158 954 186 EPIST.
979 157 999 184 ll
1019 156 1065 184 AD
1084 157 1303 185 COlilNTHlOS.

1684 159 1754 187 ΠΗ

964 219 1067 254 pariter
1089 219 1257 251 auctoribus,
1283 219 1321 245 ait
1346 218 1496 247 Corinthiis
1506 228 1520 253 _:
1542 219 1672 254 tCapite,
1688 228 1697 244 ι
1727 219 1754 246 id

965 270 1016 297 est,
1032 264 1158 292 Patimini
1183 265 1332 300 apologiam
1351 270 1469 293 nostram
1489 273 1495 292 :
1519 275 1528 291 ι
1547 266 1617 300 apud
1635 270 1753 292 vestrum

966 312 1100 339 neminem
1115 312 1154 338 rei
1167 319 1260 339 sumus
1275 312 1424 347 injustitiat,
1445 318 1492 339 aut
1513 312 1694 345 corruptionis
1708 317 1756 339 aut

965 358 1095 386 avaritiae.
1115 357 1177 384 Hazc
1197 361 1287 385 autem
1303 357 1472 385 conﬁdenter
1488 357 1558 390 dico,
1579 358 1650 385 haud
1664 358 1756 385 voiens

966 409 1014 429 vos
1040 403 1237 435 condemnare;
1264 402 1319 437 jam
1348 403 1420 430 enim
1445 407 1524 430 antea
1549 408 1663 430 testatus
1684 411 1755 436 sum,

967 455 1014 475 vos
1029 449 1111 476 etiam
1130 453 1240 482 paratos
1254 456 1314 476 esse
1330 456 1380 483 pro
1393 449 1470 476 nobis
1487 449 1565 482 mori,
1582 449 1757 484 vicissimque

967 502 1015 529 pro
1029 495 1106 522 vobis
1122 502 1171 522 uos
1183 504 1189 521 :
1202 502 1317 530 namque
1334 495 1391 522 haec
1401 495 1524 522 audentis
1533 496 1615 523 animi
1628 496 1757 530 prompti-

968 541 1042 572 tudo,
1072 540 1098 567 in
1115 540 1214 567 nostris
1232 547 1309 575 atque
1327 547 1359 567 ac
1378 540 1476 568 vestris
1489 541 1616 568 cordibus
1638 534 1757 568 stabilita

967 589 1018 612 est.
1034 585 1204 620 Quapropter
1220 585 1331 612 multam
1347 585 1380 613 de
1402 586 1478 614 vobis
1495 587 1605 621 capiens
1623 586 1757 619 laetitiam,

967 631 1062 665 plenus
1077 639 1136 658 sum
1155 631 1353 665 consolatione,
1373 632 1610 666 superabundaute
1631 633 1657 660 in
1681 625 1758 659 nobis

968 682 1077 711 propter
1098 681 1214 704 vestram
1237 678 1352 706 salutem
1375 679 1475 713 gaudio
1496 686 1527 706 ac
1547 678 1716 713 jucunditate
1732 678 1758 705 in

968 722 1102 754 omnibus,
1130 730 1178 758 per
1192 731 1252 750 eam
1267 731 1349 758 quam
1373 724 1547 752 toleravimus
1571 731 1620 759 pro
1646 724 1760 751 veritate

968 776 1134 801 terumnam;
1151 776 1213 796 nam
1223 774 1251 797 et
1265 777 1326 797 cum
1341 770 1508 797 venissemus
1520 770 1546 797 in
1564 770 1758 801 Macedoniam,

970 813 1068 841 nullam
1096 814 1215 849 requiem
1240 815 1333 843 habuit
1351 822 1415 842 earo
1431 820 1534 848 nostra,
1560 815 1760 843 incurrentibus

969 861 1027 887 sine
1058 860 1220 889 remissione
1248 861 1453 890 tentationihus.
1488 862 1587 890 Verum
1620 862 1671 889 etsi
1696 869 1760 889 caro

124 908 189 943 ἔχει,
199 918 228 942 τι
246 909 382 944 πνεύματι
398 909 604 944 γενναιάζομεν’
614 909 729 945 ὲπείπςρ
740 909 771 934 οὺ
791 916 920 943 στενοχω-
935 921 939 947 ]

974 906 1089 940 quietem
1105 913 1159 934 non
1178 907 1274 939 habet,
1300 907 1397 949 spiritu
1419 908 1500 936 alacri
1524 915 1617 936 sumus
1635 916 1642 933 ε
1661 908 1761 936 etenim

127 954 171 989 ρού
177 954 257 990 μεθα,
264 955 315 981 κᾶν
322 956 350 981 ὲν
359 956 441 982 παντὶ
449 955 614 990 θλιϐώμεθα.
623 962 631 978 ι
641 953 813 991 Ἐρμηνεύων
821 954 847 980 δὲ
862 953 922 980 τίνα

123 997 157 1034 ἦν
164 1000 197 1025 τὰ
204 999 482 1035 θλίϐοντα,ἐπήγαγεν
494 1000 533 1032 τὸ,
540 1010 548 1026 ι
557 1000 675 1032 Ἔξωθεν
685 1000 733 1035 μὲν
744 1000 833 1034 μάχας
842 996 921 1030 εἶναι,

125 1045 227 1072 ἔσωθεν
237 1046 264 1072 δὲ
274 1046 384 1080 φόϐους
394 1047 455 1073 »καὶ
465 1047 545 1072 τοῦτο
555 1046 650 1077 διττῶς
663 1046 773 1072 νοεῖται.
787 1045 922 1080 Πρότερον

125 1093 178 1127 γὰρ
184 1092 403 1124 λεκτέον,ἑξυ›θεν
411 1093 459 1127 μὲν
469 1093 557 1127 μάχας
564 1093 757 1128 ὑπάρχειντοῖς
764 1090 922 1122 ἀποστόλοις

106 1157 113 1161 .
125 1139 156 1164 ἐκ
173 1138 227 1164 τῶν
246 1137 354 1165 διώκειν
371 1138 418 1165 καὶ
434 1138 597 1174 ἐπηρεάζειν
609 1138 778 1173 βουλομένων
788 1137 920 1164 ἀπίστων·

125 1183 180 1210 ἔσω
198 1184 227 1209 δὲ
241 1184 349 1218 φόϐους,
370 1184 409 1219 τῷ
423 1185 486 1216 τοὶς
505 1183 649 1216 δοκοῦντας
673 1184 727 1210 ἔσω
743 1184 792 1219 τῆς
809 1183 922 1218 Ἐκκλη-

127 1231 187 1262 σίας
200 1230 247 1256 καὶ
262 1230 380 1262 πίστεως
397 1229 479 1263 εἶναι,
504 1230 710 1265 ἀνερμσιτίοτως
724 1230 771 1256 καὶ
786 1228 921 1261 ἀϐεϐαίως

126 1275 209 1310 ἔχειν.
230 1275 392 1309 Ἐφοϐοὖντο
406 1275 459 1311 γὰρ
469 1275 499 1301 τὸ
508 1275 674 1311 παλίμϐολον
688 1274 742 1301 τῶν
759 1274 920 1310 Κορινθίων,

125 1321 164 1356 τῷ
179 1321 248 1356 ταχὺ
279 1321 454 1356 παράγεσθαι
479 1320 533 1347 ἀπὸ
553 1320 607 1346 τῶν
625 1320 768 1355 δογμάτων
784 1320 834 1355 τῆς
853 1319 921 1355 ἀλη-

126 1366 281 1398 θείας’ὂθεν
295 1367 361 1402 φησὶ
372 1366 438 1402 πρὸς
453 1365 560 1397 αὐτούς·
577 1375 588 1392 ι
600 1365 738 1400 Φοϐοῦμαι
756 1365 792 1400 μή
809 1373 867 1396 πως
884 1363 921 1396 ὡς

97 1404 99 1406 ’
125 1413 140 1438 ὁ
150 1412 211 1446 ὄφις
220 1411 392 1447 ἐξηπάτησεν
402 1411 474 1438 Εὕαν
485 1412 513 1438 ὲν
530 1412 562 1446 τῇ
581 1410 734 1445 πανουργίᾳ
751 1409 844 1440 αὑτοῦ,
858 1409 923 1444 φθα-

127 1459 162 1494 ρῇ
185 1458 219 1485 τὰ
234 1458 357 1493 νοήματα
373 1457 460 1492 ὑμῶν,
474 1456 610 1491 »Ἑτέρως
626 1456 654 1482 δὲ
665 1455 773 1490 νοηθείη
783 1455 822 1487 τὸ,
836 1465 845 1480 ι
858 1454 921 1487 Ἔξ-

127 1503 196 1530 ωθεν
219 1503 314 1539 μάχαι·
341 1512 350 1528 ι
363 1502 434 1528 τοῦτ’
453 1502 536 1532 ἔστιν.
558 1503 585 1528 αἱ
601 1501 662 1527 καθ’
682 1501 759 1536 ἡμῶν
772 1501 924 1527 ἐπαναστά-

128 1558 185 1581 σεις
199 1550 348 1585 γινόμεναι,
363 1549 396 1574 τὰ
410 1548 508 1581 ἔξωθεν
521 1547 600 1583 ἡμῶν
611 1547 756 1577 θλίϐουσιν,
773 1547 803 1572 οὐ
817 1546 921 1582 χωροῦ-

972 959 1026 978 ιιοιι
1051 952 1248 986 angustiamur.
1263 953 1369 981 etiamsi
1386 953 1504 989 undique
1527 954 1686 989 premimur.
1706 962 1716 978 ι
1730 952 1763 979 Et

972 1003 1033 1023 mox
1055 997 1195 1024 declarans
1210 1005 1334 1033 quaenam
1355 1003 1447 1028 essent
1466 1006 1611 1034 pressurae,
1636 998 1761 1025 addidit:

975 1051 984 1067 ι
999 1042 1076 1070 Foris
1095 1051 1201 1079 pugnat,
1224 1045 1296 1072 intus
1321 1050 1411 1073 autem
1428 1045 1550 1073 timores.
1564 1054 1574 1071 ι
1598 1046 1687 1080 Atque
1712 1045 1764 1072 hoc

972 1088 1071 1123 duplici
1087 1090 1167 1117 modo
1181 1090 1342 1126 intelligitur
1356 1100 1363 1118 :
1379 1090 1533 1118 forinsecus
1547 1088 1644 1125 nempe
1659 1097 1764 1125 pugnas

973 1133 1097 1162 accidere
1111 1134 1241 1170 apostolis
1261 1135 1294 1163 ab
1316 1135 1470 1164 inﬁdelibus
1484 1137 1610 1172 persequi
1625 1142 1652 1165 et
1665 1143 1765 1164 nocere

972 1179 1132 1208 volentibus.
1173 1181 1339 1209 lntrinsecus
1369 1189 1435 1210 vero
1462 1182 1594 1216 timores,
1619 1187 1763 1217 propterea

972 1227 1043 1261 quod
1055 1227 1100 1261 qui
1121 1227 1190 1255 intra
1207 1227 1357 1255 Ecclesiam
1371 1228 1506 1263 ﬁdemque
1516 1236 1576 1257 esse
1592 1229 1763 1262 videbantur,

973 1272 1112 1301 instabiles
1131 1273 1289 1308 inﬁrmique
1310 1279 1412 1302 essent.
1438 1275 1596 1303 Timebatur
1615 1276 1687 1303 enim
1710 1274 1764 1302 Co-

973 1319 1354 1354 rimhiorumineonstantia,
1380 1328 1413 1348 ne
1442 1321 1535 1349 statim
1565 1321 1721 1349 recederent
1749 1329 1764 1348 a

972 1365 1142 1400 dogmatibus
1168 1368 1300 1394 veritatis.
1329 1367 1404 1394 Unde
1425 1367 1463 1394 ait
1487 1367 1540 1394 illis
1559 1375 1566 1395 :
1584 1367 1708 1395 tVereor
1732 1375 1765 1394 ne

973 1411 1042 1438 sicut
1061 1419 1174 1446 serpens
1198 1411 1281 1438 Evam
1304 1412 1411 1439 seduxit
1434 1414 1533 1440 astutia
1554 1420 1614 1444 sua,
1641 1414 1678 1440 ita
1703 1421 1764 1440 cor-

973 1461 1133 1491 rumpantur
1158 1464 1255 1484 sensus
1280 1457 1363 1485 vestri
1388 1458 1444 1485 ⁷⁷.»
1471 1458 1531 1486 Alio
1551 1466 1660 1494 quoque
1686 1459 1765 1486 modo

974 1502 1084 1537 intelligi
1104 1507 1191 1538 potest
1207 1503 1306 1530 locutio
1325 1512 1334 1528 ι
1349 1502 1428 1531 Foris
1446 1511 1553 1539 pugnte,
1568 1513 1577 1530 ι
1600 1505 1626 1531 id
1642 1510 1693 1537 est,
1705 1513 1766 1539 qua:

974 1547 1098 1575 excitatae
1113 1552 1177 1575 sunt
1198 1548 1327 1577 adversus
1340 1556 1390 1577 nos
1406 1550 1620 1584 persecutiones,
1644 1551 1765 1579 exterius

129 1603 174 1622 σαι
195 1595 276 1630 μέχρι
295 1594 341 1621 τοῦ
356 1594 473 1629 ταράξαι
494 1593 542 1628 τὴν
558 1593 683 1629 καρδίαν.
711 1594 806 1628 Ὅμως
823 1593 847 1619 εί
874 1593 939 1619 stall

974 1599 1023 1619 nos
1036 1598 1171 1628 premunt,
1191 1601 1277 1629 neque
1295 1599 1384 1621 tamen
1399 1602 1485 1630 usque
1495 1595 1527 1622 ad
1539 1603 1586 1622 cor
1603 1595 1766 1623 turbandum

128 1640 266 1676 ὰτάραχος
281 1642 297 1676 ἡ
313 1639 396 1675 ψυχὴ,
411 1639 467 1666 ἀλλ’
484 1636 530 1665 οὖν
550 1638 624 1665 ἔνδον
643 1639 696 1664 εἰσὶ
723 1639 799 1673 φόῦοι
812 1638 837 1664 οἱ
859 1638 923 1673 περὶ

131 1687 344 1722 μεταπτώσεως·
364 1687 478 1722 τρεπτοὶ
492 1686 545 1722 γάρ
561 1686 652 1721 ἐσμεν.

174 1793 220 1818 Στ.
238 1795 274 1824 ς’.
299 1793 379 1819 Ἀλλ’
397 1793 413 1819 ὁ
427 1791 608 1826 παρακαλῶν
626 1792 696 1825 τοὺς
712 1794 881 1827 ταπεινούς.

174 1849 203 1874 '0
215 1849 302 1880 διδοὺς
314 1850 368 1879 τοῖς
385 1851 521 1880 ταπεινοῖς
539 1849 618 1885 χάριν
630 1849 695 1881 Θεὸς
713 1850 866 1885 παρακαλεῖ
880 1851 928 1878 αὑ-

133 1896 205 1927 τοὺς,
219 1895 394 1930 παραμυθίαν
408 1895 521 1930 ὀρέγων,
532 1896 606 1927 ὅπως
613 1896 748 1930 τλητικῶς
761 1896 794 1922 τὰ
812 1897 928 1925 ἐπίπονα

134 1942 251 1977 φέρωσι·
274 1941 488 1977 παρεμυθήσατο
516 1943 562 1968 καὶ
581 1943 655 1977 ἡμᾶς
677 1943 706 1968 ὲν
728 1943 762 1978 τῇ
786 1943 831 1978 ἀφ’
851 1942 929 1979 ὑμῶν

95 2010 97 2013 -
132 1996 202 2032 πρὸς
214 1996 287 2031 ἡμᾶς
303 1995 435 2032 ὲπιδημίᾳ
446 1995 538 2023 Τίτου.
561 1996 598 2022 οὐ
619 1996 687 2032 μόνη
708 1996 768 2032 δὲή
790 1996 926 2032 παρουσία

132 2040 215 2068 αὑτοῦ
239 2040 436 2076 παρεκάλεσεν,
462 2041 530 2068 ἀλλὰ
553 2042 599 2068 καὶ
620 2043 636 2076 ὴ
661 2041 843 2077 ὲπαγγελίαὴ
863 2042 926 2078 περὶ

132 2086 220 2122 ὑμῶν.
240 2087 380 2121 Ἐςρασκεν
396 2086 451 2122 γὰρ
465 2086 498 2121 ἣν
517 2086 684 2119 ἐνεδείξασθε
705 2088 744 2118 είς
761 2087 843 2114 αὐτὸν
856 2087 926 2114 κατὰ

131 2131 198 2158 Θεὸν
216 2131 345 2167 σπουδήν·
373 2131 494 2158 ἐπέτεινε
512 2132 539 2157 δὲ
555 2133 621 2166 ἡμῖν
645 2131 679 2158 τὰ
696 2132 745 2167 τῆς
760 2132 925 2167 ἱλαρότητος,

133 2178 313 2212 γινώσκουσιν
324 2178 362 2209 ὡς
377 2177 479 2213 πολλὴν
495 2178 615 2204 διάθεσιν
627 2178 675 2204 καὶ
691 2178 832 2213 σπλάγχνα
843 2179 926 2214 ὑπερ-

133 2224 285 2256 ϐαλλόντως
303 2223 440 2256 ἀποσώζει
458 2223 526 2259 πρὸς
540 2224 622 2259 ὑμᾶς·
637 2223 706 2259 πρὸς
714 2225 818 2256 τούτοις
837 2225 925 2260 ἐπήγ-

133 2269 206 2304 γειλε
222 2270 269 2296 καὶ
288 2270 368 2305 ζῆλον
394 2270 440 2296 καὶ
462 2269 580 2305 όδυρμὸν
596 2270 642 2296 καὶ
664 2269 746 2297 πόθον
765 2270 835 2305 ἔχειν
853 2270 925 2305 ὑμᾶς
943 2263 963 2290 υ

133 2315 203 2350 ὑπὲρ
218 2314 340 2350 εμοῦ,ὼς
355 2315 451 2350 μηκέτι
471 2314 606 2346 διστάζειν
620 2315 684 2350 περὶ
696 2315 742 2341 τοῦ
757 2315 924 2350 λελυπῆσθαι

133 2362 205 2396 ὑμᾶς
221 2363 253 2388 ὲκ
269 2361 324 2388 τῶν
347 2360 500 2396 γενομένων
517 2360 636 2396 ἐλέγχων
657 2361 689 2387 ἐκ
711 2361 761 2396 τῆς
787 2361 925 2398 προτέρας

139 2407 308 2442 Ἐπιστολῆς.
342 2407 509 2442 Ἑμάνθανον
529 2407 584 2442 γὰρ
602 2407 699 2434 ἐκτῶν
718 2407 805 2442 λόγων
828 2407 921 2438 αὑτοῦ,

107 2479 109 2481 ,
133 2453 170 2484 ὡς
196 2454 212 2488 ἡ
236 2452 308 2488 λύπη
335 2453 403 2488 πρὸς
421 2453 510 2487 ὀλίγον
530 2453 675 2488 ὑπάρξασα
693 2454 726 2479 ἐκ
739 2453 794 2479 τῶν
808 2453 925 2489 γραφέν-

133 2507 197 2531 των,
213 2499 322 2534 σπέριια
344 2499 391 2525 καὶ
414 2499 526 2534 ἁμορφὴ
548 2498 678 2534 μεγίστης
699 2498 867 2533 εὐφροσύνης
882 2498 925 2532 γέ-

132 2550 220 2578 γονεν.

126 2623 172 2651 Στ.
193 2622 235 2658 ιβ’.
260 2623 293 2649 Et
311 2622 359 2649 καὶ
385 2623 513 2658 ἔγραψα,
536 2624 593 2658 οὐχ
617 2625 735 2652 εῖνεκεν
751 2625 804 2653 τοῦ
819 2625 924 2659 ἀδική-

206 2676 329 2701 σαντος,
345 2668 417 2695 οὐδὲ
446 2670 548 2696 Ζνεκεν
564 2669 617 2697 τοῦ
631 2669 839 2706 ἀδικηθέντος.

175 2726 437 2761 ’Ᾱδικήσανταλέγει
452 2726 497 2753 τὸν
516 2728 634 2761 γυναῖκα.
646 2725 694 2753 τοῦ
715 2726 819 2761 πατρὸς
843 2728 925 2762 ἐσχη-

134 2771 210 2798 κότα·
225 2772 387 2808 ἀδικηθέντα
399 2772 427 2799 δὲ
443 2773 501 2808 ἦτοι
513 2773 559 2799 τὸν
571 2773 678 2809 πατέρα
693 2770 723 2800 οὗ
740 2773 788 2807 τὴν
809 2774 925 2806 γυναῖκα

132 2816 216 2852 εἶχεν,
233 2818 283 2846 κᾶν
298 2819 438 2854 τεθνηκὼς
494 2819 509 2855 ἣ
524 2819 570 2846 τὸν
587 2819 724 2846 κωλύοντα
733 2819 820 2854 γάμον
835 2819 923 2846 τοιοῦ-

170 2888 192 2903 ⁷⁷
216 2888 235 2914 ιι
260 2889 321 2915 Cor.
350 2897 388 2921 xi,
415 2889 440 2916 5.

975 1643 1128 1672 penetrant.
1145 1639 1337 1673 Nihilominus,
1351 1647 1505 1675 quanquam
1520 1640 1713 1676 imperturbata
1725 1645 1766 1669 est

975 1686 1076 1717 anima,
1101 1690 1221 1714 attamen
1237 1687 1310 1714 intus
1331 1691 1395 1714 sunt
1411 1687 1525 1714 timores
1545 1695 1580 1715 ne
1594 1687 1663 1715 forte
1677 1693 1764 1715 mula-

975 1731 1013 1759 tio
1030 1732 1119 1767 aliqua
1139 1733 1194 1760 lini.
1216 1733 1321 1760 Etenim
1338 1732 1483 1760 variabiles
1498 1740 1604 1761 sumus.

1090 1799 1170 1828 Vens.
1193 1798 1219 1827 6.
1241 1798 1292 1827 Sed
1305 1800 1350 1834 qui
1365 1800 1517 1828 consolatur
1531 1799 1652 1828 Immiler.

1011 1865 1061 1897 Qui
1073 1865 1118 1891 dat
1133 1864 1280 1892 humilibus
1293 1865 1408 1900 gratiam
1425 1867 1507 1899 Deus,
1527 1871 1632 1894 recreat
1644 1875 1691 1895 eos
1701 1867 1767 1895 sola-

976 1911 1048 1937 mine
1072 1909 1173 1943 oblato,
1198 1915 1227 1937 ut
1250 1911 1385 1945 patienter
1406 1919 1542 1939 aerumnas
1564 1913 1662 1940 ferant.
1693 1913 1766 1940 idem

976 1955 1130 1983 consolatus
1143 1960 1186 1983 est
1207 1957 1289 1984 etiam
1311 1964 1359 1985 nos
1377 1957 1404 1985 in
1428 1958 1515 1985 reditu
1541 1957 1593 1985 Titi
1611 1966 1625 1985 a
1641 1959 1717 1986 vobis
1733 1960 1767 1986 ad

977 2008 1037 2028 nos.
1054 2000 1148 2036 Neque
1171 2002 1256 2030 solum
1284 2003 1416 2031 adventus
1433 2004 1492 2038 ejus
1514 2005 1658 2037 recreavit,
1675 2012 1766 2033 verum

977 2047 1058 2074 etiam
1071 2054 1131 2081 quae
1143 2047 1177 2075 de
1190 2047 1267 2074 vobis
1288 2048 1438 2081 nuntiavit;
1460 2049 1583 2076 narravit
1596 2049 1667 2076 enim
1688 2048 1768 2083 quale

976 2092 1157 2120 exhibueritis
1187 2100 1250 2128 erga
1284 2093 1357 2120 illum
1383 2094 1409 2121 in
1439 2094 1495 2122 Deo
1522 2095 1652 2122 studium.
1684 2094 1768 2121 Auxit

977 2141 1066 2164 autem
1095 2138 1259 2166 hilaritatem
1291 2143 1432 2171 nostram,
1461 2140 1610 2167 scientibus
1636 2145 1767 2174 quantum

977 2182 1102 2211 atrectum
1116 2192 1147 2211 ac
1162 2185 1355 2220 benignitatem
1368 2193 1432 2220 erga
1450 2193 1496 2213 vos
1509 2190 1664 2213 conservat.
1690 2185 1768 2213 Insu-

978 2236 1025 2264 per
1050 2230 1184 2258 nuntiavit
1213 2231 1321 2263 zelum,
1357 2238 1521 2264 mterorem,
1551 2231 1769 2267 desideriumque

979 2279 1096 2302 vestrum
1124 2284 1173 2311 pro
1196 2276 1292 2310 nobis,
1322 2277 1357 2304 ita
1388 2281 1417 2303 ιιι
1438 2277 1494 2311 jam
1518 2285 1570 2304 non
1593 2277 1643 2304 sim
1671 2278 1769 2306 anxius

978 2322 1048 2356 quod
1060 2322 1279 2350 contristaverim
1301 2330 1348 2350 vos
1364 2323 1622 2358 reprehensionibus
1635 2324 1660 2350 in
1677 2325 1768 2358 priore

978 2367 1108 2402 Epistola.
1129 2368 1213 2396 Ditlici
1238 2370 1310 2396 enim
1327 2376 1361 2396 ex
1384 2369 1539 2396 narratioue
1556 2369 1633 2404 ejus,
1658 2370 1768 2398 brevem

977 2413 1022 2447 qui
1036 2413 1140 2441 exstitit
1154 2421 1187 2441 ex
1203 2421 1261 2441 meo
1274 2414 1375 2448 scripto
1386 2414 1518 2451 dolorem,
1532 2422 1624 2443 semen
1641 2423 1768 2443 causam-

979 2467 1031 2494 que
1043 2458 1126 2487 fuisse
1138 2460 1228 2495 gaudii
1250 2460 1373 2489 maximi.

981 2624 1062 2653 Vnus
1086 2625 1128 2652 1%.
1151 2626 1211 2652 Etsi
1229 2626 1323 2660 scripsi
1345 2627 1417 2653 vobis
1441 2635 1492 2654 non
1515 2631 1621 2661 propter
1641 2635 1701 2654 eum
1724 2629 1768 2663 qui

1032 2671 1092 2705 fecit
1107 2672 1243 2706 injuriam,
1257 2681 1303 2700 nec
1315 2677 1420 2708 propter
1429 2680 1488 2700 eum
1505 2674 1550 2708 qui
1559 2682 1651 2708 passus
1666 2679 1714 2702 est.

1015 2727 1176 2762 lnjuriosum
1202 2728 1267 2756 dicit
1299 2729 1433 2756 hominem
1459 2729 1551 2762 illum,
1582 2730 1627 2765 qui
1655 2738 1767 2758 uxorem

979 2774 1064 2810 patris
1086 2775 1128 2802 sui
1157 2775 1183 2802 iu
1205 2775 1377 2803 matrimonio
1404 2775 1521 2804 habebat
1539 2783 1546 2803 :
1563 2783 1673 2811 passum
1705 2784 1770 2804 vero

980 2820 1104 2856 injuriam
1136 2822 1172 2848 ait
1206 2822 1245 2850 vel
1268 2827 1392 2858 patrem,
1414 2822 1490 2857 cujus
1510 2822 1554 2851 ille
1579 2830 1691 2851 uxorem
1717 2823 1769 2850 sibi
