1913 3071
126 142 193 169 ΓΙΓΙ

565 134 777 163 FRAGMENTA
796 133 828 161 ΙΝ
851 132 957 160 EI'IST.
978 131 998 158 ll
1019 131 1064 158 AD
1082 130 1303 158 CORINTIIIOS.

1679 130 1747 157 Hi8

125 198 249 233 φενάκων
265 198 310 224 καὶ
323 194 495 230 σοφιστικῶν,
513 192 672 225 σπουδάζειν
687 193 736 219 δεῖ.
763 191 860 218 Ίστέον
871 191 910 223 δὲ,

974 200 978 216 ι
996 189 1098 217 dolosis
1112 197 1144 217 ac
1160 189 1299 215 fallacibus
1313 188 1492 222 decipiantur.
1517 187 1662 215 Sciendum
1685 196 1749 216 vero

124 244 164 270 ὅτι
174 244 188 270 ὁ
202 241 392 276 προτιθέμενος
405 240 465 275 Θεῷ
477 238 688 275 προηγουμένως
704 238 842 274 ἀρέσκειν,
854 235 912 263 εἶτα

125 275 288 323 neposne:
315 275 365 312 οὐκ
388 284 630 321 ἁνθρωπάρεσκος,
644 283 702 309 ἀλλ’
718 284 732 309 ὁ
744 282 811 309 αὐτὸ
834 281 912 308 τοῦτο

128 334 206 367 μόνον
219 331 409 368 προῃρημένος
427 331 533 366 θνητοῖς
549 329 705 361 ἀποδέκτως
724 328 783 364 ζῇν,
809 327 860 354 κᾶν
876 327 912 363 μὴ

126 380 190 411 Θεὸς
201 379 378 413 ἀποδέχηται.

135 423 179 449 Στ.
198 421 250 456 κβ¹.
272 423 326 448 Τὸν
343 420 477 455 ἀδελφὸν
497 419 590 454 ἡμῶν,
609 420 645 447 ὃν
662 420 892 456 ἐδοκιμάσαμεν.

151 467 209 494 Καὶ
227 466 404 501 ὲγκωμιάσας
421 466 501 492 αὑτὸν
517 466 571 492 ἀπὸ
586 466 640 493 τῶν
657 466 765 493 οἰκείων
778 467 916 503 κατορθω-

119 513 222 549 μάτων,
246 513 292 538 καὶ
306 511 360 538 ἀπὸ
375 512 425 547 τῆς
443 511 510 547 πρὸς
529 512 650 543 ἐκείνους
667 512 778 547 ἀγάπης
790 513 911 549 ἐπαίρει,

119 560 263 594 σπέρματα
285 558 377 590 αὐτοῖς
397 558 644 593 προαποτιθέμενος
660 558 709 593 τῆς
724 559 792 593 πρὸς
812 560 911 595 Κοριν-

117 606 191 637 θίους
202 605 323 639 ἀγάπης,
341 604 412 631 ὥστε
432 605 478 631 καὶ
493 604 578 640 ταύτῃ
594 604 705 641 πλείονα
724 605 848 638 γενέσθαι
862 606 911 641 τὴν

117 650 262 686 εἰσφοράν·
286 651 331 677 καὶ
351 650 443 676 λοιπὸν
467 650 560 684 ἐπειδὴ
587 650 727 682 ἀπέδειξεν
748 651 838 677 αὐτῶν
861 652 910 687 τὴν

117 697 227 732 ἀρετὴν,
244 696 398 732 παρακαλεῖ
411 696 458 722 καὶ
475 695 509 722 τὰ
521 695 592 731 ὑπὲρ
607 696 708 722 αὐτῶν.

117 741 195 771 ΚΕΦ.
212 742 241 775 l’,
261 750 302 769 στ.
319 740 352 769 α’.
367 741 466 775 Αὐτὸς
485 741 519 768 δὲ
539 741 596 776 ὲτὼ
612 742 729 775 Παῦλος
747 743 910 776 παρακωῑώ

468 785 558 814 ῠιιᾶρ.

164 829 255 860 Αὐτὸς·
272 827 328 862 ἐγὼ
346 828 361 856 ὁ
386 795 558 859 διδάσέαῇῗζ
571 826 647 862 ὑμῶν
676 827 723 853 καὶ
743 826 856 862 γράφων
883 826 917 854 τὰ

964 238 1016 263 est.
1032 240 1092 260 eum
1115 233 1160 267 qui
1175 233 1230 260 Deo
1242 231 1437 266 principaliter,
1454 231 1550 259 deinde
1564 233 1644 259 etiam
1661 233 1747 260 homi-

964 277 1041 304 nibus
1066 277 1173 311 placere
1196 276 1270 308 velit,
1295 276 1327 303 dc
1351 283 1463 302 numero
1483 282 1535 302 non
1558 282 1618 303 esse
1643 275 1749 302 illorum

963 322 1008 357 qtti
1029 322 1184 350 hominibus
1206 322 1314 357 proprie
1339 321 1445 356 placere
1459 321 1589 348 student:
1604 322 1664 349 talis
1677 322 1749 348 enim

965 368 1008 395 ille
1031 372 1136 395 tantum
1157 372 1208 400 est,
1229 367 1274 402 qui
1294 368 1343 394 hoc
1360 374 1441 393 unum
1466 367 1565 401 satagit
1583 372 1612 394 ut
1630 367 1752 394 mortali-

964 414 1023 445 bus,
1042 414 1096 442 Deo
1109 414 1191 441 etiam
1209 414 1324 441 l‘ortasse
1339 414 1433 445 invito,
1448 413 1561 447 placeat.

998 459 1080 487 Vsus.
1102 459 1147 486 22.
1168 458 1293 485 Fratrem
1313 463 1430 485 nostrum
1448 466 1523 493 quem
1540 457 1714 492 probavimus.

999 505 1074 533 Hunc
1088 506 1123 533 ob
1136 513 1184 533 sua
1203 505 1272 533 bona
1288 512 1367 538 opera
1390 504 1512 536 laudans,
1538 511 1598 531 mox
1616 505 1697 532 etiam
1713 505 1748 532 ob

964 551 1122 578 charitatcm
1146 558 1208 586 erga
1233 550 1294 577 illos
1311 550 1434 582 extollit,
1466 550 1568 577 semina
1594 550 1752 585 prtcjacieus

964 598 1064 624 atuoris
1083 604 1146 631 erga
1170 597 1336 628 Corinthios,
1363 601 1390 622 ut
1409 596 1448 623 sic
1470 596 1552 623 etiam
1570 596 1657 630 major
1676 597 1752 623 ﬂeret

964 644 1075 671 oblatio.
1090 643 1231 677 Deinceps,
1248 647 1390 677 postquam
1408 642 1514 669 illorum
1531 642 1649 669 ostendit
1666 642 1752 669 virtu<

967 695 1031 722 tem,
1044 694 1075 716 ut
1091 689 1123 715 iis
1137 696 1244 724 quoque
1255 688 1324 716 bene
1341 688 1387 714 flat
1400 692 1536 723 precatur.

966 777 1029 805 CAP.
1042 777 1074 811 Χ,
1089 784 1166 805 vene.
1184 777 1209 804 l.
1229 777 1288 811 Ipse
1302 781 1388 803 autem
1401 785 1446 811 ego
1462 775 1562 803 Paulus
1580 777 1684 804 obsecro
1699 786 1753 805 vos.

1001 823 1060 858 Ipse
1073 831 1123 858 ego
1147 823 1275 857 magister
1291 827 1380 850 vester
1394 822 1438 857 qui
1454 823 1511 849 haec
1525 823 1625 855 scribo,
1639 824 1754 850 obsecro

129 875 308 910 προκείμενα,
327 873 478 909 παρακαλῶ
490 873 561 899 κατὰ
578 872 678 907 ἀρετὴν
692 872 725 907 ἦν
740 872 858 907 Χριστός
872 881 917 907 μοι

974 877 1015 897 vos
1040 877 1088 904 per
1114 869 1241 896 virtutem
1269 876 1349 904 quam
1377 868 1440 894 mihi
1470 868 1595 896 Christus
1620 869 1755 896 concessit

129 919 241 946 δέδωκεν
273 918 342 953 (ἔστι
366 918 395 945 δὲ
411 917 531 953 πραότης
548 917 594 943 καὶ
612 916 767 950 ἐπιείκεια),
781 916 916 951 θαρρῆσαι

130 967 169 992 ἔτι
185 965 293 1001 μακρὰν
305 965 447 1000 τυγχάνων
467 965 500 999 τῇ
514 964 638 998 ὑποταγῇ
649 961 737 997 ὑμῶν,
753 961 791 993 ὡς
804 962 918 997 ὀφθῆναί

131 1019 164 1045 με
177 1010 304 1037 ταπεινὸν
318 1009 449 1045 παρόντα.
466 1008 524 1036 τοτ’
541 1008 574 1035 ἂν
591 1007 645 1043 γὰρ
661 1007 832 1042 ἐπιδημήσας
847 1005 918 1042 εὕρω

129 1055 164 1082 τὰ
179 1056 228 1091 τῆς
242 1056 399 1091 προτροπῆς
415 1055 456 1086 είς
478 1054 548 1089 ἔργα
578 1053 789 1088 μεταϐαλόντας,
808 1051 918 1087 μέτριος

129 1100 178 1135 τὴν
197 1099 309 1134 γνώμην
323 1100 372 1126 σὺν
389 1098 522 1134 πραότητι
547 1097 630 1132 πολλῇ
646 1095 828 1131 συνδιατρίψω
843 1096 915 1131 ὑμῖν.

130 1144 211 1172 Ὅθεν
229 1144 324 1180 δέομαι
342 1144 378 1179 μὴ
390 1143 486 1179 παρὼν
508 1142 644 1178 θαρῤῆσαι
660 1141 747 1173 οὕτως
771 1141 809 1172 ὡς
824 1141 917 1176 φέρειν

131 1191 276 1225 πρόσωπον
301 1189 457 1224 ἐλέγχοντος
483 1189 529 1215 καὶ
547 1186 712 1223 πλήττοντος
735 1185 915 1213 διδασκάλου·

130 1237 204 1267 ὅπως
220 1235 258 1271 μὴ
272 1234 437 1269 ἀναγκασθῶ
463 1235 496 1269 τῇ
526 1234 574 1260 σὺν
591 1231 734 1268 παρρησίᾳ.
759 1231 918 1266 πεποιθήσει

130 1281 289 1307 διδασκάλου
303 1280 438 1315 τολμῆσαι
457 1279 529 1305 κατά
550 1286 631 1304 τινων
648 1277 831 1312 λογιζομένων
847 1276 919 1311 βαδί‹

131 1326 187 1359 ζειν
203 1327 278 1361 ἡμᾶς
295 1325 365 1352 κατὰ
383 1326 489 1360 σάρκαι·
505 1323 521 1358 ἢ
536 1323 566 1349 οὐ
591 1321 661 1348 κατὰ
680 1322 770 1358 σάρκα
785 1321 903 1356 ἁναστρέ

131 1372 228 1407 φεσθαι
248 1371 383 1407 νομίσειέν
399 1380 451 1402 τις,
461 1371 498 1397 ὅτ’
513 1369 545 1396 ἂν
554 1368 633 1404 οἰηθῇ
648 1369 684 1403 μὴ
696 1368 743 1394 τοῦ
760 1368 919 1404 πράγματος

131 1419 212 1454 χάριν
235 1418 310 1444 ταῦτ’
329 1418 403 1452 ἡμᾶς
427 1415 609 1451 γεγραφέναι,
627 1414 685 1440 ἀλλ’
703 1414 777 1444 ὅπως
799 1412 920 1447 δόξωμεν

134 1466 245 1501 μεγάλοι
261 1464 333 1495 τινὲς
349 1462 428 1495 εἶναι,
445 1461 521 1498 ὑμῶν
533 1462 659 1496 ὑπηκόων
679 1460 725 1486 καὶ
739 1459 849 1486 πλείονα
856 1467 918 1485 συν-

132 1511 311 1546 εισφερόντων
333 1508 503 1544 γινομένων;
537 1507 603 1537 Θεὸς
628 1505 682 1541 γὰρ
712 1506 846 1541 μαρτυρεῖ
874 1505 921 1531 καὶ

133 1555 284 1591 ἀνθρώπων
298 1553 429 1586 πλείονες,
445 1553 486 1578 ὃτι
499 1552 547 1587 τῆς
567 1549 705 1581 διακονίας
719 1550 792 1581 ὅπως
807 1549 921 1584 δαψιλὴς

133 1601 256 1636 γένηται,
275 1600 323 1626 καὶ
349 1599 399 1625 οὐκ
426 1597 506 1626 ἄλλου
532 1597 603 1628 τινὸς
630 1594 799 1630 ἀνθρωπίνου
824 1595 919 1631 χάριν,

135 1647 229 1680 γέγονε
240 1645 274 1672 τὰ
289 1645 338 1680 τῆς
355 1643 520 1678 συμϐουλῆς.

133 1690 179 1715 Στ.
203 1691 238 1721 γ’.
260 1688 311 1715 Ἐν
334 1687 424 1721 σαρκὶ
445 1686 502 1721 γὰρ
533 1683 777 1718 περιπατοῦντες,
798 1682 834 1709 οὺ
850 1681 926 1709 κατὰ

360 1733 457 1768 σάρκα
473 1731 701 1767 στρατευόμεθα.

170 1782 207 1808 To
223 1781 401 1817 προκείμενον
414 1779 506 1815 νόησιν
518 1780 574 1815 ἔχει
587 1780 633 1808 τοῦ
642 1781 671 1807 ὲν
683 1779 765 1815 ἑτέρᾳ
778 1778 921 1814 Ἐπιστολῇ

136 1828 306 1864 γραφομένου
318 1827 424 1863 ἔχοντος
438 1826 556 1859 οὓτως-ι
568 1827 629 1853 Ἐπὶ
636 1827 687 1861 γῆς
699 1825 921 1861 περιπατοῦντες,

136 1875 165 1900 ἐν
176 1873 283 1909 οὐρανῷ
297 1873 394 1908 ἔχομεν
402 1873 432 1899 τὸ
445 1872 595 1907 πολίτευμα
605 1881 610 1886 ·
619 1882 628 1898 ι
641 1872 688 1899 καὶ
702 1872 756 1907 γὰρ
771 1871 868 1898 ταυτὸν
880 1869 923 1905 εἴη

135 1920 166 1946 τὸ
177 1919 248 1946 κατὰ
277 1919 376 1953 σάρκα,
394 1917 442 1944 καὶ
454 1918 501 1944 ἐπὶ
515 1919 566 1952 γῆς
581 1918 744 1953 περιπατεῖν
754 1924 761 1931 ·
778 1917 826 1943 καὶ⁵
836 1916 867 1942 τὸ
886 1914 924 1950 μὴ

137 1964 208 1992 κατὰ
225 1965 315 2000 σάρκα
330 1963 538 2000 στρατεύεσθαι,
554 1963 600 1989 τοῦ
623 1962 654 1989 τὺ
677 1962 830 1996 πολίτευμα
852 1960 924 1995 ἔχειν

138 2013 166 2037 ὲν
185 2010 300 2046 οὐρανῷ.
318 2009 396 2037 Κατὰ
418 2009 507 2044 σάρκα
533 2008 562 2035 δὲ
585 2007 781 2044 στρατεύεσθαι
798 2008 871 2042 λέγει
893 2009 923 2035 οὑ

137 2057 244 2088 πάντως
253 2056 315 2087 τοὺς
323 2057 362 2086 εἰς
372 2055 488 2090 πόλεμον
495 2053 779 2090 παρεσκευασμένους,
791 2053 858 2080 ἀλλὰ
871 2054 925 2089 γὰρ

138 2103 184 2130 καὶ
199 2103 261 2134 τοὺς
278 2101 422 2137 σαρκίνους
439 2102 487 2128 καὶ
503 2100 547 2127 διὰ
565 2100 644 2126 τοῦτο
662 2099 857 2134 πεπραμένους
872 2100 925 2127 ὑπὸ

137 2149 187 2184 τὴν
205 2147 353 2183 ἁμαρτίαν,
377 2143 428 2173 οἷοι
447 2144 516 2181 ἦσαν
531 2145 596 2181 περὶ
607 2141 644 2171 ὧν
659 2145 783 2180 εἴρηται·
799 2153 808 2170 ‹
827 2145 865 2171 Οὐ
887 2145 924 2180 μὴ

968 915 1039 951 (haec
1055 920 1097 943 est
1108 920 1197 943 autem
1210 915 1387 942 mansuetudo
1403 920 1429 942 et
1449 915 1609 949 modestia).
1628 919 1657 942 ut
1669 915 1753 942 ροιιίὶ-

968 962 1029 989 dam
1052 961 1150 989 absens
1170 961 1330 988 obedientiam
1354 965 1470 996 vestrae,
1501 961 1571 988 inter
1595 968 1643 988 vos
1664 966 1754 988 autem

970 1014 1080 1034 versans
1102 1006 1210 1033 humilis
1231 1006 1333 1033 videar.
1360 1005 1425 1032 Nam
1449 1012 1508 1033 cum
1531 1005 1562 1033 ad
1582 1013 1629 1033 vos
1643 1005 1755 1033 veniens

970 1054 1097 1081 invenero
1111 1052 1316 1080 adhortationes
1336 1059 1409 1079 meas
1426 1053 1457 1078 in
1469 1059 1535 1086 opus
1555 1052 1677 1083 collatas,
1698 1059 1755 1079 ino-

969 1100 1046 1127 desw
1059 1099 1148 1126 animo
1164 1098 1302 1133 multaque
1316 1105 1377 1126 cum
1394 1098 1602 1125 mansuetudine
1616 1097 1754 1125 vobiscum

969 1145 1107 1172 versabar.
1132 1143 1312 1177 Quamobrem
1336 1151 1417 1178 rogo,
1441 1151 1475 1171 ne
1501 1151 1620 1178 prasens
1647 1143 1754 1171 demum

969 1191 1060 1219 extolli
1085 1191 1207 1223 debeam,
1231 1195 1259 1218 et
1280 1190 1448 1225 objurgautis
1470 1190 1682 1225 castigantisque
1699 1198 1756 1217 ina-

970 1236 1046 1271 gistri
1062 1243 1206 1271 personam
1225 1242 1335 1263 sumere
1349 1245 1355 1263 :
1370 1241 1396 1262 et
1410 1243 1445 1263 ne
1461 1243 1544 1271 cogar
1557 1236 1653 1263 ﬁducia
1669 1235 1755 1271 magi—

970 1282 1044 1310 strali
1058 1282 1188 1309 adversus
1207 1280 1312 1316 aliquos
1334 1288 1413 1315 asper
1433 1281 1502 1313 ﬁeri,
1526 1281 1572 1316 qtti
1595 1288 1638 1308 me
1663 1285 1755 1315 putant

970 1327 1115 1355 secundum
1136 1334 1246 1354 carnem
1272 1326 1420 1353 ambulare.
1448 1325 1542 1353 Nonne
1565 1327 1637 1353 enim
1659 1333 1756 1353 secun-

971 1373 1033 1399 dum
1058 1379 1167 1399 carnem
1189 1379 1238 1398 nos
1261 1371 1419 1399 conversari
1445 1371 1568 1398 crederet
1593 1371 1690 1405 aliquis
1704 1391 1711 1402 ,
1734 1371 1757 1398 si

972 1417 1041 1445 forte
1065 1422 1173 1452 putaret
1200 1424 1250 1444 nos
1278 1417 1350 1444 haud
1381 1416 1467 1451 ipsius
1493 1417 1645 1451 argumenti
1675 1425 1756 1444 causa

972 1463 1028 1490 lucc
1048 1463 1177 1496 scribere,
1201 1464 1248 1490 scd
1269 1468 1298 1490 ut
1318 1469 1444 1497 maguum
1469 1462 1570 1496 aliquid
1593 1462 1755 1496 videremur,

973 1508 1048 1535 vobis
1063 1508 1171 1535 interim
1191 1508 1388 1539 obedientibus,
1403 1511 1429 1534 et
1442 1507 1517 1541 plura
1535 1507 1755 1536 conferentibusl

974 1553 1044 1581 Deus
1070 1557 1160 1580 autem
1184 1553 1259 1580 testis
1274 1557 1317 1580 est
1340 1557 1367 1579 et
1391 1551 1511 1586 plerique
1530 1551 1665 1584 homines,
1684 1553 1755 1587 quod

972 1605 1001 1627 ut
1024 1599 1203 1627 ministerium
1227 1599 1307 1627 latius
1326 1599 1412 1632 ﬂeret,
1433 1603 1460 1626 et
1487 1605 1538 1625 non
1557 1599 1593 1625 rei
1615 1598 1756 1633 cujuslibet

973 1647 1096 1674 humante
1113 1653 1205 1678 causa,
1230 1645 1272 1672 ha:
1285 1645 1359 1672 vobis
1374 1645 1513 1672 suasioues
1524 1643 1621 1671 oblatae
1639 1644 1756 1672 ruerunt.

975 1691 1056 1720 Vsus.
1076 1691 1102 1719 5.
1123 1691 1157 1719 In
1177 1699 1256 1719 carne
1271 1692 1339 1718 enim
1358 1690 1529 1722 ambulantes,
1549 1697 1600 1717 non
1616 1690 1756 1717 secundum

1229 1745 1334 1764 carnem
1350 1737 1504 1764 militamus.

1010 1784 1095 1812 Verba
1109 1783 1166 1810 haec
1180 1783 1301 1810 eamdem
1315 1783 1474 1810 sententiam
1491 1782 1639 1815 continent,
1658 1790 1717 1817 quae
1733 1782 1757 1809 in

974 1830 1024 1856 alia
1042 1828 1160 1863 Epistola
1173 1827 1208 1854 ita
1226 1835 1255 1854 se
1267 1827 1365 1854 habet:
1382 1835 1391 1852 ι
1405 1826 1434 1853 In
1449 1832 1518 1853 terra
1537 1826 1715 1859 ambulantes,
1732 1827 1757 1854 in

975 1875 1043 1903 caelo
1055 1881 1246 1902 conversamur
1260 1873 1291 1899 ⁷⁸.
1307 1881 1315 1897 ν
1338 1871 1410 1899 Idem
1430 1872 1528 1906 quippe
1548 1876 1589 1899 est.
1610 1873 1758 1900 secundum

975 1927 1094 1952 carnem,
1111 1919 1181 1954 quod
1202 1919 1227 1946 in
1247 1923 1318 1946 terra
1338 1918 1492 1950 ambulare;
1511 1918 1683 1953 vicissimque
1697 1926 1757 1953 pcr-

976 1965 1037 1992 inde
1058 1969 1101 1992 est
1121 1971 1173 1991 non
1201 1963 1346 1991 secundum
1373 1970 1482 1990 carnem
1511 1963 1643 1995 militare,
1672 1971 1703 1990 ac
1733 1964 1758 1991 in

976 2011 1043 2039 cmlo
1061 2010 1225 2038 conversari.
1249 2007 1402 2036 Secundam
1415 2016 1525 2036 carnem
1540 2014 1628 2037 autem
1643 2010 1758 2038 militare

976 2056 1051 2089 dicit,
1064 2056 1134 2083 haud
1150 2061 1214 2083 sane
1229 2054 1288 2082 illos
1303 2054 1348 2089 qui
1366 2054 1393 2081 in
1413 2054 1511 2082 bellum
1534 2056 1693 2089 procedunt,
1713 2056 1760 2083 sed

976 2101 1099 2129 carnales
1119 2100 1241 2128 homines
1259 2100 1305 2134 qui
1326 2100 1427 2128 idcirco
1446 2101 1589 2135 mancipati
1613 2107 1675 2128 sunt
1700 2109 1764 2136 pec-

977 2151 1037 2174 cato
1053 2155 1061 2179 ;
1077 2146 1225 2180 cuiusmodi
1243 2151 1320 2173 erant
1339 2146 1376 2173 illi
1394 2147 1427 2174 de
1451 2147 1551 2181 quibus
1566 2147 1666 2175 dictum
1690 2147 1759 2175 fuit:

138 2194 291 2229 καταμείνῃ
306 2193 337 2219 τὸ
350 2192 462 2227 Πνεῦμα
474 2200 524 2226 μου
538 2191 566 2217 ὲν
579 2191 634 2222 τοῖς
648 2189 920 2225 ἀνθρώποιςτούτοις,

979 2202 989 2218 ι
1001 2191 1058 2219 Non
1083 2191 1250 2225 permanebit
1273 2191 1390 2226 Spiritus
1407 2200 1484 2220 meus
1498 2193 1524 2219 in
1540 2193 1694 2220 hominibus
1708 2194 1761 2228 his,

137 2239 182 2266 διὰ
194 2239 223 2265 τὸ
235 2237 304 2265 εἶναι
318 2239 416 2270 αὐτοὺς
429 2238 543 2273 σάρκας.
559 2246 567 2262 ι
581 2237 613 2263 Ol
630 2235 742 2267 τούτους
755 2235 925 2271 ὑπεραναὸε-

140 2284 254 2319 6ηκότες
274 2284 311 2315 ὼς
331 2283 361 2310 τὸ
386 2283 511 2318 φρόνημα
529 2282 577 2308 καλ⁵
597 2282 631 2308 τὰ
646 2281 715 2317 ἔργα
736 2282 786 2316 τῆς
812 2282 924 2317 σαρκὸς,

140 2331 219 2357 πάλιν
235 2330 305 2356 κατὰ
321 2329 430 2364 πνεῦμα
457 2327 649 2364 στρατεύονται
674 2326 713 2362 τῷ
739 2327 844 2362 βασιλεῖ
871 2327 926 2353 τῶν

139 2377 207 2404 ὅλων
221 2376 338 2412 Χριστῷ.
355 2375 400 2401 Διὸ
412 2375 455 2401 ἴνα
465 2374 584 2410 ἀρέσωσι
597 2373 636 2409 τῷ
653 2373 858 2408 στρατεύσαντι,
877 2373 927 2399 οὐκ

119 2430 122 2431 ⁷
141 2421 322 2454 ἐμπλέκονται
337 2422 398 2453 ταῖς
407 2419 454 2447 τοῦ
471 2419 528 2454 βίου
543 2419 759 2455 πραγματείαις,
775 2418 848 2445 τοῦτ’
868 2417 925 2444 ἔστι

140 2467 196 2497 τοῖς
219 2466 331 2496 ὑλικοίς.
353 2464 462 2500 Ἀμέλει
487 2463 552 2498 γοῦν
573 2464 595 2492 ἃ
615 2463 742 2498 φέρουσιν
759 2463 844 2496 ὅπλα,
877 2463 926 2489 οὐκ

141 2511 258 2547 αἰσθητὰ
277 2511 323 2538 καὶ
341 2510 485 2545 σωματικὰ
506 2508 615 2546 (ἀσθενῆ
644 2509 698 2543 γὰρ
723 2508 832 2544 ταῦτα).
851 2507 927 2534 ιὰλλὰ

140 2557 240 2583 δυνατὰ
252 2556 291 2592 τῷ
310 2555 369 2590 Θεῷ
388 2556 452 2582 εἰσι.
470 2553 640 2590 Καθαιροῦσι
653 2553 718 2588 γοῦν
740 2555 764 2580 ot
792 2553 927 2589 χρώμενοι

141 2602 245 2633 τούτοις
264 2602 313 2633 τὰς
339 2601 506 2637 ὀχυρότητας
520 2600 573 2627 τῶν
592 2599 738 2635 ἀπατηλῶν
751 2600 836 2634 λόγων
856 2599 927 2626 πάνυ

143 2647 304 2683 σοριστικῶς
314 2645 574 2682 κατεσκευασμένων
592 2645 660 2681 πρὸς
674 2645 728 2672 τῶν
740 2645 902 2680 ἑτεροδόξων
919 2654 924 2660 ·

141 2694 208 2722 ἀλλὰ
230 2694 276 2720 καὶ
293 2693 328 2720 τὰ
350 2693 414 2719 ὅντα
435 2694 463 2719 ὲν
487 2694 542 2723 τοῖς
559 2691 648 2725 λόγοις
667 2690 771 2722 τοῦτοις
793 2690 928 2726 ὑψώματα

142 2741 212 2767 κατὰ
240 2740 289 2774 τῆς
317 2738 443 2773 γνώσεως
467 2738 514 2764 τοῦ
541 2738 608 2764 Θεοῦ
625 2738 801 2772 ἑπαιρόμενα.
824 2738 856 2764 Οί
873 2737 927 2772 γὰρ

186 2829 207 2845 ⁷·
228 2829 341 2863 Philipp.
365 2836 404 2858 ιιι,
426 2829 470 2855 :20.
509 2829 531 2844 ⁷⁹
546 2827 613 2855 Gen.
633 2835 668 2861 γι,
688 2827 713 2854 3.

978 2238 1040 2272 quia
1063 2243 1160 2265 carnes
1184 2242 1248 2264 sunt
1272 2237 1307 2266 ".
1324 2247 1333 2264 ι
1364 2238 1416 2271 Qui
1443 2243 1532 2265 autem
1555 2246 1633 2272 supra
1656 2239 1712 2266 hate
1734 2248 1765 2267 se

980 2281 1122 2316 extollunt,
1137 2282 1167 2309 id
1180 2287 1221 2310 est
1240 2290 1321 2317 supra
1339 2284 1432 2311 carnis
1443 2283 1571 2311 affectum
1584 2290 1611 2311 et
1624 2292 1716 2319 opera,
1736 2285 1764 2313 hi

980 2328 1037 2355 uice
1048 2335 1125 2356 versa
1141 2329 1289 2356 secundum
1304 2329 1427 2364 spiritum
1449 2329 1564 2356 militant
1579 2329 1633 2365 regi
1644 2331 1763 2357 omnium

980 2372 1097 2400 Christo.
1116 2373 1259 2408 Propterea
1272 2378 1301 2400 ut
1322 2374 1481 2408 imperatori.
1497 2381 1547 2401 suo
1560 2375 1692 2409 placeant,
1709 2382 1762 2402 non

980 2418 1150 2452 implicantur
1166 2419 1258 2446 mundi
1274 2419 1398 2454 negotiis,
1420 2419 1446 2446 id
1461 2425 1503 2447 est
1519 2420 1712 2448 materialibus.
1732 2421 1764 2448 Et

979 2471 1045 2491 sitne
1061 2472 1120 2499 qua:
1141 2463 1231 2491 ferunt
1245 2472 1332 2498 arma,
1355 2473 1384 2492 ea
1408 2473 1461 2493 non
1482 2471 1544 2493 sunt
1564 2466 1713 2493 materialia
1739 2471 1764 2493 et

980 2517 1108 2544 corporea
1134 2510 1258 2545 (inﬁrma
1285 2511 1359 2538 enim
1383 2511 1468 2546 haec),
1496 2511 1542 2539 sed
1570 2512 1688 2546 potentia
1709 2511 1764 2538 Deo

980 2560 1053 2583 sunt.
1081 2556 1133 2589 Qui
1163 2563 1229 2590 ergo
1257 2556 1309 2583 hoc
1343 2564 1479 2584 armorum
1513 2563 1613 2591 genere
1642 2560 1764 2588 utuntur,

981 2601 1122 2628 destruunt
1146 2601 1376 2628 fraudulentorum
1403 2609 1557 2628 sermonum
1586 2609 1674 2634 arces,
1699 2609 1764 2636 quas

981 2652 1040 2674 arte
1062 2654 1173 2682 prorsus
1197 2648 1343 2682 sophistica
1365 2647 1522 2674 heterodoxi
1545 2652 1764 2676 construxerant.

983 2691 1034 2719 Sed
1069 2697 1096 2720 et
1126 2693 1231 2720 illorqu
1260 2693 1391 2720 orationis
1419 2692 1611 2720 sublimitatem
1638 2693 1768 2721 adversus

982 2739 1122 2765 Sciculiatn
1136 2739 1180 2766 Dei
1194 2747 1222 2766 se
1234 2739 1405 2766 extollentem
1418 2737 1538 2766 dilﬂaut:
1554 2746 1615 2766 nam
1630 2740 1673 2775 qui
1685 2739 1770 2768 scien-
