1913 3071
130 122 197 152 I719

761 121 876 149 DIDYMI
897 120 1130 148 ALEXANDRINI

1679 121 1753 149 ΠΞο

129 183 173 210 tiae
186 181 305 208 veritatis
325 179 404 214 impia
427 184 453 205 et
468 178 545 204 athea
564 179 687 212 dogmata
704 179 844 212 objiciunt,
857 178 913 205 elo-

970 179 1186 212 ἐιντιταττόμενοι
1204 178 1235 212 τῇ
1261 176 1359 210 γνώσει
1374 175 1423 210 τῆς
1442 175 1583 211 ἀληθείας,
1600 177 1686 212 ἀσεϐῆ
1706 179 1753 205 καὶ

128 229 244 264 quentia!
259 235 314 254 sua:
330 226 431 252 viribus
444 224 545 251 munita
561 225 670 252 castella
686 226 829 258 aedificant,
843 226 912 252 intra
934 229 938 231 ‘

128 282 188 308 (tum
206 281 234 300 se
249 272 449 302 concludentes,
467 270 557 297 invicti
575 271 627 298 sibi
646 271 778 298 videnlur.
793 271 912 305 Insuper,

129 329 159 347 ea
173 328 232 355 quae
245 319 340 346 deinde
352 322 479 351 tanquam
493 323 525 344 ex
542 317 680 349 cathedra,
697 325 757 344 cum
768 322 914 352 apparente

129 364 357 393 demonsu'au'one
381 363 567 398 pronuntiant,
599 371 669 390 vano
691 368 797 391 tumore
825 364 913 398 plena,

130 411 197 438 falso
213 418 291 438 sensu
312 409 486 442 extolluntur,
506 409 582 443 quasi
603 410 741 443 superiora
756 410 809 436 sint
824 410 912 436 eccle-

128 458 244 484 siastica:
270 454 431 486 sententiae.
461 462 520 488 qua:
545 454 694 488 appellatur
717 455 830 482 scientia
856 455 913 488 Dei,

128 502 190 537 quia
215 508 311 535 nempe
333 500 402 527 hanc
423 499 480 534 ipse
501 499 588 533 dignis
612 500 714 526 tribuit.
734 500 804 534 Ergo
823 502 858 527 ob
870 501 916 527 de-

129 547 273 575 :truendas
289 545 430 580 praedictas
447 552 524 571 arces
543 552 574 572 ac
587 544 762 577 munitiones,
775 545 917 574 induentcs

130 592 176 620 Dei
192 595 358 618 armaturam
374 589 520 616 secundum
543 589 680 623 spiritum,
702 597 733 617 eo
752 597 831 624 quem
847 591 916 617 dixi-

130 647 190 666 mus
202 639 280 666 modo
297 637 442 664 militemus
458 644 464 663 :
481 635 660 662 dissolvamus
675 635 837 670 sophisticos
858 635 916 662 illo-

130 693 188 712 rum
206 690 364 716 sermones,
391 685 419 709 et
449 681 573 716 dogmata
603 681 766 713 retutemus,
796 688 914 713 onmem,

130 731 256 764 inquam,
288 727 441 762 opinionem
476 726 616 753 hominum
652 726 685 753 ab
719 725 761 753 his
791 725 917 759 decepto-

131 775 206 801 ribus
250 773 300 801 sub
334 772 435 800 erroris
472 772 564 806 jugnm
609 771 772 804 missorum;
806 773 853 798 sed
889 775 918 798 et

130 819 253 847 alumnos
272 818 390 852 regionis
415 817 521 844 illorum
548 816 727 850 captivantes,
750 820 784 843 ad
813 814 916 842 Christi

129 865 288 899 obsequium
320 862 529 891 transferamus.
558 862 664 889 Dictum
685 861 806 896 Apostoli
830 861 917 888 isthoc
932 861 953 888 Β

129 911 211 938 etiam
242 909 320 936 modo
358 908 469 943 intelligi
498 912 602 943 potest,
634 907 659 934 id
685 911 726 934 est
744 905 917 938 :Quamlibet

129 957 281 992 opinionem
301 956 326 982 in
344 954 463 990 qualibet
491 954 611 981 doctrina
639 960 809 988 expressam,
824 959 918 979 neces-

130 1003 202 1030 sario
213 1001 397 1035 violenterque
412 1007 444 1027 eo
470 999 650 1030 deducamus,
677 1002 706 1024 ut
731 998 843 1024 omnino
858 1002 916 1024 stu-

130 1049 241 1076 deamus
255 1047 369 1074 suadere
385 1045 566 1072 obedientiam
579 1044 690 1071 Christi.
704 1043 750 1070 Sic
761 1043 833 1070 enim
852 1042 918 1070 illud

130 1097 244 1124 Athenis
265 1095 423 1128 inscriptum
439 1100 493 1120 arae
517 1092 696 1127 epigramma,
714 1091 785 1125 quod
803 1089 917 1124 plurium

131 1144 242 1170 deorum
257 1139 460 1174 intelligentiam
476 1138 628 1173 przebebat,
655 1141 751 1164 auctor
765 1136 843 1170 hujus
855 1134 919 1169 Epi-

131 1187 206 1215 stulae
227 1186 398 1221 pertrahens,
433 1183 466 1210 ad
497 1190 579 1210 unum
596 1189 688 1209 verum
719 1181 801 1208 Deum
829 1184 919 1206 trans-

132 1234 192 1260 tulit
209 1233 301 1259 dicrns
324 1240 330 1257 2
361 1240 368 1255 ι
386 1230 470 1262 Quem
484 1229 565 1261 igitur
587 1228 740 1262 ignorantes
755 1225 852 1256 colitis.
870 1232 920 1259 ego

130 1280 207 1307 Vobis
220 1278 314 1308 nuntio
326 1277 349 1292 “
361 1288 367 1303 ;
381 1285 390 1302 ι
408 1281 435 1302 et
447 1275 554 1309 quidem
571 1274 678 1300 nomine
691 1272 782 1307 ignoti,
797 1271 919 1298 multitu-

131 1325 220 1351 dinem
241 1324 353 1351 deorutn
371 1320 518 1348 denotabat
545 1325 722 1353 epigramma.
747 1317 814 1344 Cum
829 1317 920 1350 itaque

130 1371 219 1398 omnis
246 1369 398 1396 intellectus
414 1366 594 1400 Captivahitur
619 1365 646 1391 in
671 1363 821 1391 ohedientia
843 1362 921 1389 Chri-

131 1416 177 1448 sti,
194 1421 257 1442 tunc
271 1414 358 1450 parati
379 1413 480 1440 erimus
497 1411 530 1438 ad
550 1409 750 1438 contumaciam
774 1407 922 1450 quamlibet

131 1444 322 1489 ulciscendam.
340 1459 418 1487 Sicut
428 1458 474 1494 qui
488 1459 560 1485 victo
580 1456 670 1490 aliquo
686 1454 784 1490 populo
799 1444 922 1488 captivos

131 1512 272 1542 ceperunt,
287 1506 320 1534 ad
335 1512 429 1533 eorum
455 1503 667 1538 depopulandam
685 1501 822 1536 regionem
838 1499 920 1526 conli-

132 1555 227 1579 denter
244 1551 402 1578 decurrunt.
418 1548 482 1576 Haec
511 1553 601 1574 autetn
625 1546 700 1573 addit
719 1546 760 1572 his
776 1553 836 1580 qua:
851 1544 919 1572 scri-

132 1601 238 1631 pserat:
257 1606 266 1622 ι
281 1596 346 1623 Cum
364 1594 474 1629 impleta
489 1593 570 1620 fuerit
583 1597 672 1619 vestra
685 1590 850 1622 obedientia,
862 1597 921 1624 quae

131 1642 280 1670 secundum
298 1641 394 1667 faciem
415 1643 478 1666 sunt
503 1637 690 1672 speculamini.
707 1646 716 1662 ι
740 1635 821 1663 Varie
831 1641 920 1662 autem

133 1689 283 1722 intelligere
300 1687 362 1713 licet
385 1685 551 1713 locutionem
582 1683 661 1710 hanc.
685 1681 751 1708 Nam
768 1682 790 1708 si
803 1681 921 1715 impera-

134 1735 188 1762 tive
201 1733 365 1768 proferatur,
393 1731 431 1758 ita
457 1728 608 1764 signiﬁcat:
639 1728 706 1755 Cum
723 1735 770 1762 per
781 1734 920 1754 assensum

137 1779 228 1806 divino
247 1777 402 1812 magisterio
419 1775 529 1810 impleta
548 1774 628 1801 fuerit
652 1773 805 1801 obedientia
821 1777 920 1804 vestra,

133 1835 150 1852 υ
166 1823 312 1855 Corinthii,
329 1829 391 1849 tunc
403 1822 498 1848 facient
515 1819 692 1856 speculamini
706 1827 713 1844 :
737 1819 777 1845 sic
795 1819 867 1845 enim
879 1818 922 1845 di-

133 1871 268 1906 gnoscetis
292 1869 414 1896 homines
441 1867 520 1895 ovina
549 1865 618 1901 pelle
645 1864 768 1896 vestitos,
793 1863 839 1898 qui
859 1867 922 1890 sunt

135 1923 206 1944 intus
222 1916 275 1950 lupi
292 1921 413 1949 rapaces.
430 1913 496 1940 item
514 1910 679 1946 dignoseetis
699 1917 843 1944 germanos
863 1915 923 1936 ma»

133 1963 242 1997 δίδη-οε,
264 1962 360 1995 quibus
379 1960 480 1987 dictum
502 1958 552 1985 fuit
569 1965 576 1984 τ
594 1966 604 1982 ι
622 1955 678 1983 Vos
690 1955 756 1982 estis
773 1955 818 1981 lux
842 1962 922 1981 mun-

133 2010 159 2035 di
179 2008 212 2035 η’.
235 2017 244 2032 ι
264 2007 301 2033 lla
325 2006 400 2033 vobis
422 2003 634 2039 exploranlibus,
654 2006 852 2037 cegnoscentur
863 2002 923 2035 qui-

133 2060 196 2080 nam
217 2053 272 2079 sint
288 2052 461 2085 deceptores,
484 2049 588 2083 hosque
601 2047 761 2082 expelletis:
785 2046 849 2073 item
867 2046 924 2080 qui-

135 2107 196 2125 nam
229 2098 283 2125 sint
319 2104 381 2123 vere
414 2095 516 2123 Christi
542 2093 672 2128 apostoli,
708 2092 807 2127 qdibus
839 2091 922 2118 etiam

134 2148 257 2179 piompte
282 2142 392 2169 obedire
410 2140 508 2167 velitis.
534 2139 610 2167 Dicto
623 2139 686 2166 huic
707 2141 841 2166 consonat
857 2136 924 2164 alte-

135 2200 192 2219 l'llll]
212 2201 219 2219 ἶ

135 2238 211 2272 Quod
238 2237 260 2264 si
291 2235 436 2264 indicativo
469 2233 548 2260 modo
574 2230 921 2268 pronutitietur,tSeeutt-

135 2285 200 2310 dum
226 2282 323 2309 faciem
337 2279 523 2315 speculatnini,
543 2288 553 2304 ι
567 2277 717 2312 hujusmodi
737 2285 846 2304 sensum
860 2276 923 2304 red-

136 2330 175 2356 dit
197 2337 204 2356 :
225 2327 264 2355 De
289 2327 479 2361 magistrorum
503 2323 652 2359 qualitate,
680 2327 707 2350 et
728 2322 919 2357 discipulorum

135 2372 244 2409 ingenio
253 2372 398 2408 indicatis,
425 2371 522 2398 faciem
547 2377 654 2404 semper
677 2368 843 2404 loquentium
859 2374 920 2402 spe-

135 2424 239 2447 ctantes
256 2419 414 2453 deceptique
431 2418 467 2445 ab
483 2417 524 2444 his
535 2417 580 2450 qui
598 2415 742 2443 exterioris
756 2419 856 2441 tantum
872 2421 921 2447 ap-

135 2465 267 2501 parentia:
292 2472 386 2491 curam
413 2467 519 2498 gerunt.
550 2462 580 2490 Si
603 2462 663 2496 quis
690 2461 790 2495 itaque,
811 2467 871 2487 cum
887 2460 922 2486 sit

136 2511 344 2547 lnpus,ovinam
363 2514 466 2536 lanttttn
494 2508 590 2543 pellem
620 2507 761 2539 mentitur,
783 2507 854 2533 hunc
872 2512 921 2532 ceu

135 2557 369 2593 pseudapostolum
384 2556 480 2584 habete
495 2564 502 2582 :
519 2562 580 2582 eum
596 2561 659 2581 vero
672 2553 716 2587 qui
730 2552 859 2587 propheta
868 2555 920 2583 est,

136 2611 262 2638 tanquam
280 2603 430 2638 apestolum
444 2609 476 2628 ac
487 2600 657 2636 prophetam.
672 2598 796 2626 Profecto
810 2596 920 2632 quidam

135 2650 293 2676 simulantes
307 2656 337 2676 se
349 2647 449 2675 Christi
463 2646 619 2680 discipulos,
637 2652 666 2672 re
691 2651 780 2671 autem
796 2651 858 2671 vera
873 2650 919 2670 so-

135 2695 210 2721 dales
224 2694 280 2727 ejus
297 2695 341 2728 qui
360 2701 389 2720 se
412 2693 438 2719 in
465 2693 588 2726 angelum
613 2691 678 2718 lucis
698 2689 918 2720 tr.mslormat‘”,

965 224 1031 251 ἄθεα
1043 223 1166 257 δόγματα
1179 223 1400 258 παρεισάγοντες,
1414 223 1447 257 τῇ
1455 222 1588 257 δεινότητι
1597 223 1652 249 τῶν
1664 223 1753 257 λόγων

966 270 1082 305 φρούρια
1106 269 1191 304 ὀχυρὰ
1206 268 1420 303 οξκοδομοῦντες,
1444 268 1517 295 ἔνδον
1531 268 1620 296 αὐτῶν
1634 269 1753 304 χωροῦν-

964 324 1020 347 τες,
1043 315 1172 350 ἡγοῦνται
1193 312 1262 341 εῐναι
1283 315 1500 350 ἀκαταμάχητοι.
1521 315 1593 350 Πρὸς
1610 316 1754 347 τούτοις,ἃ

965 360 1162 392 διδασκαλικῶς
1177 359 1258 392 δῆθεν
1274 361 1322 386 σὺν
1339 360 1489 397 φαινομένῃ
1503 361 1637 394 ἀποδείξει
1655 363 1756 397 προφέ¹

967 415 1043 442 ρουσι
1062 406 1175 441 μάταιον
1185 405 1250 439 ὕψος
1267 405 1373 440 ἔχοντα,
1388 405 1481 440 ψευδεῖ
1492 408 1582 442 νοήσει
1599 408 1751 444 ἐπαίρεται,

966 452 1138 487 ὡςάνωτέρω
1161 451 1301 488 χωροῦντα
1318 453 1368 487 τῆς
1393 452 1624 489 ἐκκλησιαστικῆς
1642 455 1755 490 γνώμης

965 499 1169 533 ὀνομαζομένης
1185 497 1311 532 γνώσεως
1321 498 1389 525 Θεοῦ
1403 507 1409 514 ·
1429 499 1511 531 αὐτὸς
1521 499 1576 536 γὰρ
1590 501 1681 532 αὐτοῖς
1697 503 1755 533 τοῖς

967 545 1052 577 ἀξίοις
1082 544 1205 579 παρέχει.
1235 545 1336 571 Ἕνεκα
1363 544 1429 579 γοῦν
1457 545 1505 572 τοῦ
1532 546 1698 582 καθαιρῆσαι
1720 548 1756 574 τὰ

966 591 1153 626 προειρημένα
1177 590 1311 626 ὑψώματα
1326 591 1373 617 καὶ
1387 591 1561 627 ὀχυρώματα,
1579 592 1755 628 ἐνδυσάμενοι

966 636 1015 671 τὴν
1030 635 1180 662 πανοπλίαν
1197 635 1244 662 τοῦ
1260 634 1328 661 Θεοῦ
1350 635 1420 662 κατὰ
1433 635 1552 670 πνεῦμα,
1566 635 1604 671 τῷ
1619 637 1756 671 εἰρημένῳ

967 681 1060 716 τρόπῳ
1076 680 1290 715 στρατευόμεθα.
1310 679 1460 715 Διαλύομεν
1477 680 1542 714 γοῦν
1556 681 1620 712 τοὺς
1633 690 1756 715 σοφιστιο

967 728 1032 759 κους
1052 727 1141 754 αὐτῶν
1160 727 1271 760 λόγους,
1295 727 1342 753 καὶ
1365 727 1399 753 τὰ
1413 726 1536 762 δόγματα
1559 726 1732 762 διελέγχομεν
1747 736 1754 742 θ

967 775 1063 810 ἀμέλει
1083 773 1147 807 γοῦν
1172 774 1224 800 πᾶν
1249 773 1339 807 νόημα
1352 772 1406 799 τῶν
1418 772 1603 808 ἠπατημένων
1622 781 1757 810 κεκρατη-

969 822 1048 857 μένον
1062 820 1114 847 ὑπὸ
1132 819 1185 846 τῶν
1203 818 1383 846 ἀπατεώνων’
1400 818 1468 845 ἀλλὰ
1490 819 1538 845 καὶ
1559 819 1715 854 ἀνατραφέν
1727 821 1756 846 ἐν

967 865 1043 901 χώρᾳ.
1059 867 1091 900 τῇ
1111 865 1223 891 ἐκείνων
1240 863 1500 898 αἰχμαλωτίζοντες,
1512 865 1632 900 φέρομεν
1647 865 1715 900 πρὸς
1726 865 1758 891 τὸ

968 910 1120 938 ὑπακοῦσαι
1143 909 1182 944 τῷ
1193 909 1313 945 Χριστῷ.
1328 909 1446 936 Δυνατδν
1457 910 1583 936 ἐκλαϐεῖν
1596 911 1642 937 καὶ
1656 910 1754 942 οὕτως·

967 959 1024 984 Πᾶν
1043 957 1130 992 νόημα
1147 957 1178 982 τὸ
1196 957 1270 988 ὅπως
1288 957 1351 983 ποτὲ
1375 956 1404 983 ἐν
1417 965 1470 983 τινι
1494 956 1654 992 διδασκαλίᾳ
1675 958 1759 993 φερὸο

969 1011 1057 1038 μενον,
1069 1002 1177 1037 ἀνάγκη
1190 1002 1237 1028 καὶ
1259 1001 1304 1036 βίᾳ
1320 1000 1519 1036 μετοικίζοντες
1535 1000 1602 1036 πρὸς
1618 1001 1648 1028 τὸ
1662 1003 1758 1028 πεῖσαι

969 1047 1122 1074 ὑπακοῦσαι
1138 1046 1176 1082 τῷ
1193 1045 1304 1081 Χριστῷ
1320 1046 1449 1082 φέρομεν.
1465 1045 1544 1073 Οὕτω
1559 1046 1613 1081 γὰρ
1629 1047 1659 1072 τὸ
1677 1046 1757 1082 Ἀθή-

969 1101 1045 1127 νῃσιν
1059 1092 1236 1127 ἀνακείμενον
1257 1091 1342 1126 βωμῷ
1361 1091 1535 1127 ἐπίγραμμα.
1550 1092 1682 1126 ἐμφαῖνον
1694 1092 1761 1118 πολ-

969 1137 1022 1164 λῶν
1044 1136 1112 1163 θεῶν
1139 1137 1238 1172 νόημα,
1261 1136 1378 1168 ἑλκύσας
1393 1137 1406 1163 ό
1429 1136 1514 1162 ταῦτα
1535 1136 1650 1172 γράφων
1674 1138 1759 1172 μετή-

969 1192 1064 1217 νεγκεν
1089 1183 1128 1214 εἰς
1144 1183 1190 1209 τὸν
1214 1183 1293 1218 μόνον
1311 1182 1436 1217 ἀληθινὸν
1460 1182 1536 1214 Θεὸν,
1557 1184 1646 1218 φήσας
1658 1192 1665 1199 ο
1682 1193 1691 1209 ι
1710 1185 1761 1210 Ὃν

969 1227 1015 1256 οὖν
1037 1228 1197 1262 ὰγνοοῦντες
1221 1228 1367 1258 εὐσεϐεῖτε,
1390 1227 1484 1255 τοῦτον
1505 1228 1560 1262 ἐγὼ
1583 1229 1761 1263 καταγγέλλω

970 1275 1049 1310 ὑμῖν·
1070 1283 1079 1300 ι
1093 1274 1275 1308 ἀγνοούμενον
1289 1273 1317 1305 δὲ
1340 1273 1442 1309 πλῆθος
1461 1273 1530 1300 θεῶν
1545 1274 1640 1310 ἐδήλου
1654 1275 1684 1301 τὺ
1700 1275 1760 1301 ἐπί-

971 1327 1098 1354 γραμμα.
1115 1319 1173 1345 Ὂτ¹
1186 1319 1219 1345 ἂν
1238 1317 1284 1345 οὖν
1304 1320 1359 1345 πᾶν
1375 1319 1464 1354 νόημα
1490 1319 1695 1356 αἰχμαλωτισθῇ
1719 1322 1763 1349 εἰς

971 1364 1092 1399 ὑπακοὴν
1113 1364 1160 1390 τοῦ
1182 1364 1311 1400 Χριστοῦ,
1334 1364 1365 1390 τὸ
1385 1364 1513 1398 τηνικάδε
1532 1365 1649 1400 ἑτοίμως
1664 1365 1761 1401 ἕξομεν

972 1410 1041 1436 κατὰ
1062 1410 1152 1445 πάσης
1167 1410 1311 1446 παρακοῆς
1327 1412 1476 1445 ἐπαγαγεῖν
1490 1411 1647 1447 ἐκδίκησιν·
1665 1413 1761 1449 ὥσπερ

971 1457 996 1482 οἱ
1017 1456 1206 1491 αἰχμαλώτους
1229 1456 1357 1488 λαϐόντες
1379 1458 1408 1484 ἐν
1427 1457 1466 1492 τῷ
1489 1458 1660 1493 νενικηκέναι
1684 1459 1760 1491 ἔθνος

972 1510 997 1528 τι
1013 1501 1157 1537 θαρῤάλεοι
1173 1502 1292 1536 γίνονται
1312 1504 1351 1534 εἰς
1364 1503 1394 1529 τὸ
1409 1504 1583 1539 κατασκάψαι
1603 1504 1650 1540 τὴν
1668 1505 1760 1540 χώραν

972 1547 1093 1573 ἐκείνων.
1109 1547 1220 1579 Τούτοις
1235 1549 1361 1583 ἐπιφέρει
1380 1549 1446 1585 πρὸς
1460 1550 1552 1582 αὐτοῖς
1567 1548 1607 1582 οἷς
1624 1550 1758 1586 ἔγραφεν·

975 1603 984 1618 ι
1003 1593 1052 1619 ’⁷οτ
1075 1593 1108 1619 ἂν
1128 1594 1144 1628 ἡ
1166 1593 1274 1629 ὑπακοὴ
1291 1594 1368 1630 ὑμῶν
1386 1595 1526 1631 πληρωθῇ,
1544 1596 1580 1623 τὰ
1596 1597 1666 1623 κατὰ
1677 1598 1760 1632 πρόσ-

971 1646 1044 1664 ωπον
1056 1638 1176 1672 βλέπετε.
1194 1649 1202 1665 ι
1218 1640 1358 1675 Διαφόρως
1370 1641 1398 1666 δὲ
1410 1641 1483 1667 ἔστιν
1493 1641 1637 1676 ἐπιστῆσαι
1649 1644 1680 1677 τῇ
1690 1642 1761 1675 λέξει

972 1684 1074 1720 ταύτῃ’
1093 1686 1116 1711 εἰ
1139 1685 1187 1720 μὲν
1213 1684 1268 1721 γὰρ
1295 1686 1503 1721 προστακτικῶς
1529 1687 1681 1722 ἐκφέροιτο,
1710 1697 1759 1724 ση-

974 1731 1063 1765 μαίνει
1086 1730 1160 1757 τόδε·
1174 1731 1232 1757 Ὂτ¹
1254 1731 1286 1757 ἂν
1309 1731 1351 1757 διὰ
1368 1732 1593 1765 συγκαταθέσεως
1615 1733 1666 1767 τῆς
1692 1735 1761 1769 πρὸς

972 1776 1021 1810 τὴν
1036 1775 1110 1802 θείαν
1129 1775 1301 1802 διδασκαλίαν
1317 1775 1446 1811 πληρωθῇ
1468 1776 1544 1811 ὑμῶν
1566 1778 1582 1812 ἡ
1604 1777 1722 1812 ὑπακοὴ.
1737 1777 1763 1805 ὦ

973 1821 1121 1856 Κορίνθιοι,
1136 1822 1171 1848 τὰ
1193 1822 1263 1848 κατὰ
1287 1823 1429 1857 πρόσωπον
1453 1824 1588 1850 σκοπεῖτε.
1605 1823 1683 1850 Οὕτω
1705 1824 1763 1860 γὰρ

973 1866 1109 1900 γνώσεσθε
1125 1868 1187 1898 τοὺς
1212 1866 1292 1902 δορὰν
1315 1866 1452 1902 προϐάτου
1470 1868 1697 1903 περικειμένους,
1719 1869 1762 1894 ἐν-

972 1911 1017 1938 δον
1041 1912 1121 1944 ὄντας
1149 1912 1248 1944 λύκους
1273 1912 1415 1948 ἅρπαγας·
1441 1914 1487 1940 καὶ
1511 1915 1574 1946 τοὺς
1592 1915 1676 1946 ὅντως
1696 1923 1763 1951 γνη-

979 1957 1054 1989 σίους
1067 1957 1256 1989 διδασκάλους,
1270 1955 1310 1989 οἷς
1318 1959 1424 1994 εἴρηται
1434 1966 1440 1972 ·
1457 1968 1466 1984 ι
1486 1959 1579 1994 Ὑμεῖς
1592 1960 1652 1985 ἐστε
1667 1960 1696 1986 τὺ
1705 1961 1763 1994 φῶς

974 2002 1020 2029 τοῦ
1049 2001 1158 2037 κόσμου.
1177 2013 1185 2028 ι
1203 2002 1282 2029 Οὕτω
1303 2003 1332 2030 δὲ
1348 2005 1516 2040 σκοπήσασιν
1541 2006 1615 2040 ὑμῖν,
1636 2006 1761 2042 γνωσθή-

975 2055 1065 2073 σονται
1090 2048 1114 2073 οἱ
1144 2045 1317 2079 ἀπατεῶνες,
1339 2049 1386 2080 οὒς
1416 2050 1463 2076 καὶ
1487 2050 1636 2084 ἐκϐαλεϊτε,
1669 2052 1714 2078 καὶ
1735 2052 1761 2078 ci

974 2092 1080 2127 ἀληθῶς
1101 2093 1243 2120 ἀπόστολοι
1264 2094 1390 2129 Χριστοῦ,
1406 2093 1447 2127 οἷς
1465 2096 1512 2122 καὶ
1533 2096 1674 2132 πεισθῆναι
1695 2105 1762 2132 προ-

975 2139 1070 2174 θύμως
1099 2140 1256 2175 ἐθελήσατε.
1281 2142 1375 2177 Τούτῳ
1398 2142 1504 2178 συνᾴδει
1526 2143 1572 2175 τὸ,
1593 2153 1603 2168 ι
1623 2144 1688 2170 Ἀπὸ
1707 2144 1763 2171 τῶν

245 2191 292 2218 (Α
318 2189 449 2217 fructibus
471 2195 564 2216 eorum
587 2185 757 2220 cognoscetis
783 2193 832 2212 eos
855 2183 889 2210 “.
911 2193 919 2210 ι

976 2186 1089 2221 καρπῶν
1106 2187 1196 2214 αὐτῶν
1210 2187 1394 2220 ἐπιγνώσεσθε
1416 2188 1524 2219 αὐτούς.
1539 2198 1547 2214 ι
1567 2189 1597 2215 Εἰ
1611 2189 1639 2215 δὲ
1661 2191 1763 2224 ὁριστι-

975 2232 1031 2263 κῶς
1049 2232 1190 2268 ἐκφέροιτο
1206 2233 1245 2265 τὸ,
1265 2234 1508 2269 (Κατὰπρόσωπον
1517 2234 1654 2269 mercare,»
1671 2235 1764 2262 τοιαύ-

975 2287 1024 2313 την
1046 2279 1191 2305 ὐποϐάλλει
1217 2279 1323 2314 νόησιν·
1344 2280 1399 2315 Τὴν
1422 2281 1542 2307 διάθεσιν
1563 2281 1617 2308 τῶν
1636 2281 1763 2308 διδασκὰ-

975 2325 1039 2357 λων,
1055 2326 1101 2352 καὶ
1120 2325 1174 2351 τῶν
1191 2325 1318 2360 μαθητῶν
1332 2325 1381 2361 τὴν
1401 2325 1515 2360 δύναμιν
1536 2327 1653 2362 κρίνετε,
1673 2327 1712 2358 εἰς
1732 2327 1764 2353 τὸ

977 2369 1121 2405 πρόσωπον
1146 2369 1190 2395 ἀεὶ
1215 2370 1270 2396 τῶν
1294 2370 1427 2404 λεγόντων
1451 2371 1628 2404 ἀτενίζοντες,
1650 2372 1763 2399 ἀπατώ-

976 2423 1052 2450 μενοι
1074 2414 1142 2450 πρδς
1156 2414 1208 2441 τῶν
1226 2415 1309 2450 μόνης
1324 2416 1374 2451 τῆς
1393 2416 1445 2448 ἔξω
1464 2417 1578 2451 φανείας
1595 2417 1649 2452 (39}
1664 2418 1763 2452 ἐπιμε-

974 2459 1122 2495 λουμένων.
1138 2460 1187 2488 Ἂν
1207 2469 1249 2492 τις
1267 2459 1314 2488 οὖν
1331 2461 1410 2494 λύκος
1434 2462 1471 2489 ὣν
1494 2462 1675 2498 ἐπιψεύσηται
1692 2460 1764 2490 εἶναι

975 2507 1113 2543 πρόϐατον
1140 2507 1218 2542 μόνον
1243 2507 1339 2535 κώδιον
1367 2509 1581 2544 ἐπιφερόμενος,
1605 2509 1698 2535 τοῦτον
1721 2509 1764 2535 δέ-

975 2552 1056 2588 χεσθε
1085 2552 1320 2587 ψευδαπόστολον·
1343 2554 1390 2579 καὶ
1418 2553 1492 2579 τόνδε
1516 2554 1658 2589 προφήτην
1687 2554 1763 2586 ὄντα,

974 2598 1012 2630 ὡς
1035 2597 1184 2624 ἀπόστολον
1210 2597 1256 2625 καὶ
1286 2599 1438 2634 προφήτην.
1465 2599 1573 2634 Ἀμέλει
1598 2599 1662 2633 γοῦν
1690 2608 1764 2631 τινες

975 2645 1228 2681 προσποιησάμενοι
1255 2643 1324 2671 εἶναι
1354 2645 1472 2681 Χριστοῦ
1494 2646 1625 2681 μαθηταὶ,
1649 2646 1764 2681 ἀληθεία

973 2690 1001 2716 δὲ
1021 2690 1095 2721 ὅντες
1109 2689 1243 2724 γνώριμοι
1261 2690 1307 2716 τοῦ
1331 2690 1637 2726 μετασχηματιζοιιὲνου
1654 2693 1695 2723 εἰς
1711 2691 1764 2725 ἄγα

169 2763 190 2777 ⁸ο
206 2764 264 2787 Am.
281 2769 345 2792 un,
361 2762 404 2787 25.
443 2762 463 2777 θ’
486 2762 578 2788 Matth.
594 2769 617 2792 v,
636 2761 675 2788 li.
715 2761 735 2775 ‘“
757 2760 850 2786 Manli.
863 2767 908 2790 HI.

1008 2760 1030 2774 η
1052 2759 1070 2785 n
1088 2751 1149 2787 Cor.
1167 2769 1203 2791 λι,
1224 2761 1264 2787 ll.

169 2827 225 2867 ‘59)
239 2826 304 2853 Cod.
321 2829 435 2861 φονεὶας.
