1913 3071
156 110 222 143 tm

600 115 810 146 FRAGMENTA
830 111 864 146 IN
884 114 988 146 EPlST.
1001 117 1021 146 tl
1043 118 1086 144 AD
1106 117 1323 145 CORINTIIIUS.

1715 119 1726 146 1
1733 116 1786 146 722

154 178 232 212 γελον
253 178 351 212 φωτδς,
376 178 484 213 ἀπάτην
508 178 638 212 ἐποίησαν
655 179 721 213 παρ’
733 179 798 215 ὑμῖν
813 186 894 209 τισιν,
911 178 948 209 ὡς

1001 185 1120 204 errorem
1135 177 1270 204 nonnullis
1293 181 1409 204 vestrum
1434 182 1588 210 suaserunt,
1613 182 1740 212 tanquam
1760 179 1784 207 sl

155 225 207 250 οὐκ
221 225 303 259 οὔσης
315 225 489 256 ἀναστάσεως
504 224 618 259 νεκρῶν,
634 224 694 250 οὐδὲ
710 224 757 259 τῆς
770 224 881 258 λογικῆς
894 223 946 258 ψυ-

154 271 205 306 χῆς
225 270 454 306 ὲπιδιαμενούσης
482 271 550 306 μετὰ
570 271 615 297 τὸν
633 270 679 297 τοῦ
710 270 836 305 σώματος
861 278 944 304 χωρι-

155 315 232 349 σμόν.
247 314 417 349 Ἀμφισύλως
431 315 521 342 τοίνυν
536 315 644 350 ἔχοντος
655 316 684 341 τὸ
699 315 757 346 πῶς
771 315 944 350 ἐξενήνεκται

153 360 193 389 ro.
206 370 214 386 ι
229 361 308 387 Κατὰ
314 361 459 396 πρόσωπον
468 361 591 396 βλέπετε,
603 371 612 387 ι
624 362 675 396 τῆς
684 361 817 397 προτέρας
825 363 945 397 νοήσεως

153 406 308 441 κρατούσης
322 407 532 438 διδασκαλικῶς.
850 440 852 442 _
919 439 925 444 _

150 452 193 481 ενι.
210 454 252 487 ιζ’.
270 455 302 482 '0
317 455 352 482 δὲ
373 455 575 490 καυχώμενος,
593 453 628 480 ἐν
647 454 744 487 Κυρίῳ
767 454 939 488 καυχάσθω.

195 497 324 530 Ἐλέγξας
349 498 495 533 αὐτάρκως
515 499 579 529 τοὺς
600 499 729 525 τάναντία
749 499 941 531 διδάσκοντας,

154 541 191 572 ὡς
208 542 298 576 μάτην
311 542 463 577 αὐχοῦντας
483 540 552 569 εἶναι
570 543 699 578 Χριστοῦ,
717 544 875 577 ἀναγκαίως
893 546 940 570 ἑπ-

154 587 266 621 ήγαγεν,
293 587 348 614 δεῖν
373 588 527 623 καυχᾶσθαι
544 588 573 614 ὲν
596 589 691 624 Κυρίῳ
723 589 768 615 τὸν
790 589 943 624 ἀμέμπτως

154 631 200 656 καὶ
225 631 378 667 εἰλικρινῶς
403 632 481 667 δόξης
504 633 664 668 ἐφιέμενον·
683 633 712 659 οὐ
742 633 796 668 γὰρ
812 635 826 659 ὁ
847 634 941 660 ἑαυτὸν

153 677 315 708 ἀποδεικνὺς
339 675 409 704 εἶναι
440 678 560 714 δόκιμον,
588 679 697 710 πάντως
721 680 779 705 ἐστὶ
804 679 940 710 τοιοῦτος,

153 721 208 748 ἀλλ’
224 722 252 749 ὃν
266 723 280 749 ὁ
295 723 396 758 Κύριος
411 723 455 750 διὰ
473 724 627 760 μαρτυρίας
640 725 815 759 συνέστησεν,
835 724 940 759 Ἀμέλει

153 767 217 801 γοῦν
239 769 253 794 ὁ
278 768 342 802 περὶ
366 768 446 794 αὑτὸν
466 767 544 802 λόγος
565 763 711 804 Φαρισαῖος
733 770 839 804 φήσας,
863 769 940 796 (Οὐκ

152 813 210 847 εἰμὶ
224 812 262 844 ὡς
279 813 303 838 οἱ
319 813 408 839 λοιποὶ
421 812 474 840 τῶν
489 813 651 849 ἀνθρώπων,
663 823 673 840 ι
691 814 721 840 οὺ
742 814 863 848 δόκιμος,
883 814 939 840 ἀλλ’

1001 231 1170 251 mortuorum
1190 224 1352 251 resurrectio
1370 231 1423 250 11011
1437 229 1519 256 03581,
1536 232 1622 259 neque
1635 224 1724 252 anima
1738 233 1783 252 Stl-

997 276 1117 304 pt-resset
1128 275 1187 303 post
1204 278 1280 297 suam
1297 278 1311 296 a
1328 277 1443 304 corpore
1454 271 1664 304 scparationem.
1678 270 1791 298 Etiamsi

996 317 1077 351 igitur
1095 316 1219 350 ambigua
1236 316 1268 342 sil
1289 316 1373 342 dictio
1391 325 1396 342 :
1415 325 1424 341 ι
1443 315 1598 343 Secundum
1614 316 1709 344 faciem
1722 324 1786 351 spe-

995 361 1130 394 culatnini,
1147 371 1156 387 ι
1170 370 1185 388 ιι
1198 361 1324 395 magistro
1339 361 1405 388 tradi
1422 366 1538 396 przcstat.

996 447 1076 476 Vsus.
1095 450 1135 476 17.
1151 449 1203 482 Qui
1217 455 1305 476 autent
1319 450 1462 484 gloriatur,
1478 451 1504 477 in
1525 451 1636 477 Domino
1648 451 1783 484 glorietur.

1029 494 1173 529 Postquam
1191 496 1257 522 Satis
1282 496 1455 529 reprehendit
1485 497 1621 522 contraria
1643 497 1782 527 docentes,

994 540 1038 574 qui
1052 548 1080 567 sc
1093 546 1194 566 temere
1208 541 1308 567 Christi
1328 549 1388 568 esse
1407 541 1604 575 gloriabantur,
1631 542 1785 570 necessario

996 586 1101 613 addidit
1116 591 1241 620 oportere
1267 587 1376 620 gloriari
1404 587 1429 613 in
1448 588 1559 614 Domino
1573 595 1634 614 eum
1651 589 1696 621 qui
1715 588 1784 615 irre-

994 631 1217 666 prehensihiliter
1230 639 1350 666 pureque
1365 631 1479 666 gloriam
1496 633 1608 667 appetit.
1633 632 1691 659 Non
1711 634 1783 660 enim

992 677 1036 710 qui
1053 685 1081 703 sc
1093 681 1213 704 ostentat
1230 678 1307 711 quasi
1335 678 1492 712 probatum,
1515 686 1626 712 prorsus
1656 679 1716 705 talis
1731 683 1782 708 est.

992 723 1038 749 sed
1054 730 1134 756 quem
1154 723 1283 749 Dominus
1305 723 1462 750 testimonio
1474 731 1523 750 suo
1538 725 1781 751 commendaverit.

992 768 1070 794 Certe
1085 767 1128 793 ille
1140 767 1268 794 Pharismi
1283 775 1372 795 sermo
1381 775 1434 802 quo
1445 767 1552 795 aiebat:
1569 768 1642 795 «Non
1657 776 1716 795 sum
1728 769 1783 795 sic-

992 813 1124 839 ntcazteri
1153 813 1291 840 hominum
1318 813 1375 845 ",n
1408 814 1478 840 haud
1508 815 1636 848 probatus
1666 814 1712 840 sed
1732 814 1783 840 im—

152 856 282 892 ἀδόκιμος
295 857 385 893 ὥιρθη.
398 857 587 890 δικαιωθέντος
603 859 667 894 παρ’
681 859 762 885 αὑτὸν
776 858 822 885 τοῦ
845 859 940 892 ἐξαγο-

996 858 1119 892 probatus
1142 859 1229 893 potius
1255 859 1395 893 apparuit;
1420 859 1585 894 justiticatus
1612 865 1701 886 autem
1727 867 1782 893 prae

153 902 300 936 ρεύσαντος
318 903 353 929 τὰ
368 903 419 930 ἴδια
433 905 620 939 ἁμαρτήματα
636 904 761 931 τελώνου.
783 905 814 931 0i
827 904 855 931 δὲ
871 904 942 938 ἅγιοι

153 947 261 983 δόκιμοι
285 949 332 974 καὶ
355 949 546 984 ἀναντίρῤητοι
562 949 742 984 τυγχάνουσιν
765 949 942 981 συσταθέντες

152 992 204 1019 ὑπὸ
223 992 301 1020 Θεοῦ.
315 992 360 1027 Τῷ
380 993 444 1027 γοῦν
465 994 596 1029 γράφοντι
614 994 648 1020 τὰ
670 994 838 1029 προκείμενα
854 995 940 1028 ἐμαρ-

151 1037 269 1073 τύρησεν
292 1038 377 1066 εἰπὼν
402 1040 467 1074 περὶ
495 1039 578 1066 αὐτοῦ
605 1039 644 1075 τῷ
661 1040 788 1076 Ἀνανία·
818 1050 826 1065 ι
842 1041 943 1071 Σκεῦος

151 1083 265 1119 ἐκλογῆς
282 1093 326 1119 μοι
342 1086 415 1112 ἐστὶν
429 1082 515 1116 οὗτος.
524 1095 532 1111 ι
554 1086 634 1112 Ἀλλὰ
647 1086 693 1112 καὶ
712 1087 768 1117 τοῖς
782 1085 941 1117 ἀποστόλοις

151 1130 233 1156 πᾶσιν
255 1130 272 1165 ὴ
290 1130 342 1157 ὑπὸ
358 1130 405 1157 τοῦ
423 1131 550 1166 Σωτῆρος
569 1133 704 1167 γενομένη
721 1132 822 1167 ἐκλογὴ
839 1140 942 1166 μαρτυ-

152 1177 208 1210 ρεῖ·
226 1175 264 1207 ὡς
287 1177 334 1202 καὶ
357 1177 454 1209 αὐτοὺς
475 1178 512 1214 μὴ
532 1178 645 1210 ἑαυτοὺς
660 1178 865 1209 συνεστακέναι,
885 1178 942 1205 ἀλλ’

152 1221 184 1246 ἐκ
198 1220 265 1247 Θεοῦ
281 1222 429 1256 ἐσχηκέναι
443 1222 532 1249 τοῦτο.

147 1261 223 1286 ΚΕψ.
248 1261 298 1290 IA’,
318 1267 358 1285 στ.
379 1262 414 1285 α’.
435 1259 562 1292 Ὠφελον
576 1256 733 1292 ἀνείχεσθέ
753 1265 812 1292 μου
831 1256 940 1291 μικρὸν

452 1303 639 1337 ἀφροσύνης.

186 1355 295 1388 Δείξας,
318 1356 356 1388 ὡς
371 1357 401 1384 οὐ
420 1358 520 1392 σοφῶν,
536 1359 594 1385 ἀλλ’
615 1360 741 1395 ἀφρόνων
762 1360 822 1387 ἐστὶ
845 1361 875 1387 τὸ
894 1362 942 1387 αὑ-

151 1402 213 1432 τοὺς
240 1403 372 1435 ἐπαινεῖν,
394 1404 441 1430 καὶ
465 1404 504 1430 ὅτι
527 1405 665 1440 Κορίνθιοι
689 1406 790 1441 μᾶλλον
815 1407 867 1433 ὑπὸ
888 1407 942 1434 τῶν

151 1446 278 1474 τοιούτων
301 1448 540 1483 ψυχαγωγοῦνται,
560 1451 627 1485 φησὶ
647 1451 714 1486 πρὸς
731 1452 845 1483 αὐτούς·
864 1454 943 1487 ’Ὠφε-

150 1492 195 1519 λον
216 1493 355 1528 ἀνείχεσθέ
379 1503 430 1530 μου
439 1495 562 1529 λέγοντος
583 1497 647 1531 περὶ
667 1497 797 1529 ἐμαυτοῦ,
815 1498 829 1524 ὃ
847 1499 941 1525 κάκεῖ-

151 1547 192 1566 νοι
207 1539 317 1574 λέγουσι
334 1541 397 1576 περὶ
409 1541 523 1569 ἑαυτῶν.
535 1543 590 1569 Καὶ
606 1543 661 1578 γὰρ
672 1543 741 1577 ἔχων
754 1544 840 1579 ἀληθῆ
855 1544 941 1570 πολλὰ

151 1584 278 1619 γράφειν,
300 1586 504 1621 παρῃτησάμην
529 1586 573 1618 ἂν,
597 1587 778 1622 ἐπιστάμενος
793 1587 832 1620 ὡς
857 1588 942 1622 ἀφρό-

150 1638 204 1657 νων
217 1630 344 1665 τυγχάνει
359 1631 390 1657 τὸ
404 1640 436 1658 πε
441 1633 624 1667 ριαυτολογεῖν
634 1642 641 1649 ·
660 1634 716 1660 ἀλλ’
731 1634 793 1660 ἐπεὶ
811 1634 941 1670 ἀνέχεσθε

150 1675 204 1703 τῶν
226 1676 298 1702 οὓτω
314 1676 458 1711 λεγόντοιν,
479 1678 534 1713 ὲρῶ
558 1679 647 1713 κάγὼ,
671 1680 720 1715 οὐχ
738 1680 812 1712 ὅπως
831 1680 941 1708 ἔπαινον

151 1721 287 1758 θηρεύσω,
308 1723 366 1750 ἀλλ’
378 1724 510 1758 ὠφελείας
533 1725 597 1760 ὑμῖν
613 1727 697 1757 αἴτιος
714 1727 846 1762 γένωμαι.
864 1728 942 1754 Κατὰ

150 1767 217 1794 Θεὸν
242 1768 297 1804 γὰρ
316 1769 389 1804 ὑμᾶς
412 1769 496 1804 ζηλῶ.
511 1770 541 1796 οὐ
566 1770 725 1806 βουλόμενος
753 1770 941 1807 φθαρήσεσθαι

149 1813 186 1841 τὰ
201 1815 325 1850 νοήματα
345 1815 422 1850 ὑμῶν
450 1816 519 1851 πρός
533 1825 606 1849 τινος
626 1817 680 1844 τῶν
695 1818 769 1844 κακὰ
791 1818 939 1852 λεγόντων·

151 1860 198 1886 καὶ
225 1860 380 1892 ἀκολούθως
404 1870 435 1895 γε
461 1861 507 1887 τὸν
534 1863 734 1898 προειρημένον
761 1863 841 1899 ζῆλον
866 1864 938 1898 ἔχω’

150 1906 266 1942 ἐπείπερ
276 1906 315 1939 τῷ
327 1906 435 1940 ἀληθῶς
447 1908 486 1934 ἐν).
499 1908 576 1943 ἀνδρὶ
588 1909 697 1944 Χριστῷ
713 1910 941 1944 ἐμνηστευσὰμην

151 1952 200 1987 τὴν
222 1952 386 1988 Ἐκκλησίαν
402 1953 490 1988 ὑμῶν,
509 1951 592 1980 οὖσαν
607 1955 740 1989 παρθένον
763 1956 858 1990 ἁγνήν.
877 1955 941 1987 Δέος

149 1996 189 2028 δὲ,
207 1997 244 2032 μὴ
262 1996 299 2028 ὡς
321 1997 370 2032 τὴν
392 1999 499 2033 μητέρα
513 1999 560 2025 τοῦ
578 1999 673 2032 γένους
688 2000 768 2034 ήμῶν
787 2000 912 2036 ἔφθειρεν
928 2003 941 2027 ὁ

150 2042 225 2076 ὄφις,
251 2043 404 2079 πανουργία
429 2045 619 2080 χρησάμενος,
645 2045 767 2081 φθαρῆτε
792 2047 838 2072 καὶ
863 2047 941 2082 ὑμεῖς

151 2089 204 2116 ὑπὸ
223 2089 475 2124 ψευδοδιδασκάλων
491 2091 523 2117 δι’
536 2091 720 2127 ἁκεραιότητα
737 2092 769 2126 ἣν
787 2092 879 2127 ἔχετε·
897 2093 941 2119 εὐ-

151 2136 251 2171 φήμως
266 2136 295 2163 δὲ
317 2136 419 2171 ταύτην
441 2137 582 2173 εὐχέρειαν
603 2135 686 2164 οὖσαν
709 2139 848 2174 ἁπλότητα
872 2139 939 2166 ὼνὸ-

995 904 1052 938 ipso
1065 905 1088 930 is
1100 905 1144 938 qui
1159 905 1266 939 propria
1285 911 1395 939 peccata
1425 906 1566 933 confessus
1592 905 1679 932 fuerat
1696 905 1783 939 publi-

993 957 1088 977 canus.
1106 949 1209 984 Quippe
1228 951 1312 978 sancti
1328 951 1432 985 probati
1450 955 1513 978 Slllll
1536 956 1563 978 et
1587 957 1663 978 extra
1674 956 1782 978 contro—

994 996 1107 1023 versium
1129 997 1219 1030 positi,
1233 996 1256 1024 si
1274 1004 1288 1023 a
1309 997 1362 1024 Deo
1378 997 1611 1025 commendentur.
1627 997 1659 1023 Et
1674 997 1780 1031 quidem

995 1042 1075 1075 hujus
1091 1041 1219 1076 Epistula:
1234 1043 1337 1070 auctori
1354 1047 1469 1071 testatus
1485 1049 1524 1070 est
1542 1043 1670 1070 Dominus
1681 1043 1713 1070 de
1725 1044 1783 1077 ipso

994 1087 1105 1121 loquens
1133 1088 1167 1114 ad
1188 1088 1322 1114 Ananiam
1347 1097 1353 1114 :
1372 1097 1381 1114 ι
1404 1087 1457 1115 Vas
1485 1088 1628 1115 eleCtionis
1651 1093 1693 1115 est
1717 1088 1782 1115 mihi

994 1134 1044 1160 istc
1055 1133 1088 1160 ⁸⁵.
1105 1132 1189 1160 ι’δυι]
1217 1138 1245 1160 et
1265 1134 1297 1160 de
1317 1134 1420 1160 cunctis
1451 1134 1580 1168 apostolis
1604 1142 1618 1160 a
1641 1133 1783 1160 Salvatore

995 1177 1064 1205 facta
1081 1179 1177 1205 electio
1196 1184 1319 1210 testatur,
1336 1187 1388 1205 non
1409 1180 1479 1213 ipsos
1501 1184 1586 1206 semet
1612 1179 1783 1206 commenda-

995 1222 1074 1254 t‘issc,
1091 1222 1137 1249 ενι]
1152 1232 1165 1248 :t
1182 1225 1237 1249 Deo
1253 1223 1278 1250 id
1295 1228 1392 1250 munus
1409 1224 1557 1258 accepisse.

993 1267 1069 1294 CAP.
1092 1267 1136 1296 ΧΙ.
1166 1268 1247 1295 Vtilis.
1281 1268 1306 1295 1.
1341 1268 1450 1295 Utinam
1471 1270 1633 1296 sustineretia
1651 1271 1782 1297 modicum

1221 1315 1284 1348 quid
1299 1315 1456 1348 insipientia,-
1472 1315 1553 1342 mae!

1029 1357 1097 1385 Cum
1107 1357 1162 1391 jam
1176 1359 1341 1386 ostendisset
1359 1367 1411 1386 non
1425 1367 1486 1386 esse
1499 1361 1661 1395 sapientium
1681 1368 1782 1387 marem

993 1403 1040 1430 sed
1056 1403 1238 1437 insipientium
1256 1404 1349 1431 laudes
1366 1405 1489 1438 proprias
1513 1413 1622 1437 cauere,
1642 1411 1666 1432 et
1686 1407 1782 1433 Corin-

995 1446 1065 1473 thios
1087 1447 1127 1473 his
1153 1448 1322 1481 potiSsimum
1346 1448 1486 1479 delectari,
1513 1449 1550 1475 ait
1564 1450 1618 1477 illis
1638 1461 1643 1476 :
1674 1449 1781 1477 Utinam

993 1491 1164 1518 sustineretis
1177 1499 1220 1518 me
1238 1500 1287 1526 pro
1303 1500 1346 1519 me
1364 1493 1422 1526 ipso
1436 1493 1571 1521 dicentem
1588 1502 1631 1526 ea,
1660 1503 1720 1528 quae
1744 1495 1780 1521 illi

994 1544 1041 1572 pro
1057 1545 1086 1564 se
1101 1537 1264 1571 loquuntur!
1292 1538 1363 1564 Sane
1380 1547 1441 1565 cum
1461 1546 1523 1566 vera
1554 1540 1637 1566 multa
1655 1540 1780 1567 haberem

993 1583 1123 1616 scribere,
1139 1583 1290 1610 abnuebant
1305 1585 1342 1616 id,
1368 1586 1458 1611 sciens
1480 1593 1540 1612 esse
1564 1586 1706 1613 stultorum
1718 1594 1782 1614 con-

992 1630 1159 1657 suetudinem
1174 1630 1206 1657 de
1223 1638 1251 1658 se
1265 1630 1328 1664 ipsis
1351 1630 1486 1665 loquendi.
1509 1630 1562 1657 Sed
1578 1632 1704 1666 quoniam
1721 1639 1783 1658 sns-

993 1675 1083 1703 tinetis
1094 1676 1139 1710 qui
1156 1676 1196 1702 sic
1209 1675 1366 1710 loquuntur,
1383 1676 1470 1703 dicam
1487 1681 1514 1703 et
1533 1684 1600 1710 ego,
1612 1684 1665 1703 non
1683 1681 1712 1703 ut
1724 1677 1782 1703 lau-

993 1722 1052 1749 dem
1069 1730 1160 1754 vener,
1174 1723 1221 1749 sed
1237 1726 1266 1748 ut
1284 1722 1401 1756 aliquatn
1413 1722 1490 1749 vobis
1507 1723 1616 1749 aderam
1627 1723 1780 1750 utilitatem.

993 1767 1096 1802 Quippe
1109 1768 1258 1794 secundum
1277 1767 1361 1794 Deum
1388 1775 1436 1795 vos
1462 1768 1550 1800 zelor,
1568 1768 1661 1796 nolens
1679 1775 1783 1796 tuentes

993 1820 1098 1841 vestras
1113 1813 1249 1847 corrumpi
1265 1821 1279 1840 a
1292 1821 1430 1848 quoquant
1449 1821 1532 1847 prave
1553 1814 1689 1848 loquente.
1704 1814 1784 1842 Μειῴ

995 1865 1074 1894 toque
1091 1859 1247 1894 przedictum
1264 1859 1352 1886 zelum
1375 1859 1472 1890 habeo,
1498 1859 1561 1893 quia
1588 1860 1633 1886 uni
1650 1867 1712 1886 vere
1727 1861 1784 1888 viro

994 1905 1104 1932 Christo
1124 1905 1252 1939 despondi
1272 1905 1419 1932 Ecclesiam
1448 1910 1565 1932 vestram
1584 1905 1715 1940 virginem
1737 1914 1784 1932 ca-

994 1957 1074 1979 stam.
1093 1951 1171 1979 Subit
1185 1956 1274 1978 autem
1296 1959 1338 1979 nte
1366 1952 1456 1985 timor,
1474 1960 1506 1979 ne
1523 1952 1594 1979 sicut
1609 1958 1723 1979 matrem
1738 1961 1783 1987 ge-

994 1998 1066 2025 neris
1085 1998 1169 2025 nostri
1188 2005 1301 2032 serpens
1327 1997 1473 2024 calliditate
1490 2002 1569 2024 utens
1584 1999 1713 2032 corrupit,
1734 2006 1780 2025 vos

993 2051 1100 2078 quoque
1128 2051 1141 2070 ιι
1174 2042 1418 2078 pseudomagistris
1441 2043 1652 2077 corrumpatnini
1673 2048 1784 2077 propter

993 2095 1110 2116 vestram
1127 2089 1339 2122 simplicitatem.
1361 2088 1480 2116 Houesto
1497 2089 1601 2116 scilicet
1616 2091 1697 2116 verbo
1710 2097 1781 2122 eam,

994 2144 1052 2171 quat-
1070 2136 1164 2163 levitas
1174 2140 1244 2168 erat,
1270 2135 1433 2175 nuncupavit
1451 2135 1662 2170 simplicitatem.
1677 2135 1782 2170 Cogno—

152 2181 248 2215 ιέιασεν.
272 2181 408 2209 Γνὼσεται
428 2182 456 2209 δέ
478 2192 519 2214 τις
541 2183 579 2215 ὡς
601 2185 754 2220 πανουργίᾳ
778 2184 824 2211 τοῦ
852 2185 938 2219 διρεως

996 2186 1150 2208 sectantem
1163 2180 1276 2215 quilibet
1291 2180 1425 2214 serpentis
1439 2181 1538 2207 astutia
1550 2181 1687 2214 deceptam
1700 2180 1783 2207 luisse

150 2227 308 2264 ἐξηπατήθη
323 2228 390 2260 Εὕα,
406 2230 556 2264 ἐπιστήσας
568 2229 605 2261 ὠς
620 2229 788 2266 παρεποίησε
803 2231 851 2266 τὴν
865 2231 940 2258 θείαν

117 2282 125 2288 ι
150 2274 259 2309 ιντολὴν
273 2274 321 2300 τοῦ
337 2274 404 2301 Θεοῦ
420 2275 556 2306 εἰπόντος·
574 2284 583 2300 ι
602 2276 667 2302 Ἀπὸ
684 2276 784 2308 παντὸς
799 2277 877 2309 ξύλου
892 2277 939 2303 τοῦ

151 2320 179 2345 ιν
200 2319 238 2355 τῷ
253 2320 424 2356 παραδείσῳ·
441 2331 450 2347 ι
467 2321 498 2348 τὸ
513 2321 567 2357 γὰρ
587 2323 750 2357 προσταγὲν,
772 2322 886 2350 καθόλου
900 2324 940 2355 εἰς

153 2364 180 2392 νδ
191 2365 379 2401 ἀντικείμενον
393 2367 557 2402 σοφιστικῶς
579 2369 743 2404 μετήγαγεν.

149 2407 196 2436 Στο
212 2409 246 2441 ξ’.
261 2410 293 2436 Ἣ
309 2413 454 2447 ἁμαρτίαν
468 2414 606 2447 ἐποίησα,
629 2412 759 2448 ἐμαυτὸν
775 2411 940 2444 ταπεινῶν;

183 2501 218 2529 Ἦ
235 2503 338 2529 δοκεῖτε
356 2506 395 2531 ὅτι
411 2505 515 2539 δωρεὰν
529 2504 559 2531 re.
580 2505 746 2537 Εὑαγγέλιον
769 2506 833 2530 ὑμῖν
850 2506 941 2528 διακο-

148 2548 248 2582 νήσας,
282 2548 405 2584 ἥμαρτον
434 2549 553 2584 ἐμαυτὸν
583 2549 735 2581 ταπεινῶν;
754 2549 939 2584 Χατηγόρησα

147 2593 279 2627 ἐμαυτοῦ,
303 2594 377 2626 ὅπως
404 2594 516 2630 δόξησθε
544 2594 694 2630 ὑψοῦσθαι,
723 2595 770 2621 ἐπὶ
794 2595 834 2630 τῷ
858 2594 938 2627 δῆθεν

148 2639 289 2674 ἀληθεύειν
312 2641 371 2666 κατ’
392 2640 511 2676 ἐμαυτοῦ
531 2641 569 2672 ὼς
593 2641 794 2676 ἡμαρτηκότος,
817 2641 877 2666 ἐπεὶ
900 2640 938 2675 μὴ

148 2683 244 2711 ἓλαῦον
262 2686 357 2720 μισθὸν
372 2685 419 2712 τοῦ
441 2686 618 2720 Εὐαγγελίου.
634 2687 706 2713 Ἴστε
727 2686 755 2712 δὲ
775 2687 816 2712 ὅτι
838 2686 869 2712 οὐ
891 2686 938 2721 μό-

147 2735 192 2757 νον
214 2731 362 2767 ἀποδημῶν
385 2732 462 2768 ὑμῶν
483 2733 687 2769 παρῃτησάμην
702 2732 795 2760 λαϐεῖν
813 2740 848 2763 τι,
870 2731 938 2758 ἀλλὰ

187 2837 208 2854 ⁸⁸
222 2837 289 2869 Luc.
306 2846 386 2875 svnt,
405 2841 448 2871 lt.
485 2841 506 2857 “
520 2842 579 2870 Act.
590 2845 634 2875 ‘tx,
652 2842 693 2869 l5.
733 2843 754 2858 ⁵·
768 2841 834 2869 Gen.
849 2849 879 2876 ιι,
900 2841 940 2869 t6.

994 2226 1093 2259 Evam;
1112 2227 1330 2253 animadvertetis
1341 2226 1428 2260 ipsum
1441 2227 1604 2260 pervertisse
1615 2227 1782 2253 .mautlatum

995 2273 1039 2300 Dei
1056 2273 1100 2307 qui
1114 2273 1217 2299 dixerat
1230 2281 1237 2299 :
1254 2282 1263 2298 ι
1278 2273 1316 2299 Ex
1330 2273 1403 2299 omni
1416 2272 1486 2306 ligno
1498 2272 1615 2306 paradisi
1633 2272 1670 2298 "2
1688 2282 1697 2298 ι
1712 2272 1783 2306 quod

991 2319 1064 2345 enim
1083 2319 1237 2345 mandatum
1260 2317 1358 2349 fuerat,
1375 2318 1400 2345 in
1427 2319 1592 2345 contrarium
1610 2326 1722 2352 prorsus
1736 2326 1782 2345 so-

993 2364 1107 2398 phistico
1123 2369 1181 2390 astu
1196 2363 1376 2391 convertit".

1031 2409 1110 2436 Vens.
1127 2409 1151 2436 7.
1173 2409 1224 2435 Aut
1245 2409 1362 2444 nunquid
1389 2413 1524 2443 peccatum
1547 2408 1609 2443 feci,
1633 2416 1673 2435 me
1696 2409 1782 2443 ipsum

1303 2454 1467 2481 humilium?

1026 2502 1066 2527 An
1081 2501 1190 2535 putatis,
1207 2501 1278 2535 quod
1293 2501 1355 2536 quia
1388 2501 1474 2535 gratis
1504 2500 1676 2535 Evangelinm
1706 2499 1781 2525 vobis

991 2547 1153 2578 ministravi,
1166 2548 1333 2582 peccaverim
1346 2555 1388 2574 tne
1403 2548 1489 2582 ipsum
1505 2546 1670 2573 humilians?
1683 2545 1782 2572 Memet

991 2593 1126 2625 accusavi,
1139 2598 1225 2620 utvos
1235 2594 1326 2621 extolli
1343 2593 1502 2626 videamini,
1518 2593 1654 2620 veraciter
1669 2591 1782 2618 dicendo

990 2646 1034 2666 mc
1052 2647 1187 2674 peccasse,
1206 2640 1269 2675 quia
1286 2639 1437 2667 mercedem
1454 2638 1591 2674 Evangelii
1611 2646 1664 2665 non
1678 2638 1780 2671 accepi.

994 2685 1075 2712 Scitis
1090 2692 1192 2719 autem,
1207 2686 1277 2721 quod
1296 2694 1348 2713 non
1365 2686 1451 2713 solum
1467 2693 1527 2712 cutn
1546 2685 1657 2712 discessi
1673 2692 1687 2710 ε
1706 2685 1781 2711 νοιιίς

995 2731 1070 2758 renui
1087 2733 1232 2766 quidquam
1250 2733 1388 2768 accipere,
1413 2732 1459 2760 sed
1474 2737 1498 2760 et
1517 2739 1638 2767 prmsens
1654 2732 1679 2759 in
1695 2731 1781 2766 patria

980 2841 1075 2871 "Gen.
1094 2849 1135 2874 tu,
1154 2842 1164 2869 l
1184 2850 1246 2878 sqq.
