1913 3071
99 81 108 108 Ι
114 81 166 108 7‘23

735 79 765 106 Dl
772 78 859 106 DYMl
875 75 1108 105 .\LEX.\L\DlllNI

1656 72 1726 100 1724

96 144 197 172 vestra,
214 146 275 166 cttm
288 138 354 166 mihi
368 137 523 165 necessaria
535 137 660 166 deessent
675 138 746 166 nolui
763 147 809 166 ros
823 147 884 173 gra-

947 137 984 164 ιαὶ
1000 135 1095 171 παρὼν
1109 137 1142 171 τῇ
1159 135 1268 171 πατρίδι
1284 133 1372 169 ὑμῶν,
1393 132 1552 167 ὑστερηθεὶς
1571 131 1626 158 τῶν
1643 132 1727 165 ἀναγ-

99 191 174 217 vare,
192 183 252 210 aliis
268 183 377 209 interim
398 182 527 209 Ecclesiis
550 183 615 210 tnihi
631 183 730 211 victum
762 184 886 219 suppedi-

97 230 231 256 tantibus:
249 237 311 256 nam
331 234 358 256 ct
373 229 419 263 qui
445 236 477 256 ex
503 229 660 257 Macedonia
682 237 814 258 venerunt
833 231 886 257 ira-

99 280 166 307 tres,
190 275 400 302 necessitatibus
432 275 500 302 meis
527 276 721 303 subvenerunt.
756 276 819 303 llatc
836 284 886 310 ego

97 321 232 348 ctmstanti
253 321 350 348 liducia
367 321 427 348 dico
442 321 547 348 cunctis
560 321 668 348 Achaia:
682 322 815 349 Ecclesiis.
833 322 886 348 Rc-

99 367 190 393 tinebo
209 371 296 393 autem
327 366 378 394 hoc
407 367 584 402 propositum,
606 371 634 393 ut
651 367 722 395 nulla
750 375 780 395 re
794 369 820 395 in
839 376 886 404 po-

103 418 219 446 sterum,
236 414 306 440 sicut
322 419 371 440 nec
385 418 476 445 antea,
493 412 582 447 gravis
596 411 658 440 sint.

99 545 180 573 Vsus.
202 545 243 572 l2.
259 544 294 572 Ut
311 550 442 579 αιιιμιιιεηι
458 543 619 571 orcmionem
633 551 724 570 eorum
738 543 784 578 qui
798 543 887 571 volunt

403 591 576 617 occasionem.

134 636 210 664 [laud
227 636 297 663 enim
311 643 344 663 ex
363 635 425 663 odio
443 635 469 662 id
484 635 599 670 agimus,
613 634 660 662 sed
675 639 703 662 ut
717 639 888 670 amputemus

99 688 256 716 praetextum
289 683 436 717 quemlibet
467 683 640 717 cupientibus
666 690 760 710 ansam
784 682 888 709 calum-

99 728 189 754 niandi
213 728 349 762 arripere;
371 732 399 754 ut
424 727 446 755 si
464 733 491 754 et
511 728 537 755 hi
558 729 719 763 impostores
738 728 804 755 nihil
821 727 889 754 forte.

99 781 114 800 ιι
129 781 266 808 quoquam
284 774 449 808 acceperint,
469 774 585 802 evadant
605 774 683 802 nobis
698 774 811 801 similes.
830 773 887 801 Non

938 183 1022 210 καίων
1045 181 1257 215 ἐπιλειψάντων,
1281 181 1321 206 οι(
1338 179 1466 215 φορτικὸς
1487 178 1656 213 γεγένημαι,
1678 178 1727 205 ἄλ-

937 229 990 256 λων
1009 226 1178 262 Ἑκκλησιῶν
1201 227 1250 262 τὴν
1275 226 1369 261 χρείαν
1390 223 1645 260 ἁποπληρωσασῶν.
1672 223 1728 250 Καὶ

937 274 991 310 γὰρ
1009 276 1034 300 οἱ
1056 273 1110 300 ἀπὸ
1126 272 1294 303 Μακεδονίας
1314 272 1381 307 πρὸς
1403 271 1438 306 μὲ
1463 270 1587 301 ἐλθόντες
1605 268 1727 303 ἀδελφοὶ,

936 321 972 347 τά
989 320 1056 356 πρὸς
1073 319 1123 351 τὰς
1146 318 1241 354 χρείας
1258 318 1405 352 παρέσχον.
1420 316 1494 350 Αὕτη
1513 315 1542 342 δὲ
1556 316 1573 350 ἡ
1587 314 1730 350 παρρησία

937 365 1052 398 σώζεταί
1077 373 1123 400 μοι
1146 364 1213 398 πρὸς
1231 363 1319 395 πάσας
1338 362 1386 394 τὰς
1410 363 1459 398 τῆς
1478 361 1589 396 ’Δχαῖας
1612 360 1730 394 Ἐκκλη-

939 412 1014 444 σὶας·
1038 409 1148 446 φυλάξω
1170 410 1199 437 δὲ
1220 409 1303 445 αὐτὴν
1325 408 1427 444 ταύτην
1450 408 1500 443 τὴν
1522 407 1662 442 πρόθεσιν,
1684 406 1729 432 ἵνα

937 459 966 484 ὲν
985 458 1067 484 παντὶ
1083 457 1174 492 ἀϐαρῆ
1195 457 1290 492 ὥσπερ
1315 456 1438 491 ἐτήρησα
1460 454 1579 489 ἐμαυτὸν
1604 452 1651 480 καὶ
1677 460 1728 486 τη-

939 504 1024 534 ρήσω.

939 545 1039 577 Στυιθ.
1050 548 1118 578 Ἵνα
1138 547 1258 581 ἐκκόψω
1277 546 1334 579 τὴν
1352 544 1491 580 ἀφορμὴν
1506 543 1564 570 τῶν
1581 543 1730 570 θελόντων

1236 592 1385 625 ἀφορμήν.

973 641 1011 667 Οὐ
1027 640 1082 676 γὰρ
1103 639 1244 675 μισοῦντες
1264 638 1343 665 τοῦτο
1364 637 1535 672 πράττομεν,
1550 634 1606 661 ἀλλ’
1622 635 1665 661 ἵνα
1683 635 1729 660 ἐκο

940 686 1065 722 κόψωμεν
1083 687 1173 712 πᾶσαν
1190 684 1326 721 πρόφασιν
1352 683 1406 710 τῶν
1425 682 1582 710 παθούντων
1603 681 1729 716 ἀφορμὰς

938 731 1075 768 εὑρίσκειν
1095 730 1241 765 διαϐολῆςο
1264 730 1307 756 ἵνα
1328 729 1379 756 κᾶν
1405 729 1498 764 αὐχεῖν
1516 727 1615 754 δοκῶσι
1637 725 1668 752 τὸ
1691 725 1730 760 μὴ

939 777 1089 812 λαμϐάνειν
1108 785 1135 802 τι
1155 776 1230 811 παρά
1250 783 1321 806 τινος
1344 775 1369 800 οι
1392 773 1561 804 άποτεῶνες,
1581 771 1731 807 εὑρεθῶσιν

99 820 172 846 enim
192 827 241 846 nos
253 819 356 847 similes
367 819 430 851 illis,
446 819 493 847 sed
509 819 558 854 ipsi
575 820 677 847 similes
692 820 768 847 nobis
779 828 884 854 compc-

947 824 976 854 b;
996 823 1043 849 καὶ
1060 823 1140 857 ἡμεῖς
1150 829 1156 836 ·
1186 822 1216 848 οὐ
1240 820 1295 856 γάρ
1307 821 1404 856 ἡμεῖς.
1429 820 1466 851 ὡς
1479 820 1577 845 ἐκεῖνοι
1588 838 1595 849 ,
1611 818 1667 845 ἀλλ’
1681 817 1732 844 a5—

101 865 214 891 ricntur.
234 865 310 897 Quod
331 866 353 892 si
374 865 458 892 libere
477 866 576 893 veritas
594 866 706 893 dicenda
727 869 783 895 est,
805 873 888 900 appa-

101 916 192 936 renter
208 914 310 936 tantum
332 910 435 938 similes
455 911 532 938 nobis
555 911 766 946 comperientnr.
783 910 888 937 Etenim

101 963 149 982 nos
161 956 268 982 sincero
291 957 443 990 proposito,
460 957 616 991 praedictam
638 957 734 991 agendi
759 956 889 984 rationem

101 1001 289 1034 Suscepimus;
312 1001 348 1028 illi
366 1006 456 1029 autem
472 1002 533 1029 {icta
553 1003 658 1030 honesti
675 1010 791 1035 persona
815 1010 889 1030 sum-

103 1050 159 1080 pta,
177 1054 230 1074 non
250 1047 315 1075 tales
333 1054 394 1075 esse
407 1048 454 1075 sed
471 1048 537 1077 tales
551 1048 635 1076 videri
650 1049 767 1076 student.

103 1133 184 1162 Vens.
218 1136 261 1164 15.
294 1138 362 1164 Nam
392 1138 522 1173 ejusmodi
550 1139 754 1172 pseudaposloli,
778 1139 891 1172 operarii

435 1183 548 1210 subduli.

139 1225 203 1253 Veri
219 1227 344 1260 apostoli,
360 1229 476 1261 operarii
491 1228 594 1261 absque
608 1228 662 1255 ullo
677 1228 811 1262 adjectivo
827 1227 891 1254 dicti

103 1276 166 1298 sunt
183 1271 237 1298 illic
256 1281 263 1298 :
289 1281 297 1297 ι
316 1271 419 1307 Rogato
431 1280 496 1307 ergo
512 1274 650 1310 dominum
666 1273 774 1304 messis,
787 1277 816 1299 ιιι
829 1280 893 1306 ope-

104 1317 191 1344 rarios
207 1318 294 1344 mittat
305 1318 338 1345 5'.
356 1328 364 1344 ι
380 1319 534 1347 Praeterea:
553 1329 562 1346 ι
578 1319 681 1354 Dignus
698 1326 739 1347 est
754 1318 893 1353 operarius

104 1364 231 1390 alimonia
243 1371 290 1392 sua
302 1364 336 1392 ".
359 1375 368 1391 ι
388 1364 418 1392 lli
431 1373 506 1396 vero,
524 1366 558 1392 de
573 1365 671 1399 quibus
683 1365 782 1395 scribo,
797 1365 893 1391 dicun-

105 1416 148 1437 tur
168 1418 240 1437 nunc
256 1412 374 1445 operarii
396 1411 520 1445 subtloli;
538 1411 565 1438 in
590 1411 641 1438 alia
663 1416 753 1438 autem
775 1409 894 1445 Epistola

106 1457 222 1490 operarii
243 1458 304 1484 mali
321 1462 509 1492 nuncupantur
521 1458 555 1484 ⁸⁸.
571 1457 776 1491 Transﬁgurant
787 1463 852 1491 ergo
865 1463 895 1482 se

107 1502 132 1529 in
148 1502 247 1530 Christi
262 1503 408 1537 apostolos,
419 1511 480 1530 cum
494 1503 561 1531 tales
576 1511 628 1530 non
643 1503 707 1535 sint,
723 1503 769 1530 sed
784 1505 895 1529 externo

109 1554 213 1575 tantum
231 1549 323 1576 habitu
340 1549 454 1576 illudant
476 1559 483 1577 ι
501 1550 571 1577 idem
592 1550 722 1577 habentes
744 1549 895 1576 institutum

108 1602 138 1620 ac
151 1595 402 1630 pscudoprophetm,
414 1596 458 1630 qui
472 1603 533 1623 cum
545 1596 599 1623 sint
610 1600 699 1622 mente
710 1594 763 1629 lupi
776 1601 896 1628 rapaces,

108 1639 193 1666 vellus
208 1639 260 1666 sibi
275 1639 483 1671 circutnponnnt
495 1644 524 1666 ιιι
534 1647 599 1666 oves
609 1646 670 1666 esse
681 1638 833 1665 videantur.
852 1637 898 1664 Sic

108 1685 140 1711 de
157 1685 188 1711 iis
207 1684 318 1718 loquens
329 1703 337 1716 ,
352 1684 470 1711 ostendit
492 1691 546 1711 non
571 1691 631 1712 esse
648 1682 805 1710 incredibile
825 1682 897 1717 quod

109 1730 156 1757 ait.
180 1729 244 1755 Nam
262 1729 284 1756 si
303 1729 362 1761 ille,
377 1729 422 1763 qui
437 1729 534 1756 horum
552 1729 732 1764 improbitatis
760 1736 840 1755 causa
857 1732 899 1755 est

109 1774 244 1808 (-tiabolus
256 1773 381 1809 scilicet),
395 1774 503 1801 simulat
513 1782 543 1802 se
551 1774 673 1810 angelum
681 1773 826 1806 esselucis,
837 1781 897 1800 cum

110 1822 144 1848 sit
162 1821 345 1852 tenebrarum,
363 1825 559 1855 consequenter
581 1819 618 1847 illi
637 1820 683 1854 qui
699 1820 733 1847 ab
749 1826 781 1847 eo
796 1819 829 1846 ad
850 1818 898 1846 fal-

110 1865 218 1893 lendum
238 1867 402 1900 incitantur,
417 1866 613 1894 trattsl‘ormant
626 1873 672 1898 se,
688 1870 717 1893 ut
731 1865 898 1900 simplicibus

111 1911 253 1939 videantur
273 1911 384 1946 iustitia:
410 1912 536 1940 ministri.
563 1912 708 1940 Sciendum
730 1916 820 1939 tamen
846 1916 898 1943 est,

110 1958 218 1986 nonnisi
239 1958 350 1985 abusive
372 1958 425 1985 dici
448 1958 636 1992 transﬁgurari
652 1957 781 1985 Satanam
800 1958 826 1985 in
850 1965 896 1983 an~

111 2003 197 2037 gelum
222 2003 300 2031 lucis.
320 2003 424 2030 Etenim
447 2003 555 2038 proprie
570 2002 772 2038 transiiguratio
787 2002 821 2029 de
838 2010 898 2029 cor-

112 2049 223 2084 poribus
245 2049 354 2081 dicitur,
376 2056 436 2083 qute
461 2049 486 2077 in
507 2049 558 2075 alia
577 2055 690 2082 corpora
713 2050 896 2075 demutantur.

111 2093 203 2128 Itaque
224 2094 281 2121 haee
294 2094 378 2121 dictio
391 2094 501 2121 denotat
516 2101 576 2121 eum
598 2094 686 2128 potius
706 2094 752 2128 qui
767 2102 796 2121 se
813 2094 838 2120 in
858 2093 898 2120 lu-

111 2147 169 2166 tem
195 2139 384 2172 transformat,
402 2147 462 2166 cutn
495 2139 531 2166 sit
553 2140 696 2174 caeteroqui
726 2140 830 2167 inscitia
857 2144 896 2166 tc-

112 2185 259 2220 nebrisque
281 2185 386 2220 plenus.
415 2185 490 2220 Quod
515 2185 538 2213 si
571 2192 604 2212 ex
632 2185 751 2212 tenebris
773 2189 897 2212 constare

111 2231 172 2265 quis
186 2231 323 2258 existimet
337 2239 399 2258 eutn
418 2231 464 2265 qui
487 2238 516 2259 se
541 2231 716 2258 transformat
733 2231 758 2258 in
774 2231 897 2266 angelum

112 2278 196 2309 lucis,
214 2281 311 2305 caveat
333 2283 428 2312 putare
451 2277 521 2305 hunc
541 2277 756 2304 substantialiter
770 2284 832 2304 esse
857 2282 898 2302 ta-

112 2323 162 2350 lem
187 2330 272 2350 :nam
297 2323 430 2351 sententia
453 2322 604 2356 huiusmodi
624 2323 706 2357 impia
727 2327 783 2354 est,
808 2325 901 2355 utpote

111 2369 288 2396 Manichaica.
304 2368 429 2397 Diabolus
442 2369 549 2403 quidem
568 2369 677 2403 proprio
691 2369 828 2402 proposito
842 2374 900 2393 tua-

111 2416 152 2443 lus
166 2420 241 2442 estet
258 2415 376 2443 tenebrae
392 2425 399 2442 :
413 2422 498 2450 quare
517 2419 611 2450 suapte
628 2414 774 2446 voluntate,
791 2418 820 2440 ut
831 2413 899 2440 alios

111 2461 237 2496 decipiat,
259 2461 345 2488 lucetn
365 2462 492 2493 simulat,
515 2465 543 2487 ut
559 2461 686 2488 virtutem
706 2467 738 2487 ac
756 2459 897 2487 scientiam

113 2508 212 2535 habere
223 2506 359 2534 credatur.
372 2506 428 2532 Etsi
441 2506 521 2540 igitur
533 2505 730 2540 pseudapostoli
744 2504 900 2539 deceperint

113 2552 266 2586 nonnttllos,
287 2552 503 2586 transligurando
519 2559 548 2579 se
573 2551 600 2578 in
621 2551 763 2586 praedictas
787 2551 899 2583 formas,

111 2604 230 2627 attamen
251 2600 329 2626 [intem
353 2599 481 2633 operibus
501 2606 592 2633 parem
614 2598 815 2630 nancisccntur,
837 2604 899 2624 ctnn

113 2645 221 2670 diabolo
245 2646 268 2671 in
294 2646 381 2681 ignem
395 2649 527 2672 aeternum
546 2649 674 2679 tanquam
693 2644 765 2671 illius
781 2642 898 2670 ministri

113 2690 222 2716 abituri.

939 869 980 895 τοι
997 868 1035 898 ὡς
1051 868 1131 902 ἡμεῖς
1147 866 1352 902 εὑρεθήσονται.
1374 866 1405 892 El
1424 865 1452 891 δὲ
1470 865 1544 891 ἔστιν
1564 863 1732 899 ἀληθεύοντα

942 912 1197 949 παρρησιάσασθαι,
1221 912 1260 947 τῷ
1274 912 1361 938 δοκεῖν
1389 911 1428 943 ὡς
1450 912 1530 946 ἡμεῖς
1547 910 1730 945 εὑρίσκονται.

948 959 1042 994 Ἡμεῖς
1056 959 1109 994 γὰρ
1123 958 1218 994 ἀληθεῖ
1229 958 1356 993 προθέσει
1372 957 1558 993 μετερχόμεθα
1569 956 1617 991 τὴν
1629 955 1734 990 λεχθει-

943 1013 992 1031 σαν
1014 1004 1185 1039 οἰκονομίαν*
1210 1004 1286 1030 αὐτοὶ
1303 1003 1331 1030 δὲ
1354 1001 1605 1037 ὲπιμορφαζόμενοι
1627 1001 1657 1027 τὸ
1681 1009 1732 1026 κα-

942 1049 986 1076 λὸν
1011 1050 1060 1076 οὐκ
1074 1046 1144 1075 εἶναι
1160 1049 1291 1081 τοιοῦτοι,
1307 1048 1373 1075 ἀλλὰ
1389 1049 1477 1074 δοκεῖν
1492 1046 1560 1074 εἶναι
1575 1046 1731 1077 ποθοῦντες.

941 1126 987 1154 Et.
1007 1130 1050 1160 ιγ’.
1067 1127 1099 1153 οι
1115 1126 1168 1162 γὰρ
1190 1126 1318 1153 τοιοῦτοι
1339 1121 1737 1162 ψευδαπόστολοιηέριτίται

1290 1167 1395 1196 δόλιοι.

979 1234 1010 1260 0i
1031 1233 1068 1268 τῷ
1089 1233 1146 1260 δντι
1169 1233 1328 1265 ἀπόστολοι,
1351 1232 1465 1268 ἐργάται
1491 1231 1555 1259 ἀνευ
1576 1229 1735 1266 προσθήκης

945 1279 1068 1314 εἴρηνται
1087 1279 1176 1313 ἐντῷ,
1196 1288 1205 1303 t
1225 1278 1344 1314 Δεήθητε
1364 1276 1410 1304 οὖν
1431 1277 1478 1303 τοῦ
1510 1277 1603 1312 κυρίου
1623 1275 1669 1302 τοῦ
1691 1275 1736 1301 θε-

946 1325 1054 1360 ρισμοῦ,
1072 1325 1115 1351 ἵνα
1126 1325 1244 1361 ἐργάτας
1265 1324 1387 1360 ἐμϐάλῃ·
1410 1334 1418 1348 ι
1441 1324 1487 1350 καὶ
1504 1323 1560 1354 ἔτι,
1580 1333 1589 1348 t
1606 1323 1698 1355 Ἀξιος
1721 1322 1735 1348 ὁ

946 1373 1066 1408 ἐργάτης
1078 1373 1126 1407 τῆς
1135 1372 1236 1408 τροφῆς
1243 1371 1336 1399 αὑτοῦ.
1345 1381 1354 1397 ι
1368 1367 1447 1398 Οὗτοι
1460 1371 1489 1397 δὲ
1501 1371 1563 1405 περὶ
1575 1366 1611 1396 ὧν
1626 1368 1734 1404 γράφω,

946 1418 1062 1444 ἐνταῦθα
1080 1418 1128 1450 μὲν
1146 1418 1258 1452 ἐργάται
1277 1417 1374 1443 δόλιοι·
1398 1418 1426 1443 ὲν
1446 1415 1513 1451 ἄλλῃ
1537 1415 1565 1441 δὲ
1591 1412 1735 1448 Ἐπιστολῇ

948 1464 1062 1498 ἐργάται
1083 1463 1162 1490 κακοὶ
1178 1463 1366 1498 ὀνομάζονται.
1386 1460 1674 1496 Μετασχηματίζονται
1689 1457 1736 1486 οὖν

947 1510 987 1541 είς
1011 1509 1175 1540 ἀποστόλους
1202 1507 1331 1544 Χριστοῦ,
1355 1508 1404 1535 οὐκ
1428 1507 1503 1538 ὄντες
1528 1506 1652 1538 τοιοῦτοι,
1669 1505 1737 1532 ἀλλὰ

949 1555 1067 1590 σχήματι
1090 1554 1163 1589 μόνῳ
1191 1553 1366 1586 ἀπατῶντες·
1395 1553 1553 1589 προαίρεσιν
1576 1553 1626 1588 τὴν
1652 1551 1738 1587 αὐτὴν

948 1599 1055 1634 ἔχοντες
1075 1600 1130 1631 τοίς
1149 1599 1404 1635 ψευδοπροφήταις,
1424 1599 1448 1626 οἳ
1470 1598 1519 1633 τὴν
1535 1597 1647 1633 γνώμην
1660 1596 1738 1623 λύκοι

949 1644 1072 1678 ἅρπαγες
1089 1644 1179 1676 ὅντες,
1204 1645 1412 1680 περιϐάλλονται
1437 1644 1539 1675 κώδια,
1560 1644 1604 1670 ἵνα
1626 1643 1739 1676 δόξωσιν

948 1687 1018 1717 εἶναι
1038 1690 1172 1725 πρόϐατα.
1190 1690 1276 1716 Τοῦτο
1298 1689 1382 1716 εἰπὼν
1401 1689 1465 1724 περὶ
1482 1688 1569 1715 αὐτῶν
1580 1708 1587 1719 ,
1601 1688 1740 1713 δείκνυσιν

948 1737 986 1768 ὡς
1016 1737 1046 1763 οὐ
1075 1736 1228 1772 παράδοξον,
1252 1735 1283 1762 τὺ
1309 1734 1462 1770 εἰρημένον.
1486 1734 1518 1760 Et
1539 1733 1593 1768 γὰρ
1613 1733 1628 1759 ό
1652 1733 1740 1763 αἴτιος

948 1781 1088 1816 τυγχάνων
1105 1781 1152 1807 τοῦ
1174 1781 1309 1812 τοιούτους
1333 1780 1430 1812 αὐτοὺς
1454 1777 1523 1806 εἷναι
1550 1778 1693 1814 (διάϐολος
1709 1777 1740 1803 δὲ

949 1824 1058 1861 οὗτος),
1079 1827 1253 1862 ὑποκρίνεται
1273 1826 1386 1860 ἄγγελος
1406 1823 1475 1852 εἶναι
1502 1825 1607 1860 ῳτδς,
1628 1825 1741 1855 σκότους

949 1873 1089 1908 ὑπάρχων,
1107 1871 1259 1904 ἀκολούθως
1281 1873 1307 1898 οἱ
1326 1872 1394 1907 πρὸς
1416 1871 1499 1898 αὐτοῦ
1523 1872 1562 1902 είς
1586 1870 1616 1897 τὸ
1636 1870 1740 1904 πλανᾷν

950 1917 1157 1953 ὲνεργοὺμενοι,
1185 1917 1435 1953 μεταχαράττουσιν
1454 1917 1565 1948 ἑαυτοὺς
1585 1916 1622 1948 ὡς
1641 1915 1741 1950 ὑπολη-

950 1964 1050 1999 φθῆναι
1078 1964 1218 2000 ἀκεραίοις
1249 1964 1290 1990 ὂτι
1319 1963 1437 1990 διάκονοι
1464 1962 1635 1996 δικαιοσύνης
1660 1961 1739 1987 εἰσίν.

957 2008 1054 2035 Ίστέον
1076 2009 1117 2035 ὅτι
1138 2009 1168 2035 τὸ
1188 2007 1474 2044 μετασχηματίζεσθαι
1494 2008 1539 2034 τὸν
1559 2007 1680 2034 Σατανᾶν
1700 2007 1741 2037 εἰς

949 2053 1063 2088 ἄγγελον
1077 2054 1174 2088 φωτὸς,
1192 2053 1483 2089 καταχρηστικὼτερον
1502 2052 1609 2088 εἴρηται
1620 2060 1627 2066 ·
1639 2051 1741 2086 κυρίως

950 2099 1004 2134 γὰρ
1025 2099 1286 2134 μετασχηματισμὸς
1308 2099 1355 2125 ἐπὶ
1375 2099 1508 2134 σωμάτων
1524 2098 1690 2132 ἁμειϐόντων
1706 2097 1741 2122 τὸ.

951 2145 1064 2181 σώματα
1084 2147 1286 2181 κατηγορεῖται.
1304 2145 1411 2172 Μᾶλλον
1426 2143 1472 2171 οὖν
1485 2146 1501 2180 ἡ
1519 2143 1684 2180 προκειμένη
1698 2143 1742 2168 λέ‹

955 2189 994 2222 εις
1012 2190 1087 2225 δηλοῖ
1105 2191 1150 2217 τὸν
1167 2190 1421 2226 ἐπιμορφαζόμινον
1436 2189 1466 2216 τὺ
1484 2190 1551 2224 φῶς,
1572 2189 1682 2223 ἀγνοίας
1694 2188 1741 2214 καὶ

949 2235 996 2262 τοῦ
1010 2235 1104 2262 λοιποῦ
1121 2236 1217 2277 σκότου
1230 2236 1320 2270 πλήρη
1340 2235 1395 2271 (40)
1410 2235 1484 2262 ὄντα.
1507 2236 1570 2262 Ἐάν
1584 2235 1614 2261 δὲ
1629 2234 1741 2264 σκότους

951 2281 1038 2317 ἀκούῃ
1055 2290 1095 2312 τις
1110 2278 1179 2307 εἶναι
1193 2281 1239 2308 τὸν
1255 2280 1560 2317 μετασχηματιζόμενον
1574 2281 1614 2311 εἰς
1626 2279 1741 2313 ἄγγελον

952 2326 1050 2359 φωτὸς,
1073 2325 1108 2360 μὴ
1126 2326 1186 2352 κατ’
1200 2325 1294 2352 οὐσίαν
1310 2323 1380 2352 εἶναι
1392 2326 1474 2354 αὐτὸν
1485 2325 1604 2352 τοιοῦτον
1617 2324 1740 2359 ὑπολαμ-

952 2370 1056 2397 ϐαινέτω
1068 2377 1074 2384 ⁸
1096 2369 1198 2405 ἀσεϐὴς
1212 2371 1267 2406 γάρ
1280 2371 1297 2406 ὴ
1320 2370 1384 2404 δόξα
1400 2370 1480 2406 αὓτη,
1500 2370 1647 2405 μανιχαῐκὴ
1661 2367 1739 2395 οὖσα.

957 2416 986 2442 '0
1009 2415 1062 2451 γὰρ
1081 2415 1202 2448 διάϐολος
1228 2416 1282 2452 ἰδίᾳ
1305 2417 1432 2451 προθέσει
1457 2416 1559 2447 κακὸς,
1578 2415 1624 2442 καὶ
1646 2414 1741 2445 σκότος

951 2461 1039 2489 ἐστίν·
1054 2461 1092 2493 ὡς
1110 2459 1142 2488 αὖ
1169 2462 1221 2498 ἰδίᾳ
1245 2462 1403 2498 προαιρέσει
1429 2462 1508 2497 χάριν
1529 2461 1576 2487 τοῦ
1601 2459 1741 2494 ἀπατῆσαι

952 2507 1127 2543 ὑποκρίνεται
1140 2508 1170 2535 τὸ
1187 2508 1256 2542 φῶς,
1272 2508 1305 2535 i'v‘
1316 2507 1416 2544 ἀρετὴν
1430 2508 1478 2534 καὶ
1494 2507 1594 2540 γνῶσιν
1610 2506 1682 2541 ἔχειν
1696 2514 1740 2531 νο-

954 2553 1047 2588 μισθῇ.
1067 2553 1126 2581 Κᾶν
1138 2554 1227 2580 τοίνυν
1247 2553 1370 2580 ἀπατῶσι
1384 2561 1460 2584 τινας
1479 2552 1517 2587 τῷ
1534 2550 1740 2587 μετασχηματί-

954 2598 1047 2629 ζεσθαι
1062 2600 1101 2630 είς
1115 2599 1149 2625 τά
1167 2599 1363 2634 προειρημένα,
1379 2598 1436 2625 ἀλλ’
1452 2596 1497 2625 οὖν
1512 2597 1587 2629 τέλος
1604 2596 1739 2629 κατάλλη-

953 2642 998 2669 λον
1011 2645 1067 2675 τοίς
1083 2644 1246 2679 πράττουσιν
1260 2643 1349 2676 ἕξουσι
1359 2664 1366 2676 ,
1391 2643 1438 2670 σὺν
1455 2642 1569 2677 διαϐόλῳ
1585 2642 1625 2672 εἰς
1640 2641 1669 2667 τὸ
1686 2639 1739 2671 πῦρ

953 2688 983 2715 τὸ
998 2689 1106 2716 αἰώνιον
1125 2691 1162 2722 ὼς
1177 2690 1294 2717 διάκονοι
1309 2689 1392 2717 αὑτοῦ
1410 2688 1631 2722 ἀπελευσόμενοι.

148 2735 170 2750 ³⁸
189 2734 283 2761 Matth.
309 2743 345 2767 Ix,
371 2736 415 2763 38.
437 2736 459 2752 θ’
477 2735 486 2763 l
502 2735 572 2763 Tim.
595 2744 620 2768 ν,
642 2734 684 2762 12.
707 2734 729 2750 ³⁸
750 2732 911 2767 Philipp.ttt,
925 2731 951 2759 2.

147 2781 205 2816 (ιθ)
218 2780 284 2808 Cod.
307 2781 422 2817 πλήρης.
