1913 3071
107 139 174 166 i729

546 138 758 169 FllAGMliATA
779 141 810 167 IN
833 139 940 167 l'ZI‘IST.
963 139 982 166 11
1003 139 1049 166 All
1069 138 1288 166 CORINTlllOS.

1664 138 1733 166 1730

101 191 143 218 Στ.
165 191 197 223 ζ’.
214 192 267 219 Καὶ
286 193 321 227 τῇ
345 194 495 228 ὑπερϐολῇ
511 195 570 221 τῶν
581 195 804 232 ἀποκαλύψεων
840 199 890 226 ἵνα
906 224 910 230 ί

959 200 1028 226 Ἐπιε.
1063 199 1088 226 7,
1117 199 1150 225 Et
1177 208 1206 225 ιιι
1233 198 1386 233 magnitudo
1402 190 1598 226 Iuvelationum
1624 198 1735 225 extollat

299 240 341 274 μὴ
359 241 570 277 ὐπεραῲωμαι,
585 252 611 270 κ.
627 253 652 271 τ.
666 245 690 271 λ.

140 287 248 322 Ἕτεροι
267 287 296 314 δὲ
319 288 356 323 μὴ
374 288 429 323 (44)
450 289 608 324 βουλόμενοι
627 289 754 325 ἀφορμὴν
775 289 892 320 διδόναι,

105 332 150 358 καὶ
166 332 267 367 μηδένα
278 332 379 367 τρόπον
391 333 493 368 ἰσχύειν
507 333 552 360 τὸν
565 334 682 369 πονηρὸν
697 335 820 369 ἐμποιεῖν
834 342 894 360 τινα

105 378 262 412 νοσήματα,
291 378 357 414 μηδὲ
387 379 544 414 ἀνεχόμενοι
567 380 631 410 τοὺς
653 379 771 411 τελείους
795 379 894 415 ἄνδρας

105 423 167 458 περ).
182 423 280 450 πολλοῦ
296 425 427 451 ποιεῖσθαι
441 425 546 461 τὴντοῦ
560 425 685 460 σώματος
698 426 793 459 ὑγείαν
808 425 894 460 (ἴσασι

104 469 157 504 γὰρ
170 469 417 501 κατεξανίστασθαι
432 471 485 497 τῶν
499 471 664 506 ἐπιπόνων).
677 472 812 507 φήσουσι·
828 472 896 498 Πολ-

53 552 56 554 .
104 514 151 546 λὰς
163 515 210 542 καὶ
224 516 346 551 μεγάλας
359 516 475 552 θεωρίας
485 516 604 552 εἰληφώς
617 525 668 550 τις,
684 518 708 544 εί
723 518 760 552 μὴ
775 516 896 543 νύττοιτο

105 561 155 587 ὑπὸ
164 561 337 597 ἀνθρωπίνης
349 562 501 597 ἀσθενείας,
517 563 589 599 μέγα
597 564 729 599 φρονῆσαι
741 563 782 597 ἐφ’
795 562 893 597 ἐαυτῷ.

108 608 139 633 ὐ
153 607 212 639 πῶς
227 607 259 634 ἂν
275 608 313 643 μὴ
330 607 387 644 ἔχοι
404 607 506 644 χώραν,
521 609 538 644 ὴ
558 608 713 644 φρουροῦσα
728 608 758 634 τὸ
769 609 896 643 ἡγεμονι-

52 670 56 676 .
107 654 150 679 κὲιν
164 653 231 680 Θεοῦ
247 654 372 690 δύναμις,
383 656 512 688 πολλάκις
528 657 666 692 οἰκονομεῖ
679 656 735 691 (45)
749 656 794 682 τὸν
813 664 896 691 φρου-

108 699 235 734 ρούμενον
254 700 306 733 ἔξω
330 701 456 735 γενέσθαι
475 702 524 737 τῆς
545 702 590 728 ὑπ’
617 702 702 737 αὐτῆς
722 701 841 737 σκέπης,
859 700 896 732 ὡς

106 744 281 779 παρείσδυσιν
299 745 391 773 λαϐεῖν
411 745 580 781 ἀνθρώπινον
604 746 744 781 λογισμὸν.
764 746 818 772 Καὶ
836 745 897 771 ἐπεὶ

108 791 287 825 μυσάττονται
310 793 335 819 οἱ
352 793 450 819 τέλειοι
473 792 570 828 ἄνδρες
597 793 644 819 καὶ
672 791 717 818 τὸν
740 793 768 818 ὲν
793 791 897 826 διανοίᾳ.

108 833 243 870 μολυσμὸν
257 835 325 872 (46),
341 837 427 872 μέγαν
444 837 570 864 κόνδυλον
581 837 653 872 ἔχειν
665 837 778 868 οἴονται,
790 836 840 863 κᾶν
852 837 896 863 ὲν-

107 880 248 916 θυμήματι
263 882 402 918 ὑποδληθῇ
415 884 508 916 αὐτοῖς
523 883 576 910 ὑπὸ
592 883 708 918 ἀγγέλου
727 883 894 910 Σατανικοῧ·
913 874 934 901 Β

107 927 200 960 ἀμέλει
212 927 277 962 γοῦν
292 929 482 965 παρακαλοῦσι
497 930 544 956 καὶ
557 929 611 955 ἀπὸ
636 928 760 963 κρυφίων
780 928 897 964 καθαριο

108 972 211 1008 σθῆναι,
236 975 284 1013 καὶ
310 975 393 1010 μηδὲν
417 975 509 1007 αὐτοῖς
531 975 680 1002 συνειδέναι
705 974 815 1009 φαῦλον.
843 975 897 1002 Καὶ

105 1017 145 1044 ὅτι
156 1019 234 1046 τοῦτο
249 1019 335 1052 οὕτως
348 1020 420 1056 ἔχει,
438 1021 660 1055 κονδυλιζόμενος
681 1020 753 1054 ἑγνω
775 1028 898 1054 καταφυ-

107 1065 164 1097 γεῖν
182 1064 254 1100 Θεῷ,
271 1065 309 1097 ὡς
325 1066 401 1101 δηλοῖ
414 1065 533 1101 γράψας,
557 1066 643 1100 Ὑπὲρ
662 1065 758 1092 τούτου
766 1065 820 1091 ,τοῦ
841 1066 899 1091 ὲνο-

107 1109 231 1144 χλοῦντος
246 1111 395 1138 Σατανικοῦ
415 1111 531 1146 ἀγγέλου
552 1112 612 1147 τρὶς
626 1112 671 1139 τὸν
688 1111 790 1147 Κύριον
807 1119 897 1146 παρα-

109 1155 220 1182 καλέσαι
230 1156 310 1190 (ιδ’),
325 1156 369 1183 ἵνα
385 1157 493 1193 μακράν
510 1166 560 1192 μου
573 1157 751 1192 γένηται-καὶ
763 1155 839 1182 εἶπεν
853 1165 898 1190 μοι

108 1200 137 1227 ὃν
147 1201 323 1238 παρεκάλεσα
337 1202 449 1238 Κύριον·
466 1204 559 1239 Ἀρκεῖ
569 1212 610 1230 σοι
619 1204 635 1238 ἡ
644 1203 724 1238 χάρις
737 1210 798 1237 μου·
807 1201 900 1238 γνώσῃ

108 1246 161 1282 γὰρ
172 1247 205 1273 δι’
220 1248 304 1283 αὐτὴν
317 1248 354 1279 ὡς
365 1249 415 1275 οὐκ
429 1249 482 1285 ἰδίᾳ
491 1249 616 1284 δυνάμει,
632 1249 689 1275 ἀλλ’
703 1247 827 1284 ἡμετέρᾳ
842 1256 901 1273 συν-

108 1294 202 1329 εργείᾳ
224 1295 240 1330 ἡ
261 1295 399 1327 τελείωσις
419 1296 556 1330 ὑπάρχει·
577 1299 642 1332 περὶ
667 1294 725 1326 τοῦ,
747 1294 814 1329 Τρὶς
829 1302 900 1329 παρ-

109 1339 236 1371 εκάλεσα,
253 1341 267 1367 ὁ
283 1340 334 1376 μέν
346 1349 388 1372 τις
408 1341 466 1376 ὲρεῖ
479 1340 625 1376 δηλοῦσθαι
639 1341 668 1366 τὸ
684 1340 828 1371 πολλάκις¹
846 1339 900 1366 ἀπὸ

109 1385 162 1420 γὰρ
175 1385 220 1412 τοῦ
244 1386 304 1422 τρὶς
317 1386 347 1413 τὸ
366 1386 485 1422 πλῆθος
501 1387 536 1413 τὰ
550 1387 604 1422 γὰρ
619 1387 684 1421 τρία
700 1385 786 1412 πολλά
798 1386 864 1420 (47).

103 1453 148 1482 In.
169 1455 210 1481 LG'.
235 1453 330 1481 Πάλιν
347 1452 402 1488 (48)
428 1452 542 1478 δοκεῖτε
565 1453 609 1478 ὅτι
636 1451 707 1487 ὑμῖν
727 1451 895 1487 ἀπολογού-

449 1499 527 1533 μεθα
538 1505 548 1530 ;

145 1564 191 1599 Μὴ
206 1563 300 1599 δόξητε
313 1563 354 1590 ὅτι
369 1564 434 1598 ὑμῖν
446 1562 670 1598 ἀπολογούμεθα·
684 1562 714 1588 οὐ
731 1561 785 1596 γὰρ
798 1561 904 1597 ἀνθρώ-

112 1618 172 1641 ποις
189 1609 402 1645 προηγουμένως
425 1609 553 1645 ἀρέσκειν
574 1607 792 1644 προτεθείμεθα.
810 1608 867 1634 ἀλλ’
887 1609 904 1644 ἢ

112 1656 151 1692 τῷ
173 1656 242 1691 Θεῷ.
268 1655 440 1692 Προνοοῦμεν
455 1655 510 1690 γὰρ
535 1654 607 1681 καλὰ
625 1654 739 1681 ἐνώπιον
756 1653 803 1680 τοῦ
825 1653 905 1686 Θεοῦ,

113 1702 159 1728 καὶ
174 1701 307 1737 δευτέρως
328 1700 494 1736 ἐπίπροσθεν
512 1699 675 1736 ἀνθρώπων,
695 1700 738 1726 ἵνα
754 1696 828 1735 ὦμεν
848 1699 906 1734 Θεῷ

114 1746 349 1782 πεφανερωμένοι,
364 1746 504 1778 πείθοντες
518 1746 680 1782 ἀνθρώπους
694 1746 782 1782 ὀρθῶς
799 1745 848 1782 βίῳ
860 1746 907 1773 καὶ

113 1794 185 1828 λόγῳ
198 1791 368 1828 καταλλήλῳ.
395 1793 440 1819 Ἐν
454 1792 509 1828 γὰρ
523 1793 634 1829 Χριστῷ
649 1792 830 1828 φθεγγόμενοι
849 1792 908 1819 ἐπί-

114 1839 230 1876 προσθεν
242 1838 322 1870 Θεοῦ,
337 1838 374 1870 ὡς
386 1838 504 1874 ὁρῶντες
515 1838 597 1865 αὑτοῦ
612 1838 657 1865 τὸν
668 1838 808 1874 λογισμὸν,
819 1839 908 1866 πάντα

115 1887 272 1920 πράττομεν
285 1885 332 1911 κα)¹
344 1885 471 1920 λέγομεν.
483 1885 583 1920 Θαρρῶ
596 1883 642 1911 οὖν
656 1885 698 1912 ὃτι
711 1885 831 1920 γνησίως
847 1886 910 1912 ἀναν

113 1933 224 1968 γνόντες
252 1932 299 1958 κα).
323 1930 425 1967 ταύτην
450 1931 498 1966 τὴν
528 1930 706 1965 Ἐπιστολὴν,
738 1931 908 1958 καταλαλῶν

115 1979 260 2015 ἀφέξεσθε,
280 1979 311 2005 τὸ
327 1979 481 2015 ψιθυρίξειν
504 1979 741 2014 παραιτησάμενοι
760 1978 798 2010 ὡς
817 1978 909 2004 δουλο-

115 2027 236 2063 τιρεπές⁸
252 2026 354 2052 δούλων
370 2025 425 2061 γὰρ
440 2025 676 2061 ἀπαῤῥησιάστων
688 2025 735 2051 καὶ
751 2025 909 2059 γογγυστῶν

114 2075 146 2101 τὸ
163 2074 306 2110 τόλμημα·
324 2073 392 2099 ἀλλὰ
411 2073 459 2099 καὶ
478 2072 527 2104 τὰς
546 2072 730 2107 φιλονεικίας,
748 2072 796 2098 καὶ
813 2072 861 2104 τὰς
881 2072 911 2105 ἐξ

115 2121 206 2148 αὐτῶν
215 2120 362 2155 γινομένας
372 2118 463 2154 ἐριδὰς
474 2127 503 2145 τε
513 2118 561 2144 καὶ
572 2118 692 2154 ἐριθείας
703 2117 908 2154 ἀποστραφῆτε·

115 2167 186 2194 οὕτω
201 2167 254 2202 γὰρ
262 2166 440 2201 ἀκολουθήσει
449 2165 490 2198 τὸ,
501 2164 669 2200 Εὐρίσκεσθέ
683 2173 716 2199 με
727 2165 791 2198 ὑμῖν
799 2161 855 2191 οἷον
864 2173 912 2191 πο-

1285 252 1334 276 me,
1348 249 1401 270 etc.

979 290 1031 316 Alii
1059 297 1124 317 vero
1151 289 1274 316 nolentes
1302 288 1473 316 occasionem
1498 289 1579 319 dare,
1607 288 1736 322 nulloque

946 337 1025 363 modo
1037 335 1144 362 diabolo
1156 335 1337 362 concedentes
1351 334 1481 361 elﬁciendi
1500 333 1665 360 inﬁrmitatis
1687 342 1735 361 co-

945 383 1028 417 piam,
1043 389 1092 408 nec
1104 381 1221 416 denique
1245 381 1392 407 tolerantes
1408 388 1422 406 a
1439 379 1568 414 perfectis
1580 379 1736 406 hominibus

946 427 1067 456 sedulam
1089 435 1184 454 curam
1205 427 1355 461 corporalis
1373 425 1533 453 valetudinis
1546 426 1602 459 geri
1625 424 1737 459 (sciunt

945 473 1017 500 enim
1035 472 1161 500 reluctari
1184 479 1231 500 eos
1247 471 1368 498 molestis
1391 471 1492 505 rebus),
1509 471 1599 498 dicent
1613 479 1620 497 :
1632 470 1660 496 Si
1676 471 1737 504 quis

946 518 1047 546 multas
1067 525 1232 552 magnasque
1247 518 1365 544 visiones
1390 517 1521 551 recipiat,
1538 516 1589 543 nisi
1613 516 1682 542 idem
1703 517 1738 542 ab

948 565 1067 592 humana
1091 564 1250 591 inlirmitate
1274 568 1480 597 compungatur.
1499 569 1663 596 magnopere
1686 561 1737 588 sibi

947 610 1075 637 confidet.
1088 609 1165 642 Quod
1181 616 1214 636 ne
1226 609 1344 640 eveniat,
1357 614 1447 636 custos
1463 608 1569 635 arbitrii
1587 608 1672 635 nostri
1690 606 1736 634 Dei

947 656 1043 689 virtus,
1063 663 1134 690 saepe
1149 657 1194 682 dat
1211 656 1356 690 prudenter
1373 662 1494 690 operam,
1511 659 1540 681 ut
1555 655 1599 681 ille
1613 654 1738 688 quamvis

947 706 1095 736 protectus,
1111 702 1258 735 aliquando
1275 706 1350 728 extra
1365 701 1503 736 proprium
1525 701 1661 727 nmnimen
1679 701 1736 731 ﬁat,

948 748 984 776 ita
1000 752 1029 775 ut
1050 748 1153 774 aditum
1179 747 1296 774 humana
1312 747 1442 781 cogitatio
1468 746 1597 773 inveniat.
1623 746 1656 772 Et
1669 752 1737 779 quo-

948 794 1020 821 niam
1035 799 1194 820 aversantur
1207 792 1319 828 perfecti
1334 793 1458 820 homines
1473 793 1515 820 vel
1529 793 1556 819 in
1573 791 1629 819 sola
1650 795 1739 818 mente

949 839 1080 866 maculam
1093 860 1100 871 ,
1118 839 1248 874 grandem
1263 839 1407 873 colaphum
1426 846 1455 866 se
1481 839 1605 873 accipere
1625 841 1737 871 putant,

948 885 1054 912 etiamsi
1074 885 1099 911 in
1121 885 1240 918 ipsorum
1259 889 1364 913 tantum
1383 884 1578 919 cogitationem
1593 883 1738 910 Satanicus

949 930 1061 965 angelus
1082 930 1186 957 subeat.
1211 929 1317 957 Diserte
1348 929 1430 964 igitur
1457 933 1536 956 orant
1563 928 1597 954 ab
1623 926 1739 954 occultis

949 983 1056 1012 quoque
1071 975 1205 1008 mtludari,
1217 980 1245 1002 et
1261 975 1327 1002 nihil
1342 981 1452 1010 pravum
1469 974 1494 1001 in
1508 973 1677 1000 conscientia
1691 979 1739 999 sua

949 1022 1060 1049 habere.
1077 1021 1110 1048 Et
1131 1022 1204 1056 quod
1231 1022 1287 1049 lucc
1310 1022 1345 1048 ita
1369 1029 1398 1048 se
1422 1021 1555 1052 habeant,
1580 1020 1738 1054 exalapatns

949 1066 1048 1094 Paulus
1065 1067 1138 1093 novit
1157 1067 1189 1094 ad
1207 1066 1292 1093 Deum
1309 1065 1456 1100 confugere
1468 1085 1475 1097 ,
1495 1070 1526 1092 ut
1542 1064 1659 1091 ostendit
1672 1063 1739 1090 sori-

951 1112 1016 1139 bens
1030 1121 1036 1138 :
1051 1110 1165 1146 Propter
1181 1111 1252 1138 hunc
1266 1111 1410 1138 molestum
1427 1110 1552 1144 angelum
1569 1108 1738 1138 Satanicum,

951 1162 991 1184 ter
1005 1157 1149 1184 Dominum
1169 1158 1278 1192 rogavi,
1296 1162 1325 1184 ut
1347 1157 1441 1191 procul
1462 1164 1504 1183 me
1516 1156 1602 1182 fieret.
1623 1154 1656 1181 Et
1674 1153 1738 1180 mibi

951 1202 1240 1236 dixitDominusquem
1252 1202 1378 1236 rogabam
1390 1200 1507 1228 :Suﬂlcit
1518 1198 1738 1234 tibigratiamea:

951 1257 999 1283 per
1010 1248 1080 1275 hanc
1093 1249 1164 1275 enim
1177 1249 1279 1275 certior
1288 1247 1346 1280 fies,
1360 1255 1412 1274 non
1429 1255 1443 1273 a
1456 1246 1558 1273 viribus
1569 1244 1633 1276 tuis,
1647 1243 1693 1270 sed
1706 1243 1740 1270 ab

951 1295 1051 1321 auxilio
1066 1301 1125 1321 meo
1137 1293 1328 1329 perfectionem
1339 1293 1507 1328 contingere.
1523 1291 1600 1325 Quod
1612 1298 1677 1318 vero
1689 1292 1738 1321 ait,

951 1341 1004 1367 Ter
1019 1340 1124 1375 rogavi,
1146 1340 1314 1368 existimabit
1343 1339 1443 1374 aliquis
1462 1339 1564 1366 dictum
1586 1345 1635 1372 pro
1653 1344 1739 1371 saepe;

952 1393 1069 1421 namque
1091 1394 1106 1413 a
1130 1386 1250 1414 ternario
1272 1393 1387 1413 numero
1405 1385 1547 1420 pluralitas
1565 1383 1675 1418 incipit;
1690 1383 1741 1410 tria

952 1433 1022 1459 enim
1036 1437 1099 1459 sunt
1117 1432 1211 1459 multa.

954 1478 1034 1505 Vsus.
1056 1479 1099 1504 19.
1123 1478 1223 1505 Rursus
1238 1477 1345 1504 creditis
1359 1477 1429 1512 quod
1444 1483 1596 1502 excusemus
1611 1483 1657 1502 nos
1672 1475 1742 1508 apud

1317 1530 1362 1550 vos
1374 1522 1386 1549 1’

990 1569 1079 1596 Nolim
1095 1577 1142 1596 vos
1156 1569 1324 1600 existimare,
1342 1567 1413 1602 quod
1429 1570 1500 1602 apud
1514 1574 1560 1594 vos
1575 1570 1682 1593 nosmet
1697 1573 1745 1593 ex-

957 1623 1091 1643 cusemus.
1112 1615 1170 1642 Non
1185 1615 1258 1642 enim
1273 1619 1302 1641 ut
1317 1613 1503 1649 principaliter
1522 1611 1675 1640 hominibus
1689 1611 1747 1646 pla-

957 1671 1077 1695 ceamus,
1094 1663 1260 1698 propositum
1282 1662 1359 1689 nobis
1376 1667 1428 1693 est,
1445 1661 1491 1689 sed
1506 1665 1536 1687 ut
1554 1660 1608 1687 Dco
1626 1668 1633 1686 :
1654 1659 1746 1694 provi-

958 1710 1052 1736 demus
1076 1709 1147 1736 enim
1171 1710 1240 1735 bona
1265 1716 1356 1735 coram
1383 1708 1514 1738 Domino,
1541 1706 1640 1733 deinde
1665 1705 1746 1732 etiam

959 1755 1028 1790 apud
1044 1756 1185 1788 homines;
1203 1760 1232 1782 ut
1250 1755 1335 1782 sinms
1353 1753 1409 1782 Deo
1429 1753 1587 1788 conspicui,
1603 1751 1747 1778 suadentes

959 1806 1032 1829 recte
1048 1801 1204 1828 hominibus
1219 1806 1274 1827 tum
1290 1801 1352 1827 vita:
1364 1806 1463 1834 genere
1479 1803 1535 1826 tum
1552 1805 1676 1824 sermone
1687 1805 1750 1824 con-

960 1856 1025 1881 gruo
1042 1856 1049 1874 :
1065 1847 1091 1874 in
1104 1847 1213 1874 Christo
1226 1847 1352 1873 nitnirnm
1365 1846 1509 1880 loquentes
1520 1852 1611 1872 coram
1623 1843 1749 1875 Domino,

959 1893 1035 1928 quasi
1060 1893 1257 1927 cogitationum
1283 1891 1342 1926 ejus
1360 1891 1448 1926 gnari,
1469 1895 1565 1917 cuncta
1583 1890 1689 1923 agimus
1710 1889 1749 1916 lo-

960 1939 1132 1972 quitnurque.
1147 1938 1259 1965 Conlido
1271 1937 1353 1972 igitur
1365 1937 1435 1971 quod
1449 1941 1572 1963 amanter
1585 1936 1651 1963 lecta
1667 1936 1749 1962 etiam

962 1984 1013 2011 hac
1031 1983 1162 2018 Epistola,
1177 1983 1424 2011 obtrectationibus
1438 1982 1620 2013 abstinebitis,
1634 1989 1668 2008 ne
1681 1981 1750 2008 clam

962 2030 1070 2064 quidem
1089 2037 1259 2056 murmurare
1281 2029 1417 2056 serviliter
1432 2028 1565 2055 volentes.
1582 2026 1751 2054 Timidorum

962 2075 1060 2109 quippe
1074 2075 1235 2102 famulorum
1249 2079 1289 2101 est
1299 2079 1325 2101 et
1335 2081 1513 2100 susurronmn
1526 2073 1570 2100 hic
1585 2074 1672 2099 malus
1683 2080 1750 2098 lllOS.

963 2120 1016 2148 Sed
1031 2124 1058 2147 et
1074 2120 1261 2147 zentulatioucs
1272 2140 1280 2151 ,
1297 2125 1325 2146 et
1342 2119 1440 2146 harum
1460 2118 1580 2146 sobolem
1597 2118 1658 2145 lites
1673 2123 1754 2152 atque

961 2166 1050 2201 jorgia
1076 2166 1250 2193 aversemini.
1276 2166 1322 2193 Sic
1347 2165 1465 2198 eveniet,
1485 2170 1514 2192 ut
1539 2172 1582 2192 me
1608 2164 1752 2191 inveniatis

115 2214 198 2240 θεῖτε.
212 2209 416 2248 Μετεωρίζεται
430 2211 484 2246 γὰρ
499 2211 545 2237 καὶ
558 2210 626 2244 ἄγαν
640 2211 742 2246 γαυριᾷ
753 2210 910 2242 διδάσκαλος

965 2211 1071 2247 qualem
1100 2211 1210 2245 cupitis.
1238 2210 1402 2237 Sttblevatur
1429 2209 1501 2236 enim
1530 2216 1561 2235 ac
1590 2214 1753 2242 magnopere

115 2259 241 2294 εὐπορῶν
248 2258 390 2293 ἀκροατῶν
400 2259 427 2283 ὲν
439 2255 478 2289 οἷς
489 2257 585 2292 σοφίαν
595 2258 680 2284 εἰπεῖν
690 2256 803 2283 δύναται
813 2265 820 2271 ’
830 2256 868 2288 ὡς
876 2254 909 2283 αὖ

116 2304 292 2331 συστέλλεται
305 2304 527 2340 ταπεινούμενος,
539 2305 577 2330 ὅτ’
593 2303 625 2330 ἂν
639 2303 663 2330 οἱ
678 2303 837 2338 προσιόντες
851 2303 911 2328 ὲπι-

115 2350 242 2386 πλήξεων
258 2351 305 2378 καὶ
320 2350 439 2386 ἐλέγχων
454 2350 566 2376 δέωνται
578 2350 620 2384 ἐφ’
638 2347 678 2381 οἷς
695 2349 846 2385 πράττουσι
863 2357 912 2375 κα-

116 2397 183 2429 κῶς.
201 2397 232 2423 Et
246 2397 300 2432 γὰρ
316 2396 444 2431 πορνείαν
463 2396 510 2422 καὶ
526 2395 698 2430 ἀκαθαρσίαν
714 2396 761 2421 καὶ
776 2395 825 2430 τὴν
845 2395 910 2421 ἐπο-

118 2443 203 2478 μένην
220 2443 367 2476 ἀσέλγειαν
383 2442 552 2477 πράττοντες
568 2441 598 2468 οὺ
618 2440 792 2477 μετανοιιῦσι,
814 2440 910 2476 τεθνή-

117 2497 182 2515 κασι
194 2489 239 2515 τὸν
251 2489 339 2524 ψυχῆς
346 2488 462 2515 θάνατον
474 2497 480 2503 ⁸
494 2488 531 2520 ὡς
541 2488 586 2514 τὸν
599 2487 781 2522 κηδεμονικὴν
791 2486 912 2512 διάθεσιν

116 2535 187 2570 πρὸς
205 2536 304 2567 αὐτοὺς
323 2535 420 2570 ἔχοντα
435 2535 545 2562 πενθεῖν
559 2534 658 2565 αὐτοὺς
676 2533 788 2569 μᾶλλον,
804 2532 820 2568 ἢ
837 2533 861 2559 οἱ
878 2533 912 2560 τὰ

117 2581 264 2616 κενοτάφια
285 2581 490 2617 οἰκοδομοῦντες
510 2582 565 2613 τοῖς
587 2580 786 2614 ἀποφοιτήσασι
803 2578 911 2613 φιλοσο-

156 2636 211 2672 ut)
233 2637 303 2671 Ergo
325 2641 504 2672 praecesserat
528 2637 579 2663 alia
605 2636 711 2672 Didymi
739 2635 910 2670 explanatio,

118 2680 201 2707 quam
215 2672 368 2706 eclogarins
384 2673 567 2706 praetermisit.

155 2707 210 2741 (45)
227 2704 294 2734 Cod.
316 2704 462 2743 οἰκοδομεῖ.
485 2705 804 2743 Contrat'iarn_vocaltt_tli
833 2704 912 2743 hujus

118 2743 347 2776 permutationem
366 2741 446 2769 habet
462 2751 522 2769 cum
541 2743 600 2768 aliis
613 2741 753 2768 codicibus
771 2741 912 2768 Pati-ibus‘

117 2776 243 2838 premar:
262 2777 342 2839 Il-‘au‘li
370 2777 429 2805 loco
451 2777 461 2804 ι
484 2778 517 2804 ad
536 2777 606 2804 Tim.
633 2784 652 2808 ι,
674 2777 708 2811 4)
744 2776 911 2810 Nicepltorus

146 2822 161 2838 ιι
223 2821 241 2838 ι.
273 2821 301 2839 ιι.
340 2833 346 2839 .

146 2821 241 2838 ΠΗΪΓΙΙ.
262 2821 301 2845 ΙΙΙ,
321 2821 331 2839 Ἰ
340 2833 346 2839 .

157 2847 213 2888 με)
233 2847 426 2888 Animadverte
439 2848 580 2884 pulchram
594 2847 698 2885 Didymi
711 2847 862 2875 doctrinam
876 2846 911 2874 de

119 2888 218 2911 IllCllllS
231 2888 316 2918 plll‘lla
323 2888 358 2912 te.

965 2258 1083 2286 exsultat
1096 2257 1224 2292 magister
1236 2265 1296 2284 cum
1312 2257 1433 2284 abundat
1449 2255 1588 2290 discipulis
1602 2255 1672 2281 inter
1686 2261 1754 2288 quos

965 2304 1127 2339 sapientiam
1140 2303 1227 2338 eloqui
1245 2308 1334 2338 potest
1352 2312 1358 2330 :
1375 2303 1447 2330 sicut
1460 2302 1579 2330 vicissim
1598 2300 1753 2328 humiliatus

965 2351 1137 2386 deprimitur,
1154 2357 1215 2377 cum
1231 2350 1369 2377 auditores
1384 2349 1425 2376 sui
1445 2348 1579 2383 increpari
1604 2347 1754 2382 reprehen-

965 2397 1046 2430 dique
1061 2396 1162 2423 debent
1180 2395 1215 2422 ob
1231 2403 1262 2422 ea
1278 2403 1338 2430 qurc
1351 2403 1435 2429 prave
1447 2400 1541 2430 agunt.
1557 2393 1624 2421 Nam
1638 2394 1682 2428 qui
1701 2392 1756 2420 for-

966 2443 1138 2474 nicationem,
1157 2442 1367 2475 imumuditiam,
1381 2448 1408 2469 et
1421 2445 1517 2469 hormn
1531 2441 1659 2468 comitem
1677 2441 1754 2466 huu-

966 2489 1033 2515 riam
1057 2495 1202 2523 operantes
1228 2497 1280 2516 non
1304 2489 1486 2523 resipiscuut,
1512 2493 1627 2515 mortem
1658 2487 1754 2513 animat

966 2535 1133 2563 incurrunt:
1154 2536 1222 2563 adeo
1245 2540 1275 2562 ut
1299 2535 1344 2570 qui
1363 2536 1504 2570 providam
1528 2542 1620 2561 curam
1647 2533 1753 2559 illorum

967 2581 1050 2616 gerit,
1067 2588 1113 2608 eos
1130 2581 1216 2616 magis
1230 2580 1337 2613 defleat,
1352 2588 1432 2615 quam
1448 2581 1493 2614 qui
1511 2579 1672 2612 ceuotaphia
1686 2578 1753 2604 :etli~

1005 2638 1072 2673 μεθ)
1090 2638 1154 2674 Leg.
1177 2638 1361 2674 παρεκάλεσα,
1388 2643 1415 2664 et
1434 2645 1510 2669 mox,
1535 2637 1563 2663 ὂν
1583 2637 1755 2672 παρεκάλεσα

970 2673 1081 2709 Κύριος.
1094 2673 1172 2700 Eon.

1005 2706 1062 2743 ('47)
1084 2709 1157 2735 lllme
1181 2708 1336 2736 Graecorum
1365 2706 1615 2741 grammaticorum,
1634 2712 1668 2743 int
1692 2708 1756 2734 :llllll

968 2743 1034 2773 dixi,
1054 2742 1105 2778 qui
1121 2744 1228 2770 dualem
1251 2751 1392 2770 numerum
1414 2745 1513 2775 negant
1532 2748 1592 2769 esse
1615 2742 1756 2777 pluralem,

967 2777 1238 2806 contra’Latiuormn
1255 2777 1490 2805 consuetudinem.

1004 2814 1059 2850 (48)
1074 2814 1124 2841 Pro
1136 2814 1228 2850 πάλιν,
1240 2821 1340 2850 rursus,
1349 2813 1462 2850 legebat
1471 2811 1649 2850 ﬁikatlolint,
1665 2814 1755 2849 vulgn.

968 2847 1022 2882 tus,
1040 2847 1100 2877 cum
1118 2849 1178 2877 aliis
1196 2853 1251 2877 tum
1267 2849 1371 2876 Latinis
1387 2847 1442 2875 tum
1455 2848 1537 2874 etiam
1552 2847 1663 2876 Graecis.
