1913 3071
144 134 196 160 753

552 130 633 158 CllR.
656 131 744 159 FRID.
766 132 880 160 Ll‘CKll
901 132 1151 169 (ΙΟΜΜΕΝΤΑΤΙΟ
1171 135 1321 164 CRITICA.

1694 140 1761 169 1734

125 194 275 221 (Iw/murus
302 193 435 220 Latinum.
461 190 580 218 llahctnr
608 192 665 219 ha‘c
692 193 718 219 in
745 192 954 222 BibliolherisA
970 196 1150 227 terpretandis
1179 203 1227 222 sua
1253 203 1347 224 rect-ns
1372 196 1479 223 iuventa
1497 197 1574 224 unice
1591 197 1643 225 sibi
1657 198 1759 225 collau-

125 241 247 272 l’nlrum,
266 239 413 266 Parisicnsi
431 237 549 264 secunda
573 239 651 272 (tom.
671 238 726 274 IX),
757 238 850 274 Magna
865 239 918 266 Co-

125 286 240 314 loniensi
261 285 337 321 (tom.
357 285 413 320 iV),
433 286 547 312 Maxima
565 285 736 320 Lugdunensi
759 285 835 320 (tom.
860 285 916 320 IV),

123 332 301 360 Gallandiana
320 330 396 367 (tom.
414 330 468 367 Vl).
488 331 594 360 Nomen
611 331 729 359 auctoris
749 331 812 358 olim
826 331 852 358 in
872 331 918 358 Ec-

125 376 208 404 clesia
233 377 487 412 celebratissimum,
521 382 550 405 ut
581 377 739 413 opusculum
763 378 917 405 accuratius

124 421 299 454 inspicerem,
331 422 464 456 permovit
490 429 533 450 me
559 430 591 450 ac
620 424 698 457 quasi
721 423 855 450 invitavit.
878 423 917 450 E1

122 473 181 500 quo
198 467 393 494 commentario
410 467 432 494 si
454 467 554 502 qttaeris
581 468 645 502 quid
662 467 852 502 iucrifecerim,
877 470 918 496 sic

125 511 244 539 habeto:
258 520 308 539 nec
324 512 447 546 multum,
463 519 550 548 neque
565 520 630 540 vero
645 514 755 541 omnino
770 514 845 541 nihil.
863 514 918 541 lla-

126 557 171 584 bet
196 557 324 592 Didymus
345 558 471 586 nonnulla
495 567 555 593 qua:
580 567 661 586 tremo
689 567 742 586 lion
761 560 918 593 probaverit

126 610 188 631 vere
201 608 228 631 et
243 604 381 639 eleganter
395 605 477 632 dicta.
493 605 580 640 Atque
604 605 711 632 enotavi
734 606 859 640 equidem
873 612 915 639 ea,

125 657 185 682 qum
200 650 233 676 ad
249 650 499 684 interpretationem
525 651 707 684 Epistolarum
733 651 846 679 Joannis
875 651 916 679 fa-

126 701 189 721 cere
217 695 389 728 videbantur,
415 696 441 722 in
464 696 654 723 commentarii
682 697 734 724 mei
757 697 916 732 appendice,

125 748 184 774 quae
201 745 289 768 tamen
307 741 407 769 omissa
426 741 526 769 nemini
543 741 773 769 desiderarentur.
791 741 917 770 Utverbo

125 785 223 818 dicam,
243 786 309 813 nihil
324 787 348 813 in
360 786 407 814 illo
419 787 616 814 commentario
633 787 669 814 ita
688 788 756 815 dixit
776 788 914 824 Didymus,

127 837 155 858 ut
173 832 260 860 locum
281 833 307 859 in
322 832 390 867 Epp.
409 832 491 860 Cath.
518 833 660 868 aliquanto
673 834 857 861 obscuriorem
874 834 916 861 vel

126 878 302 906 diiiiciliorem
318 879 403 912 possit
421 878 498 906 nobis
513 879 629 907 neminis
653 879 723 907 alius
739 887 791 915 ope
809 880 917 914 adjutus

127 924 200 951 solus
214 924 359 951 extricare.
376 924 429 951 Sed
443 925 516 951 enim
534 924 560 951 in
578 924 621 952 his
644 927 723 952 bona}
750 925 916 960 interpreta-

128 970 207 997 tionis
223 969 345 997 irustulis
359 969 413 997 noli
430 977 520 1005 operm
544 977 610 998 mea:
639 971 753 1005 pretium
776 971 915 1006 quaereret

127 1016 202 1049 Quod
221 1017 335 1044 lectione
347 1024 406 1044 mea
422 1016 555 1049 lucrifeci,
578 1025 611 1044 cx
641 1024 740 1052 genere
765 1025 797 1045 ac
814 1019 918 1046 semine

127 1067 168 1090 est
183 1070 294 1097 prorsus
307 1063 371 1096 alio,
389 1063 460 1091 haud
488 1071 553 1090 vero
573 1065 784 1092 contemnendo.
812 1064 917 1091 Etenim

128 1110 191 1136 dum
229 1109 434 1137 Enarrationeni
469 1109 576 1145 Didymi
606 1111 737 1137 attentius
773 1110 917 1144 legebam,

129 1155 306 1183 animadverti
322 1156 410 1191 prium
425 1163 492 1190 pene
521 1156 622 1183 invitus
634 1156 663 1182 iu
691 1157 829 1183 nonnullis
853 1156 919 1183 locis

129 1209 254 1236 magnam
269 1208 330 1229 cum
348 1201 459 1234 scholiis
474 1201 586 1234 Graecis.
605 1209 664 1235 qua
686 1202 713 1228 in
727 1202 804 1229 calce
820 1202 919 1228 editio-

129 1247 171 1275 nis
201 1247 286 1282 Epist.
320 1247 426 1275 Cathoi.
447 1247 627 1275 Matthatiana:
648 1248 750 1282 adjecta
774 1248 918 1280 habentur,

129 1294 334 1322 similitudinem
347 1299 429 1329 atque
446 1296 545 1322 mirum
564 1298 744 1327 concentum;
770 1302 831 1321 nios
855 1301 920 1322 vero

129 1340 275 1368 collatione
299 1341 440 1375 utriusque
472 1340 588 1375 exempli
613 1340 770 1368 accuratius
794 1339 923 1369 instituta.

128 1386 207 1414 la‘tus
224 1387 313 1414 inveni
333 1386 427 1414 cadent
441 1393 512 1421 pene
527 1386 622 1414 iisdem
635 1386 728 1414 verbis
752 1386 777 1413 in
801 1385 917 1414 Enarra-

131 1433 206 1460 tiune
220 1432 328 1467 Latine,
336 1432 364 1459 in
371 1432 482 1460 scholiis
492 1432 586 1459 Graece
594 1439 733 1467 expressa.
741 1432 811 1465 Quid
820 1432 921 1459 multa?

130 1479 319 1508 Euarrationis
336 1479 502 1515 Didymianze
516 1480 542 1506 in
556 1479 624 1514 Epp.
639 1480 720 1508 Catii.
736 1479 839 1506 Latina!
849 1479 920 1506 Grae-

131 1535 190 1555 cam
203 1527 345 1554 veritatem
359 1526 488 1553 hactenus
503 1529 633 1560 quantum
649 1526 706 1551 scio
724 1524 850 1559 equidem
871 1531 920 1551 ne-

132 1573 197 1600 mini
223 1577 325 1604 notam,
355 1573 412 1599 imo
431 1571 600 1606 deperditam
623 1571 751 1597 omnibus
777 1569 920 1603 creditam,

131 1618 295 1653 deprehendi
310 1624 436 1652 magnam
451 1622 554 1651 partem
571 1617 597 1643 in
614 1616 674 1644 istis
699 1616 810 1643 scholiis
832 1616 922 1643 adhuc

131 1665 316 1699 superstitem.
336 1663 393 1690 Dixi
407 1668 471 1690 tunc
485 1663 593 1698 quidem
607 1663 640 1690 de
655 1663 706 1689 hoc
718 1662 826 1698 ἐρμαίῳ
837 1670 922 1697 quan-

133 1711 309 1745 tulocumque,
321 1710 440 1737 breviter
452 1710 577 1744 ac_qnasi
594 1709 621 1736 in
636 1714 807 1736 antecessum
823 1710 849 1736 in
863 1717 923 1737 tneo

132 1758 166 1784 ad
184 1757 250 1792 Epp.
267 1755 296 1785 S.
311 1755 391 1784 Joan.
406 1755 665 1790 commentario“),
681 1763 736 1782 rem
749 1757 922 1788 accuratiori,

133 1812 185 1840 qua
201 1804 313 1831 animine
325 1806 417 1838 egeat,
438 1801 640 1837 disquisitione,
659 1802 702 1829 ubi
735 1803 850 1837 primum
877 1810 924 1829 oc-

133 1850 208 1877 casio
240 1850 382 1883 otiumque
413 1848 477 1876 mihi
516 1849 691 1883 contigerint,
720 1853 921 1883 prosecuturus.

134 1896 174 1923 Ειι
190 1896 272 1930 igitur
286 1895 346 1927 tibi,
359 1895 390 1922 Β.
407 1894 452 1928 L.,
471 1894 522 1921 hac
533 1895 594 1921 data
604 1895 747 1922 occasione
758 1895 924 1927 Quwslionea

134 1952 166 1970 ac
192 1942 321 1970 Vindicio:
349 1942 527 1977 Didymiame.
556 1941 620 1969 Scio
643 1942 769 1976 equidem
789 1942 867 1976 hujus
883 1942 925 1969 in—

135 1990 208 2018 venti
226 1998 279 2017 non
297 1997 358 2016 eam
371 1996 431 2016 esse
444 1988 586 2020 rationem,
606 1995 655 2015 nec
669 1988 837 2022 dignitatem,
853 1994 881 2015 ut
893 1989 925 2015 ad

135 2045 230 2065 omnes
246 2036 391 2072 pertineat,
406 2035 582 2069 omnimuqae
597 2034 713 2067 intersit,
743 2039 832 2062 tamen
856 2034 926 2070 apud

136 2092 183 2112 eos
199 2084 328 2116 maxime,
345 2083 391 2118 qui
405 2082 495 2110 studio
509 2086 590 2116 atque
603 2088 668 2109 cura
691 2082 861 2116 antiquitatis
883 2089 928 2109 ec-

136 2131 297 2159 clesiastica:
322 2138 382 2158 cum
414 2129 607 2164 cognoscendae
629 2129 792 2161 accuratius,
815 2134 870 2155 tum
886 2137 928 2157 re-

136 2179 290 2206 staurandaz
302 2177 373 2204 inter
388 2184 437 2204 nos
447 2176 586 2212 conspicui
600 2175 662 2202 facti
676 2179 737 2202 sunt
750 2183 782 2202 ac
796 2175 926 2208 celebres,

973 241 1046 273 dant,
1064 246 1144 276 atque
1160 242 1271 269 Patrum
1289 243 1461 278 despiciendo
1476 243 1502 270 in
1517 244 1569 271 hac
1582 250 1640 271 arte
1655 244 1762 273 labon-s

972 294 1003 314 ac
1018 288 1106 314 studia
1121 289 1177 315 suis
1195 289 1300 316 facilem
1325 295 1450 324 quatrunt
1468 290 1593 324 gloriam,
1613 291 1647 318 ita
1664 299 1714 319 nec
1729 292 1762 319 iis

972 341 1089 368 unquam
1115 334 1253 369 astipulari
1272 343 1392 370 possum,
1404 336 1448 371 qui
1466 337 1542 364 hisce
1562 337 1659 365 diebus
1675 339 1761 366 exsti-

972 383 1072 412 terunt,
1099 381 1174 408 nimii
1193 386 1312 409 veterum
1328 383 1504 416 interpretum
1521 383 1685 416 laudatores,
1703 384 1762 418 qui.

971 433 1032 453 cum
1054 428 1117 454 nihil
1133 427 1252 455 habeant
1266 429 1403 463 antiquius
1423 436 1503 463 quam
1517 433 1545 456 ut
1572 430 1674 461 omnia,
1703 437 1763 464 qme

971 477 1096 506 superata
1115 473 1215 500 dudum
1233 473 1300 500 artis
1316 474 1462 509 exegeticae
1480 473 1593 501 infantia
1615 474 1689 507 lusit,
1718 480 1763 500 aut

972 516 1039 543 fudit
1060 516 1217 552 antiquioris
1237 518 1363 545 Ecclesia:
1380 518 1486 545 inscitia
1506 522 1588 553 atque
1607 519 1710 546 incuria
1729 519 1762 544 ad

971 563 1055 590 libros
1065 571 1157 590 sacros
1172 563 1269 597 partim
1283 564 1383 598 inepta,
1399 565 1497 598 partim
1512 563 1589 597 falsa,
1603 568 1762 598 recoquant,

971 615 1131 644 recoctaque
1148 610 1350 637 connuentariis
1365 611 1432 643 suis,
1451 610 1478 637 in
1501 611 1600 644 quibus
1618 618 1689 638 nova
1715 617 1763 636 an-

972 656 1052 690 tiquis
1068 656 1178 683 meliora
1195 657 1319 684 invenire
1340 656 1379 684 fas
1408 662 1459 689 est,
1491 656 1636 684 infarciaut
1665 656 1763 691 magis,

971 708 1052 736 quam
1067 707 1143 729 recto
1155 702 1256 737 judicio
1272 702 1457 737 interponant,
1473 717 1510 722 —
1527 710 1575 730 nos
1601 702 1634 729 ad
1651 709 1762 729 auream

971 750 1074 778 scilicet
1099 755 1258 778 catenarum
1279 755 1387 777 atatem
1417 751 1532 785 rejicere
1557 750 1678 778 student.
1704 750 1763 777 Stet

971 804 1036 824 suus
1053 797 1150 831 cuique
1161 798 1197 824 rci
1209 797 1294 824 honos
1306 805 1336 824 ac
1345 805 1406 824 vera
1425 797 1585 824 aestimatio!
1605 795 1675 824 Usus
1687 803 1763 823 cum-

973 842 1167 869 tnentariorum
1184 847 1305 868 veterum
1318 842 1344 868 in
1361 841 1565 877 interpretando
1582 841 1634 867 nisi
1652 840 1764 867 criticus

970 887 1046 923 plane
1071 888 1160 915 nullus
1175 887 1251 914 nobis
1262 892 1313 914 est.
1333 887 1363 914 in
1377 888 1475 922 quibus
1492 887 1536 914 ubi
1552 887 1585 914 ad
1605 894 1661 914 rem
1678 886 1763 920 perti-

969 935 1060 961 nentia
1085 934 1164 960 docte
1189 938 1216 960 et
1239 933 1378 968 eleganter
1403 932 1525 967 exposita
1555 931 1765 966 deprehenderis

970 996 1004 1002 —
1016 985 1043 1008 et
1058 980 1150 1008 insunt
1161 981 1281 1012 omnino,
1297 979 1395 1014 quibus
1409 983 1434 1006 et
1453 979 1492 1005 uti
1514 979 1617 1013 poteris
1640 983 1668 1004 et
1695 985 1763 1012 gau-

969 1027 1043 1058 dere,
1063 1033 1095 1052 ex
1115 1025 1265 1059 theologica
1290 1024 1408 1051 maxime
1433 1023 1628 1056 interpretandi
1654 1029 1763 1057 genere,

968 1079 1045 1098 —ea
1067 1077 1201 1106 repetere,
1221 1075 1312 1098 nostra
1324 1069 1425 1101 facere,
1451 1070 1552 1095 nostris
1577 1070 1713 1095 innectere
1738 1072 1765 1094 et

970 1117 1066 1152 pietati
1081 1117 1193 1145 debebis
1212 1121 1239 1143 et
1256 1117 1387 1143 doctrinae
1401 1123 1464 1150 erga
1491 1115 1680 1149 antiquitatem
1704 1118 1766 1140 tan-

971 1172 1050 1198 quam
1080 1164 1229 1198 religiosm:
1254 1170 1313 1198 qua:
1338 1169 1407 1189 vero
1432 1161 1521 1188 minus
1535 1168 1610 1192 vera,
1627 1161 1681 1187 imo
1699 1160 1764 1187 falsa

971 1210 1146 1242 intellexeris,
1163 1218 1193 1236 ea
1208 1210 1333 1236 omittere
1347 1209 1448 1243 potius,
1464 1207 1514 1239 vel,
1529 1208 1550 1234 si
1564 1207 1689 1241 graviora
1707 1206 1765 1233 visa

970 1255 1081 1288 fuerint,
1096 1256 1215 1283 admissa
1231 1255 1380 1289 dijudicarc
1400 1258 1426 1281 et
1450 1253 1559 1280 veritati
1585 1257 1613 1280 et
1639 1251 1765 1287 religioni

971 1302 1056 1330 satius
1070 1302 1132 1329 erit.

974 1357 976 1359 ’
1006 1349 1093 1382 Atque
1118 1348 1151 1375 de
1176 1347 1219 1374 his
1243 1347 1385 1374 hactenus.
1410 1346 1622 1379 Progrediamur
1645 1352 1717 1371 nunc
1732 1344 1765 1371 ad

972 1394 1055 1428 ipsam
1083 1393 1189 1427 Didymi
1223 1393 1427 1419 Euarraliomm
1452 1393 1479 1418 in
1509 1391 1578 1424 Epp.
1612 1389 1764 1417 Cat/mlieris

970 1438 1065 1466 Graeco
1090 1438 1250 1473 exemplari,
1280 1442 1410 1472 quantum
1442 1436 1595 1471 superstiti,
1628 1436 1768 1462 vindican-

971 1486 1043 1512 dam.

1011 1532 1043 1560 ιι.
1062 1531 1099 1559 De
1113 1532 1169 1559 vita
1188 1531 1304 1567 Didymi,
1321 1539 1381 1559 cum
1395 1531 1466 1558 hanc
1483 1531 1650 1564 provinciam
1667 1529 1768 1564 optime

975 1579 1239 1611 administraverint,
1262 1578 1307 1613 qui
1327 1578 1360 1605 de
1374 1578 1406 1604 iis
1426 1577 1507 1604 rebus
1525 1584 1555 1604 ex
1570 1576 1693 1604 instituto
1707 1583 1769 1610 cge-

973 1631 1045 1658 runt,
1066 1632 1189 1653 auctores
1211 1625 1376 1660 gravissimi,
1403 1625 1474 1651 inter
1512 1631 1580 1658 quos
1614 1623 1770 1658 nuperrime

975 1679 1034 1708 post
1046 1673 1240 1708 iti‘ingareliinnt
1253 1671 1290 1707 (ἓ)
1306 1670 1470 1698 Guerickius
1485 1669 1525 1706 (ὅ)
1544 1669 1684 1701 excelluit,
1703 1675 1770 1703 pau-

974 1723 1014 1748 cis
1036 1725 1150 1750 tantum,
1164 1726 1224 1754 qum
1239 1725 1286 1753 pro
1302 1717 1417 1744 instituti
1438 1717 1523 1744 nostri
1551 1716 1656 1743 ratione
1675 1722 1769 1741 neces-

975 1769 1045 1796 saria
1060 1767 1213 1796 vidcantur.
1228 1771 1406 1799 exponamus.

1009 1813 1125 1841 Constat
1151 1812 1221 1838 inter
1245 1817 1351 1841 omnes,
1375 1809 1531 1844 Didymttm,
1559 1814 1640 1842 quem
1669 1814 1729 1834 cum
1755 1814 1770 1832 ει

977 1867 1059 1895 parva
1073 1863 1153 1885 altato
1167 1856 1255 1885 oculis
1266 1861 1361 1890 capttts
1372 1859 1455 1884 esset.
1468 1862 1565 1882 meum
1584 1855 1640 1888 ipsa
1653 1853 1708 1887 jam
1724 1860 1771 1880 co-

976 1905 1144 1941 gnominavit
1159 1903 1318 1939 antiquitas,
1334 1910 1382 1937 per
1396 1910 1429 1929 ιχ
1447 1901 1504 1929 fere
1523 1907 1620 1932 annos,
1639 1907 1723 1935 usque
1737 1899 1771 1926 ad

977 1960 1065 1980 Lxxxv
1081 1952 1168 1979 relatis
1185 1957 1295 1983 annum,
1315 1948 1430 1976 illustris
1456 1947 1556 1975 scitulae
1580 1945 1772 1973 Alexandrina:

978 1997 1133 2032 prmfectum
1155 1995 1246 2027 fuisse,
1264 1993 1374 2021 Macarii
1400 1998 1596 2023 successorem,
1612 1991 1699 2017 virum
1714 1997 1773 2024 pro.

978 2048 1038 2079 pter
1053 2043 1205 2070 doctrinam
1221 2047 1303 2076 atque
1316 2041 1342 2067 in
1354 2044 1468 2074 utraque
1482 2039 1633 2066 litteratura
1647 2037 1773 2064 eruditio-

980 2098 1039 2117 nem
1064 2096 1176 2126 prorsus
1204 2087 1346 2119 eximiam,
1364 2086 1553 2119 eamdemque,
1571 2084 1693 2126 caecitate
1717 2080 1774 2108 fere

978 2123 1072 2163 innata
1097 2123 1164 2162 nihil
1191 2133 1366 2168 impediente,
1392 2130 1559 2158 continuatis
1577 2123 1773 2156 lucubrationi-

980 2183 1030 2209 bus
1060 2181 1224 2214 assiduaque
1250 2178 1388 2206 auditione
1415 2181 1443 2204 et
1475 2176 1600 2207 molesta,
1632 2181 1774 2208 compara-

138 2231 218 2259 spero
237 2231 280 2250 me
293 2223 410 2258 aliquam
429 2221 525 2249 saltent
539 2222 655 2256 gratiam
673 2221 781 2253 mereri,
801 2221 929 2256 reliquias
944 2221 968 2251 D
983 2233 1035 2254 tam
1057 2227 1108 2262 (ι),
1125 2226 1250 2252 omnibus
1275 2222 1491 2250 laudatissimnm
1516 2229 1546 2248 ac
1572 2227 1635 2248 vere
1656 2220 1774 2246 admira-

138 2272 200 2304 viri,
225 2271 296 2297 inter
323 2269 462 2303 theologos
480 2269 640 2303 antiquioris
659 2267 785 2295 Ecclesia:
802 2268 871 2294 haud
888 2268 929 2294 ui-

140 2317 196 2344 timi
224 2321 303 2350 atque
339 2314 495 2349 interpretis
511 2321 560 2342 suo
576 2320 698 2348 tempore
712 2314 927 2346 celebratissimi,

139 2363 210 2390 haud
223 2361 388 2396 spernendus
397 2361 556 2395 colligendo,
571 2360 749 2392 restituendo,
760 2360 928 2389 iliuslrando.

140 2409 166 2436 In
182 2415 234 2442 qua
249 2414 288 2440 re,
301 2415 335 2435 ne
353 2407 386 2435 iis
399 2407 493 2434 videar
506 2407 583 2441 quasi
600 2406 699 2433 invitus
713 2407 836 2434 assentiri
849 2411 930 2441 atque

140 2462 219 2489 opem
236 2453 317 2487 ferre,
334 2453 380 2488 qui
400 2458 492 2481 nostra
516 2457 607 2485 actate,
633 2458 661 2479 ιιι
682 2457 723 2480 est
748 2453 781 2479 ad
807 2457 929 2480 extrema

139 2501 241 2535 quaevis
255 2507 350 2535 prona,
362 2500 465 2535 justum
480 2507 569 2527 rerum
587 2499 742 2527 excedendo
760 2499 869 2526 modum
885 2499 932 2526 bo-

141 2553 202 2572 nam
220 2552 329 2573 causam
347 2545 472 2580 perdunt,
484 2546 571 2572 dicam
593 2545 627 2572 de
644 2553 693 2572 usu
709 2544 818 2571 Patrum
835 2552 933 2579 exege—

141 2596 195 2622 tico
224 2595 350 2630 ingenue,
376 2595 446 2630 quod
468 2595 568 2626 sentio,
586 2595 691 2629 paucis.
708 2593 838 2629 Equidem
857 2599 886 2622 ut
904 2595 931 2621 in

141 2648 236 2669 eorum
249 2649 363 2669 numero
377 2642 469 2669 haberi
486 2641 558 2673 nolo,
571 2642 616 2676 qui
643 2642 672 2668 in
685 2641 760 2672 libris
783 2641 869 2669 sacris
893 2642 933 2669 in-

178 2699 217 2735 (l)
233 2699 293 2738 V_id.
310 2700 462 2727 Comment.
477 2705 542 2727 tom.
560 2700 675 2761 l|l.1pag.
689 2699 753 2728 299.

178 2736 218 2761 t2:
229 2735 259 2761 ι.
275 2735 379 2761 Didvmi
393 2735 539 2761 Alexaudr.
552 2735 589 2761 De
622 2736 729 2761 rim‘lnle
739 2736 753 2761 li

178 2736 218 2771 t2)
229 2735 259 2762 ν.
275 2735 379 2771 Didymi
393 2735 539 2771 Alexaudr.
552 2735 589 2762 De
600 2735 729 2762 Trim‘lnte
739 2735 800 2763 libri
813 2744 852 2769 tn,
864 2745 935 2764 nttnc

143 2770 259 2806 primum
275 2770 369 2806 (iram:
388 2770 465 2806 editi,
483 2770 578 2797 Latine
591 2771 712 2806 canversi
733 2779 764 2798 ac
776 2773 848 2800 notis
879 2772 940 2800 illu-

143 2805 224 2834 ιιι-ιιιί
242 2813 256 2832 a
273 2805 296 2833 J.
313 2805 422 2840 Aloysio
433 2805 611 2840 Mingurellio.
627 2805 749 2840 (Supra)

181 2841 219 2877 (ὅ)
238 2841 274 2868 De
289 2841 377 2875 srltola
394 2840 582 2872 Alexandrina,
597 2844 697 2876 partui,
712 2849 737 2876 p.
751 2841 797 2869 92.

983 2273 1074 2301 bilem.
1091 2271 1194 2299 Floruit
1205 2278 1254 2297 suo
1269 2274 1389 2303 tempore
1406 2275 1466 2296 cum
1497 2266 1588 2294 multis
1608 2265 1774 2295 nominibus.

983 2323 1041 2347 tum
1055 2319 1173 2346 maxime
1185 2317 1333 2350 exegeticac
1350 2315 1417 2343 artis
1439 2314 1520 2341 laude
1546 2317 1631 2345 tanta,
1650 2316 1680 2338 ut
1699 2319 1729 2338 ea
1742 2311 1774 2337 al-

985 2365 1046 2392 lecti
1059 2365 1092 2392 ad
1107 2364 1270 2391 audiendum
1284 2362 1365 2389 talem
1378 2361 1516 2388 doctorem
1531 2359 1650 2393 undique
1662 2357 1776 2384 Alexan-

985 2411 1072 2438 driam
1090 2410 1250 2437 advolarent
1265 2407 1402 2441 discipuli,
1419 2406 1490 2433 inter
1503 2412 1570 2440 quos
1583 2411 1638 2440 pra:
1654 2403 1715 2430 aliis
1731 2410 1776 2429 no-

986 2458 1089 2485 minare
1101 2457 1164 2483 licet
1180 2455 1317 2486 Rufinum,
1339 2454 1385 2489 qui
1410 2460 1459 2489 per
1479 2453 1588 2485 multos,
1605 2455 1634 2479 ut
1652 2451 1709 2486 ipse
1722 2450 1775 2485 glo-

985 2504 1070 2531 riatur
1085 2502 1134 2538 (5),
1150 2509 1235 2529 annos
1249 2509 1309 2529 eum
1326 2500 1444 2533 audivit;
1462 2498 1668 2533 Hieronymum,
1694 2497 1774 2524 lsido-

987 2558 1046 2577 rum
1066 2549 1237 2576 Pelusiotam.
1252 2549 1340 2582 Atque
1360 2554 1412 2574 non
1429 2546 1515 2574 solum
1531 2546 1593 2572 viva
1608 2551 1674 2571 voce
1686 2542 1776 2570 docuit

988 2595 1117 2631 Didymus
1131 2595 1181 2630 (6),
1200 2595 1246 2622 sed
1263 2594 1346 2622 etiam
1374 2592 1484 2626 scriptis
1508 2590 1655 2625 exegeticis
1685 2589 1777 2616 laudes
1808 2599 1811 2602 ·

988 2643 1059 2678 apud
1076 2642 1261 2677 posteritan
1278 2640 1355 2667 valde
1371 2640 1456 2666 ausit.
1473 2638 1562 2666 Testis
1577 2642 1617 2665 est
1632 2644 1687 2672 pra:
1701 2640 1777 2664 exate-

1028 2701 1065 2736 (Α)
1082 2700 1126 2727 Cf.
1153 2698 1307 2736 Rufini_ll.
1339 2698 1382 2736 Ῐζ..
1396 2706 1436 2736 ⁸ιι.
1454 2698 1470 2724 7
1484 2707 1492 2730 ί
1508 2697 1615 2724 Sozam.
1635 2695 1670 2722 ΙΙ.
1688 2695 1720 2722 Ε.
1738 2703 1778 2727 ιιι,

992 2733 1042 2769 ίόξ
1060 2735 1166 2762 Sorrat.
1188 2734 1222 2761 ll.
1241 2734 1275 2761 E.
1296 2733 1438 2769 inﬁt-26.

1088 2770 1177 2810 itttiin.
1191 2770 1300 2810 Αροιρρ,
1359 2767 1567 2810 Ηίεζοηρηιλιιῇ
1579 2766 1621 2810 ti,

1032 2800 1070 2840 (ὅ)
1087 2806 1199 2832 Rutilius
1214 2800 1291 2840 in":
1312 2803 1393 2840 Ean.
1412 2803 1438 2835 7,
1456 2800 1614 2840 dowDidytni
1639 2800 1779 2840 disciplina

996 2836 1180 2869 hzcc'narrat:
1202 2849 1211 2866 ι
1227 2839 1312 2875 Httjtts
1327 2839 1458 2874 aliquanti
1479 2838 1550 2865 dicta
1572 2836 1614 2864 vel
1632 2836 1781 2863 couunuoi-
