  <div class='ocr_page' id='page_1' title='image "/cluster/home/n/w/nwhite01/storage/ocr_20150623/39/njp.32101010943528/873.png"; bbox 0 0 1913 3071; ppageno 0'>
   <div class='ocr_carea' id='block_1_1' title="bbox 112 127 195 156">
    <p class='ocr_par' dir='ltr' id='par_1_1' title="bbox 112 127 195 156">
     <span class='ocr_line' id='line_1_1' title="bbox 112 127 195 156; baseline 0 0"><span class='ocrx_word' id='word_1_1' title='bbox 112 127 114 141; x_wconf 54' lang='grc' dir='ltr'><strong><em>τ</em></strong></span> <span class='ocrx_word' id='word_1_2' title='bbox 131 129 195 156; x_wconf 71' lang='lat' dir='ltr'><strong>i735</strong></span> 
     </span>
    </p>
   </div>
   <div class='ocr_carea' id='block_1_2' title="bbox 392 121 1508 160">
    <p class='ocr_par' dir='ltr' id='par_1_2' title="bbox 392 121 1508 160">
     <span class='ocr_line' id='line_1_2' title="bbox 392 121 1508 160; baseline -0.004 -7"><span class='ocrx_word' id='word_1_3' title='bbox 392 126 505 153; x_wconf 68' lang='lat' dir='ltr'><strong>DIDYMI</strong></span> <span class='ocrx_word' id='word_1_4' title='bbox 527 125 626 152; x_wconf 73' lang='lat' dir='ltr'><strong>ALEX.</strong></span> <span class='ocrx_word' id='word_1_5' title='bbox 651 124 780 151; x_wconf 69' lang='lat' dir='ltr'><strong>ENAIIR.</strong></span> <span class='ocrx_word' id='word_1_6' title='bbox 798 124 830 151; x_wconf 70' lang='lat' dir='ltr'><strong>IN</strong></span> <span class='ocrx_word' id='word_1_7' title='bbox 853 123 1041 160; x_wconf 65' lang='lat' dir='ltr'><strong>EPISTQIAS</strong></span> <span class='ocrx_word' id='word_1_8' title='bbox 1061 121 1279 150; x_wconf 66' lang='lat' dir='ltr'><strong>CATIIOIJCAS</strong></span> <span class='ocrx_word' id='word_1_9' title='bbox 1301 121 1508 149; x_wconf 77' lang='lat' dir='ltr'><strong>IIESTITUTA.</strong></span> 
     </span>
    </p>
   </div>
   <div class='ocr_carea' id='block_1_3' title="bbox 1693 121 1763 151">
    <p class='ocr_par' dir='ltr' id='par_1_3' title="bbox 1693 121 1763 151">
     <span class='ocr_line' id='line_1_3' title="bbox 1693 121 1763 151; baseline 0.057 -4"><span class='ocrx_word' id='word_1_10' title='bbox 1693 122 1701 147; x_wconf 85' lang='lat' dir='ltr'><strong>t</strong></span> <span class='ocrx_word' id='word_1_11' title='bbox 1713 121 1763 151; x_wconf 73' lang='grc'><strong>156</strong></span> 
     </span>
    </p>
   </div>
   <div class='ocr_carea' id='block_1_4' title="bbox 124 182 1760 221">
    <p class='ocr_par' dir='ltr' id='par_1_4' title="bbox 124 182 1760 221">
     <span class='ocr_line' id='line_1_4' title="bbox 124 182 1760 221; baseline -0.003 -7"><span class='ocrx_word' id='word_1_12' title='bbox 124 190 163 218; x_wconf 71' lang='lat' dir='ltr'><strong>ri’s</strong></span> <span class='ocrx_word' id='word_1_13' title='bbox 181 186 409 221; x_wconf 73' lang='lat' dir='ltr'><strong>locupletissimus</strong></span> <span class='ocrx_word' id='word_1_14' title='bbox 423 185 612 221; x_wconf 79' lang='lat' dir='ltr'><strong>Hieronymus,</strong></span> <span class='ocrx_word' id='word_1_15' title='bbox 634 185 678 218; x_wconf 88' lang='lat' dir='ltr'><strong>qui</strong></span> <span class='ocrx_word' id='word_1_16' title='bbox 696 184 722 210; x_wconf 93' lang='lat' dir='ltr'><strong>in</strong></span> <span class='ocrx_word' id='word_1_17' title='bbox 737 183 863 217; x_wconf 77' lang='lat' dir='ltr'><strong>Catnlogo</strong></span> <span class='ocrx_word' id='word_1_18' title='bbox 873 184 911 218; x_wconf 86' lang='lat'><strong>(7)</strong></span> <span class='ocrx_word' id='word_1_19' title='bbox 928 187 948 215; x_wconf 86' lang='grc' dir='ltr'><strong>Λ</strong></span> <span class='ocrx_word' id='word_1_20' title='bbox 964 191 1101 209; x_wconf 70' lang='lat' dir='ltr'><strong>concessus</strong></span> <span class='ocrx_word' id='word_1_21' title='bbox 1127 187 1175 213; x_wconf 76' lang='lat' dir='ltr'><strong>ut,</strong></span> <span class='ocrx_word' id='word_1_22' title='bbox 1192 183 1237 217; x_wconf 85' lang='lat' dir='ltr'><strong>qui</strong></span> <span class='ocrx_word' id='word_1_23' title='bbox 1261 182 1292 208; x_wconf 77' lang='lat' dir='ltr'><strong>ult</strong></span> <span class='ocrx_word' id='word_1_24' title='bbox 1322 182 1470 216; x_wconf 74' lang='lat' dir='ltr'><strong>Epiphanio</strong></span> <span class='ocrx_word' id='word_1_25' title='bbox 1496 182 1550 208; x_wconf 82' lang='lat' dir='ltr'><strong>t-iro</strong></span> <span class='ocrx_word' id='word_1_26' title='bbox 1577 182 1760 215; x_wconf 76' lang='lat' dir='ltr'><strong>disertissimo,</strong></span> 
     </span>
    </p>
   </div>
   <div class='ocr_carea' id='block_1_5' title="bbox 124 228 912 264">
    <p class='ocr_par' dir='ltr' id='par_1_5' title="bbox 124 228 912 264">
     <span class='ocr_line' id='line_1_5' title="bbox 124 228 912 264; baseline -0.008 -4"><span class='ocrx_word' id='word_1_27' title='bbox 124 236 227 264; x_wconf 87' lang='lat' dir='ltr'><strong>narrat,</strong></span> <span class='ocrx_word' id='word_1_28' title='bbox 250 240 260 257; x_wconf 85' lang='grc'><em>‹</em></span> <span class='ocrx_word' id='word_1_29' title='bbox 275 238 336 258; x_wconf 91' lang='lat' dir='ltr'><strong>eum</strong></span> <span class='ocrx_word' id='word_1_30' title='bbox 353 230 438 257; x_wconf 87' lang='lat' dir='ltr'><strong>multa</strong></span> <span class='ocrx_word' id='word_1_31' title='bbox 451 237 532 264; x_wconf 88' lang='lat' dir='ltr'><strong>opera</strong></span> <span class='ocrx_word' id='word_1_32' title='bbox 546 234 573 256; x_wconf 87' lang='lat' dir='ltr'><strong>et</strong></span> <span class='ocrx_word' id='word_1_33' title='bbox 587 229 688 255; x_wconf 87' lang='lat' dir='ltr'><strong>nobilia</strong></span> <span class='ocrx_word' id='word_1_34' title='bbox 714 236 762 262; x_wconf 87' lang='lat' dir='ltr'><strong>per</strong></span> <span class='ocrx_word' id='word_1_35' title='bbox 792 228 912 255; x_wconf 86' lang='lat' dir='ltr'><strong>notarios</strong></span> 
     </span>
    </p>
   </div>
   <div class='ocr_carea' id='block_1_6' title="bbox 126 275 914 313">
    <p class='ocr_par' dir='ltr' id='par_1_6' title="bbox 126 275 914 313">
     <span class='ocr_line' id='line_1_6' title="bbox 126 275 914 313; baseline -0.005 -7"><span class='ocrx_word' id='word_1_36' title='bbox 126 279 280 313; x_wconf 81' lang='lat' dir='ltr'><strong>scripsisse,</strong></span> <span class='ocrx_word' id='word_1_37' title='bbox 298 277 510 304; x_wconf 75' lang='lat' dir='ltr'><strong>commentarios</strong></span> <span class='ocrx_word' id='word_1_38' title='bbox 525 276 552 302; x_wconf 78' lang='lat' dir='ltr'><strong>in</strong></span> <span class='ocrx_word' id='word_1_39' title='bbox 572 275 692 303; x_wconf 80' lang='lat' dir='ltr'><strong>Psalmos</strong></span> <span class='ocrx_word' id='word_1_40' title='bbox 715 283 821 307; x_wconf 89' lang='lat' dir='ltr'><strong>omnes,</strong></span> <span class='ocrx_word' id='word_1_41' title='bbox 841 283 914 302; x_wconf 91' lang='lat' dir='ltr'><strong>com-</strong></span> 
     </span>
    </p>
   </div>
   <div class='ocr_carea' id='block_1_7' title="bbox 124 321 915 358">
    <p class='ocr_par' dir='ltr' id='par_1_7' title="bbox 124 321 915 358">
     <span class='ocr_line' id='line_1_7' title="bbox 124 321 915 358; baseline -0.005 -6"><span class='ocrx_word' id='word_1_42' title='bbox 124 326 271 352; x_wconf 86' lang='lat' dir='ltr'><strong>mentarios</strong></span> <span class='ocrx_word' id='word_1_43' title='bbox 290 324 317 350; x_wconf 82' lang='lat' dir='ltr'><strong>in</strong></span> <span class='ocrx_word' id='word_1_44' title='bbox 343 323 515 358; x_wconf 80' lang='lat' dir='ltr'><strong>Evnngelium</strong></span> <span class='ocrx_word' id='word_1_45' title='bbox 542 322 661 349; x_wconf 77' lang='lat' dir='ltr'><strong>Matt/uri</strong></span> <span class='ocrx_word' id='word_1_46' title='bbox 684 327 707 348; x_wconf 82' lang='lat' dir='ltr'><strong>et</strong></span> <span class='ocrx_word' id='word_1_47' title='bbox 733 321 858 354; x_wconf 79' lang='lat' dir='ltr'><strong>Joannis,</strong></span> <span class='ocrx_word' id='word_1_48' title='bbox 878 336 915 342; x_wconf 89' lang='lat'><strong>-</strong></span> 
     </span>
    </p>
   </div>
   <div class='ocr_carea' id='block_1_8' title="bbox 123 368 915 401">
    <p class='ocr_par' dir='ltr' id='par_1_8' title="bbox 123 368 915 401">
     <span class='ocr_line' id='line_1_8' title="bbox 123 368 915 401; baseline -0.003 -5"><span class='ocrx_word' id='word_1_49' title='bbox 123 380 198 397; x_wconf 85' lang='lat' dir='ltr'><strong>—m</strong></span> <span class='ocrx_word' id='word_1_50' title='bbox 222 370 320 396; x_wconf 85' lang='lat' dir='ltr'><strong>Isaiam</strong></span> <span class='ocrx_word' id='word_1_51' title='bbox 347 376 434 396; x_wconf 87' lang='lat' dir='ltr'><strong>tomos</strong></span> <span class='ocrx_word' id='word_1_52' title='bbox 452 377 535 401; x_wconf 85' lang='lat' dir='ltr'><strong>xvm;</strong></span> <span class='ocrx_word' id='word_1_53' title='bbox 554 369 581 395; x_wconf 84' lang='lat' dir='ltr'><strong>in</strong></span> <span class='ocrx_word' id='word_1_54' title='bbox 603 368 670 395; x_wconf 80' lang='lat' dir='ltr'><strong>Osee</strong></span> <span class='ocrx_word' id='word_1_55' title='bbox 685 369 717 394; x_wconf 86' lang='lat' dir='ltr'><strong>ad</strong></span> <span class='ocrx_word' id='word_1_56' title='bbox 735 376 778 394; x_wconf 92' lang='lat' dir='ltr'><strong>me</strong></span> <span class='ocrx_word' id='word_1_57' title='bbox 792 368 915 395; x_wconf 86' lang='lat' dir='ltr'><strong>scribens</strong></span> 
     </span>
    </p>
   </div>
   <div class='ocr_carea' id='block_1_9' title="bbox 123 413 916 446">
    <p class='ocr_par' dir='ltr' id='par_1_9' title="bbox 123 413 916 446">
     <span class='ocr_line' id='line_1_9' title="bbox 123 413 916 446; baseline -0.003 -3"><span class='ocrx_word' id='word_1_58' title='bbox 123 416 380 443; x_wconf 78' lang='lat' dir='ltr'><strong>coimucutariorum</strong></span> <span class='ocrx_word' id='word_1_59' title='bbox 398 415 480 442; x_wconf 88' lang='lat' dir='ltr'><strong>libros</strong></span> <span class='ocrx_word' id='word_1_60' title='bbox 497 419 562 446; x_wconf 86' lang='lat' dir='ltr'><strong>tres,</strong></span> <span class='ocrx_word' id='word_1_61' title='bbox 578 419 605 441; x_wconf 90' lang='lat' dir='ltr'><strong>et</strong></span> <span class='ocrx_word' id='word_1_62' title='bbox 623 415 649 440; x_wconf 82' lang='lat' dir='ltr'><strong>in</strong></span> <span class='ocrx_word' id='word_1_63' title='bbox 671 413 831 441; x_wconf 77' lang='lat' dir='ltr'><strong>Zachariam</strong></span> <span class='ocrx_word' id='word_1_64' title='bbox 855 422 916 441; x_wconf 90' lang='lat' dir='ltr'><strong>meo</strong></span> 
     </span>
    </p>
   </div>
   <div class='ocr_carea' id='block_1_10' title="bbox 126 459 916 495">
    <p class='ocr_par' dir='ltr' id='par_1_10' title="bbox 126 459 916 495">
     <span class='ocr_line' id='line_1_10' title="bbox 126 459 916 495; baseline 0 -9"><span class='ocrx_word' id='word_1_65' title='bbox 126 465 218 495; x_wconf 67' lang='lat' dir='ltr'><strong>rogatu</strong></span> <span class='ocrx_word' id='word_1_66' title='bbox 236 461 320 487; x_wconf 87' lang='lat' dir='ltr'><strong>libros</strong></span> <span class='ocrx_word' id='word_1_67' title='bbox 335 461 455 495; x_wconf 91' lang='lat' dir='ltr'><strong>quinque</strong></span> <span class='ocrx_word' id='word_1_68' title='bbox 476 465 503 486; x_wconf 86' lang='lat' dir='ltr'><strong>et</strong></span> <span class='ocrx_word' id='word_1_69' title='bbox 526 459 737 486; x_wconf 88' lang='lat' dir='ltr'><strong>commentarios</strong></span> <span class='ocrx_word' id='word_1_70' title='bbox 763 461 789 486; x_wconf 84' lang='lat' dir='ltr'><strong>in</strong></span> <span class='ocrx_word' id='word_1_71' title='bbox 811 459 874 491; x_wconf 81' lang='lat' dir='ltr'><strong>Job,</strong></span> <span class='ocrx_word' id='word_1_72' title='bbox 889 464 916 486; x_wconf 89' lang='lat' dir='ltr'><strong>et</strong></span> 
     </span>
    </p>
   </div>
   <div class='ocr_carea' id='block_1_11' title="bbox 124 506 917 542">
    <p class='ocr_par' dir='ltr' id='par_1_11' title="bbox 124 506 917 542">
     <span class='ocr_line' id='line_1_11' title="bbox 124 506 917 542; baseline -0.001 -9"><span class='ocrx_word' id='word_1_73' title='bbox 124 508 230 534; x_wconf 88' lang='lat' dir='ltr'><strong>iutinita</strong></span> <span class='ocrx_word' id='word_1_74' title='bbox 248 507 311 540; x_wconf 85' lang='lat' dir='ltr'><strong>alia,</strong></span> <span class='ocrx_word' id='word_1_75' title='bbox 327 515 386 541; x_wconf 75' lang='lat' dir='ltr'><strong>qua:</strong></span> <span class='ocrx_word' id='word_1_76' title='bbox 401 508 526 542; x_wconf 81' lang='lat' dir='ltr'><strong>digerere</strong></span> <span class='ocrx_word' id='word_1_77' title='bbox 548 507 648 541; x_wconf 86' lang='lat' dir='ltr'><strong>proprii</strong></span> <span class='ocrx_word' id='word_1_78' title='bbox 670 507 765 533; x_wconf 79' lang='lat' dir='ltr'><strong>indicis</strong></span> <span class='ocrx_word' id='word_1_79' title='bbox 790 506 836 533; x_wconf 88' lang='lat' dir='ltr'><strong>sit.</strong></span> <span class='ocrx_word' id='word_1_80' title='bbox 855 515 864 532; x_wconf 71' lang='grc' dir='ltr'><strong>ι</strong></span> <span class='ocrx_word' id='word_1_81' title='bbox 881 520 917 525; x_wconf 88' lang='grc'><strong><em>-</em></strong></span> 
     </span>
    </p>
   </div>
   <div class='ocr_carea' id='block_1_12' title="bbox 125 551 916 587">
    <p class='ocr_par' dir='ltr' id='par_1_12' title="bbox 125 551 916 587">
     <span class='ocr_line' id='line_1_12' title="bbox 125 551 916 587; baseline 0 -9"><span class='ocrx_word' id='word_1_82' title='bbox 125 552 174 585; x_wconf 76' lang='lat' dir='ltr'><strong>Qui</strong></span> <span class='ocrx_word' id='word_1_83' title='bbox 201 554 458 580; x_wconf 85' lang='lat' dir='ltr'><strong>ctnntncntariorum</strong></span> <span class='ocrx_word' id='word_1_84' title='bbox 485 553 512 579; x_wconf 84' lang='lat' dir='ltr'><strong>in</strong></span> <span class='ocrx_word' id='word_1_85' title='bbox 536 552 676 587; x_wconf 89' lang='lat' dir='ltr'><strong>utriusque</strong></span> <span class='ocrx_word' id='word_1_86' title='bbox 697 551 864 579; x_wconf 83' lang='lat' dir='ltr'><strong>Testamenti</strong></span> <span class='ocrx_word' id='word_1_87' title='bbox 882 552 916 578; x_wconf 91' lang='lat' dir='ltr'><strong>Ii-</strong></span> 
     </span>
    </p>
   </div>
   <div class='ocr_carea' id='block_1_13' title="bbox 124 597 916 634">
    <p class='ocr_par' dir='ltr' id='par_1_13' title="bbox 124 597 916 634">
     <span class='ocr_line' id='line_1_13' title="bbox 124 597 916 634; baseline -0.001 -9"><span class='ocrx_word' id='word_1_88' title='bbox 124 597 189 625; x_wconf 81' lang='lat' dir='ltr'><strong>bros</strong></span> <span class='ocrx_word' id='word_1_89' title='bbox 205 606 218 625; x_wconf 91' lang='lat' dir='ltr'><strong>a</strong></span> <span class='ocrx_word' id='word_1_90' title='bbox 235 599 346 634; x_wconf 87' lang='lat' dir='ltr'><strong>Didymo</strong></span> <span class='ocrx_word' id='word_1_91' title='bbox 373 599 506 625; x_wconf 81' lang='lat' dir='ltr'><strong>editorum</strong></span> <span class='ocrx_word' id='word_1_92' title='bbox 531 599 669 633; x_wconf 74' lang='lat' dir='ltr'><strong>catalogus</strong></span> <span class='ocrx_word' id='word_1_93' title='bbox 693 598 800 633; x_wconf 70' lang='lat' dir='ltr'><strong>egregie</strong></span> <span class='ocrx_word' id='word_1_94' title='bbox 824 598 916 632; x_wconf 81' lang='lat' dir='ltr'><strong>augeri</strong></span> 
     </span>
    </p>
   </div>
   <div class='ocr_carea' id='block_1_14' title="bbox 124 644 917 680">
    <p class='ocr_par' dir='ltr' id='par_1_14' title="bbox 124 644 917 680">
     <span class='ocr_line' id='line_1_14' title="bbox 124 644 917 680; baseline 0.001 -10"><span class='ocrx_word' id='word_1_95' title='bbox 124 649 211 678; x_wconf 73' lang='lat' dir='ltr'><strong>potest</strong></span> <span class='ocrx_word' id='word_1_96' title='bbox 225 652 256 671; x_wconf 76' lang='lat' dir='ltr'><strong>ex</strong></span> <span class='ocrx_word' id='word_1_97' title='bbox 272 645 391 679; x_wconf 80' lang='lat' dir='ltr'><strong>ejusdem</strong></span> <span class='ocrx_word' id='word_1_98' title='bbox 409 645 563 680; x_wconf 85' lang='lat' dir='ltr'><strong>Hieronymi</strong></span> <span class='ocrx_word' id='word_1_99' title='bbox 580 645 797 676; x_wconf 79' lang='lat' dir='ltr'><strong>commentariis,</strong></span> <span class='ocrx_word' id='word_1_100' title='bbox 816 645 842 671; x_wconf 93' lang='lat' dir='ltr'><strong>in</strong></span> <span class='ocrx_word' id='word_1_101' title='bbox 858 644 917 679; x_wconf 80' lang='lat' dir='ltr'><strong>qui—</strong></span> 
     </span>
    </p>
   </div>
   <div class='ocr_carea' id='block_1_15' title="bbox 124 691 916 726">
    <p class='ocr_par' dir='ltr' id='par_1_15' title="bbox 124 691 916 726">
     <span class='ocr_line' id='line_1_15' title="bbox 124 691 916 726; baseline 0.001 -10"><span class='ocrx_word' id='word_1_102' title='bbox 124 691 174 716; x_wconf 79' lang='lat' dir='ltr'><strong>bus</strong></span> <span class='ocrx_word' id='word_1_103' title='bbox 195 691 298 725; x_wconf 81' lang='lat' dir='ltr'><strong>Didymi</strong></span> <span class='ocrx_word' id='word_1_104' title='bbox 316 694 458 722; x_wconf 83' lang='lat' dir='ltr'><strong>tractatus.</strong></span> <span class='ocrx_word' id='word_1_105' title='bbox 473 699 540 725; x_wconf 90' lang='lat' dir='ltr'><strong>quos</strong></span> <span class='ocrx_word' id='word_1_106' title='bbox 555 691 580 716; x_wconf 93' lang='lat' dir='ltr'><strong>in</strong></span> <span class='ocrx_word' id='word_1_107' title='bbox 599 691 654 718; x_wconf 88' lang='lat' dir='ltr'><strong>suis</strong></span> <span class='ocrx_word' id='word_1_108' title='bbox 667 692 723 726; x_wconf 88' lang='lat' dir='ltr'><strong>ipse</strong></span> <span class='ocrx_word' id='word_1_109' title='bbox 737 692 916 722; x_wconf 83' lang='lat' dir='ltr'><strong>adhibuisset,</strong></span> 
     </span>
    </p>
   </div>
   <div class='ocr_carea' id='block_1_16' title="bbox 124 736 918 772">
    <p class='ocr_par' dir='ltr' id='par_1_16' title="bbox 124 736 918 772">
     <span class='ocr_line' id='line_1_16' title="bbox 124 736 918 772; baseline 0.001 -10"><span class='ocrx_word' id='word_1_110' title='bbox 124 736 245 771; x_wconf 76' lang='lat' dir='ltr'><strong>singulos</strong></span> <span class='ocrx_word' id='word_1_111' title='bbox 265 738 364 770; x_wconf 84' lang='lat' dir='ltr'><strong>passim</strong></span> <span class='ocrx_word' id='word_1_112' title='bbox 378 737 480 764; x_wconf 86' lang='lat' dir='ltr'><strong>laudat.</strong></span> <span class='ocrx_word' id='word_1_113' title='bbox 495 737 583 771; x_wconf 84' lang='lat' dir='ltr'><strong>Atque</strong></span> <span class='ocrx_word' id='word_1_114' title='bbox 598 737 708 764; x_wconf 84' lang='lat' dir='ltr'><strong>omissis</strong></span> <span class='ocrx_word' id='word_1_115' title='bbox 723 744 795 763; x_wconf 84' lang='lat' dir='ltr'><strong>nunc</strong></span> <span class='ocrx_word' id='word_1_116' title='bbox 812 736 918 772; x_wconf 82' lang='lat' dir='ltr'><strong>Didymi</strong></span> 
     </span>
    </p>
   </div>
   <div class='ocr_carea' id='block_1_17' title="bbox 125 780 918 817">
    <p class='ocr_par' dir='ltr' id='par_1_17' title="bbox 125 780 918 817">
     <span class='ocr_line' id='line_1_17' title="bbox 125 780 918 817; baseline 0 -9"><span class='ocrx_word' id='word_1_117' title='bbox 125 782 152 808; x_wconf 94' lang='lat' dir='ltr'><strong>in</strong></span> <span class='ocrx_word' id='word_1_118' title='bbox 175 780 204 808; x_wconf 84' lang='lat' dir='ltr'><strong>V.</strong></span> <span class='ocrx_word' id='word_1_119' title='bbox 225 781 256 808; x_wconf 88' lang='lat' dir='ltr'><strong>T.</strong></span> <span class='ocrx_word' id='word_1_120' title='bbox 276 782 358 809; x_wconf 89' lang='lat' dir='ltr'><strong>libros</strong></span> <span class='ocrx_word' id='word_1_121' title='bbox 374 783 587 815; x_wconf 87' lang='lat' dir='ltr'><strong>commentariis,</strong></span> <span class='ocrx_word' id='word_1_122' title='bbox 600 782 720 817; x_wconf 79' lang='lat' dir='ltr'><strong>ejusdem</strong></span> <span class='ocrx_word' id='word_1_123' title='bbox 742 782 768 808; x_wconf 93' lang='lat' dir='ltr'><strong>in</strong></span> <span class='ocrx_word' id='word_1_124' title='bbox 785 782 918 816; x_wconf 65' lang='lat' dir='ltr'><strong>Epistolas</strong></span> 
     </span>
    </p>
   </div>
   <div class='ocr_carea' id='block_1_18' title="bbox 125 826 917 862">
    <p class='ocr_par' dir='ltr' id='par_1_18' title="bbox 125 826 917 862">
     <span class='ocr_line' id='line_1_18' title="bbox 125 826 917 862; baseline -0.001 -9"><span class='ocrx_word' id='word_1_125' title='bbox 125 826 201 854; x_wconf 85' lang='lat' dir='ltr'><strong>Pauli</strong></span> <span class='ocrx_word' id='word_1_126' title='bbox 228 827 260 853; x_wconf 89' lang='lat' dir='ltr'><strong>ad</strong></span> <span class='ocrx_word' id='word_1_127' title='bbox 286 827 417 862; x_wconf 81' lang='lat' dir='ltr'><strong>Ephesios</strong></span> <span class='ocrx_word' id='word_1_128' title='bbox 442 831 469 854; x_wconf 90' lang='lat' dir='ltr'><strong>et</strong></span> <span class='ocrx_word' id='word_1_129' title='bbox 493 826 604 854; x_wconf 90' lang='lat' dir='ltr'><strong>Galatas</strong></span> <span class='ocrx_word' id='word_1_130' title='bbox 629 826 860 853; x_wconf 83' lang='lat' dir='ltr'><strong>commentariolis</strong></span> <span class='ocrx_word' id='word_1_131' title='bbox 891 827 917 852; x_wconf 92' lang='lat' dir='ltr'><strong>in</strong></span> 
     </span>
    </p>
   </div>
   <div class='ocr_carea' id='block_1_19' title="bbox 126 871 917 907">
    <p class='ocr_par' dir='ltr' id='par_1_19' title="bbox 126 871 917 907">
     <span class='ocr_line' id='line_1_19' title="bbox 126 871 917 907; baseline -0.003 -8"><span class='ocrx_word' id='word_1_132' title='bbox 126 873 183 899; x_wconf 73' lang='lat' dir='ltr'><strong>suis</strong></span> <span class='ocrx_word' id='word_1_133' title='bbox 195 872 231 906; x_wconf 67' lang='lat'><strong>(8)</strong></span> <span class='ocrx_word' id='word_1_134' title='bbox 247 873 303 906; x_wconf 67' lang='lat' dir='ltr'><strong>ipse</strong></span> <span class='ocrx_word' id='word_1_135' title='bbox 322 879 386 899; x_wconf 89' lang='lat' dir='ltr'><strong>usus</strong></span> <span class='ocrx_word' id='word_1_136' title='bbox 401 876 443 898; x_wconf 80' lang='lat' dir='ltr'><strong>est</strong></span> <span class='ocrx_word' id='word_1_137' title='bbox 456 871 648 907; x_wconf 88' lang='lat' dir='ltr'><strong>Hieronymus.</strong></span> <span class='ocrx_word' id='word_1_138' title='bbox 661 871 795 898; x_wconf 65' lang='lat' dir='ltr'><strong>Praeterea</strong></span> <span class='ocrx_word' id='word_1_139' title='bbox 811 872 838 898; x_wconf 80' lang='lat' dir='ltr'><strong>in</strong></span> <span class='ocrx_word' id='word_1_140' title='bbox 850 871 917 897; x_wconf 81' lang='lat' dir='ltr'><strong>Acta</strong></span> 
     </span>
    </p>
   </div>
   <div class='ocr_carea' id='block_1_20' title="bbox 125 915 918 951">
    <p class='ocr_par' dir='ltr' id='par_1_20' title="bbox 125 915 918 951">
     <span class='ocr_line' id='line_1_20' title="bbox 125 915 918 951; baseline -0.005 -6"><span class='ocrx_word' id='word_1_141' title='bbox 125 918 307 951; x_wconf 71' lang='lat' dir='ltr'><strong>apostolorum</strong></span> <span class='ocrx_word' id='word_1_142' title='bbox 331 917 556 944; x_wconf 78' lang='lat' dir='ltr'><strong>commentarium</strong></span> <span class='ocrx_word' id='word_1_143' title='bbox 586 917 731 951; x_wconf 84' lang='lat' dir='ltr'><strong>scripsisse</strong></span> <span class='ocrx_word' id='word_1_144' title='bbox 765 915 918 951; x_wconf 88' lang='lat' dir='ltr'><strong>Didymum,</strong></span> 
     </span>
    </p>
   </div>
   <div class='ocr_carea' id='block_1_21' title="bbox 126 961 919 997">
    <p class='ocr_par' dir='ltr' id='par_1_21' title="bbox 126 961 919 997">
     <span class='ocr_line' id='line_1_21' title="bbox 126 961 919 997; baseline -0.003 -7"><span class='ocrx_word' id='word_1_145' title='bbox 126 969 260 992; x_wconf 76' lang='lat' dir='ltr'><strong>testantur</strong></span> <span class='ocrx_word' id='word_1_146' title='bbox 276 963 354 997; x_wconf 83' lang='lat' dir='ltr'><strong>hujus</strong></span> <span class='ocrx_word' id='word_1_147' title='bbox 368 963 557 990; x_wconf 90' lang='lat' dir='ltr'><strong>commentarii</strong></span> <span class='ocrx_word' id='word_1_148' title='bbox 576 962 739 997; x_wconf 78' lang='lat' dir='ltr'><strong>fragmenta,</strong></span> <span class='ocrx_word' id='word_1_149' title='bbox 763 970 778 988; x_wconf 87' lang='lat' dir='ltr'><strong>a</strong></span> <span class='ocrx_word' id='word_1_150' title='bbox 796 961 821 989; x_wconf 86' lang='lat' dir='ltr'><strong>J.</strong></span> <span class='ocrx_word' id='word_1_151' title='bbox 839 962 919 989; x_wconf 88' lang='lat' dir='ltr'><strong>Chri-</strong></span> 
     </span>
    </p>
   </div>
   <div class='ocr_carea' id='block_1_22' title="bbox 125 1007 922 1044">
    <p class='ocr_par' dir='ltr' id='par_1_22' title="bbox 125 1007 922 1044">
     <span class='ocr_line' id='line_1_22' title="bbox 125 1007 922 1044; baseline -0.004 -7"><span class='ocrx_word' id='word_1_152' title='bbox 125 1011 254 1044; x_wconf 85' lang='lat' dir='ltr'><strong>stopboro</strong></span> <span class='ocrx_word' id='word_1_153' title='bbox 270 1008 368 1036; x_wconf 85' lang='lat' dir='ltr'><strong>WoIIio</strong></span> <span class='ocrx_word' id='word_1_154' title='bbox 389 1009 415 1035; x_wconf 94' lang='lat' dir='ltr'><strong>in</strong></span> <span class='ocrx_word' id='word_1_155' title='bbox 435 1009 564 1036; x_wconf 76' lang='lat' dir='ltr'><strong>Anecttot.</strong></span> <span class='ocrx_word' id='word_1_156' title='bbox 583 1007 681 1035; x_wconf 74' lang='lat' dir='ltr'><strong>Graxt&#39;s</strong></span> <span class='ocrx_word' id='word_1_157' title='bbox 696 1008 735 1044; x_wconf 87' lang='lat'><strong>(9)</strong></span> <span class='ocrx_word' id='word_1_158' title='bbox 759 1008 872 1035; x_wconf 88' lang='lat' dir='ltr'><strong>collecta</strong></span> <span class='ocrx_word' id='word_1_159' title='bbox 894 1012 922 1035; x_wconf 89' lang='lat' dir='ltr'><strong>et</strong></span> 
     </span>
    </p>
   </div>
   <div class='ocr_carea' id='block_1_23' title="bbox 126 1054 919 1088">
    <p class='ocr_par' dir='ltr' id='par_1_23' title="bbox 126 1054 919 1088">
     <span class='ocr_line' id='line_1_23' title="bbox 126 1054 919 1088; baseline -0.003 -6"><span class='ocrx_word' id='word_1_160' title='bbox 126 1056 270 1083; x_wconf 84' lang='lat' dir='ltr'><strong>illustrata.</strong></span> <span class='ocrx_word' id='word_1_161' title='bbox 290 1055 391 1082; x_wconf 87' lang='lat' dir='ltr'><strong>llorttm</strong></span> <span class='ocrx_word' id='word_1_162' title='bbox 409 1062 472 1081; x_wconf 87' lang='lat' dir='ltr'><strong>vero</strong></span> <span class='ocrx_word' id='word_1_163' title='bbox 489 1055 838 1088; x_wconf 87' lang='lat' dir='ltr'><strong>commentariortntt,quos</strong></span> <span class='ocrx_word' id='word_1_164' title='bbox 855 1054 919 1080; x_wconf 88' lang='lat' dir='ltr'><strong>hac-</strong></span> 
     </span>
    </p>
   </div>
   <div class='ocr_carea' id='block_1_24' title="bbox 126 1100 922 1134">
    <p class='ocr_par' dir='ltr' id='par_1_24' title="bbox 126 1100 922 1134">
     <span class='ocr_line' id='line_1_24' title="bbox 126 1100 922 1134; baseline -0.003 -6"><span class='ocrx_word' id='word_1_165' title='bbox 126 1106 206 1129; x_wconf 85' lang='lat' dir='ltr'><strong>tenus</strong></span> <span class='ocrx_word' id='word_1_166' title='bbox 221 1100 452 1134; x_wconf 86' lang='lat' dir='ltr'><strong>enumeravintus,</strong></span> <span class='ocrx_word' id='word_1_167' title='bbox 472 1100 539 1127; x_wconf 89' lang='lat' dir='ltr'><strong>nihil</strong></span> <span class='ocrx_word' id='word_1_168' title='bbox 563 1105 662 1134; x_wconf 64' lang='lat' dir='ltr'><strong>praeter</strong></span> <span class='ocrx_word' id='word_1_169' title='bbox 687 1100 810 1127; x_wconf 82' lang='lat' dir='ltr'><strong>notitiam</strong></span> <span class='ocrx_word' id='word_1_170' title='bbox 841 1105 922 1134; x_wconf 88' lang='lat' dir='ltr'><strong>atque</strong></span> 
     </span>
    </p>
   </div>
   <div class='ocr_carea' id='block_1_25' title="bbox 124 1147 920 1183">
    <p class='ocr_par' dir='ltr' id='par_1_25' title="bbox 124 1147 920 1183">
     <span class='ocr_line' id='line_1_25' title="bbox 124 1147 920 1183; baseline -0.004 -7"><span class='ocrx_word' id='word_1_171' title='bbox 124 1149 277 1183; x_wconf 67' lang='lat' dir='ltr'><strong>fragmenta</strong></span> <span class='ocrx_word' id='word_1_172' title='bbox 294 1148 321 1174; x_wconf 95' lang='lat' dir='ltr'><strong>in</strong></span> <span class='ocrx_word' id='word_1_173' title='bbox 339 1147 443 1175; x_wconf 85' lang='lat' dir='ltr'><strong>catenis</strong></span> <span class='ocrx_word' id='word_1_174' title='bbox 457 1148 585 1181; x_wconf 82' lang='lat' dir='ltr'><strong>pauciora</strong></span> <span class='ocrx_word' id='word_1_175' title='bbox 605 1147 684 1174; x_wconf 90' lang='lat' dir='ltr'><strong>nobis</strong></span> <span class='ocrx_word' id='word_1_176' title='bbox 711 1147 833 1174; x_wconf 86' lang='lat' dir='ltr'><strong>relictum</strong></span> <span class='ocrx_word' id='word_1_177' title='bbox 848 1153 920 1180; x_wconf 83' lang='lat' dir='ltr'><strong>esse,</strong></span> 
     </span>
    </p>
   </div>
   <div class='ocr_carea' id='block_1_26' title="bbox 126 1192 920 1228">
    <p class='ocr_par' dir='ltr' id='par_1_26' title="bbox 126 1192 920 1228">
     <span class='ocr_line' id='line_1_26' title="bbox 126 1192 920 1228; baseline -0.003 -7"><span class='ocrx_word' id='word_1_178' title='bbox 126 1195 238 1222; x_wconf 88' lang='lat' dir='ltr'><strong>omnino</strong></span> <span class='ocrx_word' id='word_1_179' title='bbox 262 1199 305 1221; x_wconf 89' lang='lat' dir='ltr'><strong>est</strong></span> <span class='ocrx_word' id='word_1_180' title='bbox 326 1194 398 1228; x_wconf 90' lang='lat' dir='ltr'><strong>quod</strong></span> <span class='ocrx_word' id='word_1_181' title='bbox 426 1193 574 1220; x_wconf 85' lang='lat' dir='ltr'><strong>doleamus.</strong></span> <span class='ocrx_word' id='word_1_182' title='bbox 599 1192 683 1220; x_wconf 86' lang='lat' dir='ltr'><strong>Unica</strong></span> <span class='ocrx_word' id='word_1_183' title='bbox 701 1198 818 1226; x_wconf 88' lang='lat' dir='ltr'><strong>tantum,</strong></span> <span class='ocrx_word' id='word_1_184' title='bbox 838 1192 920 1220; x_wconf 87' lang='lat' dir='ltr'><strong>utvi-</strong></span> 
     </span>
    </p>
   </div>
   <div class='ocr_carea' id='block_1_27' title="bbox 126 1239 922 1275">
    <p class='ocr_par' dir='ltr' id='par_1_27' title="bbox 126 1239 922 1275">
     <span class='ocr_line' id='line_1_27' title="bbox 126 1239 922 1275; baseline -0.003 -8"><span class='ocrx_word' id='word_1_185' title='bbox 126 1241 217 1272; x_wconf 88' lang='lat' dir='ltr'><strong>detur,</strong></span> <span class='ocrx_word' id='word_1_186' title='bbox 244 1241 298 1275; x_wconf 79' lang='lat' dir='ltr'><strong>fere</strong></span> <span class='ocrx_word' id='word_1_187' title='bbox 322 1241 426 1274; x_wconf 78' lang='lat' dir='ltr'><strong>integra</strong></span> <span class='ocrx_word' id='word_1_188' title='bbox 458 1239 554 1266; x_wconf 87' lang='lat' dir='ltr'><strong>Latina</strong></span> <span class='ocrx_word' id='word_1_189' title='bbox 581 1240 700 1274; x_wconf 88' lang='lat' dir='ltr'><strong>quidem,</strong></span> <span class='ocrx_word' id='word_1_190' title='bbox 731 1239 809 1266; x_wconf 90' lang='lat' dir='ltr'><strong>nobis</strong></span> <span class='ocrx_word' id='word_1_191' title='bbox 831 1243 922 1266; x_wconf 81' lang='lat' dir='ltr'><strong>exstat</strong></span> 
     </span>
    </p>
   </div>
   <div class='ocr_carea' id='block_1_28' title="bbox 128 1283 921 1320">
    <p class='ocr_par' dir='ltr' id='par_1_28' title="bbox 128 1283 921 1320">
     <span class='ocr_line' id='line_1_28' title="bbox 128 1283 921 1320; baseline 0 -9"><span class='ocrx_word' id='word_1_192' title='bbox 128 1284 233 1320; x_wconf 83' lang='lat' dir='ltr'><strong>Didymi</strong></span> <span class='ocrx_word' id='word_1_193' title='bbox 251 1284 394 1310; x_wconf 69' lang='lat' dir='ltr'><strong>Eum-ratio</strong></span> <span class='ocrx_word' id='word_1_194' title='bbox 407 1285 433 1310; x_wconf 84' lang='lat' dir='ltr'><strong>in</strong></span> <span class='ocrx_word' id='word_1_195' title='bbox 460 1283 594 1318; x_wconf 74' lang='lat' dir='ltr'><strong>Epistolas</strong></span> <span class='ocrx_word' id='word_1_196' title='bbox 619 1284 779 1316; x_wconf 80' lang='lat' dir='ltr'><strong>Catholicas,</strong></span> <span class='ocrx_word' id='word_1_197' title='bbox 805 1284 838 1311; x_wconf 88' lang='lat' dir='ltr'><strong>de</strong></span> <span class='ocrx_word' id='word_1_198' title='bbox 868 1291 921 1319; x_wconf 85' lang='lat' dir='ltr'><strong>qua</strong></span> 
     </span>
    </p>
   </div>
   <div class='ocr_carea' id='block_1_29' title="bbox 129 1330 599 1358">
    <p class='ocr_par' dir='ltr' id='par_1_29' title="bbox 129 1330 599 1358">
     <span class='ocr_line' id='line_1_29' title="bbox 129 1330 599 1358; baseline -0.002 0"><span class='ocrx_word' id='word_1_199' title='bbox 129 1339 201 1358; x_wconf 91' lang='lat' dir='ltr'><strong>nunc</strong></span> <span class='ocrx_word' id='word_1_200' title='bbox 217 1332 371 1358; x_wconf 81' lang='lat' dir='ltr'><strong>accuratius</strong></span> <span class='ocrx_word' id='word_1_201' title='bbox 387 1336 428 1358; x_wconf 86' lang='lat' dir='ltr'><strong>est</strong></span> <span class='ocrx_word' id='word_1_202' title='bbox 445 1330 599 1358; x_wconf 75' lang='lat' dir='ltr'><strong>dicendurm.</strong></span> 
     </span>
    </p>
   </div>
   <div class='ocr_carea' id='block_1_30' title="bbox 163 1417 922 1457">
    <p class='ocr_par' dir='ltr' id='par_1_30' title="bbox 163 1417 922 1457">
     <span class='ocr_line' id='line_1_30' title="bbox 163 1417 922 1457; baseline 0.001 -12"><span class='ocrx_word' id='word_1_203' title='bbox 163 1418 204 1446; x_wconf 92' lang='lat' dir='ltr'><strong>III.</strong></span> <span class='ocrx_word' id='word_1_204' title='bbox 225 1418 405 1457; x_wconf 69' lang='lat' dir='ltr'><strong>Didymumin</strong></span> <span class='ocrx_word' id='word_1_205' title='bbox 423 1417 558 1453; x_wconf 74' lang='lat' dir='ltr'><strong>Epistolas</strong></span> <span class='ocrx_word' id='word_1_206' title='bbox 584 1418 737 1446; x_wconf 68' lang='lat' dir='ltr'><strong>Catholica:</strong></span> <span class='ocrx_word' id='word_1_207' title='bbox 753 1424 922 1447; x_wconf 88' lang='lat' dir='ltr'><strong>commenta-</strong></span> 
     </span>
    </p>
   </div>
   <div class='ocr_carea' id='block_1_31' title="bbox 129 1464 921 1499">
    <p class='ocr_par' dir='ltr' id='par_1_31' title="bbox 129 1464 921 1499">
     <span class='ocr_line' id='line_1_31' title="bbox 129 1464 921 1499; baseline 0.003 -8"><span class='ocrx_word' id='word_1_208' title='bbox 129 1464 201 1492; x_wconf 88' lang='lat' dir='ltr'><strong>rittm</strong></span> <span class='ocrx_word' id='word_1_209' title='bbox 215 1465 370 1498; x_wconf 81' lang='lat' dir='ltr'><strong>scripsisse,</strong></span> <span class='ocrx_word' id='word_1_210' title='bbox 400 1470 499 1499; x_wconf 65' lang='lat' dir='ltr'><strong>praeter</strong></span> <span class='ocrx_word' id='word_1_211' title='bbox 526 1464 730 1496; x_wconf 85' lang='lat' dir='ltr'><strong>Cassiodorum,</strong></span> <span class='ocrx_word' id='word_1_212' title='bbox 760 1465 921 1499; x_wconf 85' lang='lat' dir='ltr'><strong>scriptorem</strong></span> 
     </span>
    </p>
   </div>
   <div class='ocr_carea' id='block_1_32' title="bbox 129 1510 922 1542">
    <p class='ocr_par' dir='ltr' id='par_1_32' title="bbox 129 1510 922 1542">
     <span class='ocr_line' id='line_1_32' title="bbox 129 1510 922 1542; baseline 0 -4"><span class='ocrx_word' id='word_1_213' title='bbox 129 1511 220 1538; x_wconf 65' lang='lat' dir='ltr'><strong>saeculi</strong></span> <span class='ocrx_word' id='word_1_214' title='bbox 237 1511 317 1542; x_wconf 84' lang='lat' dir='ltr'><strong>sexti,</strong></span> <span class='ocrx_word' id='word_1_215' title='bbox 334 1516 448 1538; x_wconf 79' lang='lat' dir='ltr'><strong>testatur</strong></span> <span class='ocrx_word' id='word_1_216' title='bbox 471 1518 550 1537; x_wconf 88' lang='lat' dir='ltr'><strong>nemo</strong></span> <span class='ocrx_word' id='word_1_217' title='bbox 570 1519 648 1538; x_wconf 88' lang='lat' dir='ltr'><strong>unus.</strong></span> <span class='ocrx_word' id='word_1_218' title='bbox 673 1510 721 1538; x_wconf 93' lang='lat' dir='ltr'><strong>llic</strong></span> <span class='ocrx_word' id='word_1_219' title='bbox 739 1519 804 1539; x_wconf 88' lang='lat' dir='ltr'><strong>vero</strong></span> <span class='ocrx_word' id='word_1_220' title='bbox 821 1512 847 1538; x_wconf 93' lang='lat' dir='ltr'><strong>in</strong></span> <span class='ocrx_word' id='word_1_221' title='bbox 876 1513 922 1539; x_wconf 85' lang='lat' dir='ltr'><strong>ln-</strong></span> 
     </span>
    </p>
   </div>
   <div class='ocr_carea' id='block_1_33' title="bbox 129 1556 922 1591">
    <p class='ocr_par' dir='ltr' id='par_1_33' title="bbox 129 1556 922 1591">
     <span class='ocr_line' id='line_1_33' title="bbox 129 1556 922 1591; baseline 0.004 -8"><span class='ocrx_word' id='word_1_222' title='bbox 129 1558 265 1584; x_wconf 81' lang='lat' dir='ltr'><strong>stitutioue</strong></span> <span class='ocrx_word' id='word_1_223' title='bbox 281 1557 429 1584; x_wconf 76' lang='lat' dir='ltr'><strong>divinarum</strong></span> <span class='ocrx_word' id='word_1_224' title='bbox 443 1556 655 1591; x_wconf 84' lang='lat' dir='ltr'><strong>litterarum(I0)</strong></span> <span class='ocrx_word' id='word_1_225' title='bbox 675 1556 766 1584; x_wconf 76' lang='lat' dir='ltr'><strong>multis</strong></span> <span class='ocrx_word' id='word_1_226' title='bbox 783 1563 878 1585; x_wconf 87' lang='lat' dir='ltr'><strong>narrat</strong></span> <span class='ocrx_word' id='word_1_227' title='bbox 893 1566 922 1586; x_wconf 85' lang='lat' dir='ltr'><strong>se</strong></span> 
     </span>
    </p>
   </div>
   <div class='ocr_carea' id='block_1_34' title="bbox 130 1603 922 1639">
    <p class='ocr_par' dir='ltr' id='par_1_34' title="bbox 130 1603 922 1639">
     <span class='ocr_line' id='line_1_34' title="bbox 130 1603 922 1639; baseline 0 -8"><span class='ocrx_word' id='word_1_228' title='bbox 130 1604 218 1638; x_wconf 79' lang='lat' dir='ltr'><strong>ipsum</strong></span> <span class='ocrx_word' id='word_1_229' title='bbox 231 1603 286 1639; x_wconf 88' lang='lat' dir='ltr'><strong>jam</strong></span> <span class='ocrx_word' id='word_1_230' title='bbox 307 1611 412 1636; x_wconf 88' lang='lat' dir='ltr'><strong>senem,</strong></span> <span class='ocrx_word' id='word_1_231' title='bbox 428 1607 457 1629; x_wconf 86' lang='lat' dir='ltr'><strong>ut</strong></span> <span class='ocrx_word' id='word_1_232' title='bbox 476 1603 616 1630; x_wconf 81' lang='lat' dir='ltr'><strong>monachis</strong></span> <span class='ocrx_word' id='word_1_233' title='bbox 645 1603 702 1630; x_wconf 87' lang='lat' dir='ltr'><strong>suis</strong></span> <span class='ocrx_word' id='word_1_234' title='bbox 729 1604 754 1630; x_wconf 96' lang='lat' dir='ltr'><strong>in</strong></span> <span class='ocrx_word' id='word_1_235' title='bbox 785 1604 922 1632; x_wconf 88' lang='lat' dir='ltr'><strong>discendis</strong></span> 
     </span>
    </p>
   </div>
   <div class='ocr_carea' id='block_1_35' title="bbox 129 1650 922 1681">
    <p class='ocr_par' dir='ltr' id='par_1_35' title="bbox 129 1650 922 1681">
     <span class='ocr_line' id='line_1_35' title="bbox 129 1650 922 1681; baseline -0.001 -3"><span class='ocrx_word' id='word_1_236' title='bbox 129 1651 230 1678; x_wconf 78' lang='lat' dir='ltr'><strong>divinis</strong></span> <span class='ocrx_word' id='word_1_237' title='bbox 256 1651 352 1677; x_wconf 88' lang='lat' dir='ltr'><strong>litteris</strong></span> <span class='ocrx_word' id='word_1_238' title='bbox 375 1654 558 1681; x_wconf 85' lang='lat' dir='ltr'><strong>succurreret,</strong></span> <span class='ocrx_word' id='word_1_239' title='bbox 585 1657 680 1676; x_wconf 85' lang='lat' dir='ltr'><strong>novem</strong></span> <span class='ocrx_word' id='word_1_240' title='bbox 711 1650 793 1676; x_wconf 87' lang='lat' dir='ltr'><strong>totius</strong></span> <span class='ocrx_word' id='word_1_241' title='bbox 822 1655 922 1678; x_wconf 62' lang='lat' dir='ltr'><strong>sancte</strong></span> 
     </span>
    </p>
   </div>
   <div class='ocr_carea' id='block_1_36' title="bbox 132 1695 924 1731">
    <p class='ocr_par' dir='ltr' id='par_1_36' title="bbox 132 1695 924 1731">
     <span class='ocr_line' id='line_1_36' title="bbox 132 1695 924 1731; baseline 0 -7"><span class='ocrx_word' id='word_1_242' title='bbox 132 1696 278 1731; x_wconf 67' lang='lat' dir='ltr'><strong>Scriptura:</strong></span> <span class='ocrx_word' id='word_1_243' title='bbox 294 1696 401 1723; x_wconf 86' lang='lat' dir='ltr'><strong>codices</strong></span> <span class='ocrx_word' id='word_1_244' title='bbox 416 1700 443 1723; x_wconf 88' lang='lat' dir='ltr'><strong>et</strong></span> <span class='ocrx_word' id='word_1_245' title='bbox 460 1695 580 1723; x_wconf 86' lang='lat' dir='ltr'><strong>studiose</strong></span> <span class='ocrx_word' id='word_1_246' title='bbox 596 1695 754 1723; x_wconf 87' lang='lat' dir='ltr'><strong>emendatos</strong></span> <span class='ocrx_word' id='word_1_247' title='bbox 766 1700 793 1723; x_wconf 89' lang='lat' dir='ltr'><strong>et</strong></span> <span class='ocrx_word' id='word_1_248' title='bbox 809 1698 924 1724; x_wconf 85' lang='lat' dir='ltr'><strong>adnota-</strong></span> 
     </span>
    </p>
   </div>
   <div class='ocr_carea' id='block_1_37' title="bbox 131 1741 921 1776">
    <p class='ocr_par' dir='ltr' id='par_1_37' title="bbox 131 1741 921 1776">
     <span class='ocr_line' id='line_1_37' title="bbox 131 1741 921 1776; baseline 0 -7"><span class='ocrx_word' id='word_1_249' title='bbox 131 1743 204 1769; x_wconf 89' lang='lat' dir='ltr'><strong>tione</strong></span> <span class='ocrx_word' id='word_1_250' title='bbox 217 1742 354 1776; x_wconf 74' lang='lat' dir='ltr'><strong>exegetica</strong></span> <span class='ocrx_word' id='word_1_251' title='bbox 366 1749 381 1768; x_wconf 87' lang='lat' dir='ltr'><strong>e</strong></span> <span class='ocrx_word' id='word_1_252' title='bbox 391 1741 493 1768; x_wconf 58' lang='lat' dir='ltr'><strong>Graecis</strong></span> <span class='ocrx_word' id='word_1_253' title='bbox 506 1741 651 1767; x_wconf 78' lang='lat' dir='ltr'><strong>maximam</strong></span> <span class='ocrx_word' id='word_1_254' title='bbox 668 1746 771 1774; x_wconf 86' lang='lat' dir='ltr'><strong>partem</strong></span> <span class='ocrx_word' id='word_1_255' title='bbox 780 1743 921 1776; x_wconf 83' lang='lat' dir='ltr'><strong>desumpta</strong></span> 
     </span>
    </p>
   </div>
   <div class='ocr_carea' id='block_1_38' title="bbox 131 1787 922 1822">
    <p class='ocr_par' dir='ltr' id='par_1_38' title="bbox 131 1787 922 1822">
     <span class='ocr_line' id='line_1_38' title="bbox 131 1787 922 1822; baseline 0 -7"><span class='ocrx_word' id='word_1_256' title='bbox 131 1790 279 1816; x_wconf 87' lang='lat' dir='ltr'><strong>instructos</strong></span> <span class='ocrx_word' id='word_1_257' title='bbox 294 1788 453 1815; x_wconf 79' lang='lat' dir='ltr'><strong>adornasse.</strong></span> <span class='ocrx_word' id='word_1_258' title='bbox 468 1787 552 1822; x_wconf 90' lang='lat' dir='ltr'><strong>Ilnjus</strong></span> <span class='ocrx_word' id='word_1_259' title='bbox 577 1787 748 1815; x_wconf 66' lang='lat' dir='ltr'><strong>bibliothecae</strong></span> <span class='ocrx_word' id='word_1_260' title='bbox 776 1788 922 1822; x_wconf 56' lang='lat' dir='ltr'><strong>exegetica)</strong></span> 
     </span>
    </p>
   </div>
   <div class='ocr_carea' id='block_1_39' title="bbox 130 1833 922 1868">
    <p class='ocr_par' dir='ltr' id='par_1_39' title="bbox 130 1833 922 1868">
     <span class='ocr_line' id='line_1_39' title="bbox 130 1833 922 1868; baseline -0.003 -6"><span class='ocrx_word' id='word_1_261' title='bbox 130 1835 214 1862; x_wconf 76' lang='lat' dir='ltr'><strong>codex</strong></span> <span class='ocrx_word' id='word_1_262' title='bbox 230 1839 340 1861; x_wconf 85' lang='lat' dir='ltr'><strong>octavus</strong></span> <span class='ocrx_word' id='word_1_263' title='bbox 354 1833 488 1868; x_wconf 85' lang='lat' dir='ltr'><strong>Epistolas</strong></span> <span class='ocrx_word' id='word_1_264' title='bbox 505 1833 691 1868; x_wconf 88' lang='lat' dir='ltr'><strong>apostolorutu</strong></span> <span class='ocrx_word' id='word_1_265' title='bbox 718 1834 864 1861; x_wconf 88' lang='lat' dir='ltr'><strong>continuit.</strong></span> <span class='ocrx_word' id='word_1_266' title='bbox 885 1834 922 1860; x_wconf 88' lang='lat' dir='ltr'><strong>De</strong></span> 
     </span>
    </p>
   </div>
   <div class='ocr_carea' id='block_1_40' title="bbox 131 1879 922 1915">
    <p class='ocr_par' dir='ltr' id='par_1_40' title="bbox 131 1879 922 1915">
     <span class='ocr_line' id='line_1_40' title="bbox 131 1879 922 1915; baseline 0.001 -8"><span class='ocrx_word' id='word_1_267' title='bbox 131 1889 184 1915; x_wconf 92' lang='lat' dir='ltr'><strong>quo</strong></span> <span class='ocrx_word' id='word_1_268' title='bbox 213 1881 257 1907; x_wconf 93' lang='lat' dir='ltr'><strong>ubi</strong></span> <span class='ocrx_word' id='word_1_269' title='bbox 291 1885 393 1912; x_wconf 89' lang='lat' dir='ltr'><strong>narrat,</strong></span> <span class='ocrx_word' id='word_1_270' title='bbox 431 1889 440 1905; x_wconf 76' lang='grc' dir='ltr'><strong>ι</strong></span> <span class='ocrx_word' id='word_1_271' title='bbox 458 1879 485 1906; x_wconf 95' lang='lat' dir='ltr'><strong>In</strong></span> <span class='ocrx_word' id='word_1_272' title='bbox 507 1879 645 1914; x_wconf 88' lang='lat' dir='ltr'><strong>Epistolis,</strong></span> <span class='ocrx_word' id='word_1_273' title='bbox 659 1879 757 1914; x_wconf 88' lang='lat' dir='ltr'><strong>inquit,</strong></span> <span class='ocrx_word' id='word_1_274' title='bbox 784 1881 922 1908; x_wconf 86' lang='lat' dir='ltr'><strong>canonicis</strong></span> 
     </span>
    </p>
   </div>
   <div class='ocr_carea' id='block_1_41' title="bbox 132 1925 920 1962">
    <p class='ocr_par' dir='ltr' id='par_1_41' title="bbox 132 1925 920 1962">
     <span class='ocr_line' id='line_1_41' title="bbox 132 1925 920 1962; baseline 0 -10"><span class='ocrx_word' id='word_1_275' title='bbox 132 1927 200 1960; x_wconf 81' lang='lat' dir='ltr'><strong>(sive</strong></span> <span class='ocrx_word' id='word_1_276' title='bbox 217 1925 375 1960; x_wconf 84' lang='lat' dir='ltr'><strong>Catltolicis)</strong></span> <span class='ocrx_word' id='word_1_277' title='bbox 398 1925 524 1952; x_wconf 85' lang='lat' dir='ltr'><strong>Clemens</strong></span> <span class='ocrx_word' id='word_1_278' title='bbox 547 1925 745 1952; x_wconf 77' lang='lat' dir='ltr'><strong>Alexandrinus</strong></span> <span class='ocrx_word' id='word_1_279' title='bbox 771 1927 920 1962; x_wconf 78' lang='lat' dir='ltr'><strong>presbyter,</strong></span> 
     </span>
    </p>
   </div>
   <div class='ocr_carea' id='block_1_42' title="bbox 135 1973 921 2008">
    <p class='ocr_par' dir='ltr' id='par_1_42' title="bbox 135 1973 921 2008">
     <span class='ocr_line' id='line_1_42' title="bbox 135 1973 921 2008; baseline 0.003 -9"><span class='ocrx_word' id='word_1_280' title='bbox 135 1974 180 2008; x_wconf 92' lang='lat' dir='ltr'><strong>qui</strong></span> <span class='ocrx_word' id='word_1_281' title='bbox 199 1979 225 2000; x_wconf 90' lang='lat' dir='ltr'><strong>et</strong></span> <span class='ocrx_word' id='word_1_282' title='bbox 243 1974 412 2001; x_wconf 89' lang='lat' dir='ltr'><strong>Stromateus</strong></span> <span class='ocrx_word' id='word_1_283' title='bbox 427 1978 551 2005; x_wconf 79' lang='lat' dir='ltr'><strong>vocatur,</strong></span> <span class='ocrx_word' id='word_1_284' title='bbox 569 1973 588 2001; x_wconf 90' lang='lat' dir='ltr'><strong>i.</strong></span> <span class='ocrx_word' id='word_1_285' title='bbox 603 1981 628 2000; x_wconf 89' lang='lat' dir='ltr'><strong>e.</strong></span> <span class='ocrx_word' id='word_1_286' title='bbox 650 1974 675 1999; x_wconf 93' lang='lat' dir='ltr'><strong>iu</strong></span> <span class='ocrx_word' id='word_1_287' title='bbox 693 1973 809 2008; x_wconf 79' lang='lat' dir='ltr'><strong>Epistula</strong></span> <span class='ocrx_word' id='word_1_288' title='bbox 826 1975 854 2001; x_wconf 87' lang='lat' dir='ltr'><strong>S.</strong></span> <span class='ocrx_word' id='word_1_289' title='bbox 872 1974 921 2001; x_wconf 83' lang='lat' dir='ltr'><strong>I&#39;e—</strong></span> 
     </span>
    </p>
   </div>
   <div class='ocr_carea' id='block_1_43' title="bbox 133 2019 921 2054">
    <p class='ocr_par' dir='ltr' id='par_1_43' title="bbox 133 2019 921 2054">
     <span class='ocr_line' id='line_1_43' title="bbox 133 2019 921 2054; baseline 0.001 -9"><span class='ocrx_word' id='word_1_290' title='bbox 133 2020 168 2046; x_wconf 81' lang='lat' dir='ltr'><strong>tri</strong></span> <span class='ocrx_word' id='word_1_291' title='bbox 196 2020 292 2053; x_wconf 86' lang='lat' dir='ltr'><strong>prima,</strong></span> <span class='ocrx_word' id='word_1_292' title='bbox 320 2020 348 2046; x_wconf 84' lang='lat' dir='ltr'><strong>S.</strong></span> <span class='ocrx_word' id='word_1_293' title='bbox 380 2019 491 2046; x_wconf 86' lang='lat' dir='ltr'><strong>Joannis</strong></span> <span class='ocrx_word' id='word_1_294' title='bbox 520 2019 605 2054; x_wconf 84' lang='lat' dir='ltr'><strong>prima</strong></span> <span class='ocrx_word' id='word_1_295' title='bbox 633 2023 660 2045; x_wconf 86' lang='lat' dir='ltr'><strong>et</strong></span> <span class='ocrx_word' id='word_1_296' title='bbox 686 2019 816 2051; x_wconf 81' lang='lat' dir='ltr'><strong>secunda.</strong></span> <span class='ocrx_word' id='word_1_297' title='bbox 832 2025 859 2047; x_wconf 87' lang='lat' dir='ltr'><strong>et</strong></span> <span class='ocrx_word' id='word_1_298' title='bbox 874 2019 921 2047; x_wconf 72' lang='lat' dir='ltr'><strong>Ja-</strong></span> 
     </span>
    </p>
   </div>
   <div class='ocr_carea' id='block_1_44' title="bbox 134 2065 920 2100">
    <p class='ocr_par' dir='ltr' id='par_1_44' title="bbox 134 2065 920 2100">
     <span class='ocr_line' id='line_1_44' title="bbox 134 2065 920 2100; baseline 0.001 -8"><span class='ocrx_word' id='word_1_299' title='bbox 134 2065 258 2100; x_wconf 65' lang='lat' dir='ltr'><strong>coftittl)</strong></span> <span class='ocrx_word' id='word_1_300' title='bbox 273 2066 394 2099; x_wconf 78' lang='lat' dir='ltr'><strong>quzcdam</strong></span> <span class='ocrx_word' id='word_1_301' title='bbox 420 2065 510 2092; x_wconf 84' lang='lat' dir='ltr'><strong>Attico</strong></span> <span class='ocrx_word' id='word_1_302' title='bbox 536 2073 661 2092; x_wconf 88' lang='lat' dir='ltr'><strong>sermone</strong></span> <span class='ocrx_word' id='word_1_303' title='bbox 686 2065 844 2097; x_wconf 84' lang='lat' dir='ltr'><strong>declaravit,</strong></span> <span class='ocrx_word' id='word_1_304' title='bbox 875 2066 920 2094; x_wconf 83' lang='lat' dir='ltr'><strong>tibi</strong></span> 
     </span>
    </p>
   </div>
   <div class='ocr_carea' id='block_1_45' title="bbox 133 2111 921 2146">
    <p class='ocr_par' dir='ltr' id='par_1_45' title="bbox 133 2111 921 2146">
     <span class='ocr_line' id='line_1_45' title="bbox 133 2111 921 2146; baseline 0.005 -9"><span class='ocrx_word' id='word_1_305' title='bbox 133 2113 215 2140; x_wconf 81' lang='lat' dir='ltr'><strong>multa</strong></span> <span class='ocrx_word' id='word_1_306' title='bbox 229 2112 337 2145; x_wconf 88' lang='lat' dir='ltr'><strong>quidem</strong></span> <span class='ocrx_word' id='word_1_307' title='bbox 350 2111 496 2143; x_wconf 85' lang='lat' dir='ltr'><strong>subtiliter,</strong></span> <span class='ocrx_word' id='word_1_308' title='bbox 511 2113 557 2139; x_wconf 87' lang='lat' dir='ltr'><strong>sed</strong></span> <span class='ocrx_word' id='word_1_309' title='bbox 585 2112 673 2146; x_wconf 83' lang='lat' dir='ltr'><strong>aliqua</strong></span> <span class='ocrx_word' id='word_1_310' title='bbox 694 2112 800 2139; x_wconf 82' lang='lat' dir='ltr'><strong>incaute</strong></span> <span class='ocrx_word' id='word_1_311' title='bbox 815 2112 921 2141; x_wconf 88' lang='lat' dir='ltr'><strong>locutus</strong></span> 
     </span>
    </p>
   </div>
   <div class='ocr_carea' id='block_1_46' title="bbox 132 2157 922 2192">
    <p class='ocr_par' dir='ltr' id='par_1_46' title="bbox 132 2157 922 2192">
     <span class='ocr_line' id='line_1_46' title="bbox 132 2157 922 2192; baseline 0.003 -8"><span class='ocrx_word' id='word_1_312' title='bbox 132 2162 184 2189; x_wconf 80' lang='lat' dir='ltr'><strong>est,</strong></span> <span class='ocrx_word' id='word_1_313' title='bbox 201 2165 258 2192; x_wconf 77' lang='lat' dir='ltr'><strong>qua:</strong></span> <span class='ocrx_word' id='word_1_314' title='bbox 277 2158 373 2185; x_wconf 84' lang='lat' dir='ltr'><strong>nosita</strong></span> <span class='ocrx_word' id='word_1_315' title='bbox 390 2157 530 2184; x_wconf 79' lang='lat' dir='ltr'><strong>transferri</strong></span> <span class='ocrx_word' id='word_1_316' title='bbox 551 2157 664 2185; x_wconf 87' lang='lat' dir='ltr'><strong>fecimtts</strong></span> <span class='ocrx_word' id='word_1_317' title='bbox 690 2158 717 2186; x_wconf 92' lang='lat' dir='ltr'><strong>in</strong></span> <span class='ocrx_word' id='word_1_318' title='bbox 740 2158 875 2191; x_wconf 87' lang='lat' dir='ltr'><strong>Latinum,</strong></span> <span class='ocrx_word' id='word_1_319' title='bbox 894 2164 922 2186; x_wconf 90' lang='lat' dir='ltr'><strong>ut</strong></span> 
     </span>
    </p>
   </div>
   <div class='ocr_carea' id='block_1_47' title="bbox 133 2195 920 2238">
    <p class='ocr_par' dir='ltr' id='par_1_47' title="bbox 133 2195 920 2238">
     <span class='ocr_line' id='line_1_47' title="bbox 133 2195 920 2238; baseline 0.003 -8"><span class='ocrx_word' id='word_1_320' title='bbox 133 2203 251 2230; x_wconf 83' lang='lat' dir='ltr'><strong>exclusis</strong></span> <span class='ocrx_word' id='word_1_321' title='bbox 265 2203 424 2238; x_wconf 83' lang='lat' dir='ltr'><strong>quibusdam</strong></span> <span class='ocrx_word' id='word_1_322' title='bbox 442 2202 611 2230; x_wconf 81' lang='lat' dir='ltr'><strong>oﬂ&#39;endiculis</strong></span> <span class='ocrx_word' id='word_1_323' title='bbox 638 2205 778 2238; x_wconf 82' lang='lat' dir='ltr'><strong>purificata</strong></span> <span class='ocrx_word' id='word_1_324' title='bbox 800 2195 920 2232; x_wconf 81' lang='lat' dir='ltr'><strong>doctrina</strong></span> 
     </span>
    </p>
   </div>
   <div class='ocr_carea' id='block_1_48' title="bbox 133 2249 922 2286">
    <p class='ocr_par' dir='ltr' id='par_1_48' title="bbox 133 2249 922 2286">
     <span class='ocr_line' id='line_1_48' title="bbox 133 2249 922 2286; baseline 0.003 -10"><span class='ocrx_word' id='word_1_325' title='bbox 133 2249 192 2283; x_wconf 83' lang='lat' dir='ltr'><strong>ejus</strong></span> <span class='ocrx_word' id='word_1_326' title='bbox 206 2249 328 2276; x_wconf 82' lang='lat' dir='ltr'><strong>securior</strong></span> <span class='ocrx_word' id='word_1_327' title='bbox 347 2249 477 2283; x_wconf 80' lang='lat' dir='ltr'><strong>potuisset</strong></span> <span class='ocrx_word' id='word_1_328' title='bbox 489 2249 604 2277; x_wconf 79' lang='lat' dir='ltr'><strong>hauriri.</strong></span> <span class='ocrx_word' id='word_1_329' title='bbox 624 2250 654 2278; x_wconf 90' lang='lat' dir='ltr'><strong>S.</strong></span> <span class='ocrx_word' id='word_1_330' title='bbox 670 2258 778 2286; x_wconf 89' lang='lat' dir='ltr'><strong>quoque</strong></span> <span class='ocrx_word' id='word_1_331' title='bbox 793 2251 922 2285; x_wconf 78' lang='lat' dir='ltr'><strong>Augusti-</strong></span> 
     </span>
    </p>
   </div>
   <div class='ocr_carea' id='block_1_49' title="bbox 134 2295 921 2339">
    <p class='ocr_par' dir='ltr' id='par_1_49' title="bbox 134 2295 921 2339">
     <span class='ocr_line' id='line_1_49' title="bbox 134 2295 921 2339; baseline 0.001 -16"><span class='ocrx_word' id='word_1_332' title='bbox 134 2303 184 2323; x_wconf 91' lang='lat' dir='ltr'><strong>nus</strong></span> <span class='ocrx_word' id='word_1_333' title='bbox 200 2295 247 2330; x_wconf 88' lang='lat' dir='ltr'><strong>Ep.</strong></span> <span class='ocrx_word' id='word_1_334' title='bbox 264 2295 358 2323; x_wconf 77' lang='lat' dir='ltr'><strong>Jacobi</strong></span> <span class='ocrx_word' id='word_1_335' title='bbox 379 2296 492 2330; x_wconf 86' lang='lat' dir='ltr'><strong>apostoli</strong></span> <span class='ocrx_word' id='word_1_336' title='bbox 507 2295 584 2322; x_wconf 87' lang='lat' dir='ltr'><strong>solita</strong></span> <span class='ocrx_word' id='word_1_337' title='bbox 604 2296 749 2339; x_wconf 52' lang='lat' dir='ltr'><strong>diligentiae</strong></span> <span class='ocrx_word' id='word_1_338' title='bbox 763 2304 818 2324; x_wconf 67' lang='lat' dir='ltr'><strong>suae</strong></span> <span class='ocrx_word' id='word_1_339' title='bbox 830 2298 921 2324; x_wconf 88' lang='lat' dir='ltr'><strong>curio-</strong></span> 
     </span>
    </p>
   </div>
   <div class='ocr_carea' id='block_1_50' title="bbox 134 2341 923 2377">
    <p class='ocr_par' dir='ltr' id='par_1_50' title="bbox 134 2341 923 2377">
     <span class='ocr_line' id='line_1_50' title="bbox 134 2341 923 2377; baseline -0.001 -8"><span class='ocrx_word' id='word_1_340' title='bbox 134 2341 212 2369; x_wconf 83' lang='lat' dir='ltr'><strong>sitate</strong></span> <span class='ocrx_word' id='word_1_341' title='bbox 232 2341 367 2372; x_wconf 85' lang='lat' dir='ltr'><strong>tractavit,</strong></span> <span class='ocrx_word' id='word_1_342' title='bbox 383 2348 463 2377; x_wconf 75' lang='lat' dir='ltr'><strong>quam</strong></span> <span class='ocrx_word' id='word_1_343' title='bbox 478 2341 552 2367; x_wconf 83' lang='lat' dir='ltr'><strong>vobis</strong></span> <span class='ocrx_word' id='word_1_344' title='bbox 567 2341 592 2367; x_wconf 91' lang='lat' dir='ltr'><strong>in</strong></span> <span class='ocrx_word' id='word_1_345' title='bbox 610 2342 817 2367; x_wconf 86' lang='lat' dir='ltr'><strong>membranaceo</strong></span> <span class='ocrx_word' id='word_1_346' title='bbox 830 2341 923 2368; x_wconf 87' lang='lat' dir='ltr'><strong>codice</strong></span> 
     </span>
    </p>
   </div>
   <div class='ocr_carea' id='block_1_51' title="bbox 134 2387 922 2421">
    <p class='ocr_par' dir='ltr' id='par_1_51' title="bbox 134 2387 922 2421">
     <span class='ocr_line' id='line_1_51' title="bbox 134 2387 922 2421; baseline 0 -7"><span class='ocrx_word' id='word_1_347' title='bbox 134 2388 262 2421; x_wconf 81' lang='lat' dir='ltr'><strong>scriptam</strong></span> <span class='ocrx_word' id='word_1_348' title='bbox 280 2387 386 2421; x_wconf 82' lang='lat' dir='ltr'><strong>reliqui.</strong></span> <span class='ocrx_word' id='word_1_349' title='bbox 414 2387 467 2414; x_wconf 85' lang='lat' dir='ltr'><strong>Sed</strong></span> <span class='ocrx_word' id='word_1_350' title='bbox 494 2394 554 2413; x_wconf 84' lang='lat' dir='ltr'><strong>cum</strong></span> <span class='ocrx_word' id='word_1_351' title='bbox 581 2388 614 2413; x_wconf 88' lang='lat' dir='ltr'><strong>de</strong></span> <span class='ocrx_word' id='word_1_352' title='bbox 642 2387 754 2420; x_wconf 85' lang='lat' dir='ltr'><strong>reliquis</strong></span> <span class='ocrx_word' id='word_1_353' title='bbox 783 2388 922 2414; x_wconf 75' lang='lat' dir='ltr'><strong>canonicis</strong></span> 
     </span>
    </p>
   </div>
   <div class='ocr_carea' id='block_1_52' title="bbox 135 2431 921 2468">
    <p class='ocr_par' dir='ltr' id='par_1_52' title="bbox 135 2431 921 2468">
     <span class='ocr_line' id='line_1_52' title="bbox 135 2431 921 2468; baseline 0 -8"><span class='ocrx_word' id='word_1_354' title='bbox 135 2434 262 2468; x_wconf 75' lang='lat' dir='ltr'><strong>Epistolis</strong></span> <span class='ocrx_word' id='word_1_355' title='bbox 278 2441 373 2468; x_wconf 76' lang='lat' dir='ltr'><strong>magna</strong></span> <span class='ocrx_word' id='word_1_356' title='bbox 389 2441 438 2460; x_wconf 88' lang='lat' dir='ltr'><strong>nos</strong></span> <span class='ocrx_word' id='word_1_357' title='bbox 453 2433 582 2467; x_wconf 82' lang='lat' dir='ltr'><strong>cogitatio</strong></span> <span class='ocrx_word' id='word_1_358' title='bbox 594 2431 731 2467; x_wconf 69' lang='lat' dir='ltr'><strong>fatigaret,</strong></span> <span class='ocrx_word' id='word_1_359' title='bbox 745 2434 830 2460; x_wconf 79' lang='lat' dir='ltr'><strong>subito</strong></span> <span class='ocrx_word' id='word_1_360' title='bbox 848 2434 921 2460; x_wconf 81' lang='lat' dir='ltr'><strong>nobis</strong></span> 
     </span>
    </p>
   </div>
   <div class='ocr_carea' id='block_1_53' title="bbox 135 2478 921 2515">
    <p class='ocr_par' dir='ltr' id='par_1_53' title="bbox 135 2478 921 2515">
     <span class='ocr_line' id='line_1_53' title="bbox 135 2478 921 2515; baseline 0 -9"><span class='ocrx_word' id='word_1_361' title='bbox 135 2481 216 2506; x_wconf 71' lang='lat' dir='ltr'><strong>codex</strong></span> <span class='ocrx_word' id='word_1_362' title='bbox 232 2479 337 2515; x_wconf 81' lang='lat' dir='ltr'><strong>Didymi</strong></span> <span class='ocrx_word' id='word_1_363' title='bbox 354 2478 445 2505; x_wconf 70' lang='grc' dir='ltr'><strong>(ἐνίει-ο</strong></span> <span class='ocrx_word' id='word_1_364' title='bbox 463 2478 531 2512; x_wconf 83' lang='lat' dir='ltr'><strong>stylo</strong></span> <span class='ocrx_word' id='word_1_365' title='bbox 545 2479 707 2512; x_wconf 83' lang='lat' dir='ltr'><strong>conscriptus</strong></span> <span class='ocrx_word' id='word_1_366' title='bbox 724 2479 751 2505; x_wconf 76' lang='lat' dir='ltr'><strong>in</strong></span> <span class='ocrx_word' id='word_1_367' title='bbox 777 2479 921 2512; x_wconf 72' lang='lat' dir='ltr'><strong>expositio-</strong></span> 
     </span>
    </p>
   </div>
   <div class='ocr_carea' id='block_1_54' title="bbox 135 2523 922 2559">
    <p class='ocr_par' dir='ltr' id='par_1_54' title="bbox 135 2523 922 2559">
     <span class='ocr_line' id='line_1_54' title="bbox 135 2523 922 2559; baseline 0 -6"><span class='ocrx_word' id='word_1_368' title='bbox 135 2534 192 2553; x_wconf 85' lang='lat' dir='ltr'><strong>nem</strong></span> <span class='ocrx_word' id='word_1_369' title='bbox 207 2525 256 2553; x_wconf 71' lang='grc' dir='ltr'><strong>ΥΠ</strong></span> <span class='ocrx_word' id='word_1_370' title='bbox 264 2526 450 2552; x_wconf 83' lang='lat' dir='ltr'><strong>cauonicarum</strong></span> <span class='ocrx_word' id='word_1_371' title='bbox 466 2523 645 2558; x_wconf 77' lang='lat' dir='ltr'><strong>Epistolarum</strong></span> <span class='ocrx_word' id='word_1_372' title='bbox 660 2525 770 2552; x_wconf 86' lang='lat' dir='ltr'><strong>Domino</strong></span> <span class='ocrx_word' id='word_1_373' title='bbox 795 2526 922 2559; x_wconf 84' lang='lat' dir='ltr'><strong>largiente</strong></span> 
     </span>
    </p>
   </div>
   <div class='ocr_carea' id='block_1_55' title="bbox 137 2606 918 2642">
    <p class='ocr_par' dir='ltr' id='par_1_55' title="bbox 137 2606 918 2642">
     <span class='ocr_line' id='line_1_55' title="bbox 137 2606 918 2642; baseline -0.003 -8"><span class='ocrx_word' id='word_1_374' title='bbox 137 2613 178 2635; x_wconf 90' lang='lat' dir='ltr'><strong>tcr</strong></span> <span class='ocrx_word' id='word_1_375' title='bbox 190 2607 322 2642; x_wconf 87' lang='lat' dir='ltr'><strong>disputata</strong></span> <span class='ocrx_word' id='word_1_376' title='bbox 340 2606 381 2634; x_wconf 79' lang='lat' dir='ltr'><strong>vel</strong></span> <span class='ocrx_word' id='word_1_377' title='bbox 397 2606 608 2642; x_wconf 84' lang='lat' dir='ltr'><strong>proponentibus</strong></span> <span class='ocrx_word' id='word_1_378' title='bbox 629 2613 765 2642; x_wconf 81' lang='lat' dir='ltr'><strong>responsa,</strong></span> <span class='ocrx_word' id='word_1_379' title='bbox 791 2606 918 2633; x_wconf 79' lang='lat' dir='ltr'><strong>adhibitis</strong></span> 
     </span>
    </p>
   </div>
   <div class='ocr_carea' id='block_1_56' title="bbox 136 2641 919 2676">
    <p class='ocr_par' dir='ltr' id='par_1_56' title="bbox 136 2641 919 2676">
     <span class='ocr_line' id='line_1_56' title="bbox 136 2641 919 2676; baseline -0.005 -6"><span class='ocrx_word' id='word_1_380' title='bbox 136 2641 250 2670; x_wconf 75' lang='lat' dir='ltr'><strong>notariis</strong></span> <span class='ocrx_word' id='word_1_381' title='bbox 263 2643 429 2676; x_wconf 76' lang='lat' dir='ltr'><strong>descripsere</strong></span> <span class='ocrx_word' id='word_1_382' title='bbox 442 2651 448 2668; x_wconf 88' lang='lat'>:</span> <span class='ocrx_word' id='word_1_383' title='bbox 463 2650 522 2676; x_wconf 71' lang='lat' dir='ltr'><strong>qua:</strong></span> <span class='ocrx_word' id='word_1_384' title='bbox 533 2642 614 2667; x_wconf 84' lang='lat' dir='ltr'><strong>etiam</strong></span> <span class='ocrx_word' id='word_1_385' title='bbox 634 2647 704 2667; x_wconf 86' lang='lat' dir='ltr'><strong>nunc</strong></span> <span class='ocrx_word' id='word_1_386' title='bbox 719 2641 745 2666; x_wconf 93' lang='lat' dir='ltr'><strong>in</strong></span> <span class='ocrx_word' id='word_1_387' title='bbox 762 2649 856 2675; x_wconf 82' lang='lat' dir='ltr'><strong>magna</strong></span> <span class='ocrx_word' id='word_1_388' title='bbox 873 2642 919 2666; x_wconf 86' lang='lat' dir='ltr'><strong>ad-</strong></span> 
     </span>
    </p>
   </div>
   <div class='ocr_carea' id='block_1_57' title="bbox 137 2676 919 2710">
    <p class='ocr_par' dir='ltr' id='par_1_57' title="bbox 137 2676 919 2710">
     <span class='ocr_line' id='line_1_57' title="bbox 137 2676 919 2710; baseline -0.004 -6"><span class='ocrx_word' id='word_1_389' title='bbox 137 2679 279 2704; x_wconf 86' lang='lat' dir='ltr'><strong>miratione</strong></span> <span class='ocrx_word' id='word_1_390' title='bbox 291 2678 431 2704; x_wconf 87' lang='lat' dir='ltr'><strong>habentur.</strong></span> <span class='ocrx_word' id='word_1_391' title='bbox 450 2677 503 2704; x_wconf 87' lang='lat' dir='ltr'><strong>Nos</strong></span> <span class='ocrx_word' id='word_1_392' title='bbox 519 2681 617 2706; x_wconf 81' lang='lat' dir='ltr'><strong>tamen,</strong></span> <span class='ocrx_word' id='word_1_393' title='bbox 641 2676 687 2710; x_wconf 87' lang='lat' dir='ltr'><strong>qtti</strong></span> <span class='ocrx_word' id='word_1_394' title='bbox 708 2680 734 2702; x_wconf 89' lang='lat' dir='ltr'><strong>et</strong></span> <span class='ocrx_word' id='word_1_395' title='bbox 758 2677 822 2702; x_wconf 65' lang='lat' dir='ltr'><strong>viva:</strong></span> <span class='ocrx_word' id='word_1_396' title='bbox 846 2677 919 2703; x_wconf 82' lang='lat' dir='ltr'><strong>vocis</strong></span> 
     </span>
    </p>
   </div>
   <div class='ocr_carea' id='block_1_58' title="bbox 135 2711 917 2746">
    <p class='ocr_par' dir='ltr' id='par_1_58' title="bbox 135 2711 917 2746">
     <span class='ocr_line' id='line_1_58' title="bbox 135 2711 917 2746; baseline -0.003 -7"><span class='ocrx_word' id='word_1_397' title='bbox 135 2713 196 2746; x_wconf 87' lang='lat' dir='ltr'><strong>ejus</strong></span> <span class='ocrx_word' id='word_1_398' title='bbox 209 2721 240 2739; x_wconf 83' lang='lat' dir='ltr'><strong>ex</strong></span> <span class='ocrx_word' id='word_1_399' title='bbox 259 2718 334 2744; x_wconf 85' lang='lat' dir='ltr'><strong>parte</strong></span> <span class='ocrx_word' id='word_1_400' title='bbox 348 2713 437 2746; x_wconf 87' lang='lat' dir='ltr'><strong>aliqua</strong></span> <span class='ocrx_word' id='word_1_401' title='bbox 455 2712 553 2738; x_wconf 87' lang='lat' dir='ltr'><strong>fuimus</strong></span> <span class='ocrx_word' id='word_1_402' title='bbox 572 2711 718 2739; x_wconf 84' lang='lat' dir='ltr'><strong>auditores.</strong></span> <span class='ocrx_word' id='word_1_403' title='bbox 739 2715 766 2737; x_wconf 80' lang='lat' dir='ltr'><strong>et</strong></span> <span class='ocrx_word' id='word_1_404' title='bbox 781 2719 811 2737; x_wconf 85' lang='lat' dir='ltr'><strong>ca</strong></span> <span class='ocrx_word' id='word_1_405' title='bbox 828 2719 886 2745; x_wconf 72' lang='lat' dir='ltr'><strong>qunt-</strong></span> <span class='ocrx_word' id='word_1_406' title='bbox 903 2719 917 2737; x_wconf 83' lang='lat' dir='ltr'><strong>a</strong></span> 
     </span>
    </p>
   </div>
   <div class='ocr_carea' id='block_1_59' title="bbox 137 2746 916 2780">
    <p class='ocr_par' dir='ltr' id='par_1_59' title="bbox 137 2746 916 2780">
     <span class='ocr_line' id='line_1_59' title="bbox 137 2746 916 2780; baseline -0.001 -7"><span class='ocrx_word' id='word_1_407' title='bbox 137 2748 273 2773; x_wconf 84' lang='lat' dir='ltr'><strong>nonnullis</strong></span> <span class='ocrx_word' id='word_1_408' title='bbox 290 2748 395 2774; x_wconf 76' lang='lat' dir='ltr'><strong>dicente</strong></span> <span class='ocrx_word' id='word_1_409' title='bbox 410 2756 442 2775; x_wconf 86' lang='lat' dir='ltr'><strong>eo</strong></span> <span class='ocrx_word' id='word_1_410' title='bbox 457 2747 590 2780; x_wconf 87' lang='lat' dir='ltr'><strong>descripta</strong></span> <span class='ocrx_word' id='word_1_411' title='bbox 615 2746 738 2779; x_wconf 72' lang='lat' dir='ltr'><strong>legimus,</strong></span> <span class='ocrx_word' id='word_1_412' title='bbox 766 2746 842 2780; x_wconf 78' lang='lat' dir='ltr'><strong>longe</strong></span> <span class='ocrx_word' id='word_1_413' title='bbox 859 2754 916 2772; x_wconf 85' lang='lat' dir='ltr'><strong>ma-</strong></span> 
     </span>
    </p>
   </div>
   <div class='ocr_carea' id='block_1_60' title="bbox 133 2782 920 2815">
    <p class='ocr_par' dir='ltr' id='par_1_60' title="bbox 133 2782 920 2815">
     <span class='ocr_line' id='line_1_60' title="bbox 133 2782 920 2815; baseline 0 -9"><span class='ocrx_word' id='word_1_414' title='bbox 133 2783 219 2815; x_wconf 73' lang='lat' dir='ltr'><strong>jorem</strong></span> <span class='ocrx_word' id='word_1_415' title='bbox 245 2782 358 2815; x_wconf 79' lang='lat' dir='ltr'><strong>gratiam</strong></span> <span class='ocrx_word' id='word_1_416' title='bbox 385 2787 412 2809; x_wconf 89' lang='lat' dir='ltr'><strong>et</strong></span> <span class='ocrx_word' id='word_1_417' title='bbox 428 2783 547 2809; x_wconf 88' lang='lat' dir='ltr'><strong>divinum</strong></span> <span class='ocrx_word' id='word_1_418' title='bbox 574 2782 664 2808; x_wconf 87' lang='lat' dir='ltr'><strong>nescio</strong></span> <span class='ocrx_word' id='word_1_419' title='bbox 691 2782 753 2814; x_wconf 91' lang='lat' dir='ltr'><strong>quid</strong></span> <span class='ocrx_word' id='word_1_420' title='bbox 789 2789 819 2806; x_wconf 84' lang='lat' dir='ltr'><strong>ac</strong></span> <span class='ocrx_word' id='word_1_421' title='bbox 840 2788 920 2814; x_wconf 86' lang='lat' dir='ltr'><strong>supra</strong></span> 
     </span>
    </p>
   </div>
   <div class='ocr_carea' id='block_1_61' title="bbox 139 2816 921 2849">
    <p class='ocr_par' dir='ltr' id='par_1_61' title="bbox 139 2816 921 2849">
     <span class='ocr_line' id='line_1_61' title="bbox 139 2816 921 2849; baseline 0.001 -7"><span class='ocrx_word' id='word_1_422' title='bbox 139 2820 283 2843; x_wconf 81' lang='lat' dir='ltr'><strong>humanam</strong></span> <span class='ocrx_word' id='word_1_423' title='bbox 298 2823 390 2842; x_wconf 89' lang='lat' dir='ltr'><strong>vocem</strong></span> <span class='ocrx_word' id='word_1_424' title='bbox 405 2825 504 2844; x_wconf 86' lang='lat' dir='ltr'><strong>sonans</strong></span> <span class='ocrx_word' id='word_1_425' title='bbox 521 2817 546 2843; x_wconf 93' lang='lat' dir='ltr'><strong>in</strong></span> <span class='ocrx_word' id='word_1_426' title='bbox 560 2816 613 2843; x_wconf 85' lang='lat' dir='ltr'><strong>illis</strong></span> <span class='ocrx_word' id='word_1_427' title='bbox 639 2817 724 2849; x_wconf 71' lang='lat' dir='ltr'><strong>magis</strong></span> <span class='ocrx_word' id='word_1_428' title='bbox 750 2816 921 2843; x_wconf 79' lang='lat' dir='ltr'><strong>sermonibus</strong></span> 
     </span>
    </p>
   </div>
   <div class='ocr_carea' id='block_1_62' title="bbox 139 2850 835 2886">
    <p class='ocr_par' dir='ltr' id='par_1_62' title="bbox 139 2850 835 2886">
     <span class='ocr_line' id='line_1_62' title="bbox 139 2850 835 2886; baseline -0.004 -9"><span class='ocrx_word' id='word_1_429' title='bbox 139 2853 183 2886; x_wconf 86' lang='lat' dir='ltr'><strong>qui</strong></span> <span class='ocrx_word' id='word_1_430' title='bbox 198 2853 230 2878; x_wconf 88' lang='lat' dir='ltr'><strong>de</strong></span> <span class='ocrx_word' id='word_1_431' title='bbox 245 2858 292 2877; x_wconf 83' lang='lat' dir='ltr'><strong>ore</strong></span> <span class='ocrx_word' id='word_1_432' title='bbox 309 2850 394 2884; x_wconf 89' lang='lat' dir='ltr'><strong>ipsius</strong></span> <span class='ocrx_word' id='word_1_433' title='bbox 409 2852 624 2886; x_wconf 82' lang='lat' dir='ltr'><strong>proferebantur,</strong></span> <span class='ocrx_word' id='word_1_434' title='bbox 639 2850 806 2885; x_wconf 76' lang='lat' dir='ltr'><strong>agnovimus.</strong></span> <span class='ocrx_word' id='word_1_435' title='bbox 827 2860 835 2873; x_wconf 79' lang='grc' dir='ltr'><strong>ι</strong></span> 
     </span>
    </p>
   </div>
   <div class='ocr_carea' id='block_1_63' title="bbox 969 227 1495 262">
    <p class='ocr_par' dir='ltr' id='par_1_63' title="bbox 969 227 1495 262">
     <span class='ocr_line' id='line_1_63' title="bbox 969 227 1495 262; baseline -0.008 -6"><span class='ocrx_word' id='word_1_436' title='bbox 969 229 1109 256; x_wconf 80' lang='lat' dir='ltr'><strong>Divinitate</strong></span> <span class='ocrx_word' id='word_1_437' title='bbox 1120 228 1241 262; x_wconf 82' lang='lat' dir='ltr'><strong>jnvante,</strong></span> <span class='ocrx_word' id='word_1_438' title='bbox 1258 227 1404 254; x_wconf 78' lang='lat' dir='ltr'><strong>translatus</strong></span> <span class='ocrx_word' id='word_1_439' title='bbox 1421 233 1470 254; x_wconf 84' lang='lat' dir='ltr'><strong>est.</strong></span> <span class='ocrx_word' id='word_1_440' title='bbox 1486 236 1495 252; x_wconf 77' lang='grc' dir='ltr'><strong>ι</strong></span> 
     </span>
    </p>
   </div>
   <div class='ocr_carea' id='block_1_64' title="bbox 1002 273 1766 309">
    <p class='ocr_par' dir='ltr' id='par_1_64' title="bbox 1002 273 1766 309">
     <span class='ocr_line' id='line_1_64' title="bbox 1002 273 1766 309; baseline 0.001 -8"><span class='ocrx_word' id='word_1_441' title='bbox 1002 274 1087 309; x_wconf 88' lang='lat' dir='ltr'><strong>Hujus</strong></span> <span class='ocrx_word' id='word_1_442' title='bbox 1101 282 1132 301; x_wconf 90' lang='lat' dir='ltr'><strong>ea</strong></span> <span class='ocrx_word' id='word_1_443' title='bbox 1152 279 1194 301; x_wconf 87' lang='lat' dir='ltr'><strong>est</strong></span> <span class='ocrx_word' id='word_1_444' title='bbox 1215 274 1283 301; x_wconf 89' lang='lat' dir='ltr'><strong>ratio</strong></span> <span class='ocrx_word' id='word_1_445' title='bbox 1299 273 1459 305; x_wconf 86' lang='lat' dir='ltr'><strong>testimonii,</strong></span> <span class='ocrx_word' id='word_1_446' title='bbox 1473 278 1503 300; x_wconf 89' lang='lat' dir='ltr'><strong>ut</strong></span> <span class='ocrx_word' id='word_1_447' title='bbox 1521 274 1554 300; x_wconf 88' lang='lat' dir='ltr'><strong>ad</strong></span> <span class='ocrx_word' id='word_1_448' title='bbox 1569 281 1628 301; x_wconf 83' lang='lat' dir='ltr'><strong>eam</strong></span> <span class='ocrx_word' id='word_1_449' title='bbox 1644 282 1711 305; x_wconf 89' lang='lat' dir='ltr'><strong>rem,</strong></span> <span class='ocrx_word' id='word_1_450' title='bbox 1730 275 1766 302; x_wconf 85' lang='lat' dir='ltr'><strong>de</strong></span> 
     </span>
    </p>
   </div>
   <div class='ocr_carea' id='block_1_65' title="bbox 966 319 1767 356">
    <p class='ocr_par' dir='ltr' id='par_1_65' title="bbox 966 319 1767 356">
     <span class='ocr_line' id='line_1_65' title="bbox 966 319 1767 356; baseline 0.004 -10"><span class='ocrx_word' id='word_1_451' title='bbox 966 327 1019 354; x_wconf 88' lang='lat' dir='ltr'><strong>qua</strong></span> <span class='ocrx_word' id='word_1_452' title='bbox 1036 320 1193 355; x_wconf 80' lang='lat' dir='ltr'><strong>qtncrimtts,</strong></span> <span class='ocrx_word' id='word_1_453' title='bbox 1211 319 1378 354; x_wconf 78' lang='lat' dir='ltr'><strong>probandam</strong></span> <span class='ocrx_word' id='word_1_454' title='bbox 1397 320 1462 346; x_wconf 89' lang='lat' dir='ltr'><strong>nihil</strong></span> <span class='ocrx_word' id='word_1_455' title='bbox 1478 321 1564 354; x_wconf 84' lang='lat' dir='ltr'><strong>possit</strong></span> <span class='ocrx_word' id='word_1_456' title='bbox 1580 321 1694 356; x_wconf 78' lang='lat' dir='ltr'><strong>cogitari</strong></span> <span class='ocrx_word' id='word_1_457' title='bbox 1716 330 1767 349; x_wconf 83' lang='lat' dir='ltr'><strong>va-</strong></span> 
     </span>
    </p>
   </div>
   <div class='ocr_carea' id='block_1_66' title="bbox 967 366 1764 402">
    <p class='ocr_par' dir='ltr' id='par_1_66' title="bbox 967 366 1764 402">
     <span class='ocr_line' id='line_1_66' title="bbox 967 366 1764 402; baseline 0.003 -9"><span class='ocrx_word' id='word_1_458' title='bbox 967 367 1047 394; x_wconf 89' lang='lat' dir='ltr'><strong>lidius</strong></span> <span class='ocrx_word' id='word_1_459' title='bbox 1071 374 1103 393; x_wconf 81' lang='lat' dir='ltr'><strong>ac</strong></span> <span class='ocrx_word' id='word_1_460' title='bbox 1130 367 1242 393; x_wconf 85' lang='lat' dir='ltr'><strong>certius.</strong></span> <span class='ocrx_word' id='word_1_461' title='bbox 1270 366 1362 394; x_wconf 87' lang='lat' dir='ltr'><strong>Possis</strong></span> <span class='ocrx_word' id='word_1_462' title='bbox 1387 371 1478 393; x_wconf 86' lang='lat' dir='ltr'><strong>tamen</strong></span> <span class='ocrx_word' id='word_1_463' title='bbox 1502 367 1528 393; x_wconf 93' lang='lat' dir='ltr'><strong>in</strong></span> <span class='ocrx_word' id='word_1_464' title='bbox 1544 367 1595 394; x_wconf 90' lang='lat' dir='ltr'><strong>hoc</strong></span> <span class='ocrx_word' id='word_1_465' title='bbox 1611 375 1676 399; x_wconf 88' lang='lat' dir='ltr'><strong>uno,</strong></span> <span class='ocrx_word' id='word_1_466' title='bbox 1691 368 1764 402; x_wconf 89' lang='lat' dir='ltr'><strong>quod</strong></span> 
     </span>
    </p>
   </div>
   <div class='ocr_carea' id='block_1_67' title="bbox 968 412 1764 451">
    <p class='ocr_par' dir='ltr' id='par_1_67' title="bbox 968 412 1764 451">
     <span class='ocr_line' id='line_1_67' title="bbox 968 412 1764 451; baseline 0.003 -12"><span class='ocrx_word' id='word_1_467' title='bbox 968 413 1079 440; x_wconf 90' lang='lat' dir='ltr'><strong>unicum</strong></span> <span class='ocrx_word' id='word_1_468' title='bbox 1097 417 1150 443; x_wconf 86' lang='lat' dir='ltr'><strong>est,</strong></span> <span class='ocrx_word' id='word_1_469' title='bbox 1166 412 1287 440; x_wconf 81' lang='lat' dir='ltr'><strong>oll&#39;cnsus</strong></span> <span class='ocrx_word' id='word_1_470' title='bbox 1302 420 1411 451; x_wconf 78' lang='lat' dir='ltr'><strong>causam</strong></span> <span class='ocrx_word' id='word_1_471' title='bbox 1440 420 1548 440; x_wconf 87' lang='lat' dir='ltr'><strong>sumere</strong></span> <span class='ocrx_word' id='word_1_472' title='bbox 1574 413 1764 441; x_wconf 85' lang='lat' dir='ltr'><strong>dubitationis.</strong></span> 
     </span>
    </p>
   </div>
   <div class='ocr_carea' id='block_1_68' title="bbox 967 459 1766 495">
    <p class='ocr_par' dir='ltr' id='par_1_68' title="bbox 967 459 1766 495">
     <span class='ocr_line' id='line_1_68' title="bbox 967 459 1766 495; baseline 0.001 -9"><span class='ocrx_word' id='word_1_473' title='bbox 967 460 1002 486; x_wconf 81' lang='lat' dir='ltr'><strong>At</strong></span> <span class='ocrx_word' id='word_1_474' title='bbox 1017 467 1081 486; x_wconf 89' lang='lat' dir='ltr'><strong>vero</strong></span> <span class='ocrx_word' id='word_1_475' title='bbox 1099 459 1124 486; x_wconf 88' lang='lat' dir='ltr'><strong>id</strong></span> <span class='ocrx_word' id='word_1_476' title='bbox 1141 460 1286 494; x_wconf 85' lang='lat' dir='ltr'><strong>quominus</strong></span> <span class='ocrx_word' id='word_1_477' title='bbox 1316 459 1411 489; x_wconf 81' lang='lat' dir='ltr'><strong>facias.</strong></span> <span class='ocrx_word' id='word_1_478' title='bbox 1438 460 1591 494; x_wconf 88' lang='lat' dir='ltr'><strong>prohibebit</strong></span> <span class='ocrx_word' id='word_1_479' title='bbox 1621 460 1766 495; x_wconf 87' lang='lat' dir='ltr'><strong>impediet—</strong></span> 
     </span>
    </p>
   </div>
   <div class='ocr_carea' id='block_1_69' title="bbox 968 506 1766 541">
    <p class='ocr_par' dir='ltr' id='par_1_69' title="bbox 968 506 1766 541">
     <span class='ocr_line' id='line_1_69' title="bbox 968 506 1766 541; baseline 0.003 -9"><span class='ocrx_word' id='word_1_480' title='bbox 968 513 1020 540; x_wconf 88' lang='lat' dir='ltr'><strong>qtte</strong></span> <span class='ocrx_word' id='word_1_481' title='bbox 1040 514 1106 532; x_wconf 86' lang='lat' dir='ltr'><strong>sane</strong></span> <span class='ocrx_word' id='word_1_482' title='bbox 1122 506 1274 541; x_wconf 87' lang='lat' dir='ltr'><strong>Didymiani</strong></span> <span class='ocrx_word' id='word_1_483' title='bbox 1292 511 1352 540; x_wconf 88' lang='lat' dir='ltr'><strong>post</strong></span> <span class='ocrx_word' id='word_1_484' title='bbox 1377 512 1491 534; x_wconf 90' lang='lat' dir='ltr'><strong>mortem</strong></span> <span class='ocrx_word' id='word_1_485' title='bbox 1516 507 1634 534; x_wconf 86' lang='lat' dir='ltr'><strong>nominis</strong></span> <span class='ocrx_word' id='word_1_486' title='bbox 1649 507 1766 534; x_wconf 89' lang='lat' dir='ltr'><strong>historia</strong></span> 
     </span>
    </p>
   </div>
   <div class='ocr_carea' id='block_1_70' title="bbox 969 552 1551 588">
    <p class='ocr_par' dir='ltr' id='par_1_70' title="bbox 969 552 1551 588">
     <span class='ocr_line' id='line_1_70' title="bbox 969 552 1551 588; baseline 0.005 -11"><span class='ocrx_word' id='word_1_487' title='bbox 969 552 1048 586; x_wconf 84' lang='lat' dir='ltr'><strong>paulo</strong></span> <span class='ocrx_word' id='word_1_488' title='bbox 1065 553 1219 579; x_wconf 83' lang='lat' dir='ltr'><strong>acettratius</strong></span> <span class='ocrx_word' id='word_1_489' title='bbox 1233 553 1339 586; x_wconf 76' lang='lat' dir='ltr'><strong>cognita</strong></span> <span class='ocrx_word' id='word_1_490' title='bbox 1361 560 1392 579; x_wconf 88' lang='lat' dir='ltr'><strong>ac</strong></span> <span class='ocrx_word' id='word_1_491' title='bbox 1406 559 1551 588; x_wconf 88' lang='lat' dir='ltr'><strong>perpensa.</strong></span> 
     </span>
    </p>
   </div>
   <div class='ocr_carea' id='block_1_71' title="bbox 1004 596 1763 633">
    <p class='ocr_par' dir='ltr' id='par_1_71' title="bbox 1004 596 1763 633">
     <span class='ocr_line' id='line_1_71' title="bbox 1004 596 1763 633; baseline 0.003 -10"><span class='ocrx_word' id='word_1_492' title='bbox 1004 596 1117 624; x_wconf 81' lang='lat' dir='ltr'><strong>Constat</strong></span> <span class='ocrx_word' id='word_1_493' title='bbox 1141 597 1225 629; x_wconf 90' lang='lat' dir='ltr'><strong>enim,</strong></span> <span class='ocrx_word' id='word_1_494' title='bbox 1254 597 1408 632; x_wconf 84' lang='lat' dir='ltr'><strong>Didymum,</strong></span> <span class='ocrx_word' id='word_1_495' title='bbox 1433 598 1495 624; x_wconf 85' lang='lat' dir='ltr'><strong>dum</strong></span> <span class='ocrx_word' id='word_1_496' title='bbox 1526 598 1626 625; x_wconf 82' lang='lat' dir='ltr'><strong>viveret</strong></span> <span class='ocrx_word' id='word_1_497' title='bbox 1642 599 1763 633; x_wconf 86' lang='lat' dir='ltr'><strong>quidem,</strong></span> 
     </span>
    </p>
   </div>
   <div class='ocr_carea' id='block_1_72' title="bbox 970 642 1767 675">
    <p class='ocr_par' dir='ltr' id='par_1_72' title="bbox 970 642 1767 675">
     <span class='ocr_line' id='line_1_72' title="bbox 970 642 1767 675; baseline 0.005 -8"><span class='ocrx_word' id='word_1_498' title='bbox 970 642 1039 674; x_wconf 84' lang='lat' dir='ltr'><strong>apud</strong></span> <span class='ocrx_word' id='word_1_499' title='bbox 1057 649 1152 668; x_wconf 84' lang='lat' dir='ltr'><strong>omnes</strong></span> <span class='ocrx_word' id='word_1_500' title='bbox 1168 642 1222 668; x_wconf 84' lang='lat' dir='ltr'><strong>fere</strong></span> <span class='ocrx_word' id='word_1_501' title='bbox 1235 642 1412 675; x_wconf 70' lang='lat' dir='ltr'><strong>intemeratae,</strong></span> <span class='ocrx_word' id='word_1_502' title='bbox 1438 642 1492 669; x_wconf 92' lang='lat' dir='ltr'><strong>imo</strong></span> <span class='ocrx_word' id='word_1_503' title='bbox 1523 644 1624 671; x_wconf 86' lang='lat' dir='ltr'><strong>acriter</strong></span> <span class='ocrx_word' id='word_1_504' title='bbox 1648 644 1767 671; x_wconf 70' lang='lat' dir='ltr'><strong>defensa:</strong></span> 
     </span>
    </p>
   </div>
   <div class='ocr_carea' id='block_1_73' title="bbox 970 687 1764 719">
    <p class='ocr_par' dir='ltr' id='par_1_73' title="bbox 970 687 1764 719">
     <span class='ocr_line' id='line_1_73' title="bbox 970 687 1764 719; baseline 0.006 -7"><span class='ocrx_word' id='word_1_505' title='bbox 970 687 1137 713; x_wconf 71' lang='lat' dir='ltr'><strong>orthodoxirc</strong></span> <span class='ocrx_word' id='word_1_506' title='bbox 1154 687 1232 713; x_wconf 84' lang='lat' dir='ltr'><strong>laude</strong></span> <span class='ocrx_word' id='word_1_507' title='bbox 1258 687 1391 719; x_wconf 77' lang='lat' dir='ltr'><strong>ﬂoruisse,</strong></span> <span class='ocrx_word' id='word_1_508' title='bbox 1417 689 1542 716; x_wconf 88' lang='lat' dir='ltr'><strong>eumdem</strong></span> <span class='ocrx_word' id='word_1_509' title='bbox 1574 695 1664 716; x_wconf 85' lang='lat' dir='ltr'><strong>tamen</strong></span> <span class='ocrx_word' id='word_1_510' title='bbox 1692 690 1764 717; x_wconf 84' lang='lat' dir='ltr'><strong>haud</strong></span> 
     </span>
    </p>
   </div>
   <div class='ocr_carea' id='block_1_74' title="bbox 971 733 1768 768">
    <p class='ocr_par' dir='ltr' id='par_1_74' title="bbox 971 733 1768 768">
     <span class='ocr_line' id='line_1_74' title="bbox 971 733 1768 768; baseline 0.006 -11"><span class='ocrx_word' id='word_1_511' title='bbox 971 733 1054 759; x_wconf 88' lang='lat' dir='ltr'><strong>mttlto</strong></span> <span class='ocrx_word' id='word_1_512' title='bbox 1074 738 1134 766; x_wconf 85' lang='lat' dir='ltr'><strong>post</strong></span> <span class='ocrx_word' id='word_1_513' title='bbox 1152 737 1264 759; x_wconf 87' lang='lat' dir='ltr'><strong>mortem</strong></span> <span class='ocrx_word' id='word_1_514' title='bbox 1279 740 1339 759; x_wconf 88' lang='lat' dir='ltr'><strong>cum</strong></span> <span class='ocrx_word' id='word_1_515' title='bbox 1355 733 1481 767; x_wconf 75' lang='lat' dir='ltr'><strong>Origene,</strong></span> <span class='ocrx_word' id='word_1_516' title='bbox 1499 741 1578 768; x_wconf 83' lang='lat' dir='ltr'><strong>quem</strong></span> <span class='ocrx_word' id='word_1_517' title='bbox 1604 734 1630 761; x_wconf 93' lang='lat' dir='ltr'><strong>in</strong></span> <span class='ocrx_word' id='word_1_518' title='bbox 1660 735 1768 762; x_wconf 88' lang='lat' dir='ltr'><strong>theolo-</strong></span> 
     </span>
    </p>
   </div>
   <div class='ocr_carea' id='block_1_75' title="bbox 971 778 1766 812">
    <p class='ocr_par' dir='ltr' id='par_1_75' title="bbox 971 778 1766 812">
     <span class='ocr_line' id='line_1_75' title="bbox 971 778 1766 812; baseline 0.006 -9"><span class='ocrx_word' id='word_1_519' title='bbox 971 778 1012 812; x_wconf 83' lang='lat' dir='ltr'><strong>gia</strong></span> <span class='ocrx_word' id='word_1_520' title='bbox 1027 783 1147 805; x_wconf 82' lang='lat' dir='ltr'><strong>sectatus</strong></span> <span class='ocrx_word' id='word_1_521' title='bbox 1160 783 1202 805; x_wconf 89' lang='lat' dir='ltr'><strong>est</strong></span> <span class='ocrx_word' id='word_1_522' title='bbox 1218 779 1346 810; x_wconf 79' lang='lat' dir='ltr'><strong>maxime,</strong></span> <span class='ocrx_word' id='word_1_523' title='bbox 1363 779 1456 806; x_wconf 86' lang='lat' dir='ltr'><strong>eadem</strong></span> <span class='ocrx_word' id='word_1_524' title='bbox 1471 784 1623 807; x_wconf 87' lang='lat' dir='ltr'><strong>contactum</strong></span> <span class='ocrx_word' id='word_1_525' title='bbox 1640 788 1699 808; x_wconf 86' lang='lat' dir='ltr'><strong>esse</strong></span> <span class='ocrx_word' id='word_1_526' title='bbox 1713 781 1766 809; x_wconf 86' lang='lat' dir='ltr'><strong>hac</strong></span> 
     </span>
    </p>
   </div>
   <div class='ocr_carea' id='block_1_76' title="bbox 973 823 1766 858">
    <p class='ocr_par' dir='ltr' id='par_1_76' title="bbox 973 823 1766 858">
     <span class='ocr_line' id='line_1_76' title="bbox 973 823 1766 858; baseline 0.005 -8"><span class='ocrx_word' id='word_1_527' title='bbox 973 828 1046 850; x_wconf 87' lang='lat' dir='ltr'><strong>sorte</strong></span> <span class='ocrx_word' id='word_1_528' title='bbox 1063 823 1165 857; x_wconf 82' lang='lat' dir='ltr'><strong>iniqua,</strong></span> <span class='ocrx_word' id='word_1_529' title='bbox 1180 828 1208 850; x_wconf 91' lang='lat' dir='ltr'><strong>ut</strong></span> <span class='ocrx_word' id='word_1_530' title='bbox 1233 823 1303 858; x_wconf 88' lang='lat' dir='ltr'><strong>apttd</strong></span> <span class='ocrx_word' id='word_1_531' title='bbox 1321 824 1418 850; x_wconf 87' lang='lat' dir='ltr'><strong>anxios</strong></span> <span class='ocrx_word' id='word_1_532' title='bbox 1437 825 1606 852; x_wconf 75' lang='lat' dir='ltr'><strong>orthodoxize</strong></span> <span class='ocrx_word' id='word_1_533' title='bbox 1630 827 1766 854; x_wconf 87' lang='lat' dir='ltr'><strong>ecclesia-</strong></span> 
     </span>
    </p>
   </div>
   <div class='ocr_carea' id='block_1_77' title="bbox 933 865 1767 906">
    <p class='ocr_par' dir='ltr' id='par_1_77' title="bbox 933 865 1767 906">
     <span class='ocr_line' id='line_1_77' title="bbox 933 865 1767 906; baseline 0.008 -14"><span class='ocrx_word' id='word_1_534' title='bbox 933 865 953 892; x_wconf 81' lang='grc' dir='ltr'><strong>Β</strong></span> <span class='ocrx_word' id='word_1_535' title='bbox 967 871 1042 895; x_wconf 77' lang='lat' dir='ltr'><strong>sticte</strong></span> <span class='ocrx_word' id='word_1_536' title='bbox 1060 874 1187 903; x_wconf 85' lang='lat' dir='ltr'><strong>patronos</strong></span> <span class='ocrx_word' id='word_1_537' title='bbox 1197 874 1307 903; x_wconf 89' lang='lat' dir='ltr'><strong>propter</strong></span> <span class='ocrx_word' id='word_1_538' title='bbox 1323 870 1477 902; x_wconf 83' lang='lat' dir='ltr'><strong>nonnullas,</strong></span> <span class='ocrx_word' id='word_1_539' title='bbox 1491 878 1558 904; x_wconf 85' lang='lat' dir='ltr'><strong>quas</strong></span> <span class='ocrx_word' id='word_1_540' title='bbox 1573 871 1681 906; x_wconf 84' lang='lat' dir='ltr'><strong>scriptis</strong></span> <span class='ocrx_word' id='word_1_541' title='bbox 1709 873 1767 899; x_wconf 87' lang='lat' dir='ltr'><strong>suis</strong></span> 
     </span>
    </p>
   </div>
   <div class='ocr_carea' id='block_1_78' title="bbox 971 914 1764 950">
    <p class='ocr_par' dir='ltr' id='par_1_78' title="bbox 971 914 1764 950">
     <span class='ocr_line' id='line_1_78' title="bbox 971 914 1764 950; baseline 0.004 -9"><span class='ocrx_word' id='word_1_542' title='bbox 971 914 1148 946; x_wconf 81' lang='lat' dir='ltr'><strong>declarasset,</strong></span> <span class='ocrx_word' id='word_1_543' title='bbox 1179 915 1321 948; x_wconf 87' lang='lat' dir='ltr'><strong>opiniones</strong></span> <span class='ocrx_word' id='word_1_544' title='bbox 1349 915 1528 950; x_wconf 80' lang='lat' dir='ltr'><strong>Origeniauas</strong></span> <span class='ocrx_word' id='word_1_545' title='bbox 1559 917 1628 944; x_wconf 90' lang='lat' dir='ltr'><strong>male</strong></span> <span class='ocrx_word' id='word_1_546' title='bbox 1647 919 1764 950; x_wconf 81' lang='lat' dir='ltr'><strong>audiret.</strong></span> 
     </span>
    </p>
   </div>
   <div class='ocr_carea' id='block_1_79' title="bbox 972 959 1765 1000">
    <p class='ocr_par' dir='ltr' id='par_1_79' title="bbox 972 959 1765 1000">
     <span class='ocr_line' id='line_1_79' title="bbox 972 959 1765 1000; baseline 0.008 -14"><span class='ocrx_word' id='word_1_547' title='bbox 972 959 998 986; x_wconf 93' lang='lat' dir='ltr'><strong>in</strong></span> <span class='ocrx_word' id='word_1_548' title='bbox 1017 960 1120 986; x_wconf 87' lang='lat' dir='ltr'><strong>crimen</strong></span> <span class='ocrx_word' id='word_1_549' title='bbox 1137 965 1248 988; x_wconf 84' lang='lat' dir='ltr'><strong>vocatus</strong></span> <span class='ocrx_word' id='word_1_550' title='bbox 1263 961 1407 989; x_wconf 59' lang='lat' dir='ltr'><strong>haereseos.</strong></span> <span class='ocrx_word' id='word_1_551' title='bbox 1421 961 1479 996; x_wconf 88' lang='lat' dir='ltr'><strong>Ipse</strong></span> <span class='ocrx_word' id='word_1_552' title='bbox 1490 964 1557 990; x_wconf 88' lang='lat' dir='ltr'><strong>adeo</strong></span> <span class='ocrx_word' id='word_1_553' title='bbox 1571 963 1765 1000; x_wconf 80' lang='lat' dir='ltr'><strong>Hieronymus.</strong></span> 
     </span>
    </p>
   </div>
   <div class='ocr_carea' id='block_1_80' title="bbox 971 1005 1767 1040">
    <p class='ocr_par' dir='ltr' id='par_1_80' title="bbox 971 1005 1767 1040">
     <span class='ocr_line' id='line_1_80' title="bbox 971 1005 1767 1040; baseline 0.006 -9"><span class='ocrx_word' id='word_1_554' title='bbox 971 1005 1095 1039; x_wconf 87' lang='lat' dir='ltr'><strong>quamvis</strong></span> <span class='ocrx_word' id='word_1_555' title='bbox 1118 1005 1223 1040; x_wconf 88' lang='lat' dir='ltr'><strong>Didymi</strong></span> <span class='ocrx_word' id='word_1_556' title='bbox 1253 1006 1316 1033; x_wconf 87' lang='lat' dir='ltr'><strong>olim</strong></span> <span class='ocrx_word' id='word_1_557' title='bbox 1346 1007 1454 1034; x_wconf 90' lang='lat' dir='ltr'><strong>attditor</strong></span> <span class='ocrx_word' id='word_1_558' title='bbox 1480 1012 1506 1034; x_wconf 89' lang='lat' dir='ltr'><strong>et</strong></span> <span class='ocrx_word' id='word_1_559' title='bbox 1532 1008 1690 1040; x_wconf 86' lang='lat' dir='ltr'><strong>admirator,</strong></span> <span class='ocrx_word' id='word_1_560' title='bbox 1710 1010 1767 1037; x_wconf 90' lang='lat' dir='ltr'><strong>imo</strong></span> 
     </span>
    </p>
   </div>
   <div class='ocr_carea' id='block_1_81' title="bbox 972 1050 1765 1087">
    <p class='ocr_par' dir='ltr' id='par_1_81' title="bbox 972 1050 1765 1087">
     <span class='ocr_line' id='line_1_81' title="bbox 972 1050 1765 1087; baseline 0.008 -11"><span class='ocrx_word' id='word_1_561' title='bbox 972 1050 1086 1083; x_wconf 86' lang='lat' dir='ltr'><strong>amicus,</strong></span> <span class='ocrx_word' id='word_1_562' title='bbox 1104 1050 1216 1086; x_wconf 84' lang='lat' dir='ltr'><strong>ejusque</strong></span> <span class='ocrx_word' id='word_1_563' title='bbox 1230 1052 1300 1086; x_wconf 85' lang='lat' dir='ltr'><strong>apud</strong></span> <span class='ocrx_word' id='word_1_564' title='bbox 1314 1052 1424 1079; x_wconf 85' lang='lat' dir='ltr'><strong>Latinos</strong></span> <span class='ocrx_word' id='word_1_565' title='bbox 1442 1054 1585 1087; x_wconf 80' lang='lat' dir='ltr'><strong>interpres.</strong></span> <span class='ocrx_word' id='word_1_566' title='bbox 1600 1059 1688 1081; x_wconf 67' lang='lat' dir='ltr'><strong>tamen</strong></span> <span class='ocrx_word' id='word_1_567' title='bbox 1702 1063 1765 1082; x_wconf 86' lang='lat' dir='ltr'><strong>cum</strong></span> 
     </span>
    </p>
   </div>
   <div class='ocr_carea' id='block_1_82' title="bbox 971 1097 1766 1135">
    <p class='ocr_par' dir='ltr' id='par_1_82' title="bbox 971 1097 1766 1135">
     <span class='ocr_line' id='line_1_82' title="bbox 971 1097 1766 1135; baseline 0.006 -13"><span class='ocrx_word' id='word_1_568' title='bbox 971 1103 1048 1123; x_wconf 78' lang='lat' dir='ltr'><strong>suam</strong></span> <span class='ocrx_word' id='word_1_569' title='bbox 1065 1097 1233 1124; x_wconf 75' lang='lat' dir='ltr'><strong>Orthodoxize</strong></span> <span class='ocrx_word' id='word_1_570' title='bbox 1249 1097 1347 1124; x_wconf 86' lang='lat' dir='ltr'><strong>famam</strong></span> <span class='ocrx_word' id='word_1_571' title='bbox 1365 1099 1496 1125; x_wconf 87' lang='lat' dir='ltr'><strong>adversus</strong></span> <span class='ocrx_word' id='word_1_572' title='bbox 1509 1099 1636 1126; x_wconf 76' lang='lat' dir='ltr'><strong>Rufinum</strong></span> <span class='ocrx_word' id='word_1_573' title='bbox 1655 1101 1766 1135; x_wconf 82' lang='lat' dir='ltr'><strong>pericli-</strong></span> 
     </span>
    </p>
   </div>
   <div class='ocr_carea' id='block_1_83' title="bbox 973 1143 1766 1179">
    <p class='ocr_par' dir='ltr' id='par_1_83' title="bbox 973 1143 1766 1179">
     <span class='ocr_line' id='line_1_83' title="bbox 973 1143 1766 1179; baseline 0.004 -10"><span class='ocrx_word' id='word_1_574' title='bbox 973 1147 1072 1169; x_wconf 86' lang='lat' dir='ltr'><strong>tantem</strong></span> <span class='ocrx_word' id='word_1_575' title='bbox 1101 1143 1216 1177; x_wconf 86' lang='lat' dir='ltr'><strong>videret,</strong></span> <span class='ocrx_word' id='word_1_576' title='bbox 1242 1144 1338 1171; x_wconf 88' lang='lat' dir='ltr'><strong>maluit.</strong></span> <span class='ocrx_word' id='word_1_577' title='bbox 1362 1145 1484 1179; x_wconf 82' lang='lat' dir='ltr'><strong>magistri</strong></span> <span class='ocrx_word' id='word_1_578' title='bbox 1509 1145 1607 1172; x_wconf 87' lang='lat' dir='ltr'><strong>famam</strong></span> <span class='ocrx_word' id='word_1_579' title='bbox 1631 1147 1766 1174; x_wconf 80' lang='lat' dir='ltr'><strong>hactenus</strong></span> 
     </span>
    </p>
   </div>
   <div class='ocr_carea' id='block_1_84' title="bbox 972 1187 1764 1224">
    <p class='ocr_par' dir='ltr' id='par_1_84' title="bbox 972 1187 1764 1224">
     <span class='ocr_line' id='line_1_84' title="bbox 972 1187 1764 1224; baseline 0.005 -10"><span class='ocrx_word' id='word_1_580' title='bbox 972 1187 1103 1215; x_wconf 83' lang='lat' dir='ltr'><strong>intactam</strong></span> <span class='ocrx_word' id='word_1_581' title='bbox 1135 1188 1161 1215; x_wconf 92' lang='lat' dir='ltr'><strong>in</strong></span> <span class='ocrx_word' id='word_1_582' title='bbox 1189 1189 1331 1216; x_wconf 82' lang='lat' dir='ltr'><strong>discrimen</strong></span> <span class='ocrx_word' id='word_1_583' title='bbox 1358 1191 1540 1222; x_wconf 79' lang='lat' dir='ltr'><strong>committere,</strong></span> <span class='ocrx_word' id='word_1_584' title='bbox 1569 1191 1620 1218; x_wconf 87' lang='lat' dir='ltr'><strong>sibi</strong></span> <span class='ocrx_word' id='word_1_585' title='bbox 1648 1193 1764 1224; x_wconf 89' lang='lat' dir='ltr'><strong>cautior,</strong></span> 
     </span>
    </p>
   </div>
   <div class='ocr_carea' id='block_1_85' title="bbox 972 1233 1765 1272">
    <p class='ocr_par' dir='ltr' id='par_1_85' title="bbox 972 1233 1765 1272">
     <span class='ocr_line' id='line_1_85' title="bbox 972 1233 1765 1272; baseline 0.006 -12"><span class='ocrx_word' id='word_1_586' title='bbox 972 1240 1052 1268; x_wconf 86' lang='lat' dir='ltr'><strong>quam</strong></span> <span class='ocrx_word' id='word_1_587' title='bbox 1081 1233 1241 1267; x_wconf 80' lang='lat' dir='ltr'><strong>defendere;</strong></span> <span class='ocrx_word' id='word_1_588' title='bbox 1271 1235 1324 1262; x_wconf 90' lang='lat' dir='ltr'><strong>imo</strong></span> <span class='ocrx_word' id='word_1_589' title='bbox 1350 1236 1454 1269; x_wconf 86' lang='lat' dir='ltr'><strong>primus</strong></span> <span class='ocrx_word' id='word_1_590' title='bbox 1481 1236 1526 1263; x_wconf 88' lang='lat' dir='ltr'><strong>ille</strong></span> <span class='ocrx_word' id='word_1_591' title='bbox 1551 1237 1765 1272; x_wconf 75' lang='lat' dir='ltr'><strong>crepitejusdem</strong></span> 
     </span>
    </p>
   </div>
   <div class='ocr_carea' id='block_1_86' title="bbox 974 1279 1767 1318">
    <p class='ocr_par' dir='ltr' id='par_1_86' title="bbox 974 1279 1767 1318">
     <span class='ocr_line' id='line_1_86' title="bbox 974 1279 1767 1318; baseline 0.006 -12"><span class='ocrx_word' id='word_1_592' title='bbox 974 1280 1118 1314; x_wconf 86' lang='lat' dir='ltr'><strong>opiniones</strong></span> <span class='ocrx_word' id='word_1_593' title='bbox 1137 1279 1318 1315; x_wconf 81' lang='lat' dir='ltr'><strong>Origenianas</strong></span> <span class='ocrx_word' id='word_1_594' title='bbox 1344 1283 1492 1317; x_wconf 77' lang='lat' dir='ltr'><strong>exagitare.</strong></span> <span class='ocrx_word' id='word_1_595' title='bbox 1521 1282 1677 1318; x_wconf 87' lang='lat' dir='ltr'><strong>Ilieronymi</strong></span> <span class='ocrx_word' id='word_1_596' title='bbox 1701 1291 1767 1311; x_wconf 81' lang='lat' dir='ltr'><strong>vero</strong></span> 
     </span>
    </p>
   </div>
   <div class='ocr_carea' id='block_1_87' title="bbox 973 1326 1767 1360">
    <p class='ocr_par' dir='ltr' id='par_1_87' title="bbox 973 1326 1767 1360">
     <span class='ocr_line' id='line_1_87' title="bbox 973 1326 1767 1360; baseline 0.006 -7"><span class='ocrx_word' id='word_1_597' title='bbox 973 1326 1122 1357; x_wconf 74' lang='lat' dir='ltr'><strong>auctoritas</strong></span> <span class='ocrx_word' id='word_1_598' title='bbox 1137 1332 1268 1360; x_wconf 87' lang='lat' dir='ltr'><strong>quantum</strong></span> <span class='ocrx_word' id='word_1_599' title='bbox 1288 1327 1314 1353; x_wconf 88' lang='lat' dir='ltr'><strong>in</strong></span> <span class='ocrx_word' id='word_1_600' title='bbox 1331 1328 1500 1356; x_wconf 66' lang='lat' dir='ltr'><strong>mstimaudis</strong></span> <span class='ocrx_word' id='word_1_601' title='bbox 1517 1329 1645 1357; x_wconf 64' lang='lat' dir='ltr'><strong>Ecclesiae</strong></span> <span class='ocrx_word' id='word_1_602' title='bbox 1673 1331 1767 1358; x_wconf 87' lang='lat' dir='ltr'><strong>docto-</strong></span> 
     </span>
    </p>
   </div>
   <div class='ocr_carea' id='block_1_88' title="bbox 974 1371 1764 1408">
    <p class='ocr_par' dir='ltr' id='par_1_88' title="bbox 974 1371 1764 1408">
     <span class='ocr_line' id='line_1_88' title="bbox 974 1371 1764 1408; baseline 0.006 -10"><span class='ocrx_word' id='word_1_603' title='bbox 974 1371 1050 1399; x_wconf 85' lang='lat' dir='ltr'><strong>ribus</strong></span> <span class='ocrx_word' id='word_1_604' title='bbox 1067 1372 1137 1406; x_wconf 87' lang='lat' dir='ltr'><strong>apud</strong></span> <span class='ocrx_word' id='word_1_605' title='bbox 1150 1372 1314 1407; x_wconf 79' lang='lat' dir='ltr'><strong>suspiciosus</strong></span> <span class='ocrx_word' id='word_1_606' title='bbox 1327 1373 1406 1401; x_wconf 87' lang='lat' dir='ltr'><strong>istius</strong></span> <span class='ocrx_word' id='word_1_607' title='bbox 1420 1374 1509 1401; x_wconf 70' lang='lat' dir='ltr'><strong>artatis</strong></span> <span class='ocrx_word' id='word_1_608' title='bbox 1535 1383 1615 1402; x_wconf 89' lang='lat' dir='ltr'><strong>aures</strong></span> <span class='ocrx_word' id='word_1_609' title='bbox 1639 1375 1764 1408; x_wconf 86' lang='lat' dir='ltr'><strong>valuerit,</strong></span> 
     </span>
    </p>
   </div>
   <div class='ocr_carea' id='block_1_89' title="bbox 973 1417 1767 1453">
    <p class='ocr_par' dir='ltr' id='par_1_89' title="bbox 973 1417 1767 1453">
     <span class='ocr_line' id='line_1_89' title="bbox 973 1417 1767 1453; baseline 0.006 -9"><span class='ocrx_word' id='word_1_610' title='bbox 973 1417 1061 1444; x_wconf 87' lang='lat' dir='ltr'><strong>nescit</strong></span> <span class='ocrx_word' id='word_1_611' title='bbox 1075 1425 1166 1445; x_wconf 89' lang='lat' dir='ltr'><strong>nemo.</strong></span> <span class='ocrx_word' id='word_1_612' title='bbox 1192 1419 1317 1445; x_wconf 83' lang='lat' dir='ltr'><strong>Attamen</strong></span> <span class='ocrx_word' id='word_1_613' title='bbox 1348 1419 1505 1453; x_wconf 82' lang='lat' dir='ltr'><strong>aliquandiu</strong></span> <span class='ocrx_word' id='word_1_614' title='bbox 1527 1421 1767 1449; x_wconf 79' lang='lat' dir='ltr'><strong>criminationibus</strong></span> 
     </span>
    </p>
   </div>
   <div class='ocr_carea' id='block_1_90' title="bbox 973 1464 1767 1503">
    <p class='ocr_par' dir='ltr' id='par_1_90' title="bbox 973 1464 1767 1503">
     <span class='ocr_line' id='line_1_90' title="bbox 973 1464 1767 1503; baseline 0.005 -12"><span class='ocrx_word' id='word_1_615' title='bbox 973 1464 1087 1492; x_wconf 85' lang='lat' dir='ltr'><strong>subinde</strong></span> <span class='ocrx_word' id='word_1_616' title='bbox 1105 1465 1209 1492; x_wconf 84' lang='lat' dir='ltr'><strong>iteratis</strong></span> <span class='ocrx_word' id='word_1_617' title='bbox 1235 1465 1335 1492; x_wconf 88' lang='lat' dir='ltr'><strong>restitit</strong></span> <span class='ocrx_word' id='word_1_618' title='bbox 1360 1465 1444 1500; x_wconf 75' lang='lat' dir='ltr'><strong>gloria</strong></span> <span class='ocrx_word' id='word_1_619' title='bbox 1473 1465 1589 1501; x_wconf 88' lang='lat' dir='ltr'><strong>Didymi,</strong></span> <span class='ocrx_word' id='word_1_620' title='bbox 1615 1474 1767 1503; x_wconf 87' lang='lat' dir='ltr'><strong>nomenque</strong></span> 
     </span>
    </p>
   </div>
   <div class='ocr_carea' id='block_1_91' title="bbox 975 1511 1769 1547">
    <p class='ocr_par' dir='ltr' id='par_1_91' title="bbox 975 1511 1769 1547">
     <span class='ocr_line' id='line_1_91' title="bbox 975 1511 1769 1547; baseline 0.003 -9"><span class='ocrx_word' id='word_1_621' title='bbox 975 1517 1084 1545; x_wconf 88' lang='lat' dir='ltr'><strong>propter</strong></span> <span class='ocrx_word' id='word_1_622' title='bbox 1093 1511 1221 1546; x_wconf 89' lang='lat' dir='ltr'><strong>pietatctn</strong></span> <span class='ocrx_word' id='word_1_623' title='bbox 1237 1511 1292 1538; x_wconf 92' lang='lat' dir='ltr'><strong>fere</strong></span> <span class='ocrx_word' id='word_1_624' title='bbox 1306 1516 1441 1539; x_wconf 88' lang='lat' dir='ltr'><strong>sanctum.</strong></span> <span class='ocrx_word' id='word_1_625' title='bbox 1454 1511 1599 1547; x_wconf 82' lang='lat' dir='ltr'><strong>Postquam</strong></span> <span class='ocrx_word' id='word_1_626' title='bbox 1613 1521 1674 1541; x_wconf 88' lang='lat' dir='ltr'><strong>vero</strong></span> <span class='ocrx_word' id='word_1_627' title='bbox 1683 1512 1769 1540; x_wconf 84' lang='lat' dir='ltr'><strong>Justi-</strong></span> 
     </span>
    </p>
   </div>
   <div class='ocr_carea' id='block_1_92' title="bbox 975 1557 1769 1591">
    <p class='ocr_par' dir='ltr' id='par_1_92' title="bbox 975 1557 1769 1591">
     <span class='ocr_line' id='line_1_92' title="bbox 975 1557 1769 1591; baseline 0.005 -8"><span class='ocrx_word' id='word_1_628' title='bbox 975 1557 1072 1584; x_wconf 86' lang='lat' dir='ltr'><strong>nianus</strong></span> <span class='ocrx_word' id='word_1_629' title='bbox 1090 1558 1247 1591; x_wconf 86' lang='lat' dir='ltr'><strong>imperator,</strong></span> <span class='ocrx_word' id='word_1_630' title='bbox 1263 1558 1412 1585; x_wconf 83' lang='lat' dir='ltr'><strong>acerrimus</strong></span> <span class='ocrx_word' id='word_1_631' title='bbox 1432 1559 1483 1586; x_wconf 85' lang='lat' dir='ltr'><strong>iste</strong></span> <span class='ocrx_word' id='word_1_632' title='bbox 1500 1559 1669 1587; x_wconf 77' lang='lat' dir='ltr'><strong>ortltodoxia:</strong></span> <span class='ocrx_word' id='word_1_633' title='bbox 1681 1560 1769 1588; x_wconf 75' lang='lat' dir='ltr'><strong>eccle-</strong></span> 
     </span>
    </p>
   </div>
   <div class='ocr_carea' id='block_1_93' title="bbox 973 1602 1768 1641">
    <p class='ocr_par' dir='ltr' id='par_1_93' title="bbox 973 1602 1768 1641">
     <span class='ocr_line' id='line_1_93' title="bbox 973 1602 1768 1641; baseline 0.004 -11"><span class='ocrx_word' id='word_1_634' title='bbox 973 1602 1089 1630; x_wconf 69' lang='lat' dir='ltr'><strong>siastictr</strong></span> <span class='ocrx_word' id='word_1_635' title='bbox 1103 1603 1144 1630; x_wconf 82' lang='lat' dir='ltr'><strong>vel</strong></span> <span class='ocrx_word' id='word_1_636' title='bbox 1161 1604 1249 1638; x_wconf 89' lang='lat' dir='ltr'><strong>potius</strong></span> <span class='ocrx_word' id='word_1_637' title='bbox 1261 1604 1356 1631; x_wconf 67' lang='lat' dir='ltr'><strong>aulica:</strong></span> <span class='ocrx_word' id='word_1_638' title='bbox 1370 1604 1477 1638; x_wconf 85' lang='lat' dir='ltr'><strong>vindex,</strong></span> <span class='ocrx_word' id='word_1_639' title='bbox 1490 1604 1583 1632; x_wconf 84' lang='lat' dir='ltr'><strong>litibus</strong></span> <span class='ocrx_word' id='word_1_640' title='bbox 1598 1605 1768 1641; x_wconf 78' lang='lat' dir='ltr'><strong>Origenianis</strong></span> 
     </span>
    </p>
   </div>
   <div class='ocr_carea' id='block_1_94' title="bbox 974 1649 1767 1684">
    <p class='ocr_par' dir='ltr' id='par_1_94' title="bbox 974 1649 1767 1684">
     <span class='ocr_line' id='line_1_94' title="bbox 974 1649 1767 1684; baseline 0.005 -10"><span class='ocrx_word' id='word_1_641' title='bbox 974 1653 1038 1676; x_wconf 91' lang='lat' dir='ltr'><strong>tunc</strong></span> <span class='ocrx_word' id='word_1_642' title='bbox 1054 1649 1183 1683; x_wconf 90' lang='lat' dir='ltr'><strong>tetnporis</strong></span> <span class='ocrx_word' id='word_1_643' title='bbox 1199 1650 1390 1676; x_wconf 81' lang='lat' dir='ltr'><strong>miserabiliter</strong></span> <span class='ocrx_word' id='word_1_644' title='bbox 1409 1650 1609 1684; x_wconf 77' lang='lat' dir='ltr'><strong>redintegratis,</strong></span> <span class='ocrx_word' id='word_1_645' title='bbox 1625 1651 1650 1678; x_wconf 88' lang='lat' dir='ltr'><strong>itt</strong></span> <span class='ocrx_word' id='word_1_646' title='bbox 1663 1650 1767 1679; x_wconf 86' lang='lat' dir='ltr'><strong>famosa</strong></span> 
     </span>
    </p>
   </div>
   <div class='ocr_carea' id='block_1_95' title="bbox 973 1695 1769 1730">
    <p class='ocr_par' dir='ltr' id='par_1_95' title="bbox 973 1695 1769 1730">
     <span class='ocr_line' id='line_1_95' title="bbox 973 1695 1769 1730; baseline 0.004 -9"><span class='ocrx_word' id='word_1_647' title='bbox 973 1695 1017 1721; x_wconf 90' lang='lat' dir='ltr'><strong>iIIa</strong></span> <span class='ocrx_word' id='word_1_648' title='bbox 1035 1695 1149 1728; x_wconf 86' lang='lat' dir='ltr'><strong>epistola</strong></span> <span class='ocrx_word' id='word_1_649' title='bbox 1162 1696 1194 1721; x_wconf 89' lang='lat' dir='ltr'><strong>ad</strong></span> <span class='ocrx_word' id='word_1_650' title='bbox 1210 1695 1332 1722; x_wconf 83' lang='lat' dir='ltr'><strong>Mennam</strong></span> <span class='ocrx_word' id='word_1_651' title='bbox 1360 1696 1595 1730; x_wconf 82' lang='lat' dir='ltr'><strong>archiepiscopum</strong></span> <span class='ocrx_word' id='word_1_652' title='bbox 1611 1697 1769 1724; x_wconf 87' lang='lat' dir='ltr'><strong>Constanti-</strong></span> 
     </span>
    </p>
   </div>
   <div class='ocr_carea' id='block_1_96' title="bbox 947 1741 1769 1779">
    <p class='ocr_par' dir='ltr' id='par_1_96' title="bbox 947 1741 1769 1779">
     <span class='ocr_line' id='line_1_96' title="bbox 947 1741 1769 1779; baseline 0.005 -12"><span class='ocrx_word' id='word_1_653' title='bbox 947 1770 948 1773; x_wconf 29' lang='grc' dir='ltr'><strong>η</strong></span> <span class='ocrx_word' id='word_1_654' title='bbox 973 1741 1063 1776; x_wconf 91' lang='lat' dir='ltr'><strong>nopol.</strong></span> <span class='ocrx_word' id='word_1_655' title='bbox 1077 1741 1139 1768; x_wconf 86' lang='lat' dir='ltr'><strong>data</strong></span> <span class='ocrx_word' id='word_1_656' title='bbox 1162 1743 1292 1769; x_wconf 87' lang='lat' dir='ltr'><strong>adversus</strong></span> <span class='ocrx_word' id='word_1_657' title='bbox 1321 1751 1330 1767; x_wconf 77' lang='grc' dir='ltr'><strong>ι</strong></span> <span class='ocrx_word' id='word_1_658' title='bbox 1351 1742 1461 1777; x_wconf 88' lang='lat' dir='ltr'><strong>itnpiuut</strong></span> <span class='ocrx_word' id='word_1_659' title='bbox 1487 1743 1630 1778; x_wconf 75' lang='lat' dir='ltr'><strong>Origenem</strong></span> <span class='ocrx_word' id='word_1_660' title='bbox 1654 1744 1769 1779; x_wconf 89' lang='lat' dir='ltr'><strong>ejusque</strong></span> 
     </span>
    </p>
   </div>
   <div class='ocr_carea' id='block_1_97' title="bbox 972 1788 1767 1824">
    <p class='ocr_par' dir='ltr' id='par_1_97' title="bbox 972 1788 1767 1824">
     <span class='ocr_line' id='line_1_97' title="bbox 972 1788 1767 1824; baseline 0.005 -11"><span class='ocrx_word' id='word_1_661' title='bbox 972 1791 1120 1814; x_wconf 86' lang='lat' dir='ltr'><strong>sectatores</strong></span> <span class='ocrx_word' id='word_1_662' title='bbox 1138 1797 1147 1813; x_wconf 74' lang='grc' dir='ltr'><strong>ι</strong></span> <span class='ocrx_word' id='word_1_663' title='bbox 1164 1792 1239 1814; x_wconf 88' lang='lat' dir='ltr'><strong>arma</strong></span> <span class='ocrx_word' id='word_1_664' title='bbox 1255 1792 1373 1822; x_wconf 76' lang='lat' dir='ltr'><strong>Ct&#39;pet‘ttl,</strong></span> <span class='ocrx_word' id='word_1_665' title='bbox 1390 1789 1473 1815; x_wconf 87' lang='lat' dir='ltr'><strong>etiam</strong></span> <span class='ocrx_word' id='word_1_666' title='bbox 1492 1788 1619 1824; x_wconf 81' lang='lat' dir='ltr'><strong>Didymus</strong></span> <span class='ocrx_word' id='word_1_667' title='bbox 1635 1795 1726 1817; x_wconf 75' lang='lat' dir='ltr'><strong>noster</strong></span> <span class='ocrx_word' id='word_1_668' title='bbox 1740 1792 1767 1818; x_wconf 90' lang='lat' dir='ltr'><strong>iu</strong></span> 
     </span>
    </p>
   </div>
   <div class='ocr_carea' id='block_1_98' title="bbox 972 1833 1767 1871">
    <p class='ocr_par' dir='ltr' id='par_1_98' title="bbox 972 1833 1767 1871">
     <span class='ocr_line' id='line_1_98' title="bbox 972 1833 1767 1871; baseline 0.004 -12"><span class='ocrx_word' id='word_1_669' title='bbox 972 1833 1074 1868; x_wconf 91' lang='lat' dir='ltr'><strong>synodo</strong></span> <span class='ocrx_word' id='word_1_670' title='bbox 1095 1833 1258 1871; x_wconf 79' lang='grc' dir='ltr'><strong>ὲνδημοὺσῃ,</strong></span> <span class='ocrx_word' id='word_1_671' title='bbox 1282 1834 1453 1869; x_wconf 82' lang='lat' dir='ltr'><strong>imperatoris</strong></span> <span class='ocrx_word' id='word_1_672' title='bbox 1477 1835 1556 1870; x_wconf 87' lang='lat' dir='ltr'><strong>jussu</strong></span> <span class='ocrx_word' id='word_1_673' title='bbox 1583 1841 1675 1863; x_wconf 88' lang='lat' dir='ltr'><strong>coacta</strong></span> <span class='ocrx_word' id='word_1_674' title='bbox 1692 1844 1767 1864; x_wconf 63' lang='lat' dir='ltr'><strong>antu»</strong></span> 
     </span>
    </p>
   </div>
   <div class='ocr_carea' id='block_1_99' title="bbox 971 1879 1770 1919">
    <p class='ocr_par' dir='ltr' id='par_1_99' title="bbox 971 1879 1770 1919">
     <span class='ocr_line' id='line_1_99' title="bbox 971 1879 1770 1919; baseline 0.008 -13"><span class='ocrx_word' id='word_1_675' title='bbox 971 1879 1035 1912; x_wconf 71' lang='lat' dir='ltr'><strong>5M,</strong></span> <span class='ocrx_word' id='word_1_676' title='bbox 1053 1879 1157 1907; x_wconf 83' lang='lat' dir='ltr'><strong>scilicet</strong></span> <span class='ocrx_word' id='word_1_677' title='bbox 1172 1881 1320 1908; x_wconf 88' lang='lat' dir='ltr'><strong>zelatorum</strong></span> <span class='ocrx_word' id='word_1_678' title='bbox 1342 1889 1417 1909; x_wconf 91' lang='lat' dir='ltr'><strong>more</strong></span> <span class='ocrx_word' id='word_1_679' title='bbox 1433 1882 1618 1917; x_wconf 86' lang='lat' dir='ltr'><strong>blasphemiis,</strong></span> <span class='ocrx_word' id='word_1_680' title='bbox 1640 1892 1699 1919; x_wconf 76' lang='lat' dir='ltr'><strong>qua:</strong></span> <span class='ocrx_word' id='word_1_681' title='bbox 1722 1893 1770 1919; x_wconf 84' lang='lat' dir='ltr'><strong>pu-</strong></span> 
     </span>
    </p>
   </div>
   <div class='ocr_carea' id='block_1_100' title="bbox 973 1925 1767 1965">
    <p class='ocr_par' dir='ltr' id='par_1_100' title="bbox 973 1925 1767 1965">
     <span class='ocr_line' id='line_1_100' title="bbox 973 1925 1767 1965; baseline 0.006 -13"><span class='ocrx_word' id='word_1_682' title='bbox 973 1927 1098 1953; x_wconf 87' lang='lat' dir='ltr'><strong>tabantur</strong></span> <span class='ocrx_word' id='word_1_683' title='bbox 1125 1925 1357 1962; x_wconf 77' lang='lat' dir='ltr'><strong>Origenistarutn,</strong></span> <span class='ocrx_word' id='word_1_684' title='bbox 1383 1929 1528 1963; x_wconf 72' lang='lat' dir='ltr'><strong>exagitatis</strong></span> <span class='ocrx_word' id='word_1_685' title='bbox 1561 1930 1648 1965; x_wconf 72' lang='lat' dir='ltr'><strong>magis</strong></span> <span class='ocrx_word' id='word_1_686' title='bbox 1684 1938 1767 1965; x_wconf 89' lang='lat' dir='ltr'><strong>qttant</strong></span> 
     </span>
    </p>
   </div>
   <div class='ocr_carea' id='block_1_101' title="bbox 971 1973 1768 2011">
    <p class='ocr_par' dir='ltr' id='par_1_101' title="bbox 971 1973 1768 2011">
     <span class='ocr_line' id='line_1_101' title="bbox 971 1973 1768 2011; baseline 0.008 -13"><span class='ocrx_word' id='word_1_687' title='bbox 971 1973 1144 2005; x_wconf 84' lang='lat' dir='ltr'><strong>exatniuatis,</strong></span> <span class='ocrx_word' id='word_1_688' title='bbox 1154 1981 1215 2000; x_wconf 92' lang='lat' dir='ltr'><strong>cum</strong></span> <span class='ocrx_word' id='word_1_689' title='bbox 1230 1974 1289 2000; x_wconf 85' lang='lat' dir='ltr'><strong>aliis</strong></span> <span class='ocrx_word' id='word_1_690' title='bbox 1306 1975 1383 2001; x_wconf 90' lang='lat' dir='ltr'><strong>bonis</strong></span> <span class='ocrx_word' id='word_1_691' title='bbox 1393 1975 1459 2002; x_wconf 89' lang='lat' dir='ltr'><strong>viris</strong></span> <span class='ocrx_word' id='word_1_692' title='bbox 1470 1977 1644 2004; x_wconf 83' lang='lat' dir='ltr'><strong>anathemate</strong></span> <span class='ocrx_word' id='word_1_693' title='bbox 1659 1977 1768 2011; x_wconf 89' lang='lat' dir='ltr'><strong>publico</strong></span> 
     </span>
    </p>
   </div>
   <div class='ocr_carea' id='block_1_102' title="bbox 971 2019 1766 2056">
    <p class='ocr_par' dir='ltr' id='par_1_102' title="bbox 971 2019 1766 2056">
     <span class='ocr_line' id='line_1_102' title="bbox 971 2019 1766 2056; baseline 0.008 -12"><span class='ocrx_word' id='word_1_694' title='bbox 971 2023 998 2044; x_wconf 90' lang='lat' dir='ltr'><strong>et</strong></span> <span class='ocrx_word' id='word_1_695' title='bbox 1028 2019 1214 2046; x_wconf 84' lang='lat' dir='ltr'><strong>ecclesiastico</strong></span> <span class='ocrx_word' id='word_1_696' title='bbox 1239 2020 1380 2054; x_wconf 85' lang='lat' dir='ltr'><strong>perculsus</strong></span> <span class='ocrx_word' id='word_1_697' title='bbox 1405 2027 1455 2049; x_wconf 88' lang='lat' dir='ltr'><strong>est.</strong></span> <span class='ocrx_word' id='word_1_698' title='bbox 1485 2022 1571 2056; x_wconf 87' lang='lat' dir='ltr'><strong>Quam</strong></span> <span class='ocrx_word' id='word_1_699' title='bbox 1593 2024 1766 2050; x_wconf 86' lang='lat' dir='ltr'><strong>temerariam</strong></span> 
     </span>
    </p>
   </div>
   <div class='ocr_carea' id='block_1_103' title="bbox 971 2065 1767 2105">
    <p class='ocr_par' dir='ltr' id='par_1_103' title="bbox 971 2065 1767 2105">
     <span class='ocr_line' id='line_1_103' title="bbox 971 2065 1767 2105; baseline 0.008 -14"><span class='ocrx_word' id='word_1_700' title='bbox 971 2065 1184 2099; x_wconf 78' lang='lat' dir='ltr'><strong>Origeuistarum</strong></span> <span class='ocrx_word' id='word_1_701' title='bbox 1201 2067 1454 2095; x_wconf 87' lang='lat' dir='ltr'><strong>condemnationem</strong></span> <span class='ocrx_word' id='word_1_702' title='bbox 1469 2076 1530 2096; x_wconf 90' lang='lat' dir='ltr'><strong>cum</strong></span> <span class='ocrx_word' id='word_1_703' title='bbox 1546 2069 1674 2105; x_wconf 87' lang='lat' dir='ltr'><strong>deinceps</strong></span> <span class='ocrx_word' id='word_1_704' title='bbox 1691 2078 1767 2104; x_wconf 82' lang='lat' dir='ltr'><strong>repe-</strong></span> 
     </span>
    </p>
   </div>
   <div class='ocr_carea' id='block_1_104' title="bbox 973 2112 1767 2150">
    <p class='ocr_par' dir='ltr' id='par_1_104' title="bbox 973 2112 1767 2150">
     <span class='ocr_line' id='line_1_104' title="bbox 973 2112 1767 2150; baseline 0.006 -12"><span class='ocrx_word' id='word_1_705' title='bbox 973 2112 1077 2139; x_wconf 85' lang='lat' dir='ltr'><strong>tiissent</strong></span> <span class='ocrx_word' id='word_1_706' title='bbox 1089 2120 1121 2139; x_wconf 86' lang='lat' dir='ltr'><strong>ac</strong></span> <span class='ocrx_word' id='word_1_707' title='bbox 1137 2112 1212 2146; x_wconf 88' lang='lat' dir='ltr'><strong>quasi</strong></span> <span class='ocrx_word' id='word_1_708' title='bbox 1225 2119 1379 2147; x_wconf 86' lang='lat' dir='ltr'><strong>perpetuam</strong></span> <span class='ocrx_word' id='word_1_709' title='bbox 1393 2113 1522 2141; x_wconf 88' lang='lat' dir='ltr'><strong>fecissent</strong></span> <span class='ocrx_word' id='word_1_710' title='bbox 1535 2115 1668 2143; x_wconf 87' lang='lat' dir='ltr'><strong>Martinus</strong></span> <span class='ocrx_word' id='word_1_711' title='bbox 1678 2117 1767 2150; x_wconf 91' lang='lat' dir='ltr'><strong>ponti-</strong></span> 
     </span>
    </p>
   </div>
   <div class='ocr_carea' id='block_1_105' title="bbox 971 2157 1766 2195">
    <p class='ocr_par' dir='ltr' id='par_1_105' title="bbox 971 2157 1766 2195">
     <span class='ocr_line' id='line_1_105' title="bbox 971 2157 1766 2195; baseline 0.006 -11"><span class='ocrx_word' id='word_1_712' title='bbox 971 2158 1013 2185; x_wconf 79' lang='lat' dir='ltr'><strong>fex</strong></span> <span class='ocrx_word' id='word_1_713' title='bbox 1024 2159 1050 2185; x_wconf 94' lang='lat' dir='ltr'><strong>in</strong></span> <span class='ocrx_word' id='word_1_714' title='bbox 1061 2158 1162 2193; x_wconf 85' lang='lat' dir='ltr'><strong>synodo</strong></span> <span class='ocrx_word' id='word_1_715' title='bbox 1170 2157 1458 2188; x_wconf 63' lang='lat' dir='ltr'><strong>LateranensianﬁIQ.</strong></span> <span class='ocrx_word' id='word_1_716' title='bbox 1468 2161 1586 2195; x_wconf 69' lang='lat' dir='ltr'><strong>synodus</strong></span> <span class='ocrx_word' id='word_1_717' title='bbox 1596 2162 1766 2195; x_wconf 85' lang='lat' dir='ltr'><strong>Quinisexta,</strong></span> 
     </span>
    </p>
   </div>
   <div class='ocr_carea' id='block_1_106' title="bbox 938 2204 1764 2242">
    <p class='ocr_par' dir='ltr' id='par_1_106' title="bbox 938 2204 1764 2242">
     <span class='ocr_line' id='line_1_106' title="bbox 938 2204 1764 2242; baseline 0.006 -12"><span class='ocrx_word' id='word_1_718' title='bbox 938 2204 1079 2242; x_wconf 68' lang='lat' dir='ltr'><strong>DNicazna</strong></span> <span class='ocrx_word' id='word_1_719' title='bbox 1109 2205 1223 2238; x_wconf 83' lang='lat' dir='ltr'><strong>denique</strong></span> <span class='ocrx_word' id='word_1_720' title='bbox 1246 2206 1362 2232; x_wconf 86' lang='lat' dir='ltr'><strong>secunda</strong></span> <span class='ocrx_word' id='word_1_721' title='bbox 1388 2207 1569 2239; x_wconf 69' lang='lat' dir='ltr'><strong>mcutneuica,</strong></span> <span class='ocrx_word' id='word_1_722' title='bbox 1585 2208 1687 2234; x_wconf 75' lang='lat' dir='ltr'><strong>facturr]</strong></span> <span class='ocrx_word' id='word_1_723' title='bbox 1712 2213 1764 2241; x_wconf 83' lang='lat' dir='ltr'><strong>est,</strong></span> 
     </span>
    </p>
   </div>
   <div class='ocr_carea' id='block_1_107' title="bbox 971 2250 1764 2288">
    <p class='ocr_par' dir='ltr' id='par_1_107' title="bbox 971 2250 1764 2288">
     <span class='ocr_line' id='line_1_107' title="bbox 971 2250 1764 2288; baseline 0.006 -12"><span class='ocrx_word' id='word_1_724' title='bbox 971 2255 1000 2277; x_wconf 93' lang='lat' dir='ltr'><strong>ut</strong></span> <span class='ocrx_word' id='word_1_725' title='bbox 1015 2250 1129 2285; x_wconf 73' lang='lat' dir='ltr'><strong>gloriosa</strong></span> <span class='ocrx_word' id='word_1_726' title='bbox 1146 2250 1208 2276; x_wconf 89' lang='lat' dir='ltr'><strong>olim</strong></span> <span class='ocrx_word' id='word_1_727' title='bbox 1227 2251 1332 2286; x_wconf 83' lang='lat' dir='ltr'><strong>Didymi</strong></span> <span class='ocrx_word' id='word_1_728' title='bbox 1357 2252 1489 2279; x_wconf 88' lang='lat' dir='ltr'><strong>memoria</strong></span> <span class='ocrx_word' id='word_1_729' title='bbox 1516 2254 1586 2288; x_wconf 89' lang='lat' dir='ltr'><strong>apud</strong></span> <span class='ocrx_word' id='word_1_730' title='bbox 1614 2253 1722 2281; x_wconf 59' lang='grc' dir='ltr'><strong>(ἔκ-προς</strong></span> <span class='ocrx_word' id='word_1_731' title='bbox 1738 2255 1764 2281; x_wconf 93' lang='lat' dir='ltr'><strong>in</strong></span> 
     </span>
    </p>
   </div>
   <div class='ocr_carea' id='block_1_108' title="bbox 971 2297 1766 2334">
    <p class='ocr_par' dir='ltr' id='par_1_108' title="bbox 971 2297 1766 2334">
     <span class='ocr_line' id='line_1_108' title="bbox 971 2297 1766 2334; baseline 0.004 -10"><span class='ocrx_word' id='word_1_732' title='bbox 971 2297 1131 2324; x_wconf 86' lang='lat' dir='ltr'><strong>oblivionem</strong></span> <span class='ocrx_word' id='word_1_733' title='bbox 1149 2297 1265 2330; x_wconf 81' lang='lat' dir='ltr'><strong>Veniret,</strong></span> <span class='ocrx_word' id='word_1_734' title='bbox 1281 2298 1393 2332; x_wconf 78' lang='lat' dir='ltr'><strong>ejusque</strong></span> <span class='ocrx_word' id='word_1_735' title='bbox 1413 2299 1526 2333; x_wconf 80' lang='lat' dir='ltr'><strong>scripta.</strong></span> <span class='ocrx_word' id='word_1_736' title='bbox 1544 2300 1677 2334; x_wconf 88' lang='lat' dir='ltr'><strong>imprituis</strong></span> <span class='ocrx_word' id='word_1_737' title='bbox 1700 2307 1766 2328; x_wconf 89' lang='lat' dir='ltr'><strong>vero</strong></span> 
     </span>
    </p>
   </div>
   <div class='ocr_carea' id='block_1_109' title="bbox 972 2342 1763 2379">
    <p class='ocr_par' dir='ltr' id='par_1_109' title="bbox 972 2342 1763 2379">
     <span class='ocr_line' id='line_1_109' title="bbox 972 2342 1763 2379; baseline 0.004 -9"><span class='ocrx_word' id='word_1_738' title='bbox 972 2350 1002 2370; x_wconf 85' lang='lat' dir='ltr'><strong>ea</strong></span> <span class='ocrx_word' id='word_1_739' title='bbox 1028 2351 1087 2377; x_wconf 69' lang='lat' dir='ltr'><strong>qua:</strong></span> <span class='ocrx_word' id='word_1_740' title='bbox 1109 2342 1308 2377; x_wconf 82' lang='lat' dir='ltr'><strong>Origenismum</strong></span> <span class='ocrx_word' id='word_1_741' title='bbox 1335 2352 1389 2379; x_wconf 71' lang='lat' dir='ltr'><strong>prie</strong></span> <span class='ocrx_word' id='word_1_742' title='bbox 1413 2345 1522 2373; x_wconf 69' lang='lat' dir='ltr'><strong>caeteris</strong></span> <span class='ocrx_word' id='word_1_743' title='bbox 1555 2345 1675 2373; x_wconf 86' lang='lat' dir='ltr'><strong>redolere</strong></span> <span class='ocrx_word' id='word_1_744' title='bbox 1707 2347 1763 2374; x_wconf 84' lang='lat' dir='ltr'><strong>visa</strong></span> 
     </span>
    </p>
   </div>
   <div class='ocr_carea' id='block_1_110' title="bbox 974 2388 1765 2426">
    <p class='ocr_par' dir='ltr' id='par_1_110' title="bbox 974 2388 1765 2426">
     <span class='ocr_line' id='line_1_110' title="bbox 974 2388 1765 2426; baseline 0.004 -10"><span class='ocrx_word' id='word_1_745' title='bbox 974 2388 1098 2420; x_wconf 86' lang='lat' dir='ltr'><strong>fuissent,</strong></span> <span class='ocrx_word' id='word_1_746' title='bbox 1123 2389 1209 2423; x_wconf 87' lang='lat' dir='ltr'><strong>pritno</strong></span> <span class='ocrx_word' id='word_1_747' title='bbox 1224 2394 1473 2424; x_wconf 82' lang='lat' dir='ltr'><strong>contemnerentur,</strong></span> <span class='ocrx_word' id='word_1_748' title='bbox 1495 2392 1591 2419; x_wconf 88' lang='lat' dir='ltr'><strong>deinde</strong></span> <span class='ocrx_word' id='word_1_749' title='bbox 1610 2397 1765 2426; x_wconf 78' lang='lat' dir='ltr'><strong>contempta</strong></span> 
     </span>
    </p>
   </div>
   <div class='ocr_carea' id='block_1_111' title="bbox 973 2434 1765 2469">
    <p class='ocr_par' dir='ltr' id='par_1_111' title="bbox 973 2434 1765 2469">
     <span class='ocr_line' id='line_1_111' title="bbox 973 2434 1765 2469; baseline 0.005 -9"><span class='ocrx_word' id='word_1_750' title='bbox 973 2434 1114 2461; x_wconf 84' lang='lat' dir='ltr'><strong>interirent</strong></span> <span class='ocrx_word' id='word_1_751' title='bbox 1135 2434 1190 2461; x_wconf 88' lang='lat' dir='ltr'><strong>fere</strong></span> <span class='ocrx_word' id='word_1_752' title='bbox 1212 2435 1313 2462; x_wconf 87' lang='lat' dir='ltr'><strong>otnnia.</strong></span> <span class='ocrx_word' id='word_1_753' title='bbox 1344 2435 1411 2463; x_wconf 90' lang='lat' dir='ltr'><strong>Hinc</strong></span> <span class='ocrx_word' id='word_1_754' title='bbox 1437 2445 1470 2464; x_wconf 86' lang='lat' dir='ltr'><strong>ne</strong></span> <span class='ocrx_word' id='word_1_755' title='bbox 1495 2438 1613 2469; x_wconf 81' lang='lat' dir='ltr'><strong>mireris,</strong></span> <span class='ocrx_word' id='word_1_756' title='bbox 1628 2437 1765 2468; x_wconf 78' lang='lat' dir='ltr'><strong>letium.</strong></span> 
     </span>
    </p>
   </div>
   <div class='ocr_carea' id='block_1_112' title="bbox 974 2481 1766 2520">
    <p class='ocr_par' dir='ltr' id='par_1_112' title="bbox 974 2481 1766 2520">
     <span class='ocr_line' id='line_1_112' title="bbox 974 2481 1766 2520; baseline 0.005 -14"><span class='ocrx_word' id='word_1_757' title='bbox 974 2481 1018 2515; x_wconf 90' lang='lat' dir='ltr'><strong>qui</strong></span> <span class='ocrx_word' id='word_1_758' title='bbox 1036 2486 1123 2507; x_wconf 83' lang='lat' dir='ltr'><strong>tamen</strong></span> <span class='ocrx_word' id='word_1_759' title='bbox 1140 2481 1179 2508; x_wconf 78' lang='lat' dir='ltr'><strong>vel</strong></span> <span class='ocrx_word' id='word_1_760' title='bbox 1199 2482 1387 2510; x_wconf 77' lang='lat' dir='ltr'><strong>luereticorutn</strong></span> <span class='ocrx_word' id='word_1_761' title='bbox 1404 2484 1506 2518; x_wconf 89' lang='lat' dir='ltr'><strong>scripta</strong></span> <span class='ocrx_word' id='word_1_762' title='bbox 1525 2485 1668 2520; x_wconf 78' lang='lat' dir='ltr'><strong>diligenter</strong></span> <span class='ocrx_word' id='word_1_763' title='bbox 1681 2492 1766 2512; x_wconf 80' lang='lat' dir='ltr'><strong>excu-</strong></span> 
     </span>
    </p>
   </div>
   <div class='ocr_carea' id='block_1_113' title="bbox 975 2529 1764 2566">
    <p class='ocr_par' dir='ltr' id='par_1_113' title="bbox 975 2529 1764 2566">
     <span class='ocr_line' id='line_1_113' title="bbox 975 2529 1764 2566; baseline 0.005 -12"><span class='ocrx_word' id='word_1_764' title='bbox 975 2533 1032 2555; x_wconf 82' lang='lat' dir='ltr'><strong>tere</strong></span> <span class='ocrx_word' id='word_1_765' title='bbox 1045 2529 1183 2560; x_wconf 82' lang='lat' dir='ltr'><strong>sustinuit,</strong></span> <span class='ocrx_word' id='word_1_766' title='bbox 1204 2536 1238 2556; x_wconf 90' lang='lat' dir='ltr'><strong>ne</strong></span> <span class='ocrx_word' id='word_1_767' title='bbox 1249 2529 1368 2557; x_wconf 89' lang='lat' dir='ltr'><strong>nominis</strong></span> <span class='ocrx_word' id='word_1_768' title='bbox 1385 2530 1493 2564; x_wconf 88' lang='lat' dir='ltr'><strong>quidem</strong></span> <span class='ocrx_word' id='word_1_769' title='bbox 1509 2531 1661 2566; x_wconf 83' lang='lat' dir='ltr'><strong>Didymiani</strong></span> <span class='ocrx_word' id='word_1_770' title='bbox 1679 2531 1764 2558; x_wconf 85' lang='lat' dir='ltr'><strong>nostri</strong></span> 
     </span>
    </p>
   </div>
   <div class='ocr_carea' id='block_1_114' title="bbox 937 1533 959 1563">
    <p class='ocr_par' dir='ltr' id='par_1_114' title="bbox 937 1533 959 1563">
     <span class='ocr_line' id='line_1_114' title="bbox 937 1533 959 1563; baseline 0 -1"><span class='ocrx_word' id='word_1_771' title='bbox 937 1533 959 1563; x_wconf 89' lang='lat' dir='ltr'><strong>C</strong></span> 
     </span>
    </p>
   </div>
   <div class='ocr_carea' id='block_1_115' title="bbox 1007 2606 1203 2643">
    <p class='ocr_par' dir='ltr' id='par_1_115' title="bbox 1007 2606 1203 2643">
     <span class='ocr_line' id='line_1_115' title="bbox 1007 2606 1203 2643; baseline 0.005 -8"><span class='ocrx_word' id='word_1_772' title='bbox 1007 2606 1044 2642; x_wconf 78' lang='grc'><strong>(7)</strong></span> <span class='ocrx_word' id='word_1_773' title='bbox 1059 2608 1125 2643; x_wconf 74' lang='lat' dir='ltr'><strong>Cap.</strong></span> <span class='ocrx_word' id='word_1_774' title='bbox 1142 2608 1203 2636; x_wconf 85' lang='lat' dir='ltr'><strong>I09.</strong></span> 
     </span>
    </p>
   </div>
   <div class='ocr_carea' id='block_1_116' title="bbox 1006 2643 1764 2679">
    <p class='ocr_par' dir='ltr' id='par_1_116' title="bbox 1006 2643 1764 2679">
     <span class='ocr_line' id='line_1_116' title="bbox 1006 2643 1764 2679; baseline 0.008 -12"><span class='ocrx_word' id='word_1_775' title='bbox 1006 2643 1044 2677; x_wconf 85' lang='lat' dir='ltr'><strong>(8t</strong></span> <span class='ocrx_word' id='word_1_776' title='bbox 1064 2643 1092 2670; x_wconf 89' lang='lat' dir='ltr'><strong>V.</strong></span> <span class='ocrx_word' id='word_1_777' title='bbox 1112 2643 1185 2670; x_wconf 70' lang='lat' dir='ltr'><strong>Ilter.</strong></span> <span class='ocrx_word' id='word_1_778' title='bbox 1204 2644 1229 2670; x_wconf 94' lang='lat' dir='ltr'><strong>in</strong></span> <span class='ocrx_word' id='word_1_779' title='bbox 1244 2643 1358 2679; x_wconf 25' lang='lat' dir='ltr'><strong>Priologo</strong></span> <span class='ocrx_word' id='word_1_780' title='bbox 1372 2651 1470 2670; x_wconf 76' lang='lat' dir='ltr'><strong>comm.</strong></span> <span class='ocrx_word' id='word_1_781' title='bbox 1489 2645 1523 2670; x_wconf 83' lang='lat' dir='ltr'><strong>ml</strong></span> <span class='ocrx_word' id='word_1_782' title='bbox 1549 2645 1629 2679; x_wconf 64' lang='lat' dir='ltr'><strong>[Cp/1.,</strong></span> <span class='ocrx_word' id='word_1_783' title='bbox 1657 2647 1720 2673; x_wconf 85' lang='lat' dir='ltr'><strong>item</strong></span> <span class='ocrx_word' id='word_1_784' title='bbox 1737 2646 1764 2673; x_wconf 91' lang='lat' dir='ltr'><strong>in</strong></span> 
     </span>
    </p>
   </div>
   <div class='ocr_carea' id='block_1_117' title="bbox 972 2678 1324 2711">
    <p class='ocr_par' dir='ltr' id='par_1_117' title="bbox 972 2678 1324 2711">
     <span class='ocr_line' id='line_1_117' title="bbox 972 2678 1324 2711; baseline -0.003 -7"><span class='ocrx_word' id='word_1_785' title='bbox 972 2678 1076 2711; x_wconf 70' lang='lat' dir='ltr'><strong>Prolog.</strong></span> <span class='ocrx_word' id='word_1_786' title='bbox 1091 2687 1190 2705; x_wconf 76' lang='lat' dir='ltr'><strong>comm.</strong></span> <span class='ocrx_word' id='word_1_787' title='bbox 1212 2681 1246 2705; x_wconf 83' lang='lat' dir='ltr'><strong>ad</strong></span> <span class='ocrx_word' id='word_1_788' title='bbox 1265 2678 1324 2706; x_wconf 78' lang='lat' dir='ltr'><strong>Gul.</strong></span> 
     </span>
    </p>
   </div>
   <div class='ocr_carea' id='block_1_118' title="bbox 1007 2713 1339 2749">
    <p class='ocr_par' dir='ltr' id='par_1_118' title="bbox 1007 2713 1339 2749">
     <span class='ocr_line' id='line_1_118' title="bbox 1007 2713 1339 2749; baseline 0.003 -10"><span class='ocrx_word' id='word_1_789' title='bbox 1007 2714 1045 2748; x_wconf 81' lang='lat'><strong>(9)</strong></span> <span class='ocrx_word' id='word_1_790' title='bbox 1060 2714 1135 2740; x_wconf 90' lang='lat' dir='ltr'><strong>&#39;l&#39;om.</strong></span> <span class='ocrx_word' id='word_1_791' title='bbox 1150 2713 1193 2746; x_wconf 83' lang='lat' dir='ltr'><strong>IV,</strong></span> <span class='ocrx_word' id='word_1_792' title='bbox 1210 2722 1234 2749; x_wconf 85' lang='lat' dir='ltr'><strong>p.</strong></span> <span class='ocrx_word' id='word_1_793' title='bbox 1250 2714 1262 2740; x_wconf 86' lang='lat' dir='ltr'><strong>I</strong></span> <span class='ocrx_word' id='word_1_794' title='bbox 1279 2722 1339 2748; x_wconf 74' lang='lat' dir='ltr'><strong>sqq.</strong></span> 
     </span>
    </p>
   </div>
   <div class='ocr_carea' id='block_1_119' title="bbox 1008 2748 1179 2783">
    <p class='ocr_par' dir='ltr' id='par_1_119' title="bbox 1008 2748 1179 2783">
     <span class='ocr_line' id='line_1_119' title="bbox 1008 2748 1179 2783; baseline 0.012 -9"><span class='ocrx_word' id='word_1_795' title='bbox 1008 2748 1063 2783; x_wconf 81' lang='grc'><strong>(10)</strong></span> <span class='ocrx_word' id='word_1_796' title='bbox 1081 2750 1146 2783; x_wconf 83' lang='lat' dir='ltr'><strong>Cap.</strong></span> <span class='ocrx_word' id='word_1_797' title='bbox 1163 2750 1179 2776; x_wconf 83' lang='lat'>8</span> 
     </span>
    </p>
   </div>
   <div class='ocr_carea' id='block_1_120' title="bbox 1007 2784 1762 2818">
    <p class='ocr_par' dir='ltr' id='par_1_120' title="bbox 1007 2784 1762 2818">
     <span class='ocr_line' id='line_1_120' title="bbox 1007 2784 1762 2818; baseline 0.008 -9"><span class='ocrx_word' id='word_1_798' title='bbox 1007 2784 1062 2818; x_wconf 71' lang='lat' dir='ltr'><strong>(ll)</strong></span> <span class='ocrx_word' id='word_1_799' title='bbox 1081 2784 1271 2817; x_wconf 70' lang='lat' dir='ltr'><strong>lteponendnm</strong></span> <span class='ocrx_word' id='word_1_800' title='bbox 1286 2784 1404 2814; x_wconf 81' lang='lat' dir='ltr'><strong>videtur,</strong></span> <span class='ocrx_word' id='word_1_801' title='bbox 1417 2784 1506 2812; x_wconf 71' lang='lat' dir='ltr'><strong>Jutlte.</strong></span> <span class='ocrx_word' id='word_1_802' title='bbox 1535 2787 1590 2814; x_wconf 89' lang='lat' dir='ltr'><strong>Cfr.</strong></span> <span class='ocrx_word' id='word_1_803' title='bbox 1617 2792 1762 2815; x_wconf 79' lang='lat' dir='ltr'><strong>comment.</strong></span> 
     </span>
    </p>
   </div>
   <div class='ocr_carea' id='block_1_121' title="bbox 972 2819 1426 2854">
    <p class='ocr_par' dir='ltr' id='par_1_121' title="bbox 972 2819 1426 2854">
     <span class='ocr_line' id='line_1_121' title="bbox 972 2819 1426 2854; baseline 0.011 -10"><span class='ocrx_word' id='word_1_804' title='bbox 972 2826 1060 2845; x_wconf 79' lang='lat' dir='ltr'><strong>incutit</strong></span> <span class='ocrx_word' id='word_1_805' title='bbox 1077 2820 1102 2845; x_wconf 88' lang='lat' dir='ltr'><strong>in</strong></span> <span class='ocrx_word' id='word_1_806' title='bbox 1120 2819 1203 2852; x_wconf 77' lang='lat' dir='ltr'><strong>Epist.</strong></span> <span class='ocrx_word' id='word_1_807' title='bbox 1220 2819 1311 2851; x_wconf 70' lang='grc' dir='ltr'><strong>,Ιυαιιη</strong></span> <span class='ocrx_word' id='word_1_808' title='bbox 1327 2828 1352 2854; x_wconf 88' lang='lat' dir='ltr'><strong>p.</strong></span> <span class='ocrx_word' id='word_1_809' title='bbox 1365 2819 1426 2849; x_wconf 61' lang='lat'><strong>“298.</strong></span> 
     </span>
    </p>
   </div>
  </div>
