1913 3071
116 169 185 197 I757

537 170 617 199 CHR.
638 171 728 200 FBID.
748 173 865 203 LUCKII
884 174 1133 205 COMMENTATIO
1149 177 1297 208 CRITICA.

1671 186 1740 216 i738

114 226 277 254 mentionem
291 227 387 255 fecisse
399 235 517 263 unquam
537 229 563 256 iu
585 230 760 260 Bibliotheca.
783 233 901 261 Enarra-
916 237 940 265 Α
954 235 1081 263 dubitari.
1095 235 1122 264 ln
1134 245 1186 271 qua
1198 239 1357 272 quaestione,
1366 247 1428 268 cum
1441 241 1634 277 Mingarellius,
1645 253 1741 280 quam-

115 272 212 299 tionem
227 279 291 300 vero
306 278 423 300 nostram
437 275 464 301 in
485 274 551 310 Epp.
563 275 640 303 Catii.
663 278 759 312 quinto
778 284 806 306 et
823 285 900 308 sexto

113 318 209 345 saeculo
223 318 249 345 in
263 323 376 354 utraque
390 319 509 347 Ecclesia
522 329 571 355 pro
584 323 694 350 nomine
706 325 825 352 auctoris
835 326 898 353 olim

112 365 326 393 celebratissima
342 374 436 401 parum
451 369 587 402 cognitam
600 374 682 404 atque
697 371 723 398 in
741 380 789 399 usu
804 372 898 407 fuisse,

112 417 210 445 praeter
233 412 322 440 locum
348 412 501 441 Cassiodori
518 415 666 450 laudatum,
682 418 728 452 qui
751 418 777 445 id
804 425 899 453 aperte

111 457 240 491 declarat,
263 459 416 494 signiﬁcare
437 460 528 494 aliquo
553 463 633 490 modo
661 464 767 492 videtur
783 465 897 494 Cosmas

111 501 316 537 lndicopleustes
326 504 395 539 (12),
420 512 453 532 eo
479 506 551 540 quod
577 507 739 543 interpretes
763 510 895 539 librorum

109 556 247 577 sacrorum
273 550 381 578 Graecos
393 550 547 580 Catholicas
573 552 707 588 Epistolas
734 563 829 590 parum
850 562 897 584 aut

109 595 176 623 nihil
199 603 311 624 curasse
337 598 469 632 queritur.
495 599 543 626 Est
569 604 659 627 tamen
678 600 736 628 haec
750 601 896 631 Euarratio

107 649 160 668 una
178 642 254 669 nobis
268 642 301 669 ab
317 643 415 676 injuria
428 644 571 673 oblivionis
583 651 701 678 asserta,
728 649 821 675 nescio
851 653 892 676 ta.-

108 693 168 713 men
184 695 218 713 an
233 686 347 722 integra.
362 688 400 715 Ac
410 695 475 716 sane
492 689 604 717 debetur
622 691 672 718 hoc
700 698 760 718 cum
785 692 894 720 Cassio-

107 732 164 758 dori
180 732 340 760 celebriores
353 733 534 768 Epistolarum
544 735 744 765 Catholicarum
760 739 890 774 explana-

107 783 178 807 tores
193 779 291 807 frustra
311 781 482 815 anquirentis
497 782 595 817 inopiae
609 783 767 819 iudicioque
782 785 809 812 in
826 787 892 814 odo~

106 825 198 852 randis
221 825 408 853 haereticorum
435 827 562 854 sordibus
591 836 686 863 parum
707 836 814 862 nasuto,
835 836 890 858 tum

104 877 167 897 vero
190 870 330 904 Epiphanli
353 869 442 898 Latini
465 872 622 907 interpretis
642 875 742 909 scripta
768 881 889 904 veterum

103 916 272 944 emaculandi
287 917 339 944 arti
356 917 461 946 scilicet
484 918 511 946 in
523 919 574 947 hac
587 928 638 948 una
655 928 684 948 re
699 921 777 949 nobis
790 921 889 950 felicis-
906 908 926 936 Β

102 971 186 990 5111131.

137 1009 181 1036 IV.
201 1009 241 1037 Ad
267 1011 422 1046 scrupulum
449 1012 535 1040 cuivis
564 1013 597 1040 de
625 1013 763 1042 authentia
789 1021 890 1043 nostra!

100 1054 286 1083 Enarratiouis
302 1056 485 1084 subdubitanti
502 1065 615 1093 prorsus
636 1060 809 1087 eximendum
825 1069 885 1095 per-

100 1101 214 1128 multum
239 1102 328 1129 hercle
343 1102 454 1136 faceret,
467 1104 489 1130 si
504 1111 556 1131 uno
572 1104 666 1132 saltem
681 1105 707 1132 in
723 1106 781 1133 loco
794 1106 887 1134 Graeca

99 1147 213 1180 scholia,
228 1155 287 1182 qua:
309 1147 432 1175 Latinam
453 1149 560 1185 Didymi
576 1151 827 1186 interpretationem
845 1153 885 1180 di-

97 1192 179 1219 sertis
199 1193 288 1221 verbis
305 1193 436 1227 referunt,
454 1202 551 1222 nomen
567 1195 673 1231 Didymi
697 1198 819 1225 auctoris
833 1198 885 1226 sibi

98 1238 256 1272 inscriptum
277 1243 414 1273 gererent.
442 1238 544 1267 Nomen
571 1249 636 1268 vero
649 1241 719 1269 illius
734 1242 759 1269 in
775 1243 885 1271 scholiis

98 1284 222 1319 nuspiam
246 1289 368 1319 apparet.
397 1285 426 1312 In
457 1293 512 1320 quo
538 1291 627 1314 tamen
658 1289 711 1315 noli
737 1289 883 1318 ollendere.

96 1330 212 1358 Maxima
237 1331 309 1358 enim
333 1338 397 1366 pars
423 1331 589 1359 scholiorum
618 1335 726 1361 nomina
742 1340 882 1364 auctorum

94 1377 211 1404 ostendit
226 1377 310 1404 nulla.

130 1425 256 1453 Attamen
282 1434 351 1453 unus
377 1430 466 1454 exstat
494 1427 521 1454 in
550 1428 607 1462 ipsa
637 1428 815 1456 Enarratione
839 1429 880 1456 lo-

94 1471 215 1506 cus(|5),
230 1479 262 1499 ex
279 1479 333 1506 quo
350 1473 431 1500 certis
445 1473 513 1500 elIici
526 1478 613 1507 potest
626 1475 803 1508 argumentis,
820 1482 879 1501 eam

95 1524 109 1542 a
129 1515 240 1551 Didymo
252 1524 346 1544 revera
361 1518 489 1551 scriptam
505 1526 577 1546 esse.
601 1519 740 1554 Leguntur
766 1521 838 1546 enim
852 1520 879 1546 in

93 1569 124 1589 ea
139 1563 196 1589 haec
213 1561 269 1590 fere
283 1571 290 1589 :
308 1572 316 1588 ι
336 1562 421 1590 \‘erus
435 1563 518 1591 Filius
535 1564 581 1591 Dei
597 1569 639 1592 est
651 1565 729 1592 Jesus
745 1565 878 1598 Christus,
893 1578 914 1607 ε

93 1614 172 1633 verus
189 1606 258 1633 Deus
272 1607 415 1635 exsisteus.
435 1609 468 1635 Et
487 1609 639 1641 considera,
654 1611 879 1645 quemadmodum

91 1653 329 1680 ronsubstantialis
349 1652 421 1681 Patri
445 1659 472 1681 et
491 1662 543 1682 non
563 1655 633 1683 idern
653 1663 766 1683 numero
784 1663 878 1684 secun-

91 1700 154 1726 dum
172 1699 320 1726 Sabellium
339 1699 421 1727 Filius
434 1701 469 1728 sit
488 1708 547 1728 cum
564 1701 689 1728 Patre....
713 1702 814 1730 Horum
829 1703 878 1730 ita-

90 1752 143 1779 que
159 1744 264 1779 singula
292 1745 531 1779 examinationem,
557 1752 585 1774 ut
609 1746 660 1774 fuit
684 1749 823 1783 possibile,
850 1750 877 1777 in

90 1791 150 1817 aliis
164 1791 324 1820 habuerunt.
342 1802 351 1818 ι
369 1791 417 1820 His
432 1792 511 1828 igitur
522 1793 610 1821 verbis
625 1799 717 1828 aperte
730 1795 877 1823 declaravit

89 1843 194 1872 auctor,
210 1845 240 1866 se
253 1838 312 1866 aliis
327 1839 354 1866 in
370 1839 445 1867 libris
460 1840 610 1867 doctrinam
630 1841 663 1868 de
682 1840 814 1869 Trinitate
826 1843 874 1870 ad-

88 1891 185 1912 versus
206 1885 347 1912 lmreticos
372 1886 483 1913 uberius
506 1886 675 1920 exposuisse.
692 1886 807 1922 Scripsit
826 1896 875 1914 au-

89 1935 143 1958 tem
163 1930 293 1966 Didymus
309 1930 346 1957 De
360 1929 488 1958 Trinitate
506 1931 590 1959 libros
606 1940 648 1965 ιιι,
666 1940 734 1967 quos
752 1940 768 1961 e
783 1933 875 1960 codice

87 1976 145 2005 fere
160 1977 279 2012 integros
299 1977 402 2011 primus
429 1977 573 2013 evulgavit.
600 1982 746 2013 nostroque
771 1980 873 2007 auctori

87 2022 306 2057 loenpletissimis
328 2022 474 2050 vindicavit
500 2023 703 2051 commentariis
726 2024 873 2059 Mingarel-

86 2068 148 2100 lius,
166 2067 246 2096 Italus
265 2068 334 2103 (M).
361 2068 466 2101 Quibus
490 2069 613 2097 vindiciis
642 2071 722 2097 simul
745 2071 872 2099 etl'ectum

85 2119 128 2142 est
155 2115 193 2146 id,
218 2119 248 2141 ut
272 2114 413 2149 utriusque
437 2115 527 2149 operis
539 2120 677 2143 auctorem
697 2124 779 2144 unum
794 2125 871 2145 eum-

85 2161 200 2194 demque
213 2160 283 2187 idem
300 2166 411 2194 prorsus
424 2160 457 2187 de
471 2159 603 2188 Trinitate
614 2165 707 2188 contra
721 2161 870 2190 Sabellium

84 2206 185 2233 sentire
211 2205 289 2233 facile
313 2204 456 2239 intelligas.
481 2204 574 2233 Potest
599 2213 663 2234 vero
688 2212 818 2242 praeterea
836 2216 869 2235 ex

952 280 992 307 vis
1005 281 1058 309 alio
1075 283 1200 315 consilio,
1216 291 1311 319 nempe
1324 291 1353 313 ut
1370 286 1454 314 libros
1469 288 1508 315 De
1524 289 1663 323 Trinilale,
1679 293 1740 327 qui-

949 324 1000 351 bus
1022 333 1118 354 nomen
1140 329 1258 356 auctoris
1286 335 1314 357 et
1337 331 1441 358 initium
1467 334 1558 367 operis
1585 335 1610 362 in
1630 324 1737 370 codice,

949 377 1003 405 quo
1017 373 1152 406 utebatur,
1167 374 1276 407 desunt,
1297 376 1411 412 Didymo
1436 379 1594 413 vindicaret,
1626 389 1738 416 prorsus

948 418 1056 451 egregie
1071 420 1161 446 omnia
1177 421 1420 457 administraverit,
1449 425 1511 452 licet
1539 427 1627 460 nobis,
1657 429 1737 456 talem

947 464 992 497 qui
1010 465 1081 491 nacti
1095 465 1180 494 simus
1201 472 1403 503 praeceptorem,
1422 471 1548 500 brevibus
1569 481 1638 501 esse.
1665 474 1737 502 Pau-

946 509 986 536 cis
1006 510 1086 545 igitur
1113 511 1254 547 defungor.
1285 514 1385 549 Atque,
1412 521 1441 544 ut
1468 525 1510 551 ea,
1544 526 1603 552 qum
1628 519 1660 547 ad
1687 521 1735 548 do-

946 555 1061 582 ctrinam
1080 556 1258 591 dogmaticam
1284 560 1408 594 attinent,
1432 563 1547 597 primum
1574 572 1736 600 persequar,

945 601 1047 633 omnia,
1073 609 1133 636 quae
1163 603 1275 639 Didymo
1302 606 1445 640 peculiaria
1467 609 1602 637 habentur
1631 612 1663 638 dc
1681 612 1735 638 Deo

945 653 997 673 uno
1029 652 1057 674 et
1092 648 1173 680 trino,
1209 649 1243 677 de
1276 652 1416 680 creatione
1444 661 1475 680 ac
1498 656 1602 683 ratione
1631 657 1733 687 mundi.

944 690 977 717 de
998 692 1101 726 angelis
1128 693 1206 721 bonis
1235 702 1267 723 ac
1289 697 1377 730 malis,
1390 698 1424 725 de
1439 699 1544 727 diabolo
1558 702 1669 736 ejusque
1683 711 1733 730 na-

944 740 1014 768 tura,
1039 737 1074 764 de
1100 738 1209 767 Christo
1237 741 1350 776 ejusque
1374 745 1479 772 naturis
1498 750 1525 773 et
1539 748 1676 782 operibus,
1700 749 1735 775 de

945 787 1041 810 natura
1063 784 1179 812 hominis
1202 791 1229 813 et
1248 788 1347 822 gratia,
1365 794 1392 816 ct
1410 790 1513 825 reliqua
1537 792 1645 826 placita,
1663 802 1732 828 quo-

942 835 1001 855 rum
1024 835 1163 857 recensum
1186 832 1339 865 nuperrime
1355 834 1409 869 egit
1423 835 1583 865 Guerickius
1603 838 1671 874 (15),
1686 847 1730 872 ea,

942 875 1166 908 quemadmodum
1182 876 1206 904 in
1224 878 1332 914 reliquis
1345 880 1449 915 Didymi
1470 884 1596 917 operibus
1615 890 1731 912 tractatr-

943 925 996 951 tur,
1016 921 1110 948 eodem
1125 923 1203 949 modo
1218 923 1242 950 in
1259 924 1438 954 Euarratione
1454 926 1575 956 invenies
1590 930 1630 958 vel
1644 938 1731 966 expo-

940 965 991 993 sita
1006 967 1124 999 uberius,
1141 968 1182 995 vel
1197 969 1291 997 leviter
1313 972 1483 1000 adumbrata.
1499 973 1538 1001 Ex
1552 977 1654 1009 multis,
1668 965 1730 1013 qui-

940 1012 989 1040 bus
1005 1013 1176 1047 plenissimus
1191 1020 1232 1042 est
1246 1016 1381 1046 Guerickii
1398 1023 1616 1054 commentarius.
1638 1012 1730 1052 exem-

938 1058 990 1092 plis
1012 1059 1068 1087 haec
1096 1067 1180 1094 pauca
1203 1061 1346 1091 sufﬁciant.
1365 1065 1492 1101 Didymus
1522 1069 1548 1095 in
1574 1068 1651 1097 libris
1671 1071 1729 1099 suis

939 1102 1082 1131 identidem
1105 1104 1194 1138 docet,
1210 1105 1293 1134 Deum
1319 1115 1379 1136 eSse
1400 1110 1488 1138 omnis
1503 1113 1667 1146 quantitatis
1682 1123 1727 1141 ex-

938 1152 1052 1181 pertem,
1061 1149 1118 1176 sive
1132 1150 1266 1186 ἀμεγέθη,
1276 1152 1388 1188 ideoque
1400 1157 1552 1184 mortalium
1563 1158 1658 1192 oculis,
1674 1161 1727 1187 Ῐιιιο

936 1193 1034 1222 animis
1050 1195 1253 1231 ἀκατάληπτον,
1276 1199 1433 1235 ἀπρόσιτον.
1462 1202 1590 1232 Eamdetn
1614 1211 1726 1233 senten-

938 1239 1001 1267 tiam
1018 1240 1044 1267 in
1067 1239 1247 1271 Enarratione
1267 1250 1359 1274 nostra
1388 1248 1424 1275 ita
1444 1250 1592 1284 sa‘pissime
1611 1252 1725 1287 profert,

935 1291 966 1313 ut
984 1292 1064 1322 neget
1086 1288 1170 1316 Deum
1182 1290 1217 1318 ab
1236 1291 1288 1319 ulla
1304 1298 1393 1321 creata
1412 1295 1587 1332 intelligentia
1601 1307 1725 1334 compre-

934 1332 1014 1360 hendi
1024 1341 1112 1368 posse.
1132 1334 1200 1364 Vide
1214 1336 1228 1363 1
1243 1337 1336 1372 lnam,
1353 1340 1404 1367 col.
1417 1341 1487 1369 1609
1500 1348 1527 1369 et
1545 1343 1624 1372 alias.
1641 1332 1725 1373 Docet

934 1377 1074 1413 Didymus,
1088 1381 1199 1416 angelos
1214 1382 1389 1419 incorporeas
1401 1393 1471 1419 esse,
1497 1388 1610 1423 ideoque
1626 1391 1721 1418 invisi-

933 1425 1001 1452 biles
1019 1425 1104 1454 oculis
1118 1428 1240 1462 corporis
1257 1430 1354 1463 nostri,
1380 1432 1543 1468 eosdemque
1561 1442 1624 1462 vero
1643 1443 1721 1463 crea-

933 1474 976 1497 tos
996 1475 1077 1505 atque
1101 1477 1243 1508 propterea
1267 1475 1349 1502 menti
1365 1476 1493 1511 visibiles,
1514 1479 1551 1506 De
1568 1479 1660 1508 Trinit.
1678 1490 1718 1514 ιιι,

934 1515 977 1541 16.
996 1516 1095 1544 Eadem
1110 1518 1194 1546 habes
1206 1519 1233 1546 in
1249 1520 1344 1548 Enarr.
1359 1523 1412 1549 col.
1429 1523 1502 1552 1605
1515 1525 1542 1551 in
1558 1525 1589 1552 ΙΙ
1600 1525 1672 1553 Petri
1689 1536 1718 1555 ιι.

932 1560 1032 1589 ibidem
1050 1563 1139 1597 docet,
1154 1566 1264 1600 angelos
1277 1573 1432 1596 sanctorum
1447 1570 1584 1598 hominum
1595 1576 1720 1602 custodes

930 1613 1005 1640 esse;
1028 1607 1097 1636 idem
1125 1610 1189 1638 dicit
1217 1611 1242 1639 in
1273 1612 1369 1648 fragm.
1393 1621 1437 1649 ap.
1463 1615 1544 1651 Ming.
1564 1618 1717 1646 Comment.

930 1660 990 1688 cap.
1006 1654 1050 1687 15,
1069 1655 1144 1684 bisce
1159 1658 1249 1685 verbis
1263 1666 1269 1684 :
1286 1659 1355 1691 Τοὺς
1370 1660 1419 1695 μὲν
1440 1661 1533 1695 ἁγίους
1556 1667 1718 1700 φωταγωγοὶ

929 1700 1108 1734 φυλάττουσιν
1123 1703 1243 1737 ἄγγελοι.
1260 1705 1298 1732 De
1320 1705 1427 1734 diabolo
1444 1708 1501 1735 haec
1521 1710 1601 1738 habet
1616 1712 1640 1738 in
1656 1713 1717 1740 libr.

928 1751 1011 1773 contr.
1028 1746 1156 1781 Munia-In,
1174 1750 1224 1776 col.
1242 1750 1310 1777 1105
1327 1760 1334 1778 :
1356 1752 1488 1780 ‘An'ooa‘
1501 1755 1582 1787 αὐτὸς
1599 1758 1613 1783 o’
1628 1757 1718 1784 oriﬁc-

927 1791 972 1823 λος
987 1793 1056 1819 κατὰ
1068 1793 1148 1828 φύσιν
1160 1795 1253 1827 κακὸς,
1263 1796 1320 1823 ἀλλ’
1332 1797 1364 1824 ἐκ
1380 1799 1484 1834 τροπῆς
1496 1800 1543 1826 τοῦ
1561 1802 1625 1828 ἰδίου
1636 1804 1716 1830 αὐτε-

929 1836 1044 1869 ξουσίου.
1060 1839 1136 1867 Conl'.
1146 1840 1245 1868 ibidem
1260 1843 1312 1869 col.
1325 1842 1403 1875 1101,
1418 1845 1473 1877 ubi,
1487 1847 1641 1875 nominibus
1656 1851 1714 1876 dia-

926 1884 978 1911 boli
993 1885 1142 1919 explicatis,
1162 1887 1219 1914 hrec
1241 1887 1378 1924 subjuugit
1393 1899 1400 1916 :
1417 1890 1449 1917 El
1470 1891 1559 1919 τοίνυν
1583 1893 1628 1920 διὰ
1647 1895 1714 1922 πάν-

925 1938 979 1956 των
994 1927 1031 1957 ὧν
1046 1932 1173 1966 σημαίνει
1188 1933 1202 1959 ὁ
1218 1933 1370 1968 ἀρχέκακος
1379 1936 1425 1962 καὶ
1438 1936 1545 1972 πρῶτος
1557 1938 1714 1976 ἀποστάτης

925 1977 1124 2012 προαιρετικῶς
1140 1979 1198 2004 ἐστι
1215 1979 1344 2013 τοιοῦτος,
1359 1981 1389 2007 οὐ
1407 1982 1517 2010 δύναται
1539 1985 1601 2012 καε¹
1619 1986 1714 2014 οὐσίαν

924 2019 994 2048 εἶναι
1005 2023 1098 2055 κακός.
1112 2023 1212 2052 Eodem
1227 2027 1306 2054 modo
1324 2028 1349 2054 in
1362 2027 1489 2056 Euarrat.
1503 2029 1530 2056 in
1545 2029 1560 2056 Ι
1575 2030 1655 2059 Joan.
1670 2041 1711 2066 ιιι,

926 2069 977 2095 col.
996 2069 1075 2101 1645,
1090 2071 1222 2104 diabolus,
1237 2073 1333 2106 inquit,
1351 2082 1403 2102 non
1419 2075 1643 2111 substantialiter,
1664 2081 1712 2107 sed

922 2113 1081 2141 voluntaria;
1103 2116 1268 2150 operationis
1285 2118 1409 2145 indicium
1428 2119 1562 2156 (σημεῖον)
1575 2127 1626 2150 est.
1643 2122 1711 2156 Qui-

922 2158 972 2185 bus
987 2159 1069 2186 addas
1079 2167 1122 2192 ea,
1136 2168 1194 2195 qua:
1212 2161 1238 2188 in
1258 2161 1382 2190 Enarmt.
1403 2164 1430 2191 in
1456 2163 1507 2199 Ep.
1523 2165 1601 2192 Iuda:
1617 2167 1711 2202 legun-

922 2208 967 2230 tur
977 2204 1029 2232 col.
1043 2204 1130 2232 1648:
1146 2215 1155 2231 ι
1167 2206 1221 2233 Nec
1239 2211 1281 2234 est
1291 2207 1412 2235 diabolus
1429 2213 1534 2238 terrena
1547 2212 1710 2242 substantia.

84 2251 166 2278 allato
182 2250 276 2277 eodem
293 2250 352 2277 loco
365 2251 465 2285 colligi.
490 2251 631 2286 Didymum
652 2257 773 2280 nostrain
800 2252 868 2288 Epp,
885 2248 908 2277 D
923 2248 1022 2277 llabuit
1034 2251 1104 2277 enim
1119 2251 1262 2285 aliquando
1277 2252 1393 2280 divinam
1414 2255 1526 2288 gloriam
1543 2263 1570 2284 et
1586 2263 1707 2285 sanctam

83 2295 164 2325 Galli.
175 2295 377 2322 Enarrationem
394 2301 455 2330 post
469 2296 556 2324 libros
567 2297 673 2324 demum
686 2298 723 2325 De
743 2300 870 2328 Trinitale

82 2342 198 2376 scriptos
223 2341 417 2376 composuisse.
442 2340 508 2368 Cum
537 2349 600 2370 vero
624 2343 658 2370 de
680 2349 800 2378 tempore
815 2353 869 2379 quo

82 2387 120 2415 illi
138 2387 176 2414 De
189 2386 318 2414 Trinitate
334 2386 394 2414 libri
409 2387 511 2414 exarati
528 2387 638 2420 fuerint,
654 2389 720 2416 nihil
733 2391 868 2419 accuratis

82 2433 191 2460 deliniri
210 2432 359 2459 rationibus
377 2438 471 2467 queat,
494 2433 587 2468 nequit
609 2434 690 2460 etiam
716 2437 868 2464 accuratius

81 2479 133 2506 dici
150 2481 258 2513 quando
278 2483 368 2506 nostra
385 2479 485 2513 scripta
504 2479 540 2506 sit
553 2481 699 2507 enarratio.

116 2524 164 2550 Est
177 2529 266 2550 autem
292 2523 350 2551 haec
371 2523 522 2559 Didymiani
543 2523 640 2558 ingenii
661 2524 697 2551 ita
726 2525 803 2560 plena
819 2533 865 2554 ve-

81 2569 179 2603 stigiis,
189 2572 215 2596 ut
227 2569 269 2596 vel
281 2569 376 2597 leviter
385 2569 551 2604 perquirenti
565 2577 596 2597 ea
611 2569 696 2596 ubivis
709 2576 866 2605 appareant,

80 2622 131 2642 nec
147 2615 232 2651 possit
246 2615 447 2650 comparatione
463 2623 574 2650 operum
593 2614 695 2649 Didymi
713 2616 867 2651 diligentius

79 2659 203 2687 instituta
222 2660 255 2687 de
271 2665 368 2687 nostra:
384 2659 523 2687 authentia
550 2659 736 2687 Enarrationis
751 2661 865 2695 amplius

115 2714 172 2749 (l2)
185 2714 364 2749 Topogrnphia
380 2714 488 2745 Christ..
505 2714 551 2741 lib.
573 2722 620 2746 vtt,
631 2723 656 2747 μ.
670 2714 733 2742 ἳ92.

114 2749 170 2783 (15)
183 2749 248 2783 Cap.
266 2758 282 2776 v
299 2752 325 2776 in
341 2749 355 2776 Ι
373 2749 458 2783 Epist.
475 2749 555 2777 Joan.
574 2757 643 2776 vers.
660 2750 703 2776 9.0.

116 2785 171 2819 (ιι)
188 2785 230 2811 αι’.
257 2785 293 2811 De
319 2785 432 2819 Didyme
459 2785 684 2812 Commentariun)
705 2785 737 2812 ad
762 2784 860 2814 Franc.

77 2818 204 2848 Cui-aiam
218 2820 355 2854 scriptum.
370 2818 471 2854 (Supra
487 2820 537 2846 col.
554 2819 627 2854 i59.)

72 2853 75 2856 ’
114 2855 172 2890 (15)
189 2854 225 2890 De
240 2853 327 2881 schola
344 2853 497 2890 Aluum/ru
516 2863 541 2888 p.
560 2863 588 2886 ll,
606 2863 631 2888 ιι.
650 2854 701 2882 559.
712 2862 770 2890 sqq.

128 2857 172 2888 t5)
189 2857 225 2880 De
240 2857 327 2881 schola
344 2857 497 2885 ΑΙεεηιιιΙτη
516 2863 541 2888 p.
560 2863 588 2886 ll,
606 2863 631 2888 ιι.
650 2857 701 2882 559.
712 2862 770 2890 sqq.

112 2857 170 2926 216)
187 2889 214 2916 Id
232 2892 391 2924 esl,lapsus.
404 2889 550 2924 Basnztgins
562 2893 594 2916 de
612 2891 697 2917 t'ctlitu
716 2890 812 2918 diaboli
827 2891 859 2919 ad

216 2936 351 2968 ΡΑτιιοι..
375 2936 434 2968 Gn.
457 2936 608 2968 XXXIX.

923 2293 969 2322 Dei
986 2295 1138 2328 scientiam,
1157 2297 1220 2324 licet
1231 2305 1377 2336 conversus
1389 2299 1422 2326 de
1439 2302 1622 2336 magnitudine
1635 2309 1707 2330 tanta

922 2341 1058 2368 ceciderit.
1084 2342 1241 2369 Ostenditur
1256 2332 1361 2377 oitaque
1389 2353 1421 2372 ex
1449 2347 1583 2373 communi
1609 2355 1709 2382 sensu,

922 2393 1001 2419 quem
1019 2386 1149 2413 habemus
1166 2388 1197 2414 de
1217 2388 1321 2415 cunctis
1338 2389 1552 2424 rationabilibus,
1565 2393 1705 2426 quoniam,

920 2440 980 2459 cum
1006 2433 1060 2459 sint
1075 2433 1178 2460 arbitrii
1205 2434 1290 2467 liberi,
1303 2439 1330 2461 et
1352 2437 1492 2463 conversio
1505 2437 1559 2473 (16)
1580 2438 1615 2465 sit
1637 2439 1706 2466 facta

922 2477 1034 2510 diaboli,
1058 2484 1154 2505 natura
1170 2486 1221 2506 non
1237 2480 1323 2507 malus
1342 2485 1392 2508 est.
1411 2491 1420 2508 ι

955 2523 993 2550 Ita
1011 2524 1139 2559 Didymus
1160 2525 1193 2550 ad
1219 2526 1369 2553 doctrinam
1384 2528 1417 2555 de
1432 2528 1540 2556 diabolo
1553 2531 1624 2565 quod
1643 2530 1706 2557 atti-

917 2573 964 2596 net
980 2576 1028 2603 pcr
1042 2569 1130 2595 ornnia
1148 2569 1253 2596 videtur
1265 2571 1304 2598 sui
1322 2572 1418 2599 similis
1433 2573 1565 2607 idemque.
1578 2575 1705 2602 Altamen

918 2614 944 2641 in
957 2614 1008 2641 hac
1023 2615 1143 2641 doctrina
1163 2622 1244 2641 uumu
1262 2616 1346 2648 est,in
1360 2625 1413 2652 quo
1428 2626 1443 2644 a
1455 2626 1484 2645 se
1496 2619 1554 2652 ipso
1570 2619 1705 2647 dissidere

917 2660 1075 2694 quihusdam
1090 2661 1162 2687 visus
1175 2665 1218 2688 est
1236 2666 1263 2688 et
1278 2661 1337 2689 libri
1352 2668 1443 2690 contra
1463 2663 1635 2698 Manicha'ar,
1651 2674 1701 2694 no-

919 2716 1057 2743 meliorem
1081 2716 1184 2750 frugem
1211 2717 1352 2745 intellexit.
1377 2720 1458 2747 Male.
1476 2720 1599 2748 Nostram
1617 2722 1702 2750 inter-

918 2752 1095 2785 pretationem
1128 2751 1233 2783 suadet,
1259 2753 1313 2780 imo
1336 2755 1438 2788 ﬂagitat
1463 2763 1524 2783 cum
1553 2758 1634 2784 totius
1650 2758 1700 2786 loci

917 2793 1012 2825 nexus.
1032 2791 1099 2825 tunt_
1109 2793 1173 2812 vero
1187 2794 1266 2825 _usus
1279 2789 1352 2825 verbi
1373 2790 1477 2825 τροπῆς
1491 2792 1523 2817 de
1539 2791 1623 2825 lapsu,
1644 2793 1701 2820 sive

917 2821 1065 2859 [nutatione
1093 2820 1246 2859 iur-pejus,
1279 2820 1396 2859 Didymo'
1425 2820 1699 2859 fr'éqttema'tissimus.

915 2854 1092 2895 νιιξίώεοιιιγ.
1115 2855 1244 2890 Manic/t.,
1272 2854 1434 2893 col.'i099;
1457 2854 1494 2888 De
1522 2860 1567 2895 Sp.
1594 2861 1624 2890 S.
1657 2871 1698 2895 ιιι.

914 2898 941 2926 p.
956 2890 1016 2918 5'28.

1519 2942 1556 2973 55
