  <div class='ocr_page' id='page_1' title='image "/cluster/home/n/w/nwhite01/storage/ocr_20150623/39/njp.32101010943528/875.png"; bbox 0 0 1913 3071; ppageno 0'>
   <div class='ocr_carea' id='block_1_1' title="bbox 191 161 260 192">
    <p class='ocr_par' dir='ltr' id='par_1_1' title="bbox 191 161 260 192">
     <span class='ocr_line' id='line_1_1' title="bbox 191 161 260 192; baseline -0.014 0"><span class='ocrx_word' id='word_1_1' title='bbox 191 161 260 192; x_wconf 71' lang='lat' dir='ltr'><strong>i739</strong></span> 
     </span>
    </p>
   </div>
   <div class='ocr_carea' id='block_1_2' title="bbox 458 160 1568 192">
    <p class='ocr_par' dir='ltr' id='par_1_2' title="bbox 458 160 1568 192">
     <span class='ocr_line' id='line_1_2' title="bbox 458 160 1568 192; baseline 0.001 -2"><span class='ocrx_word' id='word_1_2' title='bbox 458 161 577 190; x_wconf 82' lang='lat' dir='ltr'><strong>DlDYMl</strong></span> <span class='ocrx_word' id='word_1_3' title='bbox 598 161 702 189; x_wconf 78' lang='lat' dir='ltr'><strong>ALEX.</strong></span> <span class='ocrx_word' id='word_1_4' title='bbox 723 160 826 189; x_wconf 75' lang='lat' dir='ltr'><strong>ENAR.</strong></span> <span class='ocrx_word' id='word_1_5' title='bbox 850 161 884 189; x_wconf 83' lang='lat' dir='ltr'><strong>IN</strong></span> <span class='ocrx_word' id='word_1_6' title='bbox 903 161 1096 190; x_wconf 69' lang='lat' dir='ltr'><strong>EPISTOLAS</strong></span> <span class='ocrx_word' id='word_1_7' title='bbox 1115 162 1338 191; x_wconf 72' lang='lat' dir='ltr'><strong>CATllOLlCAS</strong></span> <span class='ocrx_word' id='word_1_8' title='bbox 1358 163 1568 192; x_wconf 66' lang='lat' dir='ltr'><strong>RESTITUTA.</strong></span> 
     </span>
    </p>
   </div>
   <div class='ocr_carea' id='block_1_3' title="bbox 1753 163 1812 192">
    <p class='ocr_par' dir='ltr' id='par_1_3' title="bbox 1753 163 1812 192">
     <span class='ocr_line' id='line_1_3' title="bbox 1753 163 1812 192; baseline 0.017 -1"><span class='ocrx_word' id='word_1_9' title='bbox 1753 163 1812 192; x_wconf 82' lang='lat' dir='ltr'><strong>mo</strong></span> 
     </span>
    </p>
   </div>
   <div class='ocr_carea' id='block_1_4' title="bbox 189 218 1812 258">
    <p class='ocr_par' dir='ltr' id='par_1_4' title="bbox 189 218 1812 258">
     <span class='ocr_line' id='line_1_4' title="bbox 189 218 1812 258; baseline 0.003 -12"><span class='ocrx_word' id='word_1_10' title='bbox 189 225 308 255; x_wconf 65' lang='lat' dir='ltr'><strong>atraeque</strong></span> <span class='ocrx_word' id='word_1_11' title='bbox 323 218 508 247; x_wconf 83' lang='lat' dir='ltr'><strong>Euarrationis</strong></span> <span class='ocrx_word' id='word_1_12' title='bbox 527 223 631 247; x_wconf 86' lang='lat' dir='ltr'><strong>auctor.</strong></span> <span class='ocrx_word' id='word_1_13' title='bbox 659 219 765 247; x_wconf 79' lang='lat' dir='ltr'><strong>Etenim</strong></span> <span class='ocrx_word' id='word_1_14' title='bbox 788 226 882 248; x_wconf 82' lang='lat' dir='ltr'><strong>contra</strong></span> <span class='ocrx_word' id='word_1_15' title='bbox 901 220 986 248; x_wconf 78' lang='lat' dir='ltr'><strong>Mani-</strong></span> <span class='ocrx_word' id='word_1_16' title='bbox 1000 225 1024 252; x_wconf 73' lang='grc' dir='ltr'><strong>Α</strong></span> <span class='ocrx_word' id='word_1_17' title='bbox 1039 222 1154 255; x_wconf 89' lang='lat' dir='ltr'><strong>ratione,</strong></span> <span class='ocrx_word' id='word_1_18' title='bbox 1174 222 1400 256; x_wconf 85' lang='lat' dir='ltr'><strong>patefaciendam,</strong></span> <span class='ocrx_word' id='word_1_19' title='bbox 1412 224 1545 258; x_wconf 79' lang='lat' dir='ltr'><strong>sequitur,</strong></span> <span class='ocrx_word' id='word_1_20' title='bbox 1573 222 1658 250; x_wconf 89' lang='lat' dir='ltr'><strong>malos</strong></span> <span class='ocrx_word' id='word_1_21' title='bbox 1681 223 1756 250; x_wconf 85' lang='lat' dir='ltr'><strong>etiam</strong></span> <span class='ocrx_word' id='word_1_22' title='bbox 1772 231 1812 251; x_wconf 78' lang='lat' dir='ltr'><strong>an-</strong></span> 
     </span>
    </p>
   </div>
   <div class='ocr_carea' id='block_1_5' title="bbox 189 263 982 301">
    <p class='ocr_par' dir='ltr' id='par_1_5' title="bbox 189 263 982 301">
     <span class='ocr_line' id='line_1_5' title="bbox 189 263 982 301; baseline 0.001 -8"><span class='ocrx_word' id='word_1_23' title='bbox 189 266 281 293; x_wconf 72' lang='lat' dir='ltr'><strong>ebmos</strong></span> <span class='ocrx_word' id='word_1_24' title='bbox 300 265 336 292; x_wconf 90' lang='lat' dir='ltr'><strong>ita</strong></span> <span class='ocrx_word' id='word_1_25' title='bbox 359 263 432 292; x_wconf 90' lang='lat' dir='ltr'><strong>illum</strong></span> <span class='ocrx_word' id='word_1_26' title='bbox 455 265 637 299; x_wconf 81' lang='lat' dir='ltr'><strong>disputantem</strong></span> <span class='ocrx_word' id='word_1_27' title='bbox 656 265 769 299; x_wconf 81' lang='lat' dir='ltr'><strong>faciunt,</strong></span> <span class='ocrx_word' id='word_1_28' title='bbox 793 267 871 301; x_wconf 89' lang='lat' dir='ltr'><strong>quasi</strong></span> <span class='ocrx_word' id='word_1_29' title='bbox 898 267 982 299; x_wconf 86' lang='lat' dir='ltr'><strong>dicat,</strong></span> 
     </span>
    </p>
   </div>
   <div class='ocr_carea' id='block_1_6' title="bbox 190 309 983 344">
    <p class='ocr_par' dir='ltr' id='par_1_6' title="bbox 190 309 983 344">
     <span class='ocr_line' id='line_1_6' title="bbox 190 309 983 344; baseline 0 -6"><span class='ocrx_word' id='word_1_30' title='bbox 190 309 325 338; x_wconf 81' lang='lat' dir='ltr'><strong>diabolum</strong></span> <span class='ocrx_word' id='word_1_31' title='bbox 344 309 398 344; x_wconf 71' lang='lat' dir='ltr'><strong>igni</strong></span> <span class='ocrx_word' id='word_1_32' title='bbox 418 314 522 337; x_wconf 61' lang='lat' dir='ltr'><strong>aeterno</strong></span> <span class='ocrx_word' id='word_1_33' title='bbox 543 310 675 338; x_wconf 87' lang='lat' dir='ltr'><strong>traditum</strong></span> <span class='ocrx_word' id='word_1_34' title='bbox 690 310 754 338; x_wconf 90' lang='lat' dir='ltr'><strong>olim</strong></span> <span class='ocrx_word' id='word_1_35' title='bbox 780 311 834 343; x_wconf 89' lang='lat' dir='ltr'><strong>iri;</strong></span> <span class='ocrx_word' id='word_1_36' title='bbox 859 312 983 338; x_wconf 90' lang='lat' dir='ltr'><strong>ettmdem</strong></span> 
     </span>
    </p>
   </div>
   <div class='ocr_carea' id='block_1_7' title="bbox 189 355 984 392">
    <p class='ocr_par' dir='ltr' id='par_1_7' title="bbox 189 355 984 392">
     <span class='ocr_line' id='line_1_7' title="bbox 189 355 984 392; baseline 0.003 -10"><span class='ocrx_word' id='word_1_37' title='bbox 189 363 255 384; x_wconf 86' lang='lat' dir='ltr'><strong>vero</strong></span> <span class='ocrx_word' id='word_1_38' title='bbox 277 357 304 383; x_wconf 93' lang='lat' dir='ltr'><strong>in</strong></span> <span class='ocrx_word' id='word_1_39' title='bbox 332 355 511 384; x_wconf 88' lang='lat' dir='ltr'><strong>Enarratione</strong></span> <span class='ocrx_word' id='word_1_40' title='bbox 531 364 644 392; x_wconf 84' lang='lat' dir='ltr'><strong>prorsus</strong></span> <span class='ocrx_word' id='word_1_41' title='bbox 673 358 809 386; x_wconf 85' lang='lat' dir='ltr'><strong>contraria</strong></span> <span class='ocrx_word' id='word_1_42' title='bbox 830 365 893 385; x_wconf 88' lang='lat' dir='ltr'><strong>cum</strong></span> <span class='ocrx_word' id='word_1_43' title='bbox 920 357 984 384; x_wconf 87' lang='lat' dir='ltr'><strong>Ori-</strong></span> 
     </span>
    </p>
   </div>
   <div class='ocr_carea' id='block_1_8' title="bbox 188 403 983 439">
    <p class='ocr_par' dir='ltr' id='par_1_8' title="bbox 188 403 983 439">
     <span class='ocr_line' id='line_1_8' title="bbox 188 403 983 439; baseline 0.003 -9"><span class='ocrx_word' id='word_1_44' title='bbox 188 410 257 438; x_wconf 77' lang='lat' dir='ltr'><strong>gene</strong></span> <span class='ocrx_word' id='word_1_45' title='bbox 279 403 403 431; x_wconf 83' lang='lat' dir='ltr'><strong>docuisse</strong></span> <span class='ocrx_word' id='word_1_46' title='bbox 420 403 522 436; x_wconf 88' lang='lat' dir='ltr'><strong>volunt,</strong></span> <span class='ocrx_word' id='word_1_47' title='bbox 541 410 647 438; x_wconf 83' lang='lat' dir='ltr'><strong>nempe,</strong></span> <span class='ocrx_word' id='word_1_48' title='bbox 668 403 755 431; x_wconf 87' lang='lat' dir='ltr'><strong>malos</strong></span> <span class='ocrx_word' id='word_1_49' title='bbox 775 404 887 439; x_wconf 74' lang='lat' dir='ltr'><strong>angelos</strong></span> <span class='ocrx_word' id='word_1_50' title='bbox 900 405 983 432; x_wconf 85' lang='lat' dir='ltr'><strong>adeo-</strong></span> 
     </span>
    </p>
   </div>
   <div class='ocr_carea' id='block_1_9' title="bbox 188 451 984 487">
    <p class='ocr_par' dir='ltr' id='par_1_9' title="bbox 188 451 984 487">
     <span class='ocr_line' id='line_1_9' title="bbox 188 451 984 487; baseline 0.001 -9"><span class='ocrx_word' id='word_1_51' title='bbox 188 458 241 487; x_wconf 97' lang='lat' dir='ltr'><strong>que</strong></span> <span class='ocrx_word' id='word_1_52' title='bbox 262 451 398 479; x_wconf 85' lang='lat' dir='ltr'><strong>diabolum</strong></span> <span class='ocrx_word' id='word_1_53' title='bbox 422 451 455 478; x_wconf 90' lang='lat' dir='ltr'><strong>ad</strong></span> <span class='ocrx_word' id='word_1_54' title='bbox 475 451 615 480; x_wconf 86' lang='lat' dir='ltr'><strong>meliorem</strong></span> <span class='ocrx_word' id='word_1_55' title='bbox 642 451 746 486; x_wconf 75' lang='lat' dir='ltr'><strong>frugem</strong></span> <span class='ocrx_word' id='word_1_56' title='bbox 768 451 832 479; x_wconf 88' lang='lat' dir='ltr'><strong>olim</strong></span> <span class='ocrx_word' id='word_1_57' title='bbox 859 459 984 479; x_wconf 75' lang='lat' dir='ltr'><strong>reversos</strong></span> 
     </span>
    </p>
   </div>
   <div class='ocr_carea' id='block_1_10' title="bbox 188 497 984 532">
    <p class='ocr_par' dir='ltr' id='par_1_10' title="bbox 188 497 984 532">
     <span class='ocr_line' id='line_1_10' title="bbox 188 497 984 532; baseline 0 -8"><span class='ocrx_word' id='word_1_58' title='bbox 188 497 283 525; x_wconf 85' lang='lat' dir='ltr'><strong>salutis</strong></span> <span class='ocrx_word' id='word_1_59' title='bbox 303 505 351 532; x_wconf 88' lang='lat' dir='ltr'><strong>per</strong></span> <span class='ocrx_word' id='word_1_60' title='bbox 371 497 510 525; x_wconf 79' lang='lat' dir='ltr'><strong>Christum</strong></span> <span class='ocrx_word' id='word_1_61' title='bbox 531 502 560 525; x_wconf 90' lang='lat' dir='ltr'><strong>et</strong></span> <span class='ocrx_word' id='word_1_62' title='bbox 583 497 660 525; x_wconf 89' lang='lat' dir='ltr'><strong>nobis</strong></span> <span class='ocrx_word' id='word_1_63' title='bbox 686 503 714 525; x_wconf 89' lang='lat' dir='ltr'><strong>et</strong></span> <span class='ocrx_word' id='word_1_64' title='bbox 737 497 864 525; x_wconf 87' lang='lat' dir='ltr'><strong>universo</strong></span> <span class='ocrx_word' id='word_1_65' title='bbox 884 497 984 525; x_wconf 90' lang='lat' dir='ltr'><strong>mundo</strong></span> 
     </span>
    </p>
   </div>
   <div class='ocr_carea' id='block_1_11' title="bbox 187 543 984 579">
    <p class='ocr_par' dir='ltr' id='par_1_11' title="bbox 187 543 984 579">
     <span class='ocr_line' id='line_1_11' title="bbox 187 543 984 579; baseline 0.001 -9"><span class='ocrx_word' id='word_1_66' title='bbox 187 543 314 571; x_wconf 82' lang='lat' dir='ltr'><strong>rationali</strong></span> <span class='ocrx_word' id='word_1_67' title='bbox 336 549 466 579; x_wconf 63' lang='lat' dir='ltr'><strong>reparatae</strong></span> <span class='ocrx_word' id='word_1_68' title='bbox 486 551 566 579; x_wconf 85' lang='lat' dir='ltr'><strong>posse</strong></span> <span class='ocrx_word' id='word_1_69' title='bbox 579 543 636 571; x_wconf 84' lang='lat' dir='ltr'><strong>fieri</strong></span> <span class='ocrx_word' id='word_1_70' title='bbox 652 543 810 578; x_wconf 74' lang='lat' dir='ltr'><strong>participes.</strong></span> <span class='ocrx_word' id='word_1_71' title='bbox 823 543 906 578; x_wconf 85' lang='lat' dir='ltr'><strong>Loca,</strong></span> <span class='ocrx_word' id='word_1_72' title='bbox 925 550 984 578; x_wconf 75' lang='lat' dir='ltr'><strong>qua:</strong></span> 
     </span>
    </p>
   </div>
   <div class='ocr_carea' id='block_1_12' title="bbox 190 589 983 622">
    <p class='ocr_par' dir='ltr' id='par_1_12' title="bbox 190 589 983 622">
     <span class='ocr_line' id='line_1_12' title="bbox 190 589 983 622; baseline -0.001 -6"><span class='ocrx_word' id='word_1_73' title='bbox 190 591 241 616; x_wconf 84' lang='lat' dir='ltr'><strong>Iure</strong></span> <span class='ocrx_word' id='word_1_74' title='bbox 261 589 349 616; x_wconf 74' lang='lat' dir='ltr'><strong>facere</strong></span> <span class='ocrx_word' id='word_1_75' title='bbox 364 589 499 622; x_wconf 88' lang='lat' dir='ltr'><strong>videntur,</strong></span> <span class='ocrx_word' id='word_1_76' title='bbox 516 590 568 617; x_wconf 92' lang='lat' dir='ltr'><strong>duo</strong></span> <span class='ocrx_word' id='word_1_77' title='bbox 588 590 699 617; x_wconf 74' lang='lat' dir='ltr'><strong>exstant</strong></span> <span class='ocrx_word' id='word_1_78' title='bbox 714 590 739 616; x_wconf 92' lang='lat' dir='ltr'><strong>in</strong></span> <span class='ocrx_word' id='word_1_79' title='bbox 751 589 926 616; x_wconf 81' lang='lat' dir='ltr'><strong>enarratione</strong></span> <span class='ocrx_word' id='word_1_80' title='bbox 948 589 983 615; x_wconf 85' lang='lat' dir='ltr'><strong>ad</strong></span> 
     </span>
    </p>
   </div>
   <div class='ocr_carea' id='block_1_13' title="bbox 186 634 983 670">
    <p class='ocr_par' dir='ltr' id='par_1_13' title="bbox 186 634 983 670">
     <span class='ocr_line' id='line_1_13' title="bbox 186 634 983 670; baseline -0.001 -8"><span class='ocrx_word' id='word_1_81' title='bbox 186 635 298 670; x_wconf 75' lang='lat' dir='ltr'><strong>priorem</strong></span> <span class='ocrx_word' id='word_1_82' title='bbox 319 634 393 662; x_wconf 80' lang='lat' dir='ltr'><strong>Petri</strong></span> <span class='ocrx_word' id='word_1_83' title='bbox 413 635 569 670; x_wconf 74' lang='lat' dir='ltr'><strong>Epistulam.</strong></span> <span class='ocrx_word' id='word_1_84' title='bbox 596 635 671 663; x_wconf 86' lang='lat' dir='ltr'><strong>Alter</strong></span> <span class='ocrx_word' id='word_1_85' title='bbox 695 635 780 667; x_wconf 89' lang='lat' dir='ltr'><strong>locus,</strong></span> <span class='ocrx_word' id='word_1_86' title='bbox 812 635 858 670; x_wconf 89' lang='lat' dir='ltr'><strong>qui</strong></span> <span class='ocrx_word' id='word_1_87' title='bbox 887 639 929 662; x_wconf 90' lang='lat' dir='ltr'><strong>est</strong></span> <span class='ocrx_word' id='word_1_88' title='bbox 948 635 983 661; x_wconf 85' lang='lat' dir='ltr'><strong>ad</strong></span> 
     </span>
    </p>
   </div>
   <div class='ocr_carea' id='block_1_14' title="bbox 187 680 984 716">
    <p class='ocr_par' dir='ltr' id='par_1_14' title="bbox 187 680 984 716">
     <span class='ocr_line' id='line_1_14' title="bbox 187 680 984 716; baseline 0 -8"><span class='ocrx_word' id='word_1_89' title='bbox 187 681 201 708; x_wconf 85' lang='grc' dir='ltr'><strong><em>Ι</em></strong></span> <span class='ocrx_word' id='word_1_90' title='bbox 217 680 289 709; x_wconf 82' lang='lat' dir='ltr'><strong>Petr.</strong></span> <span class='ocrx_word' id='word_1_91' title='bbox 307 689 326 715; x_wconf 90' lang='lat' dir='ltr'><strong>l,</strong></span> <span class='ocrx_word' id='word_1_92' title='bbox 342 681 433 714; x_wconf 70' lang='grc' dir='ltr'>ιο-ιξ,</span> <span class='ocrx_word' id='word_1_93' title='bbox 450 682 475 708; x_wconf 92' lang='lat' dir='ltr'><strong>in</strong></span> <span class='ocrx_word' id='word_1_94' title='bbox 490 681 655 709; x_wconf 72' lang='lat' dir='ltr'><strong>Bibliotheca</strong></span> <span class='ocrx_word' id='word_1_95' title='bbox 671 682 707 709; x_wconf 87' lang='lat' dir='ltr'><strong>ita</strong></span> <span class='ocrx_word' id='word_1_96' title='bbox 730 688 875 716; x_wconf 86' lang='lat' dir='ltr'><strong>expressus</strong></span> <span class='ocrx_word' id='word_1_97' title='bbox 893 686 920 708; x_wconf 88' lang='lat' dir='ltr'><strong>et</strong></span> <span class='ocrx_word' id='word_1_98' title='bbox 943 681 984 708; x_wconf 81' lang='lat' dir='ltr'><strong>in-</strong></span> 
     </span>
    </p>
   </div>
   <div class='ocr_carea' id='block_1_15' title="bbox 187 727 982 763">
    <p class='ocr_par' dir='ltr' id='par_1_15' title="bbox 187 727 982 763">
     <span class='ocr_line' id='line_1_15' title="bbox 187 727 982 763; baseline 0.003 -10"><span class='ocrx_word' id='word_1_99' title='bbox 187 731 345 760; x_wconf 82' lang='lat' dir='ltr'><strong>terpunctas</strong></span> <span class='ocrx_word' id='word_1_100' title='bbox 367 727 445 762; x_wconf 82' lang='lat' dir='ltr'><strong>vulgo</strong></span> <span class='ocrx_word' id='word_1_101' title='bbox 461 727 558 761; x_wconf 81' lang='lat' dir='ltr'><strong>legitur</strong></span> <span class='ocrx_word' id='word_1_102' title='bbox 578 736 585 754; x_wconf 87' lang='lat'>:</span> <span class='ocrx_word' id='word_1_103' title='bbox 603 736 613 753; x_wconf 74' lang='grc' dir='ltr'><strong>ι</strong></span> <span class='ocrx_word' id='word_1_104' title='bbox 636 727 666 755; x_wconf 90' lang='lat' dir='ltr'><strong>Si</strong></span> <span class='ocrx_word' id='word_1_105' title='bbox 683 727 745 763; x_wconf 85' lang='lat' dir='ltr'><strong>quis</strong></span> <span class='ocrx_word' id='word_1_106' title='bbox 773 728 982 762; x_wconf 81' lang='lat' dir='ltr'><strong>existimaverit,</strong></span> 
     </span>
    </p>
   </div>
   <div class='ocr_carea' id='block_1_16' title="bbox 186 774 981 809">
    <p class='ocr_par' dir='ltr' id='par_1_16' title="bbox 186 774 981 809">
     <span class='ocr_line' id='line_1_16' title="bbox 186 774 981 809; baseline 0.004 -9"><span class='ocrx_word' id='word_1_107' title='bbox 186 775 328 807; x_wconf 66' lang='lat' dir='ltr'><strong>quaesitam</strong></span> <span class='ocrx_word' id='word_1_108' title='bbox 346 781 359 800; x_wconf 67' lang='grc' dir='ltr'><strong>ιι</strong></span> <span class='ocrx_word' id='word_1_109' title='bbox 384 775 522 809; x_wconf 84' lang='lat' dir='ltr'><strong>prophetis</strong></span> <span class='ocrx_word' id='word_1_110' title='bbox 539 774 654 802; x_wconf 81' lang='lat' dir='ltr'><strong>salutem</strong></span> <span class='ocrx_word' id='word_1_111' title='bbox 679 775 705 802; x_wconf 94' lang='lat' dir='ltr'><strong>in</strong></span> <span class='ocrx_word' id='word_1_112' title='bbox 731 775 784 802; x_wconf 88' lang='lat' dir='ltr'><strong>fine</strong></span> <span class='ocrx_word' id='word_1_113' title='bbox 802 782 862 803; x_wconf 88' lang='lat' dir='ltr'><strong>esse</strong></span> <span class='ocrx_word' id='word_1_114' title='bbox 878 775 981 808; x_wconf 87' lang='lat' dir='ltr'><strong>mundi,</strong></span> 
     </span>
    </p>
   </div>
   <div class='ocr_carea' id='block_1_17' title="bbox 186 820 983 857">
    <p class='ocr_par' dir='ltr' id='par_1_17' title="bbox 186 820 983 857">
     <span class='ocr_line' id='line_1_17' title="bbox 186 820 983 857; baseline 0.005 -12"><span class='ocrx_word' id='word_1_115' title='bbox 186 821 257 854; x_wconf 88' lang='lat' dir='ltr'><strong>quod</strong></span> <span class='ocrx_word' id='word_1_116' title='bbox 276 820 302 848; x_wconf 92' lang='lat' dir='ltr'><strong>in</strong></span> <span class='ocrx_word' id='word_1_117' title='bbox 318 820 442 848; x_wconf 87' lang='lat' dir='ltr'><strong>omnibus</strong></span> <span class='ocrx_word' id='word_1_118' title='bbox 462 825 488 847; x_wconf 90' lang='lat' dir='ltr'><strong>et</strong></span> <span class='ocrx_word' id='word_1_119' title='bbox 503 820 530 847; x_wconf 89' lang='lat' dir='ltr'><strong>in</strong></span> <span class='ocrx_word' id='word_1_120' title='bbox 548 828 655 848; x_wconf 88' lang='lat' dir='ltr'><strong>suntmo</strong></span> <span class='ocrx_word' id='word_1_121' title='bbox 666 825 708 848; x_wconf 87' lang='lat' dir='ltr'><strong>est</strong></span> <span class='ocrx_word' id='word_1_122' title='bbox 723 821 857 856; x_wconf 88' lang='lat' dir='ltr'><strong>appetitu,</strong></span> <span class='ocrx_word' id='word_1_123' title='bbox 875 822 983 857; x_wconf 83' lang='lat' dir='ltr'><strong>quando</strong></span> 
     </span>
    </p>
   </div>
   <div class='ocr_carea' id='block_1_18' title="bbox 186 865 980 902">
    <p class='ocr_par' dir='ltr' id='par_1_18' title="bbox 186 865 980 902">
     <span class='ocr_line' id='line_1_18' title="bbox 186 865 980 902; baseline 0.003 -9"><span class='ocrx_word' id='word_1_124' title='bbox 186 865 273 899; x_wconf 82' lang='lat' dir='ltr'><strong>ipsius</strong></span> <span class='ocrx_word' id='word_1_125' title='bbox 285 866 393 901; x_wconf 79' lang='lat' dir='ltr'><strong>quidem</strong></span> <span class='ocrx_word' id='word_1_126' title='bbox 410 873 489 893; x_wconf 84' lang='lat' dir='ltr'><strong>causa</strong></span> <span class='ocrx_word' id='word_1_127' title='bbox 508 866 560 893; x_wconf 87' lang='lat' dir='ltr'><strong>alia</strong></span> <span class='ocrx_word' id='word_1_128' title='bbox 586 871 681 894; x_wconf 90' lang='lat' dir='ltr'><strong>cuncta</strong></span> <span class='ocrx_word' id='word_1_129' title='bbox 696 867 775 899; x_wconf 87' lang='lat' dir='ltr'><strong>fiunt,</strong></span> <span class='ocrx_word' id='word_1_130' title='bbox 797 867 886 902; x_wconf 90' lang='lat' dir='ltr'><strong>ipsum</strong></span> <span class='ocrx_word' id='word_1_131' title='bbox 906 875 980 900; x_wconf 89' lang='lat' dir='ltr'><strong>vero,</strong></span> 
     </span>
    </p>
   </div>
   <div class='ocr_carea' id='block_1_19' title="bbox 1034 267 1810 305">
    <p class='ocr_par' dir='ltr' id='par_1_19' title="bbox 1034 267 1810 305">
     <span class='ocr_line' id='line_1_19' title="bbox 1034 267 1810 305; baseline 0.004 -12"><span class='ocrx_word' id='word_1_132' title='bbox 1034 267 1121 302; x_wconf 72' lang='lat' dir='ltr'><strong>gelos,</strong></span> <span class='ocrx_word' id='word_1_133' title='bbox 1136 268 1216 295; x_wconf 90' lang='lat' dir='ltr'><strong>modo</strong></span> <span class='ocrx_word' id='word_1_134' title='bbox 1235 275 1268 296; x_wconf 89' lang='lat' dir='ltr'><strong>ne</strong></span> <span class='ocrx_word' id='word_1_135' title='bbox 1294 269 1341 296; x_wconf 89' lang='lat' dir='ltr'><strong>toti</strong></span> <span class='ocrx_word' id='word_1_136' title='bbox 1362 270 1500 304; x_wconf 78' lang='lat' dir='ltr'><strong>depravati</strong></span> <span class='ocrx_word' id='word_1_137' title='bbox 1517 269 1618 296; x_wconf 84' lang='lat' dir='ltr'><strong>fuerint</strong></span> <span class='ocrx_word' id='word_1_138' title='bbox 1635 274 1716 305; x_wconf 83' lang='lat' dir='ltr'><strong>atque</strong></span> <span class='ocrx_word' id='word_1_139' title='bbox 1728 275 1810 296; x_wconf 83' lang='lat' dir='ltr'><strong>natura</strong></span> 
     </span>
    </p>
   </div>
   <div class='ocr_carea' id='block_1_20' title="bbox 1034 313 1812 350">
    <p class='ocr_par' dir='ltr' id='par_1_20' title="bbox 1034 313 1812 350">
     <span class='ocr_line' id='line_1_20' title="bbox 1034 313 1812 350; baseline 0.003 -11"><span class='ocrx_word' id='word_1_140' title='bbox 1034 320 1083 340; x_wconf 87' lang='lat' dir='ltr'><strong>sua</strong></span> <span class='ocrx_word' id='word_1_141' title='bbox 1101 313 1226 340; x_wconf 77' lang='lat' dir='ltr'><strong>rationali</strong></span> <span class='ocrx_word' id='word_1_142' title='bbox 1255 321 1366 349; x_wconf 74' lang='lat' dir='ltr'><strong>prorsus</strong></span> <span class='ocrx_word' id='word_1_143' title='bbox 1387 315 1485 349; x_wconf 75' lang='lat' dir='ltr'><strong>privati</strong></span> <span class='ocrx_word' id='word_1_144' title='bbox 1510 315 1547 350; x_wconf 88' lang='lat' dir='ltr'><strong>(id</strong></span> <span class='ocrx_word' id='word_1_145' title='bbox 1567 315 1637 349; x_wconf 86' lang='lat' dir='ltr'><strong>quod</strong></span> <span class='ocrx_word' id='word_1_146' title='bbox 1659 322 1693 341; x_wconf 85' lang='lat' dir='ltr'><strong>ne</strong></span> <span class='ocrx_word' id='word_1_147' title='bbox 1715 315 1812 349; x_wconf 73' lang='lat' dir='ltr'><strong>cogitari</strong></span> 
     </span>
    </p>
   </div>
   <div class='ocr_carea' id='block_1_21' title="bbox 1035 359 1812 395">
    <p class='ocr_par' dir='ltr' id='par_1_21' title="bbox 1035 359 1812 395">
     <span class='ocr_line' id='line_1_21' title="bbox 1035 359 1812 395; baseline 0.003 -10"><span class='ocrx_word' id='word_1_148' title='bbox 1035 359 1143 393; x_wconf 86' lang='lat' dir='ltr'><strong>quidem</strong></span> <span class='ocrx_word' id='word_1_149' title='bbox 1156 364 1256 394; x_wconf 87' lang='lat' dir='ltr'><strong>potest,</strong></span> <span class='ocrx_word' id='word_1_150' title='bbox 1273 359 1324 387; x_wconf 85' lang='lat' dir='ltr'><strong>nisi</strong></span> <span class='ocrx_word' id='word_1_151' title='bbox 1340 360 1374 386; x_wconf 90' lang='lat' dir='ltr'><strong>ab</strong></span> <span class='ocrx_word' id='word_1_152' title='bbox 1389 360 1421 387; x_wconf 86' lang='lat' dir='ltr'><strong>iis</strong></span> <span class='ocrx_word' id='word_1_153' title='bbox 1437 360 1483 395; x_wconf 91' lang='lat' dir='ltr'><strong>qui</strong></span> <span class='ocrx_word' id='word_1_154' title='bbox 1505 360 1644 387; x_wconf 89' lang='lat' dir='ltr'><strong>erroribus</strong></span> <span class='ocrx_word' id='word_1_155' title='bbox 1665 359 1812 388; x_wconf 61' lang='lat' dir='ltr'><strong>Manichae-</strong></span> 
     </span>
    </p>
   </div>
   <div class='ocr_carea' id='block_1_22' title="bbox 1036 396 1812 440">
    <p class='ocr_par' dir='ltr' id='par_1_22' title="bbox 1036 396 1812 440">
     <span class='ocr_line' id='line_1_22' title="bbox 1036 396 1812 440; baseline 0.001 -8"><span class='ocrx_word' id='word_1_156' title='bbox 1036 412 1095 432; x_wconf 90' lang='lat' dir='ltr'><strong>rum</strong></span> <span class='ocrx_word' id='word_1_157' title='bbox 1119 404 1224 439; x_wconf 89' lang='lat' dir='ltr'><strong>decepti</strong></span> <span class='ocrx_word' id='word_1_158' title='bbox 1246 405 1323 440; x_wconf 89' lang='lat' dir='ltr'><strong>sint),</strong></span> <span class='ocrx_word' id='word_1_159' title='bbox 1340 406 1476 433; x_wconf 87' lang='lat' dir='ltr'><strong>desiderio</strong></span> <span class='ocrx_word' id='word_1_160' title='bbox 1495 406 1591 434; x_wconf 84' lang='lat' dir='ltr'><strong>salutis</strong></span> <span class='ocrx_word' id='word_1_161' title='bbox 1612 396 1709 434; x_wconf 67' lang='lat' dir='ltr'><strong>in&#39;tlue</strong></span> <span class='ocrx_word' id='word_1_162' title='bbox 1733 407 1812 433; x_wconf 91' lang='lat' dir='ltr'><strong>mundi</strong></span> 
     </span>
    </p>
   </div>
   <div class='ocr_carea' id='block_1_23' title="bbox 1034 450 1813 486">
    <p class='ocr_par' dir='ltr' id='par_1_23' title="bbox 1034 450 1813 486">
     <span class='ocr_line' id='line_1_23' title="bbox 1034 450 1813 486; baseline 0.001 -9"><span class='ocrx_word' id='word_1_163' title='bbox 1034 450 1099 478; x_wconf 92' lang='lat' dir='ltr'><strong>olim</strong></span> <span class='ocrx_word' id='word_1_164' title='bbox 1132 451 1231 479; x_wconf 73' lang='lat' dir='ltr'><strong>futurae</strong></span> <span class='ocrx_word' id='word_1_165' title='bbox 1261 451 1480 486; x_wconf 61' lang='lat' dir='ltr'><strong>prospicienda,</strong></span> <span class='ocrx_word' id='word_1_166' title='bbox 1510 456 1592 486; x_wconf 83' lang='lat' dir='ltr'><strong>atque</strong></span> <span class='ocrx_word' id='word_1_167' title='bbox 1613 452 1763 486; x_wconf 60' lang='lat' dir='ltr'><strong>appetenda</strong></span> <span class='ocrx_word' id='word_1_168' title='bbox 1789 457 1813 478; x_wconf 90' lang='lat' dir='ltr'><strong>et</strong></span> 
     </span>
    </p>
   </div>
   <div class='ocr_carea' id='block_1_24' title="bbox 1034 497 1814 531">
    <p class='ocr_par' dir='ltr' id='par_1_24' title="bbox 1034 497 1814 531">
     <span class='ocr_line' id='line_1_24' title="bbox 1034 497 1814 531; baseline 0 -7"><span class='ocrx_word' id='word_1_169' title='bbox 1034 504 1114 531; x_wconf 85' lang='lat' dir='ltr'><strong>posse</strong></span> <span class='ocrx_word' id='word_1_170' title='bbox 1136 497 1223 524; x_wconf 84' lang='lat' dir='ltr'><strong>teneri</strong></span> <span class='ocrx_word' id='word_1_171' title='bbox 1249 502 1278 525; x_wconf 87' lang='lat' dir='ltr'><strong>et</strong></span> <span class='ocrx_word' id='word_1_172' title='bbox 1294 505 1358 526; x_wconf 86' lang='lat' dir='ltr'><strong>vero</strong></span> <span class='ocrx_word' id='word_1_173' title='bbox 1374 498 1456 526; x_wconf 86' lang='lat' dir='ltr'><strong>etiam</strong></span> <span class='ocrx_word' id='word_1_174' title='bbox 1475 502 1578 525; x_wconf 87' lang='lat' dir='ltr'><strong>lentum</strong></span> <span class='ocrx_word' id='word_1_175' title='bbox 1595 498 1639 526; x_wconf 92' lang='lat' dir='ltr'><strong>iri.</strong></span> <span class='ocrx_word' id='word_1_176' title='bbox 1663 507 1673 524; x_wconf 70' lang='grc' dir='ltr'><strong>ε</strong></span> <span class='ocrx_word' id='word_1_177' title='bbox 1688 497 1751 525; x_wconf 84' lang='lat' dir='ltr'><strong>Nam</strong></span> <span class='ocrx_word' id='word_1_178' title='bbox 1760 498 1814 525; x_wconf 88' lang='lat' dir='ltr'><strong>licet</strong></span> 
     </span>
    </p>
   </div>
   <div class='ocr_carea' id='block_1_25' title="bbox 1035 542 1814 578">
    <p class='ocr_par' dir='ltr' id='par_1_25' title="bbox 1035 542 1814 578">
     <span class='ocr_line' id='line_1_25' title="bbox 1035 542 1814 578; baseline 0.001 -9"><span class='ocrx_word' id='word_1_179' title='bbox 1035 542 1146 576; x_wconf 85' lang='lat' dir='ltr'><strong>quidam</strong></span> <span class='ocrx_word' id='word_1_180' title='bbox 1166 550 1260 570; x_wconf 90' lang='lat' dir='ltr'><strong>eorum</strong></span> <span class='ocrx_word' id='word_1_181' title='bbox 1276 544 1351 578; x_wconf 83' lang='lat' dir='ltr'><strong>pravi</strong></span> <span class='ocrx_word' id='word_1_182' title='bbox 1369 544 1432 576; x_wconf 85' lang='lat' dir='ltr'><strong>sint,</strong></span> <span class='ocrx_word' id='word_1_183' title='bbox 1446 548 1566 571; x_wconf 82' lang='lat' dir='ltr'><strong>attamen</strong></span> <span class='ocrx_word' id='word_1_184' title='bbox 1584 543 1685 571; x_wconf 84' lang='lat' dir='ltr'><strong>detenti</strong></span> <span class='ocrx_word' id='word_1_185' title='bbox 1696 543 1814 578; x_wconf 85' lang='lat' dir='ltr'><strong>supplicio</strong></span> 
     </span>
    </p>
   </div>
   <div class='ocr_carea' id='block_1_26' title="bbox 1035 588 1814 624">
    <p class='ocr_par' dir='ltr' id='par_1_26' title="bbox 1035 588 1814 624">
     <span class='ocr_line' id='line_1_26' title="bbox 1035 588 1814 624; baseline 0.003 -9"><span class='ocrx_word' id='word_1_186' title='bbox 1035 588 1100 624; x_wconf 86' lang='lat' dir='ltr'><strong>(quo</strong></span> <span class='ocrx_word' id='word_1_187' title='bbox 1126 588 1284 616; x_wconf 80' lang='lat' dir='ltr'><strong>cruciantur</strong></span> <span class='ocrx_word' id='word_1_188' title='bbox 1304 590 1430 624; x_wconf 88' lang='lat' dir='ltr'><strong>quidem,</strong></span> <span class='ocrx_word' id='word_1_189' title='bbox 1461 597 1556 618; x_wconf 89' lang='lat' dir='ltr'><strong>verum</strong></span> <span class='ocrx_word' id='word_1_190' title='bbox 1578 590 1615 617; x_wconf 85' lang='lat' dir='ltr'><strong>ita</strong></span> <span class='ocrx_word' id='word_1_191' title='bbox 1631 595 1661 617; x_wconf 87' lang='lat' dir='ltr'><strong>ut</strong></span> <span class='ocrx_word' id='word_1_192' title='bbox 1689 589 1814 617; x_wconf 87' lang='lat' dir='ltr'><strong>emendari</strong></span> 
     </span>
    </p>
   </div>
   <div class='ocr_carea' id='block_1_27' title="bbox 1036 634 1815 671">
    <p class='ocr_par' dir='ltr' id='par_1_27' title="bbox 1036 634 1815 671">
     <span class='ocr_line' id='line_1_27' title="bbox 1036 634 1815 671; baseline -0.001 -9"><span class='ocrx_word' id='word_1_193' title='bbox 1036 634 1150 669; x_wconf 85' lang='lat' dir='ltr'><strong>possint,</strong></span> <span class='ocrx_word' id='word_1_194' title='bbox 1172 642 1260 669; x_wconf 86' lang='lat' dir='ltr'><strong>neque</strong></span> <span class='ocrx_word' id='word_1_195' title='bbox 1281 635 1509 671; x_wconf 72' lang='lat' dir='ltr'><strong>esstinguantur),</strong></span> <span class='ocrx_word' id='word_1_196' title='bbox 1526 636 1716 671; x_wconf 86' lang='lat' dir='ltr'><strong>resipiscenles</strong></span> <span class='ocrx_word' id='word_1_197' title='bbox 1729 634 1815 670; x_wconf 73' lang='lat' dir='ltr'><strong>[respi-</strong></span> 
     </span>
    </p>
   </div>
   <div class='ocr_carea' id='block_1_28' title="bbox 1035 680 1814 717">
    <p class='ocr_par' dir='ltr' id='par_1_28' title="bbox 1035 680 1814 717">
     <span class='ocr_line' id='line_1_28' title="bbox 1035 680 1814 717; baseline -0.001 -9"><span class='ocrx_word' id='word_1_198' title='bbox 1035 680 1137 708; x_wconf 84' lang='lat' dir='ltr'><strong>cientes</strong></span> <span class='ocrx_word' id='word_1_199' title='bbox 1151 680 1218 717; x_wconf 90' lang='lat' dir='ltr'><strong>(l7)]</strong></span> <span class='ocrx_word' id='word_1_200' title='bbox 1240 681 1311 709; x_wconf 88' lang='lat' dir='ltr'><strong>unde</strong></span> <span class='ocrx_word' id='word_1_201' title='bbox 1327 681 1492 715; x_wconf 89' lang='lat' dir='ltr'><strong>ceciderunt,</strong></span> <span class='ocrx_word' id='word_1_202' title='bbox 1509 681 1647 709; x_wconf 87' lang='lat' dir='ltr'><strong>habebunt</strong></span> <span class='ocrx_word' id='word_1_203' title='bbox 1664 681 1814 709; x_wconf 85' lang='lat' dir='ltr'><strong>desiderium</strong></span> 
     </span>
    </p>
   </div>
   <div class='ocr_carea' id='block_1_29' title="bbox 1035 727 1815 763">
    <p class='ocr_par' dir='ltr' id='par_1_29' title="bbox 1035 727 1815 763">
     <span class='ocr_line' id='line_1_29' title="bbox 1035 727 1815 763; baseline -0.003 -9"><span class='ocrx_word' id='word_1_204' title='bbox 1035 727 1075 755; x_wconf 90' lang='lat' dir='ltr'><strong>vel</strong></span> <span class='ocrx_word' id='word_1_205' title='bbox 1091 734 1139 762; x_wconf 88' lang='lat' dir='ltr'><strong>per</strong></span> <span class='ocrx_word' id='word_1_206' title='bbox 1162 727 1296 755; x_wconf 81' lang='lat' dir='ltr'><strong>fenestras</strong></span> <span class='ocrx_word' id='word_1_207' title='bbox 1314 735 1345 754; x_wconf 87' lang='lat' dir='ltr'><strong>ea</strong></span> <span class='ocrx_word' id='word_1_208' title='bbox 1367 728 1512 763; x_wconf 86' lang='lat' dir='ltr'><strong>respicere,</strong></span> <span class='ocrx_word' id='word_1_209' title='bbox 1536 736 1546 754; x_wconf 78' lang='grc' dir='ltr'><strong>ι</strong></span> <span class='ocrx_word' id='word_1_210' title='bbox 1565 728 1590 755; x_wconf 91' lang='lat' dir='ltr'><strong>i&#39;d</strong></span> <span class='ocrx_word' id='word_1_211' title='bbox 1605 732 1647 755; x_wconf 88' lang='lat' dir='ltr'><strong>est</strong></span> <span class='ocrx_word' id='word_1_212' title='bbox 1664 727 1815 754; x_wconf 88' lang='lat' dir='ltr'><strong>desiderium</strong></span> 
     </span>
    </p>
   </div>
   <div class='ocr_carea' id='block_1_30' title="bbox 1034 772 1817 809">
    <p class='ocr_par' dir='ltr' id='par_1_30' title="bbox 1034 772 1817 809">
     <span class='ocr_line' id='line_1_30' title="bbox 1034 772 1817 809; baseline -0.001 -9"><span class='ocrx_word' id='word_1_213' title='bbox 1034 781 1065 801; x_wconf 88' lang='lat' dir='ltr'><strong>ea</strong></span> <span class='ocrx_word' id='word_1_214' title='bbox 1081 773 1178 808; x_wconf 89' lang='lat' dir='ltr'><strong>quovis</strong></span> <span class='ocrx_word' id='word_1_215' title='bbox 1203 774 1284 801; x_wconf 91' lang='lat' dir='ltr'><strong>modo</strong></span> <span class='ocrx_word' id='word_1_216' title='bbox 1297 774 1458 809; x_wconf 88' lang='lat' dir='ltr'><strong>respiciendi</strong></span> <span class='ocrx_word' id='word_1_217' title='bbox 1480 774 1708 802; x_wconf 82' lang='lat' dir='ltr'><strong>ardentissimum.</strong></span> <span class='ocrx_word' id='word_1_218' title='bbox 1722 772 1817 806; x_wconf 84' lang='lat' dir='ltr'><strong>Quibus</strong></span> 
     </span>
    </p>
   </div>
   <div class='ocr_carea' id='block_1_31' title="bbox 1034 820 1817 855">
    <p class='ocr_par' dir='ltr' id='par_1_31' title="bbox 1034 820 1817 855">
     <span class='ocr_line' id='line_1_31' title="bbox 1034 820 1817 855; baseline 0 -9"><span class='ocrx_word' id='word_1_219' title='bbox 1034 820 1134 852; x_wconf 86' lang='lat' dir='ltr'><strong>verbis,</strong></span> <span class='ocrx_word' id='word_1_220' title='bbox 1153 827 1204 855; x_wconf 81' lang='lat' dir='ltr'><strong>ego</strong></span> <span class='ocrx_word' id='word_1_221' title='bbox 1221 820 1243 847; x_wconf 90' lang='lat' dir='ltr'><strong>si</strong></span> <span class='ocrx_word' id='word_1_222' title='bbox 1258 820 1322 855; x_wconf 89' lang='lat' dir='ltr'><strong>quid</strong></span> <span class='ocrx_word' id='word_1_223' title='bbox 1340 821 1429 853; x_wconf 89' lang='lat' dir='ltr'><strong>video,</strong></span> <span class='ocrx_word' id='word_1_224' title='bbox 1444 821 1512 848; x_wconf 92' lang='lat' dir='ltr'><strong>nihil</strong></span> <span class='ocrx_word' id='word_1_225' title='bbox 1526 820 1596 847; x_wconf 86' lang='lat' dir='ltr'><strong>aliud</strong></span> <span class='ocrx_word' id='word_1_226' title='bbox 1614 820 1735 853; x_wconf 85' lang='lat' dir='ltr'><strong>docetur,</strong></span> <span class='ocrx_word' id='word_1_227' title='bbox 1744 827 1817 854; x_wconf 88' lang='lat' dir='ltr'><strong>quam</strong></span> 
     </span>
    </p>
   </div>
   <div class='ocr_carea' id='block_1_32' title="bbox 1034 865 1818 902">
    <p class='ocr_par' dir='ltr' id='par_1_32' title="bbox 1034 865 1818 902">
     <span class='ocr_line' id='line_1_32' title="bbox 1034 865 1818 902; baseline 0 -10"><span class='ocrx_word' id='word_1_228' title='bbox 1034 865 1098 898; x_wconf 86' lang='lat' dir='ltr'><strong>hoc,</strong></span> <span class='ocrx_word' id='word_1_229' title='bbox 1110 865 1194 893; x_wconf 80' lang='lat' dir='ltr'><strong>malos</strong></span> <span class='ocrx_word' id='word_1_230' title='bbox 1216 867 1333 901; x_wconf 75' lang='lat' dir='ltr'><strong>angelos,</strong></span> <span class='ocrx_word' id='word_1_231' title='bbox 1348 868 1521 902; x_wconf 81' lang='lat' dir='ltr'><strong>quantumvis</strong></span> <span class='ocrx_word' id='word_1_232' title='bbox 1532 874 1639 902; x_wconf 87' lang='lat' dir='ltr'><strong>pravos,</strong></span> <span class='ocrx_word' id='word_1_233' title='bbox 1661 871 1749 893; x_wconf 85' lang='lat' dir='ltr'><strong>tamen</strong></span> <span class='ocrx_word' id='word_1_234' title='bbox 1772 873 1818 892; x_wconf 89' lang='lat' dir='ltr'><strong>nec</strong></span> 
     </span>
    </p>
   </div>
   <div class='ocr_carea' id='block_1_33' title="bbox 187 910 1817 948">
    <p class='ocr_par' dir='ltr' id='par_1_33' title="bbox 187 910 1817 948">
     <span class='ocr_line' id='line_1_33' title="bbox 187 910 1817 948; baseline 0.001 -11"><span class='ocrx_word' id='word_1_235' title='bbox 187 910 264 945; x_wconf 78' lang='lat' dir='ltr'><strong>cujus</strong></span> <span class='ocrx_word' id='word_1_236' title='bbox 279 919 360 938; x_wconf 83' lang='lat' dir='ltr'><strong>causa</strong></span> <span class='ocrx_word' id='word_1_237' title='bbox 384 911 485 939; x_wconf 91' lang='lat' dir='ltr'><strong>nullius</strong></span> <span class='ocrx_word' id='word_1_238' title='bbox 496 913 595 948; x_wconf 83' lang='lat' dir='ltr'><strong>agitur.</strong></span> <span class='ocrx_word' id='word_1_239' title='bbox 609 912 665 940; x_wconf 81' lang='lat' dir='ltr'><strong>Non</strong></span> <span class='ocrx_word' id='word_1_240' title='bbox 683 914 731 940; x_wconf 88' lang='lat' dir='ltr'><strong>abs</strong></span> <span class='ocrx_word' id='word_1_241' title='bbox 743 920 773 940; x_wconf 90' lang='lat' dir='ltr'><strong>re</strong></span> <span class='ocrx_word' id='word_1_242' title='bbox 790 917 832 941; x_wconf 88' lang='lat' dir='ltr'><strong>est</strong></span> <span class='ocrx_word' id='word_1_243' title='bbox 845 913 926 941; x_wconf 87' lang='lat' dir='ltr'><strong>etiam</strong></span> <span class='ocrx_word' id='word_1_244' title='bbox 943 914 983 941; x_wconf 89' lang='lat' dir='ltr'><strong>in-</strong></span> <span class='ocrx_word' id='word_1_245' title='bbox 999 913 1019 940; x_wconf 83' lang='grc' dir='ltr'><strong>Β</strong></span> <span class='ocrx_word' id='word_1_246' title='bbox 1035 912 1198 939; x_wconf 82' lang='lat' dir='ltr'><strong>conscientia</strong></span> <span class='ocrx_word' id='word_1_247' title='bbox 1216 912 1345 945; x_wconf 80' lang='lat' dir='ltr'><strong>melioris,</strong></span> <span class='ocrx_word' id='word_1_248' title='bbox 1366 920 1417 947; x_wconf 86' lang='lat' dir='ltr'><strong>qua</strong></span> <span class='ocrx_word' id='word_1_249' title='bbox 1430 913 1493 940; x_wconf 90' lang='lat' dir='ltr'><strong>olim</strong></span> <span class='ocrx_word' id='word_1_250' title='bbox 1509 912 1582 940; x_wconf 82' lang='lat' dir='ltr'><strong>fruiti</strong></span> <span class='ocrx_word' id='word_1_251' title='bbox 1602 912 1712 944; x_wconf 85' lang='lat' dir='ltr'><strong>fuerint,</strong></span> <span class='ocrx_word' id='word_1_252' title='bbox 1729 912 1817 946; x_wconf 82' lang='lat' dir='ltr'><strong>deper-</strong></span> 
     </span>
    </p>
   </div>
   <div class='ocr_carea' id='block_1_34' title="bbox 190 957 981 994">
    <p class='ocr_par' dir='ltr' id='par_1_34' title="bbox 190 957 981 994">
     <span class='ocr_line' id='line_1_34' title="bbox 190 957 981 994; baseline 0.005 -10"><span class='ocrx_word' id='word_1_253' title='bbox 190 957 271 992; x_wconf 77' lang='lat' dir='ltr'><strong>telligi</strong></span> <span class='ocrx_word' id='word_1_254' title='bbox 288 958 322 985; x_wconf 87' lang='lat' dir='ltr'><strong>de</strong></span> <span class='ocrx_word' id='word_1_255' title='bbox 337 958 439 986; x_wconf 86' lang='lat' dir='ltr'><strong>sanctis</strong></span> <span class='ocrx_word' id='word_1_256' title='bbox 455 958 558 994; x_wconf 80' lang='lat' dir='ltr'><strong>angelis</strong></span> <span class='ocrx_word' id='word_1_257' title='bbox 575 965 602 986; x_wconf 91' lang='lat' dir='ltr'><strong>et</strong></span> <span class='ocrx_word' id='word_1_258' title='bbox 618 959 778 993; x_wconf 89' lang='lat' dir='ltr'><strong>simpliciter</strong></span> <span class='ocrx_word' id='word_1_259' title='bbox 794 960 898 988; x_wconf 89' lang='lat' dir='ltr'><strong>cunctis</strong></span> <span class='ocrx_word' id='word_1_260' title='bbox 918 961 981 988; x_wconf 88' lang='lat' dir='ltr'><strong>bea-</strong></span> 
     </span>
    </p>
   </div>
   <div class='ocr_carea' id='block_1_35' title="bbox 187 1002 980 1040">
    <p class='ocr_par' dir='ltr' id='par_1_35' title="bbox 187 1002 980 1040">
     <span class='ocr_line' id='line_1_35' title="bbox 187 1002 980 1040; baseline 0.004 -10"><span class='ocrx_word' id='word_1_261' title='bbox 187 1004 223 1031; x_wconf 91' lang='lat' dir='ltr'><strong>tis</strong></span> <span class='ocrx_word' id='word_1_262' title='bbox 241 1003 448 1032; x_wconf 87' lang='lat' dir='ltr'><strong>rationahilibus</strong></span> <span class='ocrx_word' id='word_1_263' title='bbox 462 1005 513 1032; x_wconf 92' lang='lat' dir='ltr'><strong>hoc</strong></span> <span class='ocrx_word' id='word_1_264' title='bbox 526 1005 639 1037; x_wconf 89' lang='lat' dir='ltr'><strong>dictum,</strong></span> <span class='ocrx_word' id='word_1_265' title='bbox 650 1013 710 1032; x_wconf 87' lang='lat' dir='ltr'><strong>cum</strong></span> <span class='ocrx_word' id='word_1_266' title='bbox 726 1002 819 1033; x_wconf 82' lang='lat' dir='ltr'><strong>omnes</strong></span> <span class='ocrx_word' id='word_1_267' title='bbox 833 1006 980 1040; x_wconf 87' lang='lat' dir='ltr'><strong>appetitum</strong></span> 
     </span>
    </p>
   </div>
   <div class='ocr_carea' id='block_1_36' title="bbox 187 1050 982 1086">
    <p class='ocr_par' dir='ltr' id='par_1_36' title="bbox 187 1050 982 1086">
     <span class='ocr_line' id='line_1_36' title="bbox 187 1050 982 1086; baseline 0.003 -9"><span class='ocrx_word' id='word_1_268' title='bbox 187 1050 303 1078; x_wconf 81' lang='lat' dir='ltr'><strong>habeant</strong></span> <span class='ocrx_word' id='word_1_269' title='bbox 330 1050 484 1085; x_wconf 87' lang='lat' dir='ltr'><strong>prospicere</strong></span> <span class='ocrx_word' id='word_1_270' title='bbox 510 1058 560 1084; x_wconf 88' lang='lat' dir='ltr'><strong>ea,</strong></span> <span class='ocrx_word' id='word_1_271' title='bbox 589 1058 650 1086; x_wconf 60' lang='lat' dir='ltr'><strong>quae</strong></span> <span class='ocrx_word' id='word_1_272' title='bbox 678 1051 705 1079; x_wconf 88' lang='lat' dir='ltr'><strong>in</strong></span> <span class='ocrx_word' id='word_1_273' title='bbox 729 1052 781 1079; x_wconf 88' lang='lat' dir='ltr'><strong>line</strong></span> <span class='ocrx_word' id='word_1_274' title='bbox 807 1052 896 1079; x_wconf 55' lang='lat' dir='ltr'><strong>saeculi</strong></span> <span class='ocrx_word' id='word_1_275' title='bbox 919 1057 982 1080; x_wconf 90' lang='lat' dir='ltr'><strong>sunt</strong></span> 
     </span>
    </p>
   </div>
   <div class='ocr_carea' id='block_1_37' title="bbox 186 1096 981 1133">
    <p class='ocr_par' dir='ltr' id='par_1_37' title="bbox 186 1096 981 1133">
     <span class='ocr_line' id='line_1_37' title="bbox 186 1096 981 1133; baseline 0.003 -9"><span class='ocrx_word' id='word_1_276' title='bbox 186 1097 301 1132; x_wconf 80' lang='lat' dir='ltr'><strong>agenda.</strong></span> <span class='ocrx_word' id='word_1_277' title='bbox 316 1096 343 1124; x_wconf 92' lang='lat' dir='ltr'><strong>Si</strong></span> <span class='ocrx_word' id='word_1_278' title='bbox 371 1105 434 1125; x_wconf 91' lang='lat' dir='ltr'><strong>vero</strong></span> <span class='ocrx_word' id='word_1_279' title='bbox 461 1097 542 1125; x_wconf 88' lang='lat' dir='ltr'><strong>alium</strong></span> <span class='ocrx_word' id='word_1_280' title='bbox 565 1098 708 1133; x_wconf 89' lang='lat' dir='ltr'><strong>quemdam</strong></span> <span class='ocrx_word' id='word_1_281' title='bbox 734 1102 835 1125; x_wconf 85' lang='lat' dir='ltr'><strong>statum</strong></span> <span class='ocrx_word' id='word_1_282' title='bbox 856 1099 981 1126; x_wconf 85' lang='lat' dir='ltr'><strong>viderunt</strong></span> 
     </span>
    </p>
   </div>
   <div class='ocr_carea' id='block_1_38' title="bbox 185 1143 981 1178">
    <p class='ocr_par' dir='ltr' id='par_1_38' title="bbox 185 1143 981 1178">
     <span class='ocr_line' id='line_1_38' title="bbox 185 1143 981 1178; baseline 0.004 -8"><span class='ocrx_word' id='word_1_283' title='bbox 185 1143 293 1170; x_wconf 82' lang='lat' dir='ltr'><strong>beatum</strong></span> <span class='ocrx_word' id='word_1_284' title='bbox 309 1143 369 1177; x_wconf 90' lang='lat' dir='ltr'><strong>(per</strong></span> <span class='ocrx_word' id='word_1_285' title='bbox 391 1151 422 1171; x_wconf 92' lang='lat' dir='ltr'><strong>ea</strong></span> <span class='ocrx_word' id='word_1_286' title='bbox 447 1151 506 1178; x_wconf 68' lang='lat' dir='ltr'><strong>quae</strong></span> <span class='ocrx_word' id='word_1_287' title='bbox 530 1143 646 1171; x_wconf 76' lang='lat' dir='ltr'><strong>reVelata</strong></span> <span class='ocrx_word' id='word_1_288' title='bbox 660 1148 722 1171; x_wconf 89' lang='lat' dir='ltr'><strong>sunt</strong></span> <span class='ocrx_word' id='word_1_289' title='bbox 738 1151 752 1170; x_wconf 87' lang='lat' dir='ltr'><strong>a</strong></span> <span class='ocrx_word' id='word_1_290' title='bbox 769 1144 872 1178; x_wconf 87' lang='lat' dir='ltr'><strong>Spiritu</strong></span> <span class='ocrx_word' id='word_1_291' title='bbox 887 1151 981 1173; x_wconf 86' lang='lat' dir='ltr'><strong>sancto</strong></span> 
     </span>
    </p>
   </div>
   <div class='ocr_carea' id='block_1_39' title="bbox 185 1188 979 1226">
    <p class='ocr_par' dir='ltr' id='par_1_39' title="bbox 185 1188 979 1226">
     <span class='ocr_line' id='line_1_39' title="bbox 185 1188 979 1226; baseline 0.004 -11"><span class='ocrx_word' id='word_1_292' title='bbox 185 1189 226 1216; x_wconf 90' lang='lat' dir='ltr'><strong>eis</strong></span> <span class='ocrx_word' id='word_1_293' title='bbox 252 1189 297 1223; x_wconf 92' lang='lat' dir='ltr'><strong>qui</strong></span> <span class='ocrx_word' id='word_1_294' title='bbox 318 1188 494 1224; x_wconf 73' lang='lat' dir='ltr'><strong>Evangelium</strong></span> <span class='ocrx_word' id='word_1_295' title='bbox 517 1189 703 1225; x_wconf 82' lang='lat' dir='ltr'><strong>susceperunt)</strong></span> <span class='ocrx_word' id='word_1_296' title='bbox 727 1195 826 1225; x_wconf 63' lang='lat' dir='ltr'><strong>praeter</strong></span> <span class='ocrx_word' id='word_1_297' title='bbox 840 1198 913 1224; x_wconf 88' lang='lat' dir='ltr'><strong>eum,</strong></span> <span class='ocrx_word' id='word_1_298' title='bbox 933 1191 979 1226; x_wconf 89' lang='lat' dir='ltr'><strong>qui</strong></span> 
     </span>
    </p>
   </div>
   <div class='ocr_carea' id='block_1_40' title="bbox 185 1234 978 1271">
    <p class='ocr_par' dir='ltr' id='par_1_40' title="bbox 185 1234 978 1271">
     <span class='ocr_line' id='line_1_40' title="bbox 185 1234 978 1271; baseline 0.005 -10"><span class='ocrx_word' id='word_1_299' title='bbox 185 1234 274 1262; x_wconf 87' lang='lat' dir='ltr'><strong>dictus</strong></span> <span class='ocrx_word' id='word_1_300' title='bbox 292 1239 351 1269; x_wconf 87' lang='lat' dir='ltr'><strong>est;</strong></span> <span class='ocrx_word' id='word_1_301' title='bbox 370 1235 513 1263; x_wconf 85' lang='lat' dir='ltr'><strong>dicendum</strong></span> <span class='ocrx_word' id='word_1_302' title='bbox 540 1241 582 1264; x_wconf 85' lang='lat' dir='ltr'><strong>est</strong></span> <span class='ocrx_word' id='word_1_303' title='bbox 602 1241 627 1264; x_wconf 92' lang='lat' dir='ltr'><strong>ct</strong></span> <span class='ocrx_word' id='word_1_304' title='bbox 653 1237 845 1271; x_wconf 81' lang='lat' dir='ltr'><strong>concupiscere</strong></span> <span class='ocrx_word' id='word_1_305' title='bbox 869 1237 894 1265; x_wconf 93' lang='lat' dir='ltr'><strong>in</strong></span> <span class='ocrx_word' id='word_1_306' title='bbox 917 1246 978 1265; x_wconf 89' lang='lat' dir='ltr'><strong>eum</strong></span> 
     </span>
    </p>
   </div>
   <div class='ocr_carea' id='block_1_41' title="bbox 185 1279 978 1319">
    <p class='ocr_par' dir='ltr' id='par_1_41' title="bbox 185 1279 978 1319">
     <span class='ocr_line' id='line_1_41' title="bbox 185 1279 978 1319; baseline 0.008 -13"><span class='ocrx_word' id='word_1_307' title='bbox 185 1279 341 1314; x_wconf 87' lang='lat' dir='ltr'><strong>prospicere</strong></span> <span class='ocrx_word' id='word_1_308' title='bbox 366 1281 486 1316; x_wconf 79' lang='lat' dir='ltr'><strong>angelos,</strong></span> <span class='ocrx_word' id='word_1_309' title='bbox 510 1282 556 1316; x_wconf 85' lang='lat' dir='ltr'><strong>qui</strong></span> <span class='ocrx_word' id='word_1_310' title='bbox 579 1282 606 1309; x_wconf 82' lang='lat' dir='ltr'><strong>in</strong></span> <span class='ocrx_word' id='word_1_311' title='bbox 629 1283 846 1317; x_wconf 79' lang='lat' dir='ltr'><strong>transgressione</strong></span> <span class='ocrx_word' id='word_1_312' title='bbox 863 1285 978 1319; x_wconf 86' lang='lat' dir='ltr'><strong>quadam</strong></span> 
     </span>
    </p>
   </div>
   <div class='ocr_carea' id='block_1_42' title="bbox 185 1326 978 1365">
    <p class='ocr_par' dir='ltr' id='par_1_42' title="bbox 185 1326 978 1365">
     <span class='ocr_line' id='line_1_42' title="bbox 185 1326 978 1365; baseline 0.006 -12"><span class='ocrx_word' id='word_1_313' title='bbox 185 1326 286 1354; x_wconf 86' lang='lat' dir='ltr'><strong>inventi</strong></span> <span class='ocrx_word' id='word_1_314' title='bbox 312 1332 385 1354; x_wconf 90' lang='lat' dir='ltr'><strong>sunt.</strong></span> <span class='ocrx_word' id='word_1_315' title='bbox 403 1327 471 1355; x_wconf 89' lang='lat' dir='ltr'><strong>Nam</strong></span> <span class='ocrx_word' id='word_1_316' title='bbox 496 1328 559 1356; x_wconf 88' lang='lat' dir='ltr'><strong>licet</strong></span> <span class='ocrx_word' id='word_1_317' title='bbox 579 1329 688 1364; x_wconf 84' lang='lat' dir='ltr'><strong>quidam</strong></span> <span class='ocrx_word' id='word_1_318' title='bbox 710 1337 803 1357; x_wconf 89' lang='lat' dir='ltr'><strong>eorum</strong></span> <span class='ocrx_word' id='word_1_319' title='bbox 816 1332 893 1365; x_wconf 84' lang='lat' dir='ltr'><strong>pravi</strong></span> <span class='ocrx_word' id='word_1_320' title='bbox 915 1332 978 1365; x_wconf 84' lang='lat' dir='ltr'><strong>sint,</strong></span> 
     </span>
    </p>
   </div>
   <div class='ocr_carea' id='block_1_43' title="bbox 185 1372 980 1409">
    <p class='ocr_par' dir='ltr' id='par_1_43' title="bbox 185 1372 980 1409">
     <span class='ocr_line' id='line_1_43' title="bbox 185 1372 980 1409; baseline 0.006 -11"><span class='ocrx_word' id='word_1_321' title='bbox 185 1376 306 1399; x_wconf 83' lang='lat' dir='ltr'><strong>attamen</strong></span> <span class='ocrx_word' id='word_1_322' title='bbox 324 1372 425 1400; x_wconf 88' lang='lat' dir='ltr'><strong>detenti</strong></span> <span class='ocrx_word' id='word_1_323' title='bbox 442 1373 575 1409; x_wconf 87' lang='lat' dir='ltr'><strong>supplicio</strong></span> <span class='ocrx_word' id='word_1_324' title='bbox 591 1375 778 1408; x_wconf 73' lang='grc' dir='ltr'><strong>νιιὸρὶεεεηιεε,</strong></span> <span class='ocrx_word' id='word_1_325' title='bbox 792 1375 862 1403; x_wconf 88' lang='lat' dir='ltr'><strong>unde</strong></span> <span class='ocrx_word' id='word_1_326' title='bbox 875 1376 980 1403; x_wconf 76' lang='lat' dir='ltr'><strong>cecide~</strong></span> 
     </span>
    </p>
   </div>
   <div class='ocr_carea' id='block_1_44' title="bbox 184 1418 978 1457">
    <p class='ocr_par' dir='ltr' id='par_1_44' title="bbox 184 1418 978 1457">
     <span class='ocr_line' id='line_1_44' title="bbox 184 1418 978 1457; baseline 0.006 -13"><span class='ocrx_word' id='word_1_327' title='bbox 184 1422 259 1450; x_wconf 88' lang='lat' dir='ltr'><strong>runt,</strong></span> <span class='ocrx_word' id='word_1_328' title='bbox 269 1418 340 1453; x_wconf 92' lang='lat' dir='ltr'><strong>quod</strong></span> <span class='ocrx_word' id='word_1_329' title='bbox 347 1419 428 1446; x_wconf 87' lang='lat' dir='ltr'><strong>etiam</strong></span> <span class='ocrx_word' id='word_1_330' title='bbox 440 1420 570 1448; x_wconf 85' lang='lat' dir='ltr'><strong>studiosis</strong></span> <span class='ocrx_word' id='word_1_331' title='bbox 577 1420 731 1448; x_wconf 85' lang='lat' dir='ltr'><strong>hominibus</strong></span> <span class='ocrx_word' id='word_1_332' title='bbox 738 1421 950 1457; x_wconf 87' lang='lat' dir='ltr'><strong>compromittitu</strong></span> <span class='ocrx_word' id='word_1_333' title='bbox 956 1430 978 1454; x_wconf 89' lang='lat' dir='ltr'><strong>r,</strong></span> 
     </span>
    </p>
   </div>
   <div class='ocr_carea' id='block_1_45' title="bbox 186 1464 975 1504">
    <p class='ocr_par' dir='ltr' id='par_1_45' title="bbox 186 1464 975 1504">
     <span class='ocr_line' id='line_1_45' title="bbox 186 1464 975 1504; baseline 0.005 -13"><span class='ocrx_word' id='word_1_334' title='bbox 186 1464 328 1492; x_wconf 85' lang='lat' dir='ltr'><strong>habebunt</strong></span> <span class='ocrx_word' id='word_1_335' title='bbox 336 1466 499 1494; x_wconf 81' lang='lat' dir='ltr'><strong>desiderium</strong></span> <span class='ocrx_word' id='word_1_336' title='bbox 508 1467 549 1495; x_wconf 85' lang='lat' dir='ltr'><strong>vel</strong></span> <span class='ocrx_word' id='word_1_337' title='bbox 560 1474 608 1502; x_wconf 91' lang='lat' dir='ltr'><strong>per</strong></span> <span class='ocrx_word' id='word_1_338' title='bbox 621 1466 754 1495; x_wconf 85' lang='lat' dir='ltr'><strong>fenestras</strong></span> <span class='ocrx_word' id='word_1_339' title='bbox 765 1475 795 1495; x_wconf 92' lang='lat' dir='ltr'><strong>ea</strong></span> <span class='ocrx_word' id='word_1_340' title='bbox 805 1469 952 1504; x_wconf 88' lang='lat' dir='ltr'><strong>respicere.</strong></span> <span class='ocrx_word' id='word_1_341' title='bbox 966 1478 975 1495; x_wconf 76' lang='grc' dir='ltr'><strong>ι</strong></span> 
     </span>
    </p>
   </div>
   <div class='ocr_carea' id='block_1_46' title="bbox 218 1510 978 1549">
    <p class='ocr_par' dir='ltr' id='par_1_46' title="bbox 218 1510 978 1549">
     <span class='ocr_line' id='line_1_46' title="bbox 218 1510 978 1549; baseline 0.005 -11"><span class='ocrx_word' id='word_1_342' title='bbox 218 1510 310 1539; x_wconf 81' lang='lat' dir='ltr'><strong>Facile</strong></span> <span class='ocrx_word' id='word_1_343' title='bbox 329 1512 414 1545; x_wconf 84' lang='lat' dir='ltr'><strong>vides,</strong></span> <span class='ocrx_word' id='word_1_344' title='bbox 433 1512 521 1540; x_wconf 87' lang='lat' dir='ltr'><strong>locum</strong></span> <span class='ocrx_word' id='word_1_345' title='bbox 539 1514 612 1541; x_wconf 89' lang='lat' dir='ltr'><strong>hunc</strong></span> <span class='ocrx_word' id='word_1_346' title='bbox 624 1519 708 1540; x_wconf 91' lang='lat' dir='ltr'><strong>totum</strong></span> <span class='ocrx_word' id='word_1_347' title='bbox 725 1513 781 1541; x_wconf 87' lang='lat' dir='ltr'><strong>fere</strong></span> <span class='ocrx_word' id='word_1_348' title='bbox 793 1515 829 1541; x_wconf 89' lang='lat' dir='ltr'><strong>ita</strong></span> <span class='ocrx_word' id='word_1_349' title='bbox 846 1515 978 1549; x_wconf 79' lang='lat' dir='ltr'><strong>deprava-</strong></span> 
     </span>
    </p>
   </div>
   <div class='ocr_carea' id='block_1_47' title="bbox 184 1557 979 1593">
    <p class='ocr_par' dir='ltr' id='par_1_47' title="bbox 184 1557 979 1593">
     <span class='ocr_line' id='line_1_47' title="bbox 184 1557 979 1593; baseline 0.003 -8"><span class='ocrx_word' id='word_1_350' title='bbox 184 1561 252 1590; x_wconf 86' lang='lat' dir='ltr'><strong>tum,</strong></span> <span class='ocrx_word' id='word_1_351' title='bbox 268 1557 322 1585; x_wconf 89' lang='lat' dir='ltr'><strong>imo</strong></span> <span class='ocrx_word' id='word_1_352' title='bbox 333 1557 505 1593; x_wconf 82' lang='lat' dir='ltr'><strong>desperatum</strong></span> <span class='ocrx_word' id='word_1_353' title='bbox 524 1567 595 1592; x_wconf 87' lang='lat' dir='ltr'><strong>esse,</strong></span> <span class='ocrx_word' id='word_1_354' title='bbox 620 1565 649 1587; x_wconf 91' lang='lat' dir='ltr'><strong>ut</strong></span> <span class='ocrx_word' id='word_1_355' title='bbox 659 1560 711 1587; x_wconf 92' lang='lat' dir='ltr'><strong>nisi</strong></span> <span class='ocrx_word' id='word_1_356' title='bbox 727 1566 805 1587; x_wconf 84' lang='lat' dir='ltr'><strong>antea</strong></span> <span class='ocrx_word' id='word_1_357' title='bbox 819 1559 979 1588; x_wconf 71' lang='lat' dir='ltr'><strong>emendatus</strong></span> 
     </span>
    </p>
   </div>
   <div class='ocr_carea' id='block_1_48' title="bbox 1037 957 1820 993">
    <p class='ocr_par' dir='ltr' id='par_1_48' title="bbox 1037 957 1820 993">
     <span class='ocr_line' id='line_1_48' title="bbox 1037 957 1820 993; baseline -0.003 -8"><span class='ocrx_word' id='word_1_358' title='bbox 1037 958 1109 992; x_wconf 71' lang='lat' dir='ltr'><strong>ditm,</strong></span> <span class='ocrx_word' id='word_1_359' title='bbox 1136 965 1186 985; x_wconf 86' lang='lat' dir='ltr'><strong>nec</strong></span> <span class='ocrx_word' id='word_1_360' title='bbox 1216 958 1347 985; x_wconf 75' lang='lat' dir='ltr'><strong>desiderio</strong></span> <span class='ocrx_word' id='word_1_361' title='bbox 1373 959 1528 993; x_wconf 69' lang='lat' dir='ltr'><strong>reparandae</strong></span> <span class='ocrx_word' id='word_1_362' title='bbox 1556 958 1620 986; x_wconf 90' lang='lat' dir='ltr'><strong>olim</strong></span> <span class='ocrx_word' id='word_1_363' title='bbox 1653 957 1820 986; x_wconf 86' lang='lat' dir='ltr'><strong>beatitudinis</strong></span> 
     </span>
    </p>
   </div>
   <div class='ocr_carea' id='block_1_49' title="bbox 1035 1003 1820 1040">
    <p class='ocr_par' dir='ltr' id='par_1_49' title="bbox 1035 1003 1820 1040">
     <span class='ocr_line' id='line_1_49' title="bbox 1035 1003 1820 1040; baseline -0.001 -9"><span class='ocrx_word' id='word_1_364' title='bbox 1035 1011 1146 1038; x_wconf 86' lang='lat' dir='ltr'><strong>prorsus</strong></span> <span class='ocrx_word' id='word_1_365' title='bbox 1161 1011 1262 1031; x_wconf 86' lang='lat' dir='ltr'><strong>carere.</strong></span> <span class='ocrx_word' id='word_1_366' title='bbox 1272 1004 1330 1032; x_wconf 86' lang='lat' dir='ltr'><strong>Non</strong></span> <span class='ocrx_word' id='word_1_367' title='bbox 1347 1005 1512 1040; x_wconf 80' lang='lat' dir='ltr'><strong>negaverim,</strong></span> <span class='ocrx_word' id='word_1_368' title='bbox 1525 1012 1604 1040; x_wconf 84' lang='lat' dir='ltr'><strong>posse</strong></span> <span class='ocrx_word' id='word_1_369' title='bbox 1611 1004 1721 1032; x_wconf 86' lang='lat' dir='ltr'><strong>omnino</strong></span> <span class='ocrx_word' id='word_1_370' title='bbox 1738 1011 1769 1030; x_wconf 73' lang='lat' dir='ltr'><strong>ex</strong></span> <span class='ocrx_word' id='word_1_371' title='bbox 1781 1003 1820 1030; x_wconf 86' lang='lat' dir='ltr'><strong>his</strong></span> 
     </span>
    </p>
   </div>
   <div class='ocr_carea' id='block_1_50' title="bbox 1036 1048 1818 1086">
    <p class='ocr_par' dir='ltr' id='par_1_50' title="bbox 1036 1048 1818 1086">
     <span class='ocr_line' id='line_1_50' title="bbox 1036 1048 1818 1086; baseline -0.004 -8"><span class='ocrx_word' id='word_1_372' title='bbox 1036 1049 1135 1085; x_wconf 79' lang='lat' dir='ltr'><strong>colligi,</strong></span> <span class='ocrx_word' id='word_1_373' title='bbox 1162 1049 1305 1086; x_wconf 84' lang='lat' dir='ltr'><strong>Didymum</strong></span> <span class='ocrx_word' id='word_1_374' title='bbox 1328 1058 1377 1085; x_wconf 91' lang='lat' dir='ltr'><strong>pro</strong></span> <span class='ocrx_word' id='word_1_375' title='bbox 1404 1058 1451 1078; x_wconf 85' lang='lat' dir='ltr'><strong>sua</strong></span> <span class='ocrx_word' id='word_1_376' title='bbox 1477 1050 1599 1077; x_wconf 80' lang='lat' dir='ltr'><strong>doctrina</strong></span> <span class='ocrx_word' id='word_1_377' title='bbox 1626 1049 1659 1077; x_wconf 81' lang='lat' dir='ltr'><strong>ad</strong></span> <span class='ocrx_word' id='word_1_378' title='bbox 1680 1048 1818 1084; x_wconf 81' lang='lat' dir='ltr'><strong>Origencm</strong></span> 
     </span>
    </p>
   </div>
   <div class='ocr_carea' id='block_1_51' title="bbox 1035 1095 1821 1131">
    <p class='ocr_par' dir='ltr' id='par_1_51' title="bbox 1035 1095 1821 1131">
     <span class='ocr_line' id='line_1_51' title="bbox 1035 1095 1821 1131; baseline -0.001 -9"><span class='ocrx_word' id='word_1_379' title='bbox 1035 1095 1115 1130; x_wconf 86' lang='lat' dir='ltr'><strong>paulo</strong></span> <span class='ocrx_word' id='word_1_380' title='bbox 1133 1096 1260 1123; x_wconf 86' lang='lat' dir='ltr'><strong>inclinata</strong></span> <span class='ocrx_word' id='word_1_381' title='bbox 1277 1096 1356 1124; x_wconf 86' lang='lat' dir='ltr'><strong>malis</strong></span> <span class='ocrx_word' id='word_1_382' title='bbox 1379 1096 1482 1131; x_wconf 74' lang='lat' dir='ltr'><strong>angelis</strong></span> <span class='ocrx_word' id='word_1_383' title='bbox 1497 1101 1552 1123; x_wconf 83' lang='lat' dir='ltr'><strong>tam</strong></span> <span class='ocrx_word' id='word_1_384' title='bbox 1571 1095 1729 1123; x_wconf 81' lang='lat' dir='ltr'><strong>benevolum</strong></span> <span class='ocrx_word' id='word_1_385' title='bbox 1743 1101 1821 1129; x_wconf 81' lang='lat' dir='ltr'><strong>atque</strong></span> 
     </span>
    </p>
   </div>
   <div class='ocr_carea' id='block_1_52' title="bbox 1035 1141 1822 1177">
    <p class='ocr_par' dir='ltr' id='par_1_52' title="bbox 1035 1141 1822 1177">
     <span class='ocr_line' id='line_1_52' title="bbox 1035 1141 1822 1177; baseline -0.001 -9"><span class='ocrx_word' id='word_1_386' title='bbox 1035 1141 1237 1169; x_wconf 88' lang='lat' dir='ltr'><strong>misericordem</strong></span> <span class='ocrx_word' id='word_1_387' title='bbox 1252 1149 1312 1169; x_wconf 89' lang='lat' dir='ltr'><strong>sese</strong></span> <span class='ocrx_word' id='word_1_388' title='bbox 1329 1142 1487 1176; x_wconf 68' lang='lat' dir='ltr'><strong>praebuisse,</strong></span> <span class='ocrx_word' id='word_1_389' title='bbox 1499 1147 1528 1169; x_wconf 88' lang='lat' dir='ltr'><strong>ut</strong></span> <span class='ocrx_word' id='word_1_390' title='bbox 1543 1149 1616 1177; x_wconf 83' lang='lat' dir='ltr'><strong>spem</strong></span> <span class='ocrx_word' id='word_1_391' title='bbox 1630 1141 1682 1168; x_wconf 87' lang='lat' dir='ltr'><strong>illis</strong></span> <span class='ocrx_word' id='word_1_392' title='bbox 1698 1148 1822 1175; x_wconf 88' lang='lat' dir='ltr'><strong>reparan-</strong></span> 
     </span>
    </p>
   </div>
   <div class='ocr_carea' id='block_1_53' title="bbox 1034 1187 1822 1222">
    <p class='ocr_par' dir='ltr' id='par_1_53' title="bbox 1034 1187 1822 1222">
     <span class='ocr_line' id='line_1_53' title="bbox 1034 1187 1822 1222; baseline 0.001 -8"><span class='ocrx_word' id='word_1_393' title='bbox 1034 1187 1074 1214; x_wconf 62' lang='lat' dir='ltr'><strong>dte</strong></span> <span class='ocrx_word' id='word_1_394' title='bbox 1091 1187 1185 1215; x_wconf 76' lang='lat' dir='ltr'><strong>salutis</strong></span> <span class='ocrx_word' id='word_1_395' title='bbox 1209 1188 1328 1216; x_wconf 85' lang='lat' dir='ltr'><strong>adimere</strong></span> <span class='ocrx_word' id='word_1_396' title='bbox 1348 1189 1440 1221; x_wconf 86' lang='lat' dir='ltr'><strong>nollet,</strong></span> <span class='ocrx_word' id='word_1_397' title='bbox 1467 1193 1566 1221; x_wconf 87' lang='lat' dir='ltr'><strong>tamen,</strong></span> <span class='ocrx_word' id='word_1_398' title='bbox 1593 1188 1677 1215; x_wconf 88' lang='lat' dir='ltr'><strong>donec</strong></span> <span class='ocrx_word' id='word_1_399' title='bbox 1696 1187 1747 1214; x_wconf 86' lang='lat' dir='ltr'><strong>alia</strong></span> <span class='ocrx_word' id='word_1_400' title='bbox 1759 1194 1822 1222; x_wconf 89' lang='lat' dir='ltr'><strong>pro-</strong></span> 
     </span>
    </p>
   </div>
   <div class='ocr_carea' id='block_1_54' title="bbox 1034 1233 1822 1269">
    <p class='ocr_par' dir='ltr' id='par_1_54' title="bbox 1034 1233 1822 1269">
     <span class='ocr_line' id='line_1_54' title="bbox 1034 1233 1822 1269; baseline 0 -9"><span class='ocrx_word' id='word_1_401' title='bbox 1034 1233 1086 1260; x_wconf 90' lang='lat' dir='ltr'><strong>lata</strong></span> <span class='ocrx_word' id='word_1_402' title='bbox 1104 1233 1185 1261; x_wconf 80' lang='lat' dir='ltr'><strong>fuerit</strong></span> <span class='ocrx_word' id='word_1_403' title='bbox 1207 1233 1304 1269; x_wconf 75' lang='lat' dir='ltr'><strong>iustior</strong></span> <span class='ocrx_word' id='word_1_404' title='bbox 1323 1235 1446 1262; x_wconf 90' lang='lat' dir='ltr'><strong>criminis</strong></span> <span class='ocrx_word' id='word_1_405' title='bbox 1465 1242 1557 1268; x_wconf 83' lang='lat' dir='ltr'><strong>causa,</strong></span> <span class='ocrx_word' id='word_1_406' title='bbox 1576 1234 1610 1262; x_wconf 90' lang='lat' dir='ltr'><strong>de</strong></span> <span class='ocrx_word' id='word_1_407' title='bbox 1623 1234 1673 1262; x_wconf 90' lang='lat' dir='ltr'><strong>bac</strong></span> <span class='ocrx_word' id='word_1_408' title='bbox 1691 1233 1822 1262; x_wconf 86' lang='lat' dir='ltr'><strong>sententia</strong></span> 
     </span>
    </p>
   </div>
   <div class='ocr_carea' id='block_1_55' title="bbox 1034 1279 1822 1315">
    <p class='ocr_par' dir='ltr' id='par_1_55' title="bbox 1034 1279 1822 1315">
     <span class='ocr_line' id='line_1_55' title="bbox 1034 1279 1822 1315; baseline 0 -10"><span class='ocrx_word' id='word_1_409' title='bbox 1034 1286 1114 1306; x_wconf 91' lang='lat' dir='ltr'><strong>nemo</strong></span> <span class='ocrx_word' id='word_1_410' title='bbox 1139 1285 1278 1306; x_wconf 81' lang='lat' dir='ltr'><strong>auctorem</strong></span> <span class='ocrx_word' id='word_1_411' title='bbox 1300 1285 1424 1307; x_wconf 88' lang='lat' dir='ltr'><strong>nostrum</strong></span> <span class='ocrx_word' id='word_1_412' title='bbox 1446 1280 1516 1315; x_wconf 80' lang='lat' dir='ltr'><strong>apud</strong></span> <span class='ocrx_word' id='word_1_413' title='bbox 1540 1286 1632 1314; x_wconf 72' lang='lat' dir='ltr'><strong>aequos</strong></span> <span class='ocrx_word' id='word_1_414' title='bbox 1662 1279 1701 1306; x_wconf 91' lang='lat' dir='ltr'><strong>rei</strong></span> <span class='ocrx_word' id='word_1_415' title='bbox 1719 1279 1822 1314; x_wconf 86' lang='lat' dir='ltr'><strong>judices</strong></span> 
     </span>
    </p>
   </div>
   <div class='ocr_carea' id='block_1_56' title="bbox 1033 1324 1824 1359">
    <p class='ocr_par' dir='ltr' id='par_1_56' title="bbox 1033 1324 1824 1359">
     <span class='ocr_line' id='line_1_56' title="bbox 1033 1324 1824 1359; baseline 0 -8"><span class='ocrx_word' id='word_1_416' title='bbox 1033 1324 1203 1359; x_wconf 74' lang='lat' dir='ltr'><strong>Origenianre</strong></span> <span class='ocrx_word' id='word_1_417' title='bbox 1216 1325 1350 1353; x_wconf 74' lang='lat' dir='ltr'><strong>haereseos</strong></span> <span class='ocrx_word' id='word_1_418' title='bbox 1365 1326 1566 1354; x_wconf 87' lang='lat' dir='ltr'><strong>condemnabit.</strong></span> <span class='ocrx_word' id='word_1_419' title='bbox 1582 1326 1674 1353; x_wconf 79' lang='lat' dir='ltr'><strong>Posset</strong></span> <span class='ocrx_word' id='word_1_420' title='bbox 1688 1326 1758 1352; x_wconf 90' lang='lat' dir='ltr'><strong>enim</strong></span> <span class='ocrx_word' id='word_1_421' title='bbox 1780 1325 1824 1351; x_wconf 86' lang='lat' dir='ltr'><strong>ille</strong></span> 
     </span>
    </p>
   </div>
   <div class='ocr_carea' id='block_1_57' title="bbox 1033 1371 1823 1407">
    <p class='ocr_par' dir='ltr' id='par_1_57' title="bbox 1033 1371 1823 1407">
     <span class='ocr_line' id='line_1_57' title="bbox 1033 1371 1823 1407; baseline 0.001 -10"><span class='ocrx_word' id='word_1_422' title='bbox 1033 1371 1069 1398; x_wconf 85' lang='lat' dir='ltr'><strong>ita</strong></span> <span class='ocrx_word' id='word_1_423' title='bbox 1088 1378 1146 1398; x_wconf 86' lang='lat' dir='ltr'><strong>sese</strong></span> <span class='ocrx_word' id='word_1_424' title='bbox 1166 1372 1224 1406; x_wconf 74' lang='lat' dir='ltr'><strong>ipse</strong></span> <span class='ocrx_word' id='word_1_425' title='bbox 1246 1380 1388 1406; x_wconf 78' lang='lat' dir='ltr'><strong>excusare,</strong></span> <span class='ocrx_word' id='word_1_426' title='bbox 1404 1377 1432 1399; x_wconf 89' lang='lat' dir='ltr'><strong>ut</strong></span> <span class='ocrx_word' id='word_1_427' title='bbox 1457 1373 1650 1400; x_wconf 82' lang='lat' dir='ltr'><strong>conscientiam</strong></span> <span class='ocrx_word' id='word_1_428' title='bbox 1666 1372 1823 1407; x_wconf 67' lang='lat' dir='ltr'><strong>deperditm,</strong></span> 
     </span>
    </p>
   </div>
   <div class='ocr_carea' id='block_1_58' title="bbox 1033 1417 1825 1454">
    <p class='ocr_par' dir='ltr' id='par_1_58' title="bbox 1033 1417 1825 1454">
     <span class='ocr_line' id='line_1_58' title="bbox 1033 1417 1825 1454; baseline 0.001 -10"><span class='ocrx_word' id='word_1_429' title='bbox 1033 1417 1195 1444; x_wconf 89' lang='lat' dir='ltr'><strong>desiderium</strong></span> <span class='ocrx_word' id='word_1_430' title='bbox 1219 1418 1376 1453; x_wconf 66' lang='lat' dir='ltr'><strong>reparanda:</strong></span> <span class='ocrx_word' id='word_1_431' title='bbox 1390 1418 1485 1447; x_wconf 84' lang='lat' dir='ltr'><strong>salutis</strong></span> <span class='ocrx_word' id='word_1_432' title='bbox 1507 1419 1585 1447; x_wconf 89' lang='lat' dir='ltr'><strong>malis</strong></span> <span class='ocrx_word' id='word_1_433' title='bbox 1605 1418 1708 1454; x_wconf 77' lang='lat' dir='ltr'><strong>angelis</strong></span> <span class='ocrx_word' id='word_1_434' title='bbox 1730 1426 1825 1453; x_wconf 63' lang='lat' dir='ltr'><strong>poena-</strong></span> 
     </span>
    </p>
   </div>
   <div class='ocr_carea' id='block_1_59' title="bbox 1033 1464 1826 1499">
    <p class='ocr_par' dir='ltr' id='par_1_59' title="bbox 1033 1464 1826 1499">
     <span class='ocr_line' id='line_1_59' title="bbox 1033 1464 1826 1499; baseline 0.003 -10"><span class='ocrx_word' id='word_1_435' title='bbox 1033 1470 1093 1490; x_wconf 90' lang='lat' dir='ltr'><strong>rum</strong></span> <span class='ocrx_word' id='word_1_436' title='bbox 1107 1470 1168 1490; x_wconf 88' lang='lat' dir='ltr'><strong>esse</strong></span> <span class='ocrx_word' id='word_1_437' title='bbox 1185 1469 1330 1498; x_wconf 72' lang='lat' dir='ltr'><strong>augmento</strong></span> <span class='ocrx_word' id='word_1_438' title='bbox 1343 1464 1454 1492; x_wconf 85' lang='lat' dir='ltr'><strong>diceret.</strong></span> <span class='ocrx_word' id='word_1_439' title='bbox 1474 1465 1510 1492; x_wconf 83' lang='lat' dir='ltr'><strong>At</strong></span> <span class='ocrx_word' id='word_1_440' title='bbox 1527 1472 1589 1492; x_wconf 86' lang='lat' dir='ltr'><strong>vero</strong></span> <span class='ocrx_word' id='word_1_441' title='bbox 1600 1464 1700 1499; x_wconf 84' lang='lat' dir='ltr'><strong>justam</strong></span> <span class='ocrx_word' id='word_1_442' title='bbox 1711 1471 1826 1491; x_wconf 87' lang='lat' dir='ltr'><strong>accusa-</strong></span> 
     </span>
    </p>
   </div>
   <div class='ocr_carea' id='block_1_60' title="bbox 1034 1508 1826 1545">
    <p class='ocr_par' dir='ltr' id='par_1_60' title="bbox 1034 1508 1826 1545">
     <span class='ocr_line' id='line_1_60' title="bbox 1034 1508 1826 1545; baseline 0.001 -10"><span class='ocrx_word' id='word_1_443' title='bbox 1034 1508 1135 1536; x_wconf 86' lang='lat' dir='ltr'><strong>toribus</strong></span> <span class='ocrx_word' id='word_1_444' title='bbox 1152 1516 1263 1537; x_wconf 87' lang='lat' dir='ltr'><strong>causam</strong></span> <span class='ocrx_word' id='word_1_445' title='bbox 1285 1510 1407 1537; x_wconf 86' lang='lat' dir='ltr'><strong>criminis</strong></span> <span class='ocrx_word' id='word_1_446' title='bbox 1425 1518 1477 1538; x_wconf 92' lang='lat' dir='ltr'><strong>non</strong></span> <span class='ocrx_word' id='word_1_447' title='bbox 1501 1512 1603 1542; x_wconf 86' lang='lat' dir='ltr'><strong>deesse,</strong></span> <span class='ocrx_word' id='word_1_448' title='bbox 1626 1510 1710 1544; x_wconf 88' lang='lat' dir='ltr'><strong>locus,</strong></span> <span class='ocrx_word' id='word_1_449' title='bbox 1725 1510 1770 1545; x_wconf 87' lang='lat' dir='ltr'><strong>qui</strong></span> <span class='ocrx_word' id='word_1_450' title='bbox 1797 1510 1826 1537; x_wconf 85' lang='lat' dir='ltr'><strong>in</strong></span> 
     </span>
    </p>
   </div>
   <div class='ocr_carea' id='block_1_61' title="bbox 1033 1555 1826 1592">
    <p class='ocr_par' dir='ltr' id='par_1_61' title="bbox 1033 1555 1826 1592">
     <span class='ocr_line' id='line_1_61' title="bbox 1033 1555 1826 1592; baseline 0.003 -10"><span class='ocrx_word' id='word_1_451' title='bbox 1033 1555 1126 1583; x_wconf 83' lang='lat' dir='ltr'><strong>eadem</strong></span> <span class='ocrx_word' id='word_1_452' title='bbox 1141 1555 1320 1584; x_wconf 82' lang='lat' dir='ltr'><strong>Enarratione</strong></span> <span class='ocrx_word' id='word_1_453' title='bbox 1342 1557 1375 1583; x_wconf 77' lang='lat' dir='ltr'><strong>ad</strong></span> <span class='ocrx_word' id='word_1_454' title='bbox 1389 1556 1404 1583; x_wconf 89' lang='grc' dir='ltr'><em>Ῑ</em></span> <span class='ocrx_word' id='word_1_455' title='bbox 1417 1556 1490 1586; x_wconf 84' lang='lat' dir='ltr'><strong>Petr.</strong></span> <span class='ocrx_word' id='word_1_456' title='bbox 1507 1565 1548 1590; x_wconf 86' lang='lat' dir='ltr'><strong>In,</strong></span> <span class='ocrx_word' id='word_1_457' title='bbox 1568 1557 1613 1589; x_wconf 72' lang='lat'><strong>22,</strong></span> <span class='ocrx_word' id='word_1_458' title='bbox 1628 1557 1736 1592; x_wconf 75' lang='lat' dir='ltr'><strong>legitur,</strong></span> <span class='ocrx_word' id='word_1_459' title='bbox 1759 1564 1826 1591; x_wconf 85' lang='lat' dir='ltr'><strong>pro-</strong></span> 
     </span>
    </p>
   </div>
   <div class='ocr_carea' id='block_1_62' title="bbox 134 1596 1828 1640">
    <p class='ocr_par' dir='ltr' id='par_1_62' title="bbox 134 1596 1828 1640">
     <span class='ocr_line' id='line_1_62' title="bbox 134 1596 1828 1640; baseline 0.001 -12"><span class='ocrx_word' id='word_1_460' title='bbox 134 1615 139 1617; x_wconf 53' lang='lat'><strong><em>»</em></strong></span> <span class='ocrx_word' id='word_1_461' title='bbox 185 1603 279 1636; x_wconf 82' lang='lat' dir='ltr'><strong>fuerit,</strong></span> <span class='ocrx_word' id='word_1_462' title='bbox 299 1603 411 1639; x_wconf 74' lang='lat' dir='ltr'><strong>intelligi</strong></span> <span class='ocrx_word' id='word_1_463' title='bbox 429 1610 512 1639; x_wconf 78' lang='lat' dir='ltr'><strong>queat</strong></span> <span class='ocrx_word' id='word_1_464' title='bbox 536 1604 609 1632; x_wconf 75' lang='lat' dir='ltr'><strong>nullo</strong></span> <span class='ocrx_word' id='word_1_465' title='bbox 629 1613 740 1640; x_wconf 72' lang='lat' dir='ltr'><strong>prorsus</strong></span> <span class='ocrx_word' id='word_1_466' title='bbox 759 1606 848 1633; x_wconf 75' lang='lat' dir='ltr'><strong>modo,</strong></span> <span class='ocrx_word' id='word_1_467' title='bbox 864 1605 905 1633; x_wconf 72' lang='grc' dir='ltr'>Αιι</span> <span class='ocrx_word' id='word_1_468' title='bbox 928 1606 979 1634; x_wconf 73' lang='lat' dir='ltr'><strong>iui-</strong></span> <span class='ocrx_word' id='word_1_469' title='bbox 993 1596 1016 1627; x_wconf 87' lang='lat' dir='ltr'><strong><em>C</em></strong></span> <span class='ocrx_word' id='word_1_470' title='bbox 1032 1603 1078 1629; x_wconf 86' lang='lat' dir='ltr'><strong>bat</strong></span> <span class='ocrx_word' id='word_1_471' title='bbox 1090 1603 1227 1637; x_wconf 66' lang='lat' dir='ltr'><strong>expressis</strong></span> <span class='ocrx_word' id='word_1_472' title='bbox 1249 1603 1350 1630; x_wconf 80' lang='lat' dir='ltr'><strong>verbis.</strong></span> <span class='ocrx_word' id='word_1_473' title='bbox 1368 1603 1404 1630; x_wconf 92' lang='lat' dir='ltr'><strong>lbi</strong></span> <span class='ocrx_word' id='word_1_474' title='bbox 1421 1604 1494 1630; x_wconf 89' lang='lat' dir='ltr'><strong>enim</strong></span> <span class='ocrx_word' id='word_1_475' title='bbox 1509 1604 1544 1630; x_wconf 91' lang='lat' dir='ltr'><strong>ita</strong></span> <span class='ocrx_word' id='word_1_476' title='bbox 1563 1612 1593 1630; x_wconf 75' lang='grc' dir='ltr'>ει</span> <span class='ocrx_word' id='word_1_477' title='bbox 1613 1602 1828 1631; x_wconf 69' lang='lat' dir='ltr'><strong>Paeilicavitle-</strong></span> 
     </span>
    </p>
   </div>
   <div class='ocr_carea' id='block_1_63' title="bbox 185 1649 978 1688">
    <p class='ocr_par' dir='ltr' id='par_1_63' title="bbox 185 1649 978 1688">
     <span class='ocr_line' id='line_1_63' title="bbox 185 1649 978 1688; baseline 0.006 -13"><span class='ocrx_word' id='word_1_478' title='bbox 185 1649 251 1675; x_wconf 89' lang='lat' dir='ltr'><strong>tium</strong></span> <span class='ocrx_word' id='word_1_479' title='bbox 273 1649 345 1683; x_wconf 90' lang='lat' dir='ltr'><strong>quod</strong></span> <span class='ocrx_word' id='word_1_480' title='bbox 365 1650 472 1683; x_wconf 85' lang='lat' dir='ltr'><strong>attinet,</strong></span> <span class='ocrx_word' id='word_1_481' title='bbox 491 1650 692 1678; x_wconf 88' lang='lat' dir='ltr'><strong>distinctionem</strong></span> <span class='ocrx_word' id='word_1_482' title='bbox 718 1651 862 1679; x_wconf 82' lang='lat' dir='ltr'><strong>verborum</strong></span> <span class='ocrx_word' id='word_1_483' title='bbox 892 1654 978 1688; x_wconf 88' lang='lat' dir='ltr'><strong>pessi-</strong></span> 
     </span>
    </p>
   </div>
   <div class='ocr_carea' id='block_1_64' title="bbox 184 1695 980 1731">
    <p class='ocr_par' dir='ltr' id='par_1_64' title="bbox 184 1695 980 1731">
     <span class='ocr_line' id='line_1_64' title="bbox 184 1695 980 1731; baseline 0.009 -11"><span class='ocrx_word' id='word_1_484' title='bbox 184 1701 267 1728; x_wconf 86' lang='lat' dir='ltr'><strong>mam,</strong></span> <span class='ocrx_word' id='word_1_485' title='bbox 285 1695 339 1722; x_wconf 90' lang='lat' dir='ltr'><strong>imo</strong></span> <span class='ocrx_word' id='word_1_486' title='bbox 355 1695 476 1723; x_wconf 89' lang='lat' dir='ltr'><strong>insanam</strong></span> <span class='ocrx_word' id='word_1_487' title='bbox 488 1703 557 1729; x_wconf 86' lang='lat' dir='ltr'><strong>esse,</strong></span> <span class='ocrx_word' id='word_1_488' title='bbox 574 1697 600 1723; x_wconf 92' lang='lat' dir='ltr'><strong>in</strong></span> <span class='ocrx_word' id='word_1_489' title='bbox 614 1697 706 1731; x_wconf 88' lang='lat' dir='ltr'><strong>aprico</strong></span> <span class='ocrx_word' id='word_1_490' title='bbox 719 1702 772 1725; x_wconf 91' lang='lat' dir='ltr'><strong>est.</strong></span> <span class='ocrx_word' id='word_1_491' title='bbox 788 1698 824 1726; x_wconf 77' lang='lat' dir='ltr'><strong>At</strong></span> <span class='ocrx_word' id='word_1_492' title='bbox 838 1706 902 1726; x_wconf 87' lang='lat' dir='ltr'><strong>vero</strong></span> <span class='ocrx_word' id='word_1_493' title='bbox 917 1700 980 1727; x_wconf 91' lang='lat' dir='ltr'><strong>huic</strong></span> 
     </span>
    </p>
   </div>
   <div class='ocr_carea' id='block_1_65' title="bbox 185 1740 980 1778">
    <p class='ocr_par' dir='ltr' id='par_1_65' title="bbox 185 1740 980 1778">
     <span class='ocr_line' id='line_1_65' title="bbox 185 1740 980 1778; baseline 0.006 -12"><span class='ocrx_word' id='word_1_494' title='bbox 185 1740 259 1767; x_wconf 84' lang='lat' dir='ltr'><strong>malo</strong></span> <span class='ocrx_word' id='word_1_495' title='bbox 275 1741 408 1768; x_wconf 87' lang='lat' dir='ltr'><strong>medicina</strong></span> <span class='ocrx_word' id='word_1_496' title='bbox 419 1746 445 1768; x_wconf 88' lang='lat' dir='ltr'><strong>et</strong></span> <span class='ocrx_word' id='word_1_497' title='bbox 456 1747 530 1769; x_wconf 85' lang='lat' dir='ltr'><strong>certa</strong></span> <span class='ocrx_word' id='word_1_498' title='bbox 541 1747 568 1769; x_wconf 92' lang='lat' dir='ltr'><strong>et</strong></span> <span class='ocrx_word' id='word_1_499' title='bbox 579 1742 671 1770; x_wconf 79' lang='lat' dir='ltr'><strong>efﬁcax</strong></span> <span class='ocrx_word' id='word_1_500' title='bbox 685 1748 777 1778; x_wconf 87' lang='lat' dir='ltr'><strong>parata</strong></span> <span class='ocrx_word' id='word_1_501' title='bbox 790 1744 866 1773; x_wconf 90' lang='lat' dir='ltr'><strong>nobis</strong></span> <span class='ocrx_word' id='word_1_502' title='bbox 873 1750 914 1772; x_wconf 83' lang='lat' dir='ltr'><strong>est</strong></span> <span class='ocrx_word' id='word_1_503' title='bbox 926 1745 980 1772; x_wconf 70' lang='lat' dir='ltr'><strong>feli-</strong></span> 
     </span>
    </p>
   </div>
   <div class='ocr_carea' id='block_1_66' title="bbox 183 1786 978 1825">
    <p class='ocr_par' dir='ltr' id='par_1_66' title="bbox 183 1786 978 1825">
     <span class='ocr_line' id='line_1_66' title="bbox 183 1786 978 1825; baseline 0.008 -13"><span class='ocrx_word' id='word_1_504' title='bbox 183 1786 254 1814; x_wconf 86' lang='lat' dir='ltr'><strong>citer</strong></span> <span class='ocrx_word' id='word_1_505' title='bbox 269 1787 296 1813; x_wconf 93' lang='lat' dir='ltr'><strong>in</strong></span> <span class='ocrx_word' id='word_1_506' title='bbox 314 1787 425 1815; x_wconf 83' lang='lat' dir='ltr'><strong>sclroliis</strong></span> <span class='ocrx_word' id='word_1_507' title='bbox 437 1787 550 1819; x_wconf 71' lang='lat' dir='ltr'><strong>Grmcis,</strong></span> <span class='ocrx_word' id='word_1_508' title='bbox 565 1789 610 1816; x_wconf 89' lang='lat' dir='ltr'><strong>ubi</strong></span> <span class='ocrx_word' id='word_1_509' title='bbox 628 1788 722 1816; x_wconf 88' lang='lat' dir='ltr'><strong>eadem</strong></span> <span class='ocrx_word' id='word_1_510' title='bbox 740 1790 775 1817; x_wconf 90' lang='lat' dir='ltr'><strong>ita</strong></span> <span class='ocrx_word' id='word_1_511' title='bbox 792 1791 932 1825; x_wconf 79' lang='lat' dir='ltr'><strong>leguntur:</strong></span> <span class='ocrx_word' id='word_1_512' title='bbox 947 1791 978 1817; x_wconf 83' lang='lat' dir='ltr'><strong>El</strong></span> 
     </span>
    </p>
   </div>
   <div class='ocr_carea' id='block_1_67' title="bbox 180 1832 979 1872">
    <p class='ocr_par' dir='ltr' id='par_1_67' title="bbox 180 1832 979 1872">
     <span class='ocr_line' id='line_1_67' title="bbox 180 1832 979 1872; baseline 0.005 -13"><span class='ocrx_word' id='word_1_513' title='bbox 180 1832 210 1859; x_wconf 77' lang='grc' dir='ltr'><strong><em>δέ</em></strong></span> <span class='ocrx_word' id='word_1_514' title='bbox 232 1841 276 1865; x_wconf 82' lang='grc' dir='ltr'><strong>τις</strong></span> <span class='ocrx_word' id='word_1_515' title='bbox 298 1833 407 1861; x_wconf 65' lang='lat' dir='ltr'><strong>masc.</strong></span> <span class='ocrx_word' id='word_1_516' title='bbox 423 1834 473 1869; x_wconf 78' lang='grc' dir='ltr'><strong>τὴν</strong></span> <span class='ocrx_word' id='word_1_517' title='bbox 492 1834 664 1871; x_wconf 79' lang='grc' dir='ltr'><strong>ζητουμένην</strong></span> <span class='ocrx_word' id='word_1_518' title='bbox 685 1835 737 1862; x_wconf 81' lang='grc' dir='ltr'><strong>ὑπὸ</strong></span> <span class='ocrx_word' id='word_1_519' title='bbox 754 1835 810 1862; x_wconf 86' lang='grc' dir='ltr'>τῶν</span> <span class='ocrx_word' id='word_1_520' title='bbox 833 1836 979 1872; x_wconf 82' lang='grc' dir='ltr'><strong>προφητῶν</strong></span> 
     </span>
    </p>
   </div>
   <div class='ocr_carea' id='block_1_68' title="bbox 183 1879 979 1918">
    <p class='ocr_par' dir='ltr' id='par_1_68' title="bbox 183 1879 979 1918">
     <span class='ocr_line' id='line_1_68' title="bbox 183 1879 979 1918; baseline 0.006 -13"><span class='ocrx_word' id='word_1_521' title='bbox 183 1879 321 1915; x_wconf 81' lang='grc' dir='ltr'><strong>σωτηρίαν</strong></span> <span class='ocrx_word' id='word_1_522' title='bbox 343 1879 413 1907; x_wconf 80' lang='grc' dir='ltr'>κατὰ</span> <span class='ocrx_word' id='word_1_523' title='bbox 429 1880 460 1907; x_wconf 78' lang='grc' dir='ltr'>τὸ</span> <span class='ocrx_word' id='word_1_524' title='bbox 472 1880 548 1913; x_wconf 81' lang='grc' dir='ltr'>τέλος</span> <span class='ocrx_word' id='word_1_525' title='bbox 565 1879 646 1914; x_wconf 75' lang='grc' dir='ltr'><strong>εἶναι,</strong></span> <span class='ocrx_word' id='word_1_526' title='bbox 658 1882 672 1908; x_wconf 83' lang='grc' dir='ltr'><strong>ὃ</strong></span> <span class='ocrx_word' id='word_1_527' title='bbox 695 1882 740 1908; x_wconf 75' lang='grc' dir='ltr'><strong>ἐπὶ</strong></span> <span class='ocrx_word' id='word_1_528' title='bbox 755 1883 823 1909; x_wconf 75' lang='grc' dir='ltr'><strong>πᾶσι</strong></span> <span class='ocrx_word' id='word_1_529' title='bbox 839 1884 886 1909; x_wconf 72' lang='grc' dir='ltr'><strong>καὶ</strong></span> <span class='ocrx_word' id='word_1_530' title='bbox 899 1883 979 1918; x_wconf 74' lang='grc' dir='ltr'><strong>ἐσχα-</strong></span> 
     </span>
    </p>
   </div>
   <div class='ocr_carea' id='block_1_69' title="bbox 182 1925 978 1964">
    <p class='ocr_par' dir='ltr' id='par_1_69' title="bbox 182 1925 978 1964">
     <span class='ocr_line' id='line_1_69' title="bbox 182 1925 978 1964; baseline 0.005 -13"><span class='ocrx_word' id='word_1_531' title='bbox 182 1933 229 1951; x_wconf 79' lang='grc' dir='ltr'><strong>τον</strong></span> <span class='ocrx_word' id='word_1_532' title='bbox 258 1925 371 1961; x_wconf 79' lang='grc' dir='ltr'><strong>ὀρεκτὸν</strong></span> <span class='ocrx_word' id='word_1_533' title='bbox 401 1926 540 1962; x_wconf 82' lang='grc' dir='ltr'><strong>τυγχάνει,</strong></span> <span class='ocrx_word' id='word_1_534' title='bbox 567 1927 617 1954; x_wconf 68' lang='grc' dir='ltr'><strong>οὒκ</strong></span> <span class='ocrx_word' id='word_1_535' title='bbox 639 1928 807 1963; x_wconf 80' lang='grc' dir='ltr'>ἀπεμφαίνει</span> <span class='ocrx_word' id='word_1_536' title='bbox 831 1929 896 1964; x_wconf 79' lang='grc' dir='ltr'><strong>περὶ</strong></span> <span class='ocrx_word' id='word_1_537' title='bbox 924 1929 978 1956; x_wconf 81' lang='grc' dir='ltr'><strong>τῶν</strong></span> 
     </span>
    </p>
   </div>
   <div class='ocr_carea' id='block_1_70' title="bbox 182 1969 978 2010">
    <p class='ocr_par' dir='ltr' id='par_1_70' title="bbox 182 1969 978 2010">
     <span class='ocr_line' id='line_1_70' title="bbox 182 1969 978 2010; baseline 0.005 -13"><span class='ocrx_word' id='word_1_538' title='bbox 182 1969 269 2006; x_wconf 79' lang='grc' dir='ltr'>ἁγίων</span> <span class='ocrx_word' id='word_1_539' title='bbox 281 1971 406 2006; x_wconf 80' lang='grc' dir='ltr'><strong>ἀγγέλων</strong></span> <span class='ocrx_word' id='word_1_540' title='bbox 423 1972 471 1999; x_wconf 80' lang='grc' dir='ltr'><strong>καὶ</strong></span> <span class='ocrx_word' id='word_1_541' title='bbox 493 1972 586 2004; x_wconf 85' lang='grc' dir='ltr'>ἁπλῶς</span> <span class='ocrx_word' id='word_1_542' title='bbox 606 1973 714 2000; x_wconf 86' lang='grc' dir='ltr'>πάντων</span> <span class='ocrx_word' id='word_1_543' title='bbox 741 1974 883 2010; x_wconf 76' lang='grc' dir='ltr'><strong>μακαρίων</strong></span> <span class='ocrx_word' id='word_1_544' title='bbox 904 1974 978 2009; x_wconf 82' lang='grc' dir='ltr'><strong>λογι-</strong></span> 
     </span>
    </p>
   </div>
   <div class='ocr_carea' id='block_1_71' title="bbox 182 2017 978 2056">
    <p class='ocr_par' dir='ltr' id='par_1_71' title="bbox 182 2017 978 2056">
     <span class='ocr_line' id='line_1_71' title="bbox 182 2017 978 2056; baseline 0.005 -13"><span class='ocrx_word' id='word_1_545' title='bbox 182 2017 239 2044; x_wconf 79' lang='grc' dir='ltr'>κῶν</span> <span class='ocrx_word' id='word_1_546' title='bbox 254 2017 285 2044; x_wconf 80' lang='grc' dir='ltr'>τὸ</span> <span class='ocrx_word' id='word_1_547' title='bbox 304 2018 484 2054; x_wconf 77' lang='grc' dir='ltr'><strong>προκείμενον</strong></span> <span class='ocrx_word' id='word_1_548' title='bbox 499 2019 634 2052; x_wconf 74' lang='grc' dir='ltr'>ἐκλαϐεῖν,</span> <span class='ocrx_word' id='word_1_549' title='bbox 643 2021 751 2047; x_wconf 81' lang='grc' dir='ltr'>πάντων</span> <span class='ocrx_word' id='word_1_550' title='bbox 761 2020 850 2056; x_wconf 79' lang='grc' dir='ltr'>ὄρεξιν</span> <span class='ocrx_word' id='word_1_551' title='bbox 862 2021 978 2056; x_wconf 73' lang='grc' dir='ltr'>ἐχόντων</span> 
     </span>
    </p>
   </div>
   <div class='ocr_carea' id='block_1_72' title="bbox 183 2062 978 2102">
    <p class='ocr_par' dir='ltr' id='par_1_72' title="bbox 183 2062 978 2102">
     <span class='ocr_line' id='line_1_72' title="bbox 183 2062 978 2102; baseline 0.006 -13"><span class='ocrx_word' id='word_1_552' title='bbox 183 2062 345 2099; x_wconf 74' lang='grc' dir='ltr'><strong>παρακύψαι</strong></span> <span class='ocrx_word' id='word_1_553' title='bbox 368 2064 408 2096; x_wconf 83' lang='grc' dir='ltr'>εις</span> <span class='ocrx_word' id='word_1_554' title='bbox 427 2064 461 2091; x_wconf 80' lang='grc' dir='ltr'><strong>τὰ</strong></span> <span class='ocrx_word' id='word_1_555' title='bbox 482 2064 552 2092; x_wconf 79' lang='grc' dir='ltr'>κατὰ</span> <span class='ocrx_word' id='word_1_556' title='bbox 565 2065 596 2092; x_wconf 84' lang='grc' dir='ltr'><strong>τὸ</strong></span> <span class='ocrx_word' id='word_1_557' title='bbox 609 2065 686 2098; x_wconf 82' lang='grc' dir='ltr'><strong>τέλος</strong></span> <span class='ocrx_word' id='word_1_558' title='bbox 708 2065 868 2102; x_wconf 83' lang='grc' dir='ltr'><strong>πράγματα.</strong></span> <span class='ocrx_word' id='word_1_559' title='bbox 886 2067 978 2101; x_wconf 86' lang='lat' dir='ltr'><strong>Itaque</strong></span> 
     </span>
    </p>
   </div>
   <div class='ocr_carea' id='block_1_73' title="bbox 184 2108 976 2147">
    <p class='ocr_par' dir='ltr' id='par_1_73' title="bbox 184 2108 976 2147">
     <span class='ocr_line' id='line_1_73' title="bbox 184 2108 976 2147; baseline 0.005 -11"><span class='ocrx_word' id='word_1_560' title='bbox 184 2108 289 2136; x_wconf 77' lang='lat' dir='ltr'><strong>sublata</strong></span> <span class='ocrx_word' id='word_1_561' title='bbox 305 2115 367 2144; x_wconf 89' lang='lat' dir='ltr'><strong>post</strong></span> <span class='ocrx_word' id='word_1_562' title='bbox 391 2111 504 2138; x_wconf 87' lang='lat' dir='ltr'><strong>verbum</strong></span> <span class='ocrx_word' id='word_1_563' title='bbox 518 2112 610 2146; x_wconf 84' lang='lat' dir='ltr'><strong>agitur</strong></span> <span class='ocrx_word' id='word_1_564' title='bbox 632 2111 806 2139; x_wconf 89' lang='lat' dir='ltr'><strong>distinctione</strong></span> <span class='ocrx_word' id='word_1_565' title='bbox 820 2112 909 2147; x_wconf 81' lang='lat' dir='ltr'><strong>plena,</strong></span> <span class='ocrx_word' id='word_1_566' title='bbox 929 2113 976 2145; x_wconf 90' lang='lat' dir='ltr'><strong>ita,</strong></span> 
     </span>
    </p>
   </div>
   <div class='ocr_carea' id='block_1_74' title="bbox 179 2155 978 2186">
    <p class='ocr_par' dir='ltr' id='par_1_74' title="bbox 179 2155 978 2186">
     <span class='ocr_line' id='line_1_74' title="bbox 179 2155 978 2186; baseline 0.005 -5"><span class='ocrx_word' id='word_1_567' title='bbox 179 2159 213 2181; x_wconf 78' lang='lat' dir='ltr'><strong>ut</strong></span> <span class='ocrx_word' id='word_1_568' title='bbox 227 2161 260 2182; x_wconf 80' lang='lat' dir='ltr'><strong>ex</strong></span> <span class='ocrx_word' id='word_1_569' title='bbox 276 2155 381 2183; x_wconf 84' lang='lat' dir='ltr'><strong>duobus</strong></span> <span class='ocrx_word' id='word_1_570' title='bbox 396 2156 462 2184; x_wconf 83' lang='lat' dir='ltr'><strong>colis</strong></span> <span class='ocrx_word' id='word_1_571' title='bbox 480 2164 532 2184; x_wconf 89' lang='lat' dir='ltr'><strong>una</strong></span> <span class='ocrx_word' id='word_1_572' title='bbox 553 2157 685 2185; x_wconf 87' lang='lat' dir='ltr'><strong>elllciatur</strong></span> <span class='ocrx_word' id='word_1_573' title='bbox 708 2164 735 2185; x_wconf 86' lang='lat' dir='ltr'><strong>et</strong></span> <span class='ocrx_word' id='word_1_574' title='bbox 750 2160 877 2185; x_wconf 85' lang='lat' dir='ltr'><strong>continua</strong></span> <span class='ocrx_word' id='word_1_575' title='bbox 893 2166 978 2186; x_wconf 89' lang='lat' dir='ltr'><strong>enun-</strong></span> 
     </span>
    </p>
   </div>
   <div class='ocr_carea' id='block_1_75' title="bbox 182 2199 978 2239">
    <p class='ocr_par' dir='ltr' id='par_1_75' title="bbox 182 2199 978 2239">
     <span class='ocr_line' id='line_1_75' title="bbox 182 2199 978 2239; baseline 0.009 -13"><span class='ocrx_word' id='word_1_576' title='bbox 182 2199 268 2233; x_wconf 77' lang='lat' dir='ltr'><strong>tiatio,</strong></span> <span class='ocrx_word' id='word_1_577' title='bbox 285 2201 380 2230; x_wconf 85' lang='lat' dir='ltr'><strong>Latina</strong></span> <span class='ocrx_word' id='word_1_578' title='bbox 398 2203 486 2230; x_wconf 86' lang='lat' dir='ltr'><strong>oratio</strong></span> <span class='ocrx_word' id='word_1_579' title='bbox 507 2203 603 2231; x_wconf 83' lang='lat' dir='ltr'><strong>ﬂueret</strong></span> <span class='ocrx_word' id='word_1_580' title='bbox 623 2205 736 2239; x_wconf 89' lang='lat' dir='ltr'><strong>optime,</strong></span> <span class='ocrx_word' id='word_1_581' title='bbox 757 2205 808 2233; x_wconf 90' lang='lat' dir='ltr'><strong>nisi</strong></span> <span class='ocrx_word' id='word_1_582' title='bbox 832 2205 978 2239; x_wconf 88' lang='lat' dir='ltr'><strong>impedire-</strong></span> 
     </span>
    </p>
   </div>
   <div class='ocr_carea' id='block_1_76' title="bbox 182 2249 976 2286">
    <p class='ocr_par' dir='ltr' id='par_1_76' title="bbox 182 2249 976 2286">
     <span class='ocr_line' id='line_1_76' title="bbox 182 2249 976 2286; baseline 0.008 -13"><span class='ocrx_word' id='word_1_583' title='bbox 182 2250 226 2273; x_wconf 89' lang='lat' dir='ltr'><strong>tur</strong></span> <span class='ocrx_word' id='word_1_584' title='bbox 249 2250 381 2281; x_wconf 75' lang='lat' dir='ltr'><strong>praeterea</strong></span> <span class='ocrx_word' id='word_1_585' title='bbox 401 2249 606 2278; x_wconf 87' lang='lat' dir='ltr'><strong>obscurioribus</strong></span> <span class='ocrx_word' id='word_1_586' title='bbox 629 2251 718 2278; x_wconf 88' lang='lat' dir='ltr'><strong>verbis</strong></span> <span class='ocrx_word' id='word_1_587' title='bbox 746 2251 788 2279; x_wconf 90' lang='lat' dir='ltr'><strong>his</strong></span> <span class='ocrx_word' id='word_1_588' title='bbox 811 2259 818 2277; x_wconf 85' lang='lat'>:</span> <span class='ocrx_word' id='word_1_589' title='bbox 845 2261 854 2277; x_wconf 74' lang='grc' dir='ltr'><strong>ι</strong></span> <span class='ocrx_word' id='word_1_590' title='bbox 868 2252 976 2286; x_wconf 85' lang='lat' dir='ltr'><strong>quando</strong></span> 
     </span>
    </p>
   </div>
   <div class='ocr_carea' id='block_1_77' title="bbox 183 2292 974 2331">
    <p class='ocr_par' dir='ltr' id='par_1_77' title="bbox 183 2292 974 2331">
     <span class='ocr_line' id='line_1_77' title="bbox 183 2292 974 2331; baseline 0.006 -13"><span class='ocrx_word' id='word_1_591' title='bbox 183 2292 269 2326; x_wconf 77' lang='lat' dir='ltr'><strong>ipsius</strong></span> <span class='ocrx_word' id='word_1_592' title='bbox 285 2293 394 2328; x_wconf 84' lang='lat' dir='ltr'><strong>quidem</strong></span> <span class='ocrx_word' id='word_1_593' title='bbox 418 2301 498 2322; x_wconf 88' lang='lat' dir='ltr'><strong>causa</strong></span> <span class='ocrx_word' id='word_1_594' title='bbox 514 2299 612 2323; x_wconf 84' lang='lat' dir='ltr'><strong>cuncta</strong></span> <span class='ocrx_word' id='word_1_595' title='bbox 628 2295 713 2328; x_wconf 38' lang='lat' dir='ltr'><strong>,ftunl,</strong></span> <span class='ocrx_word' id='word_1_596' title='bbox 729 2295 816 2331; x_wconf 86' lang='lat' dir='ltr'><strong>ipsqu</strong></span> <span class='ocrx_word' id='word_1_597' title='bbox 834 2304 909 2329; x_wconf 89' lang='lat' dir='ltr'><strong>vero,</strong></span> <span class='ocrx_word' id='word_1_598' title='bbox 927 2304 974 2323; x_wconf 92' lang='lat' dir='ltr'><strong>cu-</strong></span> 
     </span>
    </p>
   </div>
   <div class='ocr_carea' id='block_1_78' title="bbox 179 2337 973 2376">
    <p class='ocr_par' dir='ltr' id='par_1_78' title="bbox 179 2337 973 2376">
     <span class='ocr_line' id='line_1_78' title="bbox 179 2337 973 2376; baseline 0.006 -12"><span class='ocrx_word' id='word_1_599' title='bbox 179 2337 224 2370; x_wconf 71' lang='lat' dir='ltr'><strong>ius</strong></span> <span class='ocrx_word' id='word_1_600' title='bbox 248 2345 331 2366; x_wconf 84' lang='lat' dir='ltr'><strong>causa</strong></span> <span class='ocrx_word' id='word_1_601' title='bbox 355 2340 455 2367; x_wconf 90' lang='lat' dir='ltr'><strong>nullius</strong></span> <span class='ocrx_word' id='word_1_602' title='bbox 479 2341 602 2376; x_wconf 68' lang='lat' dir='ltr'><strong>agitur.»</strong></span> <span class='ocrx_word' id='word_1_603' title='bbox 628 2341 745 2369; x_wconf 86' lang='lat' dir='ltr'><strong>Possunt</strong></span> <span class='ocrx_word' id='word_1_604' title='bbox 770 2349 834 2369; x_wconf 89' lang='lat' dir='ltr'><strong>vero</strong></span> <span class='ocrx_word' id='word_1_605' title='bbox 858 2343 925 2375; x_wconf 75' lang='lat' dir='ltr'><strong>lucc,</strong></span> <span class='ocrx_word' id='word_1_606' title='bbox 946 2342 973 2370; x_wconf 91' lang='lat' dir='ltr'><strong>ui</strong></span> 
     </span>
    </p>
   </div>
   <div class='ocr_carea' id='block_1_79' title="bbox 181 2382 973 2422">
    <p class='ocr_par' dir='ltr' id='par_1_79' title="bbox 181 2382 973 2422">
     <span class='ocr_line' id='line_1_79' title="bbox 181 2382 973 2422; baseline 0.008 -14"><span class='ocrx_word' id='word_1_607' title='bbox 181 2382 271 2414; x_wconf 83' lang='lat' dir='ltr'><strong>fallor,</strong></span> <span class='ocrx_word' id='word_1_608' title='bbox 287 2383 324 2410; x_wconf 89' lang='lat' dir='ltr'><strong>ita</strong></span> <span class='ocrx_word' id='word_1_609' title='bbox 339 2384 490 2418; x_wconf 87' lang='lat' dir='ltr'><strong>emendari,</strong></span> <span class='ocrx_word' id='word_1_610' title='bbox 510 2390 541 2413; x_wconf 89' lang='lat' dir='ltr'><strong>ut</strong></span> <span class='ocrx_word' id='word_1_611' title='bbox 565 2394 614 2422; x_wconf 87' lang='lat' dir='ltr'><strong>pro</strong></span> <span class='ocrx_word' id='word_1_612' title='bbox 636 2386 734 2414; x_wconf 72' lang='lat' dir='ltr'><strong>nullius</strong></span> <span class='ocrx_word' id='word_1_613' title='bbox 756 2394 871 2421; x_wconf 86' lang='lat' dir='ltr'><strong>reponas</strong></span> <span class='ocrx_word' id='word_1_614' title='bbox 894 2387 973 2414; x_wconf 65' lang='lat' dir='ltr'><strong>nullis</strong></span> 
     </span>
    </p>
   </div>
   <div class='ocr_carea' id='block_1_80' title="bbox 181 2427 970 2465">
    <p class='ocr_par' dir='ltr' id='par_1_80' title="bbox 181 2427 970 2465">
     <span class='ocr_line' id='line_1_80' title="bbox 181 2427 970 2465; baseline 0.005 -12"><span class='ocrx_word' id='word_1_615' title='bbox 181 2427 284 2463; x_wconf 86' lang='lat' dir='ltr'><strong>(rebus,</strong></span> <span class='ocrx_word' id='word_1_616' title='bbox 294 2436 353 2463; x_wconf 66' lang='lat' dir='ltr'><strong>quae</strong></span> <span class='ocrx_word' id='word_1_617' title='bbox 368 2429 565 2464; x_wconf 87' lang='lat' dir='ltr'><strong>flunt),deinde</strong></span> <span class='ocrx_word' id='word_1_618' title='bbox 580 2438 644 2458; x_wconf 88' lang='lat' dir='ltr'><strong>vero</strong></span> <span class='ocrx_word' id='word_1_619' title='bbox 659 2431 740 2458; x_wconf 88' lang='lat' dir='ltr'><strong>verba</strong></span> <span class='ocrx_word' id='word_1_620' title='bbox 757 2439 766 2456; x_wconf 76' lang='grc' dir='ltr'><strong>ι</strong></span> <span class='ocrx_word' id='word_1_621' title='bbox 780 2431 857 2465; x_wconf 88' lang='lat' dir='ltr'><strong>cujus</strong></span> <span class='ocrx_word' id='word_1_622' title='bbox 868 2438 947 2458; x_wconf 84' lang='lat' dir='ltr'><strong>causa</strong></span> <span class='ocrx_word' id='word_1_623' title='bbox 961 2439 970 2457; x_wconf 81' lang='grc' dir='ltr'><strong>ι</strong></span> 
     </span>
    </p>
   </div>
   <div class='ocr_carea' id='block_1_81' title="bbox 172 2472 973 2512">
    <p class='ocr_par' dir='ltr' id='par_1_81' title="bbox 172 2472 973 2512">
     <span class='ocr_line' id='line_1_81' title="bbox 172 2472 973 2512; baseline 0.006 -13"><span class='ocrx_word' id='word_1_624' title='bbox 172 2472 346 2512; x_wconf 44' lang='grc' dir='ltr'>,ίιιιετρίιιιΙιὶε</span> <span class='ocrx_word' id='word_1_625' title='bbox 358 2474 534 2503; x_wconf 78' lang='lat' dir='ltr'><strong>distinctione</strong></span> <span class='ocrx_word' id='word_1_626' title='bbox 549 2483 643 2510; x_wconf 79' lang='lat' dir='ltr'><strong>parva.</strong></span> <span class='ocrx_word' id='word_1_627' title='bbox 662 2475 708 2503; x_wconf 87' lang='lat' dir='ltr'><strong>llis</strong></span> <span class='ocrx_word' id='word_1_628' title='bbox 734 2476 771 2503; x_wconf 88' lang='lat' dir='ltr'><strong>ita</strong></span> <span class='ocrx_word' id='word_1_629' title='bbox 796 2480 823 2503; x_wconf 89' lang='lat' dir='ltr'><strong>et</strong></span> <span class='ocrx_word' id='word_1_630' title='bbox 841 2476 973 2504; x_wconf 83' lang='lat' dir='ltr'><strong>restitutis</strong></span> 
     </span>
    </p>
   </div>
   <div class='ocr_carea' id='block_1_82' title="bbox 172 2515 971 2557">
    <p class='ocr_par' dir='ltr' id='par_1_82' title="bbox 172 2515 971 2557">
     <span class='ocr_line' id='line_1_82' title="bbox 172 2515 971 2557; baseline 0.005 -12"><span class='ocrx_word' id='word_1_631' title='bbox 172 2515 207 2546; x_wconf 79' lang='grc' dir='ltr'>ἐι</span> <span class='ocrx_word' id='word_1_632' title='bbox 221 2518 372 2554; x_wconf 82' lang='lat' dir='ltr'><strong>explicatis,</strong></span> <span class='ocrx_word' id='word_1_633' title='bbox 380 2527 411 2547; x_wconf 88' lang='lat' dir='ltr'><strong>ea</strong></span> <span class='ocrx_word' id='word_1_634' title='bbox 429 2527 489 2556; x_wconf 67' lang='lat' dir='ltr'><strong>qua:</strong></span> <span class='ocrx_word' id='word_1_635' title='bbox 505 2521 632 2555; x_wconf 88' lang='lat' dir='ltr'><strong>deinceps</strong></span> <span class='ocrx_word' id='word_1_636' title='bbox 644 2522 707 2549; x_wconf 72' lang='lat' dir='ltr'><strong>etin</strong></span> <span class='ocrx_word' id='word_1_637' title='bbox 719 2521 772 2549; x_wconf 88' lang='lat' dir='ltr'><strong>line</strong></span> <span class='ocrx_word' id='word_1_638' title='bbox 787 2521 922 2557; x_wconf 80' lang='lat' dir='ltr'><strong>leguntur,</strong></span> <span class='ocrx_word' id='word_1_639' title='bbox 935 2522 971 2549; x_wconf 90' lang='lat' dir='ltr'><strong>ita</strong></span> 
     </span>
    </p>
   </div>
   <div class='ocr_carea' id='block_1_83' title="bbox 181 2565 973 2603">
    <p class='ocr_par' dir='ltr' id='par_1_83' title="bbox 181 2565 973 2603">
     <span class='ocr_line' id='line_1_83' title="bbox 181 2565 973 2603; baseline 0.004 -11"><span class='ocrx_word' id='word_1_640' title='bbox 181 2565 229 2593; x_wconf 90' lang='lat' dir='ltr'><strong>tibi</strong></span> <span class='ocrx_word' id='word_1_641' title='bbox 257 2570 338 2594; x_wconf 87' lang='lat' dir='ltr'><strong>erunt</strong></span> <span class='ocrx_word' id='word_1_642' title='bbox 362 2566 536 2602; x_wconf 77' lang='lat' dir='ltr'><strong>intelligenda</strong></span> <span class='ocrx_word' id='word_1_643' title='bbox 553 2576 560 2595; x_wconf 87' lang='lat'><strong>:</strong></span> <span class='ocrx_word' id='word_1_644' title='bbox 575 2567 643 2595; x_wconf 87' lang='lat' dir='ltr'><strong>Cum</strong></span> <span class='ocrx_word' id='word_1_645' title='bbox 668 2575 762 2595; x_wconf 79' lang='lat' dir='ltr'><strong>omnes</strong></span> <span class='ocrx_word' id='word_1_646' title='bbox 788 2568 835 2603; x_wconf 88' lang='lat' dir='ltr'><strong>qui</strong></span> <span class='ocrx_word' id='word_1_647' title='bbox 867 2569 973 2595; x_wconf 88' lang='lat' dir='ltr'><strong>ratione</strong></span> 
     </span>
    </p>
   </div>
   <div class='ocr_carea' id='block_1_84' title="bbox 182 2609 969 2647">
    <p class='ocr_par' dir='ltr' id='par_1_84' title="bbox 182 2609 969 2647">
     <span class='ocr_line' id='line_1_84' title="bbox 182 2609 969 2647; baseline 0.006 -12"><span class='ocrx_word' id='word_1_648' title='bbox 182 2609 285 2643; x_wconf 73' lang='lat' dir='ltr'><strong>prmditi</strong></span> <span class='ocrx_word' id='word_1_649' title='bbox 301 2614 374 2642; x_wconf 88' lang='lat' dir='ltr'><strong>sunt,</strong></span> <span class='ocrx_word' id='word_1_650' title='bbox 393 2616 490 2638; x_wconf 87' lang='lat' dir='ltr'><strong>natura</strong></span> <span class='ocrx_word' id='word_1_651' title='bbox 506 2616 533 2639; x_wconf 88' lang='lat' dir='ltr'><strong>et</strong></span> <span class='ocrx_word' id='word_1_652' title='bbox 551 2612 728 2641; x_wconf 86' lang='lat' dir='ltr'><strong>beatitudinis</strong></span> <span class='ocrx_word' id='word_1_653' title='bbox 751 2613 899 2647; x_wconf 83' lang='lat' dir='ltr'><strong>cupiditate</strong></span> <span class='ocrx_word' id='word_1_654' title='bbox 921 2613 969 2640; x_wconf 93' lang='lat' dir='ltr'><strong>du-</strong></span> 
     </span>
    </p>
   </div>
   <div class='ocr_carea' id='block_1_85' title="bbox 181 2659 973 2695">
    <p class='ocr_par' dir='ltr' id='par_1_85' title="bbox 181 2659 973 2695">
     <span class='ocr_line' id='line_1_85' title="bbox 181 2659 973 2695; baseline 0.006 -13"><span class='ocrx_word' id='word_1_655' title='bbox 181 2661 288 2690; x_wconf 87' lang='lat' dir='ltr'><strong>cantur,</strong></span> <span class='ocrx_word' id='word_1_656' title='bbox 308 2662 336 2684; x_wconf 92' lang='lat' dir='ltr'><strong>et</strong></span> <span class='ocrx_word' id='word_1_657' title='bbox 359 2662 488 2693; x_wconf 88' lang='lat' dir='ltr'><strong>appetant</strong></span> <span class='ocrx_word' id='word_1_658' title='bbox 511 2666 542 2686; x_wconf 85' lang='lat' dir='ltr'><strong>ea</strong></span> <span class='ocrx_word' id='word_1_659' title='bbox 557 2659 711 2694; x_wconf 87' lang='lat' dir='ltr'><strong>prospicere</strong></span> <span class='ocrx_word' id='word_1_660' title='bbox 734 2667 793 2695; x_wconf 73' lang='lat' dir='ltr'><strong>qua:</strong></span> <span class='ocrx_word' id='word_1_661' title='bbox 812 2660 838 2687; x_wconf 94' lang='lat' dir='ltr'><strong>in</strong></span> <span class='ocrx_word' id='word_1_662' title='bbox 853 2660 906 2687; x_wconf 86' lang='lat' dir='ltr'><strong>line</strong></span> <span class='ocrx_word' id='word_1_663' title='bbox 922 2667 973 2687; x_wconf 67' lang='lat' dir='ltr'><strong>saa-</strong></span> 
     </span>
    </p>
   </div>
   <div class='ocr_carea' id='block_1_86' title="bbox 183 2702 973 2740">
    <p class='ocr_par' dir='ltr' id='par_1_86' title="bbox 183 2702 973 2740">
     <span class='ocr_line' id='line_1_86' title="bbox 183 2702 973 2740; baseline 0.003 -12"><span class='ocrx_word' id='word_1_664' title='bbox 183 2702 236 2728; x_wconf 89' lang='lat' dir='ltr'><strong>culi</strong></span> <span class='ocrx_word' id='word_1_665' title='bbox 249 2703 385 2735; x_wconf 89' lang='lat' dir='ltr'><strong>evenient,</strong></span> <span class='ocrx_word' id='word_1_666' title='bbox 402 2704 428 2730; x_wconf 90' lang='lat' dir='ltr'><strong>id</strong></span> <span class='ocrx_word' id='word_1_667' title='bbox 446 2708 488 2731; x_wconf 86' lang='lat' dir='ltr'><strong>est</strong></span> <span class='ocrx_word' id='word_1_668' title='bbox 499 2704 614 2732; x_wconf 86' lang='lat' dir='ltr'><strong>salutem</strong></span> <span class='ocrx_word' id='word_1_669' title='bbox 641 2704 791 2740; x_wconf 81' lang='lat' dir='ltr'><strong>perfectam</strong></span> <span class='ocrx_word' id='word_1_670' title='bbox 807 2712 839 2732; x_wconf 88' lang='lat' dir='ltr'><strong>ac</strong></span> <span class='ocrx_word' id='word_1_671' title='bbox 853 2705 973 2732; x_wconf 85' lang='lat' dir='ltr'><strong>beatitu-</strong></span> 
     </span>
    </p>
   </div>
   <div class='ocr_carea' id='block_1_87' title="bbox 184 2747 974 2785">
    <p class='ocr_par' dir='ltr' id='par_1_87' title="bbox 184 2747 974 2785">
     <span class='ocr_line' id='line_1_87' title="bbox 184 2747 974 2785; baseline 0.004 -11"><span class='ocrx_word' id='word_1_672' title='bbox 184 2747 272 2774; x_wconf 86' lang='lat' dir='ltr'><strong>dinem</strong></span> <span class='ocrx_word' id='word_1_673' title='bbox 289 2755 336 2783; x_wconf 93' lang='lat' dir='ltr'><strong>per</strong></span> <span class='ocrx_word' id='word_1_674' title='bbox 350 2749 525 2784; x_wconf 75' lang='lat' dir='ltr'><strong>Evangelium</strong></span> <span class='ocrx_word' id='word_1_675' title='bbox 540 2751 675 2784; x_wconf 87' lang='lat' dir='ltr'><strong>omnibus,</strong></span> <span class='ocrx_word' id='word_1_676' title='bbox 687 2751 732 2785; x_wconf 88' lang='lat' dir='ltr'><strong>qui</strong></span> <span class='ocrx_word' id='word_1_677' title='bbox 744 2751 834 2785; x_wconf 85' lang='lat' dir='ltr'><strong>aliqua</strong></span> <span class='ocrx_word' id='word_1_678' title='bbox 846 2750 974 2777; x_wconf 86' lang='lat' dir='ltr'><strong>fruuntur</strong></span> 
     </span>
    </p>
   </div>
   <div class='ocr_carea' id='block_1_88' title="bbox 220 2848 970 2888">
    <p class='ocr_par' dir='ltr' id='par_1_88' title="bbox 220 2848 970 2888">
     <span class='ocr_line' id='line_1_88' title="bbox 220 2848 970 2888; baseline 0.005 -12"><span class='ocrx_word' id='word_1_679' title='bbox 220 2848 275 2888; x_wconf 68' lang='lat' dir='ltr'><strong>(t7)</strong></span> <span class='ocrx_word' id='word_1_680' title='bbox 295 2849 334 2877; x_wconf 81' lang='lat' dir='ltr'><strong>Ita</strong></span> <span class='ocrx_word' id='word_1_681' title='bbox 348 2858 380 2877; x_wconf 84' lang='lat' dir='ltr'><strong>ex</strong></span> <span class='ocrx_word' id='word_1_682' title='bbox 397 2851 538 2879; x_wconf 85' lang='lat' dir='ltr'><strong>verissima</strong></span> <span class='ocrx_word' id='word_1_683' title='bbox 553 2851 711 2887; x_wconf 81' lang='lat' dir='ltr'><strong>Mingarellii</strong></span> <span class='ocrx_word' id='word_1_684' title='bbox 728 2854 883 2888; x_wconf 84' lang='lat' dir='ltr'><strong>conjectura</strong></span> <span class='ocrx_word' id='word_1_685' title='bbox 900 2853 970 2882; x_wconf 80' lang='lat' dir='ltr'><strong>scri-</strong></span> 
     </span>
    </p>
   </div>
   <div class='ocr_carea' id='block_1_89' title="bbox 183 2885 430 2914">
    <p class='ocr_par' dir='ltr' id='par_1_89' title="bbox 183 2885 430 2914">
     <span class='ocr_line' id='line_1_89' title="bbox 183 2885 430 2914; baseline 0.004 -2"><span class='ocrx_word' id='word_1_686' title='bbox 183 2885 299 2913; x_wconf 88' lang='lat' dir='ltr'><strong>bendmn</strong></span> <span class='ocrx_word' id='word_1_687' title='bbox 321 2893 430 2914; x_wconf 88' lang='lat' dir='ltr'><strong>censeo.</strong></span> 
     </span>
    </p>
   </div>
   <div class='ocr_carea' id='block_1_90' title="bbox 1032 1647 1830 1683">
    <p class='ocr_par' dir='ltr' id='par_1_90' title="bbox 1032 1647 1830 1683">
     <span class='ocr_line' id='line_1_90' title="bbox 1032 1647 1830 1683; baseline -0.003 -9"><span class='ocrx_word' id='word_1_688' title='bbox 1032 1655 1079 1674; x_wconf 91' lang='lat' dir='ltr'><strong>sus</strong></span> <span class='ocrx_word' id='word_1_689' title='bbox 1092 1654 1141 1682; x_wconf 87' lang='lat' dir='ltr'><strong>per</strong></span> <span class='ocrx_word' id='word_1_690' title='bbox 1153 1647 1312 1683; x_wconf 78' lang='lat' dir='ltr'><strong>sanguinem</strong></span> <span class='ocrx_word' id='word_1_691' title='bbox 1329 1648 1417 1674; x_wconf 88' lang='lat' dir='ltr'><strong>crucis</strong></span> <span class='ocrx_word' id='word_1_692' title='bbox 1435 1655 1502 1679; x_wconf 69' lang='lat' dir='ltr'><strong>suar,</strong></span> <span class='ocrx_word' id='word_1_693' title='bbox 1516 1655 1576 1682; x_wconf 77' lang='lat' dir='ltr'><strong>qua:</strong></span> <span class='ocrx_word' id='word_1_694' title='bbox 1590 1648 1616 1674; x_wconf 93' lang='lat' dir='ltr'><strong>in</strong></span> <span class='ocrx_word' id='word_1_695' title='bbox 1633 1647 1710 1674; x_wconf 65' lang='lat' dir='ltr'><strong>caelis</strong></span> <span class='ocrx_word' id='word_1_696' title='bbox 1721 1651 1749 1673; x_wconf 89' lang='lat' dir='ltr'><strong>et</strong></span> <span class='ocrx_word' id='word_1_697' title='bbox 1765 1653 1830 1680; x_wconf 65' lang='lat' dir='ltr'><strong>quae</strong></span> 
     </span>
    </p>
   </div>
   <div class='ocr_carea' id='block_1_91' title="bbox 1032 1692 1828 1725">
    <p class='ocr_par' dir='ltr' id='par_1_91' title="bbox 1032 1692 1828 1725">
     <span class='ocr_line' id='line_1_91' title="bbox 1032 1692 1828 1725; baseline -0.003 -5"><span class='ocrx_word' id='word_1_698' title='bbox 1032 1693 1057 1720; x_wconf 92' lang='lat' dir='ltr'><strong>in</strong></span> <span class='ocrx_word' id='word_1_699' title='bbox 1077 1698 1147 1720; x_wconf 87' lang='lat' dir='ltr'><strong>terra</strong></span> <span class='ocrx_word' id='word_1_700' title='bbox 1167 1698 1241 1725; x_wconf 88' lang='lat' dir='ltr'><strong>sunt,</strong></span> <span class='ocrx_word' id='word_1_701' title='bbox 1257 1701 1337 1721; x_wconf 92' lang='lat' dir='ltr'><strong>omne</strong></span> <span class='ocrx_word' id='word_1_702' title='bbox 1352 1693 1450 1720; x_wconf 89' lang='lat' dir='ltr'><strong>bellum</strong></span> <span class='ocrx_word' id='word_1_703' title='bbox 1469 1693 1613 1721; x_wconf 88' lang='lat' dir='ltr'><strong>destruens</strong></span> <span class='ocrx_word' id='word_1_704' title='bbox 1625 1698 1651 1720; x_wconf 87' lang='lat' dir='ltr'><strong>et</strong></span> <span class='ocrx_word' id='word_1_705' title='bbox 1666 1692 1828 1720; x_wconf 88' lang='lat' dir='ltr'><strong>tumultum.</strong></span> 
     </span>
    </p>
   </div>
   <div class='ocr_carea' id='block_1_92' title="bbox 1031 1737 1830 1772">
    <p class='ocr_par' dir='ltr' id='par_1_92' title="bbox 1031 1737 1830 1772">
     <span class='ocr_line' id='line_1_92' title="bbox 1031 1737 1830 1772; baseline -0.004 -6"><span class='ocrx_word' id='word_1_706' title='bbox 1031 1739 1091 1766; x_wconf 77' lang='lat' dir='ltr'><strong>Mox</strong></span> <span class='ocrx_word' id='word_1_707' title='bbox 1109 1738 1181 1766; x_wconf 87' lang='lat' dir='ltr'><strong>enim</strong></span> <span class='ocrx_word' id='word_1_708' title='bbox 1206 1739 1231 1766; x_wconf 93' lang='lat' dir='ltr'><strong>in</strong></span> <span class='ocrx_word' id='word_1_709' title='bbox 1255 1739 1385 1766; x_wconf 85' lang='lat' dir='ltr'><strong>descensu</strong></span> <span class='ocrx_word' id='word_1_710' title='bbox 1402 1739 1460 1772; x_wconf 83' lang='lat' dir='ltr'><strong>ejus</strong></span> <span class='ocrx_word' id='word_1_711' title='bbox 1485 1745 1513 1766; x_wconf 86' lang='lat' dir='ltr'><strong>et</strong></span> <span class='ocrx_word' id='word_1_712' title='bbox 1535 1740 1676 1766; x_wconf 79' lang='lat' dir='ltr'><strong>nativitatc</strong></span> <span class='ocrx_word' id='word_1_713' title='bbox 1696 1740 1769 1766; x_wconf 79' lang='lat' dir='ltr'><strong>facta</strong></span> <span class='ocrx_word' id='word_1_714' title='bbox 1792 1737 1830 1765; x_wconf 80' lang='lat' dir='ltr'><strong>de</strong></span> 
     </span>
    </p>
   </div>
   <div class='ocr_carea' id='block_1_93' title="bbox 1031 1782 1829 1820">
    <p class='ocr_par' dir='ltr' id='par_1_93' title="bbox 1031 1782 1829 1820">
     <span class='ocr_line' id='line_1_93' title="bbox 1031 1782 1829 1820; baseline -0.001 -9"><span class='ocrx_word' id='word_1_715' title='bbox 1031 1785 1140 1820; x_wconf 73' lang='lat' dir='ltr'><strong>Virgine</strong></span> <span class='ocrx_word' id='word_1_716' title='bbox 1163 1784 1263 1811; x_wconf 89' lang='lat' dir='ltr'><strong>dictum</strong></span> <span class='ocrx_word' id='word_1_717' title='bbox 1280 1789 1344 1811; x_wconf 77' lang='lat' dir='ltr'><strong>e5t:</strong></span> <span class='ocrx_word' id='word_1_718' title='bbox 1369 1782 1461 1811; x_wconf 79' lang='lat' dir='ltr'><strong>Gloria</strong></span> <span class='ocrx_word' id='word_1_719' title='bbox 1481 1785 1508 1811; x_wconf 82' lang='lat' dir='ltr'><strong>in</strong></span> <span class='ocrx_word' id='word_1_720' title='bbox 1536 1784 1645 1811; x_wconf 67' lang='lat' dir='ltr'><strong>excelsis</strong></span> <span class='ocrx_word' id='word_1_721' title='bbox 1660 1784 1728 1816; x_wconf 78' lang='lat' dir='ltr'><strong>Deo,</strong></span> <span class='ocrx_word' id='word_1_722' title='bbox 1751 1789 1778 1811; x_wconf 80' lang='lat' dir='ltr'><strong>et</strong></span> <span class='ocrx_word' id='word_1_723' title='bbox 1800 1784 1829 1810; x_wconf 82' lang='lat' dir='ltr'><strong>in</strong></span> 
     </span>
    </p>
   </div>
   <div class='ocr_carea' id='block_1_94' title="bbox 1030 1829 1830 1864">
    <p class='ocr_par' dir='ltr' id='par_1_94' title="bbox 1030 1829 1830 1864">
     <span class='ocr_line' id='line_1_94' title="bbox 1030 1829 1830 1864; baseline 0 -8"><span class='ocrx_word' id='word_1_724' title='bbox 1030 1838 1100 1857; x_wconf 75' lang='lat' dir='ltr'><strong>terra</strong></span> <span class='ocrx_word' id='word_1_725' title='bbox 1122 1829 1195 1863; x_wconf 75' lang='lat' dir='ltr'><strong>pax!</strong></span> <span class='ocrx_word' id='word_1_726' title='bbox 1221 1829 1399 1857; x_wconf 88' lang='lat' dir='ltr'><strong>Concorditer</strong></span> <span class='ocrx_word' id='word_1_727' title='bbox 1428 1835 1517 1858; x_wconf 87' lang='lat' dir='ltr'><strong>autem</strong></span> <span class='ocrx_word' id='word_1_728' title='bbox 1540 1835 1567 1857; x_wconf 86' lang='lat' dir='ltr'><strong>et</strong></span> <span class='ocrx_word' id='word_1_729' title='bbox 1591 1830 1618 1857; x_wconf 89' lang='lat' dir='ltr'><strong>in</strong></span> <span class='ocrx_word' id='word_1_730' title='bbox 1641 1830 1830 1864; x_wconf 73' lang='lat' dir='ltr'><strong>praasentibus</strong></span> 
     </span>
    </p>
   </div>
   <div class='ocr_carea' id='block_1_95' title="bbox 1029 1873 1831 1910">
    <p class='ocr_par' dir='ltr' id='par_1_95' title="bbox 1029 1873 1831 1910">
     <span class='ocr_line' id='line_1_95' title="bbox 1029 1873 1831 1910; baseline -0.004 -8"><span class='ocrx_word' id='word_1_731' title='bbox 1029 1875 1130 1902; x_wconf 87' lang='lat' dir='ltr'><strong>dictum</strong></span> <span class='ocrx_word' id='word_1_732' title='bbox 1151 1881 1203 1906; x_wconf 83' lang='lat' dir='ltr'><strong>est.</strong></span> <span class='ocrx_word' id='word_1_733' title='bbox 1227 1876 1300 1910; x_wconf 85' lang='lat' dir='ltr'><strong>quia,</strong></span> <span class='ocrx_word' id='word_1_734' title='bbox 1320 1882 1382 1902; x_wconf 89' lang='lat' dir='ltr'><strong>eum</strong></span> <span class='ocrx_word' id='word_1_735' title='bbox 1408 1875 1603 1902; x_wconf 80' lang='lat' dir='ltr'><strong>resurrexisset</strong></span> <span class='ocrx_word' id='word_1_736' title='bbox 1623 1882 1638 1900; x_wconf 86' lang='lat' dir='ltr'><strong>a</strong></span> <span class='ocrx_word' id='word_1_737' title='bbox 1659 1873 1779 1901; x_wconf 88' lang='lat' dir='ltr'><strong>mortuis</strong></span> <span class='ocrx_word' id='word_1_738' title='bbox 1802 1878 1831 1900; x_wconf 89' lang='lat' dir='ltr'><strong>et</strong></span> 
     </span>
    </p>
   </div>
   <div class='ocr_carea' id='block_1_96' title="bbox 1030 1921 1830 1956">
    <p class='ocr_par' dir='ltr' id='par_1_96' title="bbox 1030 1921 1830 1956">
     <span class='ocr_line' id='line_1_96' title="bbox 1030 1921 1830 1956; baseline 0.003 -8"><span class='ocrx_word' id='word_1_739' title='bbox 1030 1921 1136 1949; x_wconf 84' lang='lat' dir='ltr'><strong>sederet</strong></span> <span class='ocrx_word' id='word_1_740' title='bbox 1162 1922 1188 1949; x_wconf 93' lang='lat' dir='ltr'><strong>in</strong></span> <span class='ocrx_word' id='word_1_741' title='bbox 1206 1922 1302 1949; x_wconf 74' lang='lat' dir='ltr'><strong>dextra</strong></span> <span class='ocrx_word' id='word_1_742' title='bbox 1318 1922 1345 1949; x_wconf 89' lang='lat' dir='ltr'><strong>in</strong></span> <span class='ocrx_word' id='word_1_743' title='bbox 1362 1922 1488 1955; x_wconf 74' lang='lat' dir='ltr'><strong>excelsis,</strong></span> <span class='ocrx_word' id='word_1_744' title='bbox 1506 1921 1643 1956; x_wconf 83' lang='lat' dir='ltr'><strong>profectus</strong></span> <span class='ocrx_word' id='word_1_745' title='bbox 1660 1921 1686 1948; x_wconf 91' lang='lat' dir='ltr'><strong>in</strong></span> <span class='ocrx_word' id='word_1_746' title='bbox 1711 1922 1830 1955; x_wconf 74' lang='lat' dir='ltr'><strong>cmlum,</strong></span> 
     </span>
    </p>
   </div>
   <div class='ocr_carea' id='block_1_97' title="bbox 1031 1969 1830 2003">
    <p class='ocr_par' dir='ltr' id='par_1_97' title="bbox 1031 1969 1830 2003">
     <span class='ocr_line' id='line_1_97' title="bbox 1031 1969 1830 2003; baseline 0.001 -8"><span class='ocrx_word' id='word_1_747' title='bbox 1031 1969 1143 2003; x_wconf 86' lang='lat' dir='ltr'><strong>subjecti</strong></span> <span class='ocrx_word' id='word_1_748' title='bbox 1167 1972 1231 1996; x_wconf 82' lang='lat' dir='ltr'><strong>sunt</strong></span> <span class='ocrx_word' id='word_1_749' title='bbox 1250 1969 1337 2003; x_wconf 65' lang='lat' dir='ltr'><strong>angeli</strong></span> <span class='ocrx_word' id='word_1_750' title='bbox 1357 1969 1399 2002; x_wconf 86' lang='lat' dir='ltr'><strong>ei,</strong></span> <span class='ocrx_word' id='word_1_751' title='bbox 1421 1972 1568 2003; x_wconf 85' lang='lat' dir='ltr'><strong>potestates</strong></span> <span class='ocrx_word' id='word_1_752' title='bbox 1589 1973 1670 2003; x_wconf 80' lang='lat' dir='ltr'><strong>atque</strong></span> <span class='ocrx_word' id='word_1_753' title='bbox 1698 1969 1830 1996; x_wconf 89' lang='lat' dir='ltr'><strong>virtutes.</strong></span> 
     </span>
    </p>
   </div>
   <div class='ocr_carea' id='block_1_98' title="bbox 1031 2014 1833 2049">
    <p class='ocr_par' dir='ltr' id='par_1_98' title="bbox 1031 2014 1833 2049">
     <span class='ocr_line' id='line_1_98' title="bbox 1031 2014 1833 2049; baseline 0.001 -7"><span class='ocrx_word' id='word_1_754' title='bbox 1031 2014 1108 2042; x_wconf 82' lang='lat' dir='ltr'><strong>Sicut</strong></span> <span class='ocrx_word' id='word_1_755' title='bbox 1130 2016 1203 2043; x_wconf 93' lang='lat' dir='ltr'><strong>enim</strong></span> <span class='ocrx_word' id='word_1_756' title='bbox 1218 2015 1342 2042; x_wconf 89' lang='lat' dir='ltr'><strong>homines</strong></span> <span class='ocrx_word' id='word_1_757' title='bbox 1367 2015 1536 2042; x_wconf 83' lang='lat' dir='ltr'><strong>abstinentes</strong></span> <span class='ocrx_word' id='word_1_758' title='bbox 1547 2022 1562 2041; x_wconf 88' lang='lat' dir='ltr'><strong>a</strong></span> <span class='ocrx_word' id='word_1_759' title='bbox 1578 2015 1695 2049; x_wconf 82' lang='lat' dir='ltr'><strong>peccatis</strong></span> <span class='ocrx_word' id='word_1_760' title='bbox 1709 2015 1833 2049; x_wconf 82' lang='lat' dir='ltr'><strong>subjecti</strong></span> 
     </span>
    </p>
   </div>
   <div class='ocr_carea' id='block_1_99' title="bbox 1029 2061 1833 2097">
    <p class='ocr_par' dir='ltr' id='par_1_99' title="bbox 1029 2061 1833 2097">
     <span class='ocr_line' id='line_1_99' title="bbox 1029 2061 1833 2097; baseline -0.001 -7"><span class='ocrx_word' id='word_1_761' title='bbox 1029 2067 1103 2094; x_wconf 87' lang='lat' dir='ltr'><strong>sunt,</strong></span> <span class='ocrx_word' id='word_1_762' title='bbox 1131 2062 1167 2089; x_wconf 86' lang='lat' dir='ltr'><strong>ita</strong></span> <span class='ocrx_word' id='word_1_763' title='bbox 1192 2067 1220 2089; x_wconf 87' lang='lat' dir='ltr'><strong>et</strong></span> <span class='ocrx_word' id='word_1_764' title='bbox 1238 2062 1378 2097; x_wconf 88' lang='lat' dir='ltr'><strong>superiora</strong></span> <span class='ocrx_word' id='word_1_765' title='bbox 1411 2061 1550 2089; x_wconf 80' lang='lat' dir='ltr'><strong>rationalia</strong></span> <span class='ocrx_word' id='word_1_766' title='bbox 1587 2066 1708 2089; x_wconf 85' lang='lat' dir='ltr'><strong>correcta</strong></span> <span class='ocrx_word' id='word_1_767' title='bbox 1739 2070 1833 2097; x_wconf 84' lang='lat' dir='ltr'><strong>spon-</strong></span> 
     </span>
    </p>
   </div>
   <div class='ocr_carea' id='block_1_100' title="bbox 1031 2107 1834 2144">
    <p class='ocr_par' dir='ltr' id='par_1_100' title="bbox 1031 2107 1834 2144">
     <span class='ocr_line' id='line_1_100' title="bbox 1031 2107 1834 2144; baseline 0 -8"><span class='ocrx_word' id='word_1_768' title='bbox 1031 2108 1117 2136; x_wconf 87' lang='lat' dir='ltr'><strong>taneis</strong></span> <span class='ocrx_word' id='word_1_769' title='bbox 1147 2108 1250 2143; x_wconf 85' lang='lat' dir='ltr'><strong>culpis,</strong></span> <span class='ocrx_word' id='word_1_770' title='bbox 1283 2115 1352 2142; x_wconf 85' lang='lat' dir='ltr'><strong>quas</strong></span> <span class='ocrx_word' id='word_1_771' title='bbox 1375 2108 1432 2144; x_wconf 77' lang='lat'><strong>(18)</strong></span> <span class='ocrx_word' id='word_1_772' title='bbox 1459 2107 1573 2135; x_wconf 84' lang='lat' dir='ltr'><strong>forsitan</strong></span> <span class='ocrx_word' id='word_1_773' title='bbox 1608 2108 1782 2140; x_wconf 85' lang='lat' dir='ltr'><strong>habuerunt,</strong></span> <span class='ocrx_word' id='word_1_774' title='bbox 1805 2110 1834 2136; x_wconf 80' lang='lat' dir='ltr'><strong>ei</strong></span> 
     </span>
    </p>
   </div>
   <div class='ocr_carea' id='block_1_101' title="bbox 1030 2153 1835 2190">
    <p class='ocr_par' dir='ltr' id='par_1_101' title="bbox 1030 2153 1835 2190">
     <span class='ocr_line' id='line_1_101' title="bbox 1030 2153 1835 2190; baseline 0 -9"><span class='ocrx_word' id='word_1_775' title='bbox 1030 2153 1150 2188; x_wconf 85' lang='lat' dir='ltr'><strong>subjecta</strong></span> <span class='ocrx_word' id='word_1_776' title='bbox 1185 2158 1258 2187; x_wconf 91' lang='lat' dir='ltr'><strong>sunt,</strong></span> <span class='ocrx_word' id='word_1_777' title='bbox 1287 2153 1418 2188; x_wconf 90' lang='lat' dir='ltr'><strong>completa</strong></span> <span class='ocrx_word' id='word_1_778' title='bbox 1445 2153 1644 2188; x_wconf 85' lang='lat' dir='ltr'><strong>dispensatione</strong></span> <span class='ocrx_word' id='word_1_779' title='bbox 1662 2154 1756 2181; x_wconf 83' lang='lat' dir='ltr'><strong>habita</strong></span> <span class='ocrx_word' id='word_1_780' title='bbox 1779 2163 1835 2190; x_wconf 87' lang='lat' dir='ltr'><strong>pro</strong></span> 
     </span>
    </p>
   </div>
   <div class='ocr_carea' id='block_1_102' title="bbox 1030 2199 1837 2235">
    <p class='ocr_par' dir='ltr' id='par_1_102' title="bbox 1030 2199 1837 2235">
     <span class='ocr_line' id='line_1_102' title="bbox 1030 2199 1837 2235; baseline 0.001 -8"><span class='ocrx_word' id='word_1_781' title='bbox 1030 2200 1118 2227; x_wconf 87' lang='lat' dir='ltr'><strong>salute</strong></span> <span class='ocrx_word' id='word_1_782' title='bbox 1133 2204 1305 2227; x_wconf 86' lang='lat' dir='ltr'><strong>cunctorum.</strong></span> <span class='ocrx_word' id='word_1_783' title='bbox 1321 2199 1454 2227; x_wconf 88' lang='lat' dir='ltr'><strong>Possibile</strong></span> <span class='ocrx_word' id='word_1_784' title='bbox 1466 2203 1508 2226; x_wconf 89' lang='lat' dir='ltr'><strong>est</strong></span> <span class='ocrx_word' id='word_1_785' title='bbox 1531 2205 1633 2232; x_wconf 89' lang='lat' dir='ltr'><strong>autem,</strong></span> <span class='ocrx_word' id='word_1_786' title='bbox 1655 2199 1763 2235; x_wconf 81' lang='lat' dir='ltr'><strong>aliquos</strong></span> <span class='ocrx_word' id='word_1_787' title='bbox 1780 2202 1837 2228; x_wconf 79' lang='lat' dir='ltr'><strong>Itu-</strong></span> 
     </span>
    </p>
   </div>
   <div class='ocr_carea' id='block_1_103' title="bbox 1026 2244 1837 2280">
    <p class='ocr_par' dir='ltr' id='par_1_103' title="bbox 1026 2244 1837 2280">
     <span class='ocr_line' id='line_1_103' title="bbox 1026 2244 1837 2280; baseline 0.002 -8"><span class='ocrx_word' id='word_1_788' title='bbox 1026 2245 1176 2280; x_wconf 83' lang='lat' dir='ltr'><strong>juscemodi</strong></span> <span class='ocrx_word' id='word_1_789' title='bbox 1196 2245 1352 2280; x_wconf 83' lang='lat' dir='ltr'><strong>spontaneis</strong></span> <span class='ocrx_word' id='word_1_790' title='bbox 1369 2244 1503 2279; x_wconf 86' lang='lat' dir='ltr'><strong>passionis</strong></span> <span class='ocrx_word' id='word_1_791' title='bbox 1526 2245 1710 2273; x_wconf 84' lang='lat' dir='ltr'><strong>voluntatibus</strong></span> <span class='ocrx_word' id='word_1_792' title='bbox 1735 2246 1837 2274; x_wconf 80' lang='lat' dir='ltr'><strong>absti-</strong></span> 
     </span>
    </p>
   </div>
   <div class='ocr_carea' id='block_1_104' title="bbox 1029 2291 1839 2325">
    <p class='ocr_par' dir='ltr' id='par_1_104' title="bbox 1029 2291 1839 2325">
     <span class='ocr_line' id='line_1_104' title="bbox 1029 2291 1839 2325; baseline 0.001 -6"><span class='ocrx_word' id='word_1_793' title='bbox 1029 2295 1124 2320; x_wconf 86' lang='lat' dir='ltr'><strong>nentes</strong></span> <span class='ocrx_word' id='word_1_794' title='bbox 1138 2291 1237 2323; x_wconf 86' lang='lat' dir='ltr'><strong>dicere,</strong></span> <span class='ocrx_word' id='word_1_795' title='bbox 1251 2291 1314 2325; x_wconf 88' lang='lat' dir='ltr'><strong>quia</strong></span> <span class='ocrx_word' id='word_1_796' title='bbox 1341 2298 1394 2318; x_wconf 90' lang='lat' dir='ltr'><strong>non</strong></span> <span class='ocrx_word' id='word_1_797' title='bbox 1417 2292 1529 2319; x_wconf 89' lang='lat' dir='ltr'><strong>omnino</strong></span> <span class='ocrx_word' id='word_1_798' title='bbox 1552 2293 1665 2319; x_wconf 86' lang='lat' dir='ltr'><strong>mutatio</strong></span> <span class='ocrx_word' id='word_1_799' title='bbox 1689 2291 1766 2319; x_wconf 72' lang='lat' dir='ltr'><strong>facta</strong></span> <span class='ocrx_word' id='word_1_800' title='bbox 1795 2294 1839 2320; x_wconf 82' lang='lat' dir='ltr'><strong>si-</strong></span> 
     </span>
    </p>
   </div>
   <div class='ocr_carea' id='block_1_105' title="bbox 1029 2337 1773 2373">
    <p class='ocr_par' dir='ltr' id='par_1_105' title="bbox 1029 2337 1773 2373">
     <span class='ocr_line' id='line_1_105' title="bbox 1029 2337 1773 2373; baseline 0.001 -9"><span class='ocrx_word' id='word_1_801' title='bbox 1029 2338 1173 2373; x_wconf 77' lang='lat' dir='ltr'><strong>gnificatur</strong></span> <span class='ocrx_word' id='word_1_802' title='bbox 1194 2337 1362 2364; x_wconf 82' lang='lat' dir='ltr'><strong>subditorum</strong></span> <span class='ocrx_word' id='word_1_803' title='bbox 1378 2337 1535 2365; x_wconf 84' lang='lat' dir='ltr'><strong>animalium</strong></span> <span class='ocrx_word' id='word_1_804' title='bbox 1545 2346 1737 2373; x_wconf 84' lang='lat' dir='ltr'><strong>supernorum.</strong></span> <span class='ocrx_word' id='word_1_805' title='bbox 1761 2348 1773 2365; x_wconf 74' lang='grc' dir='ltr'><strong>ι</strong></span> 
     </span>
    </p>
   </div>
   <div class='ocr_carea' id='block_1_106' title="bbox 1064 2383 1840 2419">
    <p class='ocr_par' dir='ltr' id='par_1_106' title="bbox 1064 2383 1840 2419">
     <span class='ocr_line' id='line_1_106' title="bbox 1064 2383 1840 2419; baseline 0.001 -9"><span class='ocrx_word' id='word_1_806' title='bbox 1064 2383 1138 2410; x_wconf 87' lang='lat' dir='ltr'><strong>llanc</strong></span> <span class='ocrx_word' id='word_1_807' title='bbox 1155 2383 1260 2418; x_wconf 85' lang='lat' dir='ltr'><strong>Didymi</strong></span> <span class='ocrx_word' id='word_1_808' title='bbox 1278 2384 1486 2418; x_wconf 83' lang='lat' dir='ltr'><strong>disputationem</strong></span> <span class='ocrx_word' id='word_1_809' title='bbox 1502 2391 1517 2410; x_wconf 90' lang='lat' dir='ltr'><strong>a</strong></span> <span class='ocrx_word' id='word_1_810' title='bbox 1533 2385 1711 2412; x_wconf 85' lang='lat' dir='ltr'><strong>condemnata</strong></span> <span class='ocrx_word' id='word_1_811' title='bbox 1725 2383 1840 2419; x_wconf 78' lang='lat' dir='ltr'><strong>Orige-</strong></span> 
     </span>
    </p>
   </div>
   <div class='ocr_carea' id='block_1_107' title="bbox 1028 2430 1841 2466">
    <p class='ocr_par' dir='ltr' id='par_1_107' title="bbox 1028 2430 1841 2466">
     <span class='ocr_line' id='line_1_107' title="bbox 1028 2430 1841 2466; baseline -0.002 -7"><span class='ocrx_word' id='word_1_812' title='bbox 1028 2431 1072 2459; x_wconf 86' lang='lat' dir='ltr'><strong>nis</strong></span> <span class='ocrx_word' id='word_1_813' title='bbox 1087 2431 1120 2458; x_wconf 88' lang='lat' dir='ltr'><strong>de</strong></span> <span class='ocrx_word' id='word_1_814' title='bbox 1134 2430 1360 2457; x_wconf 71' lang='grc' dir='ltr'><strong>ἀποκαταστάσει</strong></span> <span class='ocrx_word' id='word_1_815' title='bbox 1385 2431 1494 2459; x_wconf 87' lang='grc' dir='ltr'>πάντων</span> <span class='ocrx_word' id='word_1_816' title='bbox 1511 2431 1634 2458; x_wconf 86' lang='lat' dir='ltr'><strong>doctrina</strong></span> <span class='ocrx_word' id='word_1_817' title='bbox 1657 2438 1743 2466; x_wconf 86' lang='lat' dir='ltr'><strong>quam</strong></span> <span class='ocrx_word' id='word_1_818' title='bbox 1764 2438 1841 2465; x_wconf 79' lang='lat' dir='ltr'><strong>pro-</strong></span> 
     </span>
    </p>
   </div>
   <div class='ocr_carea' id='block_1_108' title="bbox 1028 2477 1548 2513">
    <p class='ocr_par' dir='ltr' id='par_1_108' title="bbox 1028 2477 1548 2513">
     <span class='ocr_line' id='line_1_108' title="bbox 1028 2477 1548 2513; baseline -0.004 -8"><span class='ocrx_word' id='word_1_819' title='bbox 1028 2478 1100 2505; x_wconf 73' lang='lat' dir='ltr'><strong>xime</strong></span> <span class='ocrx_word' id='word_1_820' title='bbox 1115 2478 1220 2510; x_wconf 88' lang='lat' dir='ltr'><strong>abesse,</strong></span> <span class='ocrx_word' id='word_1_821' title='bbox 1235 2478 1295 2513; x_wconf 89' lang='lat' dir='ltr'><strong>quis</strong></span> <span class='ocrx_word' id='word_1_822' title='bbox 1305 2481 1347 2505; x_wconf 86' lang='lat' dir='ltr'><strong>est</strong></span> <span class='ocrx_word' id='word_1_823' title='bbox 1360 2477 1426 2512; x_wconf 93' lang='lat' dir='ltr'><strong>quin</strong></span> <span class='ocrx_word' id='word_1_824' title='bbox 1438 2477 1548 2504; x_wconf 81' lang='lat' dir='ltr'><strong>videat?</strong></span> 
     </span>
    </p>
   </div>
   <div class='ocr_carea' id='block_1_109' title="bbox 1064 2522 1842 2559">
    <p class='ocr_par' dir='ltr' id='par_1_109' title="bbox 1064 2522 1842 2559">
     <span class='ocr_line' id='line_1_109' title="bbox 1064 2522 1842 2559; baseline -0.003 -8"><span class='ocrx_word' id='word_1_825' title='bbox 1064 2523 1244 2559; x_wconf 86' lang='lat' dir='ltr'><strong>Dispiciamns</strong></span> <span class='ocrx_word' id='word_1_826' title='bbox 1271 2531 1342 2551; x_wconf 90' lang='lat' dir='ltr'><strong>nunc</strong></span> <span class='ocrx_word' id='word_1_827' title='bbox 1364 2524 1397 2550; x_wconf 90' lang='lat' dir='ltr'><strong>de</strong></span> <span class='ocrx_word' id='word_1_828' title='bbox 1421 2523 1481 2551; x_wconf 89' lang='lat' dir='ltr'><strong>loco</strong></span> <span class='ocrx_word' id='word_1_829' title='bbox 1502 2523 1548 2550; x_wconf 90' lang='lat' dir='ltr'><strong>illo</strong></span> <span class='ocrx_word' id='word_1_830' title='bbox 1573 2523 1599 2550; x_wconf 92' lang='lat' dir='ltr'><strong>in</strong></span> <span class='ocrx_word' id='word_1_831' title='bbox 1623 2523 1692 2550; x_wconf 89' lang='lat' dir='ltr'><strong>libro</strong></span> <span class='ocrx_word' id='word_1_832' title='bbox 1716 2522 1842 2559; x_wconf 82' lang='lat' dir='ltr'><strong>Didymi</strong></span> 
     </span>
    </p>
   </div>
   <div class='ocr_carea' id='block_1_110' title="bbox 1027 2569 1845 2604">
    <p class='ocr_par' dir='ltr' id='par_1_110' title="bbox 1027 2569 1845 2604">
     <span class='ocr_line' id='line_1_110' title="bbox 1027 2569 1845 2604; baseline -0.002 -7"><span class='ocrx_word' id='word_1_833' title='bbox 1027 2576 1117 2597; x_wconf 80' lang='lat' dir='ltr'><strong>contra</strong></span> <span class='ocrx_word' id='word_1_834' title='bbox 1131 2569 1302 2602; x_wconf 67' lang='lat' dir='ltr'><strong>Manis/trees,</strong></span> <span class='ocrx_word' id='word_1_835' title='bbox 1315 2577 1394 2604; x_wconf 91' lang='lat' dir='ltr'><strong>quem</strong></span> <span class='ocrx_word' id='word_1_836' title='bbox 1403 2569 1496 2597; x_wconf 87' lang='lat' dir='ltr'><strong>dicunt</strong></span> <span class='ocrx_word' id='word_1_837' title='bbox 1506 2570 1640 2597; x_wconf 64' lang='lat' dir='ltr'><strong>hareseos</strong></span> <span class='ocrx_word' id='word_1_838' title='bbox 1653 2569 1845 2604; x_wconf 72' lang='lat' dir='ltr'><strong>Origeniana:</strong></span> 
     </span>
    </p>
   </div>
   <div class='ocr_carea' id='block_1_111' title="bbox 1026 2616 1846 2651">
    <p class='ocr_par' dir='ltr' id='par_1_111' title="bbox 1026 2616 1846 2651">
     <span class='ocr_line' id='line_1_111' title="bbox 1026 2616 1846 2651; baseline 0.002 -9"><span class='ocrx_word' id='word_1_839' title='bbox 1026 2616 1133 2643; x_wconf 87' lang='lat' dir='ltr'><strong>crimini</strong></span> <span class='ocrx_word' id='word_1_840' title='bbox 1153 2616 1232 2651; x_wconf 80' lang='lat' dir='ltr'><strong>plane</strong></span> <span class='ocrx_word' id='word_1_841' title='bbox 1256 2616 1420 2644; x_wconf 86' lang='lat' dir='ltr'><strong>contrarium</strong></span> <span class='ocrx_word' id='word_1_842' title='bbox 1437 2623 1508 2644; x_wconf 81' lang='lat' dir='ltr'><strong>esse.</strong></span> <span class='ocrx_word' id='word_1_843' title='bbox 1525 2616 1623 2644; x_wconf 80' lang='lat' dir='ltr'><strong>Exstat</strong></span> <span class='ocrx_word' id='word_1_844' title='bbox 1644 2621 1735 2643; x_wconf 87' lang='lat' dir='ltr'><strong>autem</strong></span> <span class='ocrx_word' id='word_1_845' title='bbox 1754 2616 1846 2644; x_wconf 78' lang='lat' dir='ltr'><strong>locus</strong></span> 
     </span>
    </p>
   </div>
   <div class='ocr_carea' id='block_1_112' title="bbox 1025 2660 1845 2698">
    <p class='ocr_par' dir='ltr' id='par_1_112' title="bbox 1025 2660 1845 2698">
     <span class='ocr_line' id='line_1_112' title="bbox 1025 2660 1845 2698; baseline 0 -10"><span class='ocrx_word' id='word_1_846' title='bbox 1025 2661 1053 2688; x_wconf 90' lang='lat' dir='ltr'><strong>in</strong></span> <span class='ocrx_word' id='word_1_847' title='bbox 1066 2661 1230 2695; x_wconf 81' lang='lat' dir='ltr'><strong>Busnagiana</strong></span> <span class='ocrx_word' id='word_1_848' title='bbox 1241 2660 1379 2688; x_wconf 89' lang='lat' dir='ltr'><strong>illiuslibri</strong></span> <span class='ocrx_word' id='word_1_849' title='bbox 1391 2661 1520 2694; x_wconf 89' lang='lat' dir='ltr'><strong>editione,</strong></span> <span class='ocrx_word' id='word_1_850' title='bbox 1531 2669 1556 2696; x_wconf 92' lang='lat' dir='ltr'><strong>p.</strong></span> <span class='ocrx_word' id='word_1_851' title='bbox 1567 2661 1621 2688; x_wconf 79' lang='lat' dir='ltr'><strong>‘2l3</strong></span> <span class='ocrx_word' id='word_1_852' title='bbox 1632 2661 1703 2698; x_wconf 67' lang='lat' dir='ltr'><strong>(enp.</strong></span> <span class='ocrx_word' id='word_1_853' title='bbox 1714 2661 1783 2696; x_wconf 72' lang='lat' dir='ltr'><strong>l3).</strong></span> <span class='ocrx_word' id='word_1_854' title='bbox 1800 2661 1845 2688; x_wconf 77' lang='lat' dir='ltr'><strong>lbi</strong></span> 
     </span>
    </p>
   </div>
   <div class='ocr_carea' id='block_1_113' title="bbox 1034 2707 1846 2743">
    <p class='ocr_par' dir='ltr' id='par_1_113' title="bbox 1034 2707 1846 2743">
     <span class='ocr_line' id='line_1_113' title="bbox 1034 2707 1846 2743; baseline 0.001 -10"><span class='ocrx_word' id='word_1_855' title='bbox 1034 2707 1165 2742; x_wconf 79' lang='lat' dir='ltr'><strong>Didymus</strong></span> <span class='ocrx_word' id='word_1_856' title='bbox 1185 2712 1279 2734; x_wconf 88' lang='lat' dir='ltr'><strong>contra</strong></span> <span class='ocrx_word' id='word_1_857' title='bbox 1296 2714 1343 2734; x_wconf 90' lang='lat' dir='ltr'><strong>eos</strong></span> <span class='ocrx_word' id='word_1_858' title='bbox 1360 2707 1493 2742; x_wconf 89' lang='lat' dir='ltr'><strong>imprimis</strong></span> <span class='ocrx_word' id='word_1_859' title='bbox 1509 2708 1635 2743; x_wconf 85' lang='lat' dir='ltr'><strong>disputat,</strong></span> <span class='ocrx_word' id='word_1_860' title='bbox 1665 2709 1710 2743; x_wconf 90' lang='lat' dir='ltr'><strong>qui</strong></span> <span class='ocrx_word' id='word_1_861' title='bbox 1742 2709 1846 2735; x_wconf 75' lang='lat' dir='ltr'><strong>Deum</strong></span> 
     </span>
    </p>
   </div>
   <div class='ocr_carea' id='block_1_114' title="bbox 1029 2752 1846 2788">
    <p class='ocr_par' dir='ltr' id='par_1_114' title="bbox 1029 2752 1846 2788">
     <span class='ocr_line' id='line_1_114' title="bbox 1029 2752 1846 2788; baseline 0.002 -9"><span class='ocrx_word' id='word_1_862' title='bbox 1029 2757 1167 2781; x_wconf 84' lang='lat' dir='ltr'><strong>auctorem</strong></span> <span class='ocrx_word' id='word_1_863' title='bbox 1183 2752 1285 2780; x_wconf 85' lang='lat' dir='ltr'><strong>faciunt</strong></span> <span class='ocrx_word' id='word_1_864' title='bbox 1308 2754 1422 2788; x_wconf 80' lang='lat' dir='ltr'><strong>peccati.</strong></span> <span class='ocrx_word' id='word_1_865' title='bbox 1442 2753 1503 2782; x_wconf 78' lang='lat' dir='ltr'><strong>llzec</strong></span> <span class='ocrx_word' id='word_1_866' title='bbox 1522 2761 1549 2782; x_wconf 88' lang='lat' dir='ltr'><strong>ut</strong></span> <span class='ocrx_word' id='word_1_867' title='bbox 1572 2754 1666 2787; x_wconf 84' lang='lat' dir='ltr'><strong>diluat,</strong></span> <span class='ocrx_word' id='word_1_868' title='bbox 1684 2755 1763 2782; x_wconf 80' lang='lat' dir='ltr'><strong>inter</strong></span> <span class='ocrx_word' id='word_1_869' title='bbox 1782 2755 1846 2782; x_wconf 83' lang='lat' dir='ltr'><strong>alia</strong></span> 
     </span>
    </p>
   </div>
   <div class='ocr_carea' id='block_1_115' title="bbox 1063 2853 1846 2892">
    <p class='ocr_par' dir='ltr' id='par_1_115' title="bbox 1063 2853 1846 2892">
     <span class='ocr_line' id='line_1_115' title="bbox 1063 2853 1846 2892; baseline 0.009 -13"><span class='ocrx_word' id='word_1_870' title='bbox 1063 2853 1120 2892; x_wconf 65' lang='grc' dir='ltr'>(ιβ)</span> <span class='ocrx_word' id='word_1_871' title='bbox 1138 2853 1173 2879; x_wconf 85' lang='lat' dir='ltr'><strong>Ita</strong></span> <span class='ocrx_word' id='word_1_872' title='bbox 1192 2853 1335 2888; x_wconf 71' lang='lat' dir='ltr'><strong>legendum</strong></span> <span class='ocrx_word' id='word_1_873' title='bbox 1352 2860 1415 2889; x_wconf 87' lang='lat' dir='ltr'><strong>puto</strong></span> <span class='ocrx_word' id='word_1_874' title='bbox 1430 2863 1479 2892; x_wconf 89' lang='lat' dir='ltr'><strong>pro</strong></span> <span class='ocrx_word' id='word_1_875' title='bbox 1494 2864 1562 2891; x_wconf 74' lang='lat' dir='ltr'><strong>qtta&#39;,</strong></span> <span class='ocrx_word' id='word_1_876' title='bbox 1579 2856 1653 2891; x_wconf 89' lang='lat' dir='ltr'><strong>quod</strong></span> <span class='ocrx_word' id='word_1_877' title='bbox 1671 2857 1696 2885; x_wconf 90' lang='lat' dir='ltr'><strong>iu</strong></span> <span class='ocrx_word' id='word_1_878' title='bbox 1715 2857 1846 2886; x_wconf 72' lang='lat' dir='ltr'><strong>Biblio-</strong></span> 
     </span>
    </p>
   </div>
   <div class='ocr_carea' id='block_1_116' title="bbox 1032 2889 1353 2923">
    <p class='ocr_par' dir='ltr' id='par_1_116' title="bbox 1032 2889 1353 2923">
     <span class='ocr_line' id='line_1_116' title="bbox 1032 2889 1353 2923; baseline 0 -7"><span class='ocrx_word' id='word_1_879' title='bbox 1032 2889 1113 2916; x_wconf 73' lang='lat' dir='ltr'><strong>thecis</strong></span> <span class='ocrx_word' id='word_1_880' title='bbox 1127 2896 1285 2923; x_wconf 78' lang='lat' dir='ltr'><strong>expressum</strong></span> <span class='ocrx_word' id='word_1_881' title='bbox 1302 2893 1353 2917; x_wconf 90' lang='lat' dir='ltr'><strong>cst.</strong></span> 
     </span>
    </p>
   </div>
  </div>
