1913 3071
113 173 169 202 Hii

525 175 605 204 CHR.
626 175 718 204 FRID.
739 175 854 206 LUCKli
874 177 1128 209 COMMENTATIO
1147 181 1298 212 CRITICA.

1672 187 1742 215 ΠΩ

113 233 156 260 hoc
172 232 259 260 utitur
279 237 439 268 argumento
454 234 488 261 ad
509 234 646 270 vulgarem
663 240 770 270 captum
791 244 900 265 accom-
913 243 937 270 Α
951 240 1000 267 stri
1013 242 1103 275 operis
1117 241 1283 278 Didymianze
1296 243 1454 271 defensores
1464 243 1574 278 olTendi,
1589 245 1643 272 imo
1653 248 1744 275 vexari

114 278 291 307 modatissimo
305 288 312 305 :
328 279 426 312 Deum,
447 281 552 309 scilicet
574 281 754 317 legislaturem
774 291 806 310 ac
825 284 898 319 judi-

111 331 178 357 oem,
215 324 345 359 quoniam
379 333 412 353 ex
442 327 604 355 auctoritate
633 327 782 363 Scripturae
813 337 898 358 sacrae

110 369 210 406 (Matth.
237 379 301 400 xxv.
329 372 388 407 41),
419 380 480 401 cum
511 373 625 408 iniustos
651 375 813 409 puniendos,
841 382 898 404 tum

110 418 220 445 maxime
241 418 370 446 Satanam
387 419 520 454 supplicio
538 420 602 447 olim
624 421 785 449 tradendum
803 422 898 450 decre-

110 463 184 496 verit.
207 471 242 491 ne
265 464 380 499 cogitari
397 465 505 500 quidem
527 473 608 501 posse
623 471 764 494 auctorem
780 469 896 502 peccati.

109 508 134 537 ln
149 517 202 545 quo
218 515 379 546 argumento
395 512 549 540 accuratius
560 513 731 548 explanando
749 513 898 550 Scriptura:

98 555 191 589 iocum
208 556 286 583 modo
304 556 414 584 allatum
430 565 438 584 :
462 557 597 592 Ὑπάγετε
612 559 653 590 εἰς
666 559 696 585 τὸ
713 559 768 595 πῦρ
782 559 813 586 τὸ
832 560 899 586 αἰώ-

108 609 167 632 νιον.
183 601 213 627 τὸ
227 602 429 637 ἡτοιμασμένον
442 602 482 638 τῷ
496 603 612 639 διαϐόλῳ
626 605 675 631 καὶ
690 606 747 637 τοῖς
770 606 898 640 ἀγγέλοις

107 647 196 681 αὐτοῦ,
215 648 251 677 ita
280 648 408 684 explicat,
428 654 468 683 ut,
490 657 551 677 cum
573 651 643 678 Deus
668 651 703 678 ibi
717 651 823 678 dicatur
839 652 898 679 dia-

107 693 163 721 bolo
177 695 266 729 ignem
279 703 455 729 prtepartuu,
474 696 610 724 diabolutu
624 697 658 724 ab
675 701 777 725 aeterno
794 705 828 725 ac
848 706 899 725 na-

108 744 164 766 tura
186 740 257 776 (κατ’
274 741 380 776 οὐσίαν)
398 742 499 770 malum
523 746 605 777 atque
621 751 636 770 a
661 744 731 771 bono
751 744 807 772 Deo
830 745 898 773 alie-

107 793 167 815 num
183 793 245 814 esse
265 786 409 821 praefracte
424 793 513 823 neget.
531 788 566 816 Ut
580 796 645 816 vero
668 789 703 816 ab
727 790 898 818 adversario-

107 840 161 860 rum
176 832 402 863 cavillationibus.
413 835 591 869 quaerentium
608 844 656 863 cur
669 836 739 864 Deus
754 837 892 865 diabolum

106 886 155 906 non
176 879 268 906 statim
286 884 346 913 post
371 879 488 914 lapsum,
511 882 558 908 sed
578 887 638 916 post
659 882 770 909 multam
784 883 894 910 demunt

106 932 201 953 noxam
226 926 396 961 multamque
415 927 555 955 hominum
585 928 689 956 cladem
715 929 770 964 igni
797 930 898 964 sempi-

106 975 180 1000 terno
205 973 315 1001 tradere
338 973 500 1006 decreverit,
519 974 615 1002 locum
642 975 728 1009 ipsum
756 976 895 1008 defendat,

105 1018 281 1046 ratiocinator
310 1018 367 1047 fere
397 1020 433 1047 ita
462 1028 469 1047 :
497 1020 530 1047 El
544 1021 649 1054 ταῦτα,
679 1022 784 1057 inquit,
807 1022 897 1055 οὓτως

105 1065 247 1099 φρονητέα,
262 1065 279 1100 ἢ
291 1065 403 1100 ἄγνοιαν
417 1066 588 1102 προσάψωσι
610 1067 649 1103 τῷ
664 1067 724 1104 θεῷ
738 1068 834 1105 [tota],
850 1069 896 1096 τοῦ

105 1110 161 1143 πῶς
176 1112 368 1147 τιμωρήσηται
379 1112 426 1139 καὶ
443 1112 596 1149 summa
609 1113 640 1139 τὸ
656 1114 751 1147 κακὸν,
768 1114 785 1150 ἢ
801 1115 899 1141 ἀδυνα-

105 1156 179 1191 μίαν.
204 1156 273 1183 Ἀλλ’
286 1156 427 1192 οὐδέτερον
442 1157 546 1184 ratich
561 1159 625 1194 περὶ
639 1159 684 1185 τὸν
699 1160 802 1194 ἀγαθὸν
815 1160 895 1188 Θεόν.

103 1201 159 1228 οὐκ
183 1202 237 1238 ἄρα
259 1202 400 1238 ἀγενήτως
427 1203 524 1239 ἐχθρὸς
546 1203 580 1230 ἂν
605 1204 672 1231 Θεοῦ
698 1206 817 1242 ἐπανέϐη
838 1209 897 1233 κατ’

102 1247 195 1280 αὑτοῦ,
213 1247 282 1275 ἀλλὰ
295 1249 441 1284 γενόμενος
459 1250 506 1276 ἐπὶ
523 1249 562 1285 τῷ
576 1248 647 1277 εἶναι
659 1251 772 1285 ἀγαθὸς,
786 1253 836 1289 τὴν
849 1253 897 1288 μὲν

100 1293 216 1328 δύναμιν
227 1293 276 1329 τῆς
291 1294 392 1329 ἀρετῆς
405 1294 487 1330 ἀτελῆ
503 1295 647 1329 ἐφύλαξεν,
666 1297 716 1332 τὴν
735 1297 762 1323 δὲ
779 1298 829 1333 τῆς
848 1307 898 1324 κα-

101 1339 162 1371 κίας
179 1340 386 1376 ἐπιτηδειότητα
401 1341 442 1372 εἰς
467 1342 606 1377 ἐνέργειαν
625 1343 740 1378 ἤγαγεν,
763 1344 797 1370 δι’
818 1344 832 1371 ὅ
849 1345 898 1372 καὶ

101 1386 247 1419 κολαστὲος
262 1386 310 1413 καὶ
325 1387 439 1419 εἰκότως
453 1388 522 1423 μετὰ
532 1388 599 1415 πολὺ
610 1390 731 1426 τιμωρίᾳ
745 1390 895 1427 ὕπεϐλήθη.

136 1432 165 1459 in
185 1434 237 1460 hac
252 1438 308 1460 tota
329 1435 567 1469 argumentatione
595 1435 662 1462 nihil
682 1437 793 1464 omnino
814 1437 896 1469 inest,

101 1478 173 1513 quod
190 1479 223 1506 ad
238 1479 399 1506 sententiam
412 1478 518 1514 Didymi
537 1481 570 1506 de
587 1480 665 1507 malis
675 1482 778 1515 angelis
793 1489 898 1509 eorum-

101 1531 153 1558 que
167 1524 255 1551 salute
270 1524 313 1551 vel
335 1525 468 1559 speranda
490 1525 553 1552 olim
570 1525 611 1552 vel
632 1526 802 1560 desperanda
816 1535 898 1555 accu-

101 1570 187 1597 ratius
213 1569 393 1597 deliniendam
416 1570 518 1605 aiiquid
544 1571 634 1600 faciat.
654 1571 710 1599 loto
734 1573 766 1600 de
789 1573 895 1601 diabolo

101 1616 214 1652 ejusque
234 1616 367 1652 supplicio
395 1618 463 1644 nihil
482 1618 517 1645 ibi
537 1619 652 1646 docetur
681 1619 730 1652 ita,
758 1625 786 1647 ιιι
813 1622 896 1650 certis

101 1662 166 1689 inde
189 1662 277 1697 possis
303 1663 434 1697 colligere
457 1663 618 1697 rationibus,
641 1665 784 1701 Didytnum
798 1667 896 1702 Orige-

100 1707 212 1734 nianam
226 1707 351 1735 haeresim
365 1709 398 1735 de
416 1709 503 1736 salute
519 1709 619 1737 diaboli
637 1711 708 1738 nulla
722 1712 787 1740 olim
803 1714 897 1748 despc-

100 1754 186 1781 rauda
213 1755 359 1789 respuisse.
382 1755 410 1782 ltt
431 1764 482 1791 qna
504 1764 532 1784 re
548 1757 574 1784 id
600 1757 734 1793 imprimis
754 1760 896 1788 attenden.

99 1800 166 1827 dum
185 1804 237 1833 est,
261 1802 333 1836 quod
355 1802 545 1837 disputationis
559 1811 615 1830 suae
632 1812 685 1832 non
712 1813 767 1832 uno
788 1806 814 1833 in
836 1806 896 1834 loco

100 1848 232 1883 Didymus
258 1848 293 1875 de
310 1848 382 1883 igne,
409 1849 466 1876 sive
483 1849 616 1884 supplicio
629 1848 730 1877 diaboli
738 1849 897 1886 simpliciter

100 1893 232 1927 loquitur,
249 1893 284 1920 ita
312 1899 352 1926 ιιι,
379 1901 440 1928 qua:
465 1894 491 1920 in
519 1902 596 1921 sacra
624 1895 764 1929 Scriptura
791 1897 896 1930 adjeCta

99 1944 147 1966 est
161 1946 254 1966 vocent
269 1938 377 1970 αἰώνιος
393 1939 473 1974 plane
487 1940 612 1973 omittat;
629 1940 654 1966 id
670 1942 741 1974 quod
762 1934 832 1968 haud
857 1943 897 1968 te-

100 1991 179 2012 mere
211 1984 309 2011 fecisse
340 1985 475 2019 putandus
503 1990 545 2012 est
567 1985 612 2012 ille
630 1984 756 2020 Origcnis
779 1990 899 2013 sectator

99 2024 269 2065 caeteroquin
291 2030 443 2065 religiosus.
459 2030 507 2058 Cui
521 2031 614 2062 addas,
633 2030 660 2057 in
683 2030 761 2058 libris
778 2030 817 2058 De
838 2031 898 2058 Tri-

99 2078 187 2103 nitate
204 2077 347 2111 Didymum
363 2077 474 2104 verbum
487 2075 596 2108 αἰώνιος
609 2078 643 2104 ita
654 2077 803 2111 saepissime
819 2085 900 2106 usur-

99 2129 182 2156 pare,
199 2126 229 2148 ut
255 2121 321 2149 nihil
342 2121 409 2149 insit
434 2127 534 2157 prater
561 2123 698 2150 notionem
727 2123 811 2150 divini
829 2124 897 2160 (i9).

99 2167 246 2196 Falluntur
269 2175 346 2204 ergo,
374 2168 396 2196 si
423 2169 488 2203 quid
507 2168 595 2200 video,
621 2169 739 2204 egregie,
757 2170 802 2204 qui
827 2170 898 2198 ttunc

99 2213 296 2249 disputationis
312 2219 405 2241 contra
422 2214 584 2242 Manicheum
606 2214 694 2242 locum
711 2216 747 2243 de
765 2215 897 2250 supplicio

98 2260 204 2287 diaboli
227 2267 288 2289 eum
314 2261 458 2287 manifesta
485 2261 529 2287 illa
553 2259 659 2295 Didymi
679 2262 818 2288 Inereseos
833 2261 897 2289 Ori-

99 2307 227 2341 geniana:
246 2306 417 2334 confessione
435 2315 555 2342 pugnare
570 2311 721 2334 autumant.

137 2353 228 2387 Atque
245 2353 302 2380 haec
316 2353 350 2380 de
363 2352 513 2387 dogmatica
531 2357 630 2380 nostrae
645 2351 833 2379 Enarrationis
851 2360 896 2380 ra-

99 2399 179 2427 tione
197 2407 212 2426 a
225 2399 339 2435 Didymo
353 2407 405 2426 tton
420 2399 507 2426 aliena
521 2399 587 2437 satis
600 2405 744 2432 superque.

141 2444 172 2471 V.
202 2445 411 2479 Progrediamur
433 2453 504 2472 nunc
529 2445 562 2472 ad
588 2444 782 2479 explorandam
812 2445 897 2472 nostri

97 2488 195 2524 operis
223 2489 355 2516 rationem
373 2489 508 2520 criticum.
522 2495 581 2516 eam
609 2488 713 2516 scilicet
728 2497 788 2523 qua:
805 2490 837 2516 ad
855 2497 898 2516 ca-

97 2542 203 2561 ttottem
224 2532 373 2569 Scriptum
384 2543 469 2562 sacra:
480 2540 544 2562 tunc
558 2535 688 2569 temporis
700 2535 763 2562 hinc
775 2535 837 2562 inde
851 2543 897 2561 ra-

96 2580 174 2608 rium
191 2584 306 2614 spectat.
325 2581 354 2608 In
369 2589 421 2616 qua
435 2588 463 2608 re
479 2589 561 2608 unum
582 2586 637 2614 est,
652 2581 677 2608 in
695 2589 748 2615 quo
769 2580 829 2608 tidci
849 2589 896 2608 no-

137 2702 197 2737 (i9)
218 2701 350 2729 Similiter
370 2701 510 2735 Origenes,
529 2701 631 2736 Didymi
650 2701 676 2727 in
702 2701 751 2728 hac
771 2701 894 2728 doctrina

97 2736 210 2770 auctor,
235 2737 313 2764 aliam
334 2737 500 2771 popularem.
523 2737 602 2763 aliattt
626 2736 840 2770 pltilosoplticam
863 2738 896 2764 de

95 2773 215 2800 a-teruis
241 2772 329 2806 paruis
348 2772 499 2798 doetrinatn
521 2779 581 2798 esse
601 2772 706 2798 statuit.
722 2771 894 2805 Philosophi-

94 2816 164 2836 cant
179 2815 212 2835 ac
229 2815 305 2835 suam
318 2807 396 2841 plane
409 2807 452 2833 ubi
467 2808 607 2841 proﬁtetur
625 2807 675 2833 hac
687 2807 721 2834 dc
742 2814 769 2834 re
783 2812 893 2834 senten-

97 2844 194 2875 tiam,
230 2848 345 2869 a-ternas
378 2842 510 2870 malorum
540 2848 635 2876 ptenas
664 2849 717 2868 non
754 2848 787 2869 eo
814 2849 894 2869 sensu

95 2883 221 2905 arternas
237 2879 312 2910 dicit,
330 2883 358 2904 ιιι
376 2878 437 2905 linis
456 2885 548 2905 earnm
569 2879 648 2912 plane
668 2877 758 2904 nullus
783 2877 829 2908 sit,
848 2879 896 2903 sed

95 2913 208 2949 potius.
238 2915 377 2950 graviores
401 2921 432 2942 ac
463 2914 622 2947 diuturnas,
642 2913 741 2948 quibus
765 2913 894 2949 paulatim

909 1592 933 1622 C

949 292 1065 320 possunt
1085 288 1204 322 egregie.
1223 287 1311 316 Locus
1328 294 1418 317 exstat
1431 290 1457 317 in
1479 290 1533 317 line
1556 293 1745 320 commentarii

949 332 984 358 ad
1006 333 1177 366 posteriorem
1201 332 1275 361 Petri
1294 333 1461 369 Epiuotam,
1490 336 1535 364 ubi
1563 337 1597 364 de
1624 337 1744 372 ejusdem

948 376 1077 412 Epistolas
1096 379 1238 407 authentia
1256 381 1313 408 Inec
1329 381 1455 416 leguntur
1469 382 1661 411 molestissima
1682 392 1745 412 vcr-

948 422 981 449 ba
997 429 1006 449 :
1023 431 1032 448 ι
1051 422 1109 450 Non
1131 428 1174 451 est
1188 424 1270 459 igitur
1294 425 1482 460 ignorandum,
1504 432 1664 462 prasentem
1682 428 1745 464 Epi—

949 469 1045 496 stolam
1070 476 1130 497 esse
1158 470 1293 503 falsatam,
1309 479 1370 506 qua:
1385 471 1450 500 licet
1467 472 1631 507 publiceutr,
1652 479 1741 502 tamen

949 514 976 542 in
991 515 1101 543 Canone
1112 523 1164 543 non
1179 521 1231 544 est.
1251 526 1261 543 ι

983 560 1022 588 Ac
1039 561 1128 596 primo
1151 562 1260 596 quidem
1284 562 1362 591 facile
1383 563 1552 599 intelligitur,
1576 566 1743 594 obscurioris

950 614 1061 633 sensum
1077 606 1128 634 loci
1147 607 1203 635 fere
1226 609 1297 635 hunc
1317 616 1378 636 esse
1391 618 1399 636 :
1414 609 1533 643 Epistula
1559 610 1630 638 Petri
1659 611 1745 639 altera

948 650 1044 678 falsata
1061 655 1112 685 est,
1135 652 1285 687 νοθεύεται,
1313 653 1339 680 id
1364 658 1406 681 est
1427 654 1499 682 Petri
1526 663 1588 683 esse
1615 662 1739 691 negatur,

947 697 1108 731 eademque,
1123 698 1248 732 quamvis
1262 699 1288 725 in
1304 699 1431 726 Ecclesiis
1447 700 1597 734 publicctur
1610 701 1650 736 (ὲν
1668 702 1745 729 πλεί-

949 751 1026 775 σταις
1039 743 1273 781 δεδημοσιευμένη
1299 745 1498 782 Ἐκκλησίαις),
1512 752 1600 776 tatnen
1610 756 1626 776 a
1637 749 1745 776 Conone

947 789 1035 816 aliena
1068 795 1111 818 est
1140 791 1202 825 (οὐκ
1230 791 1411 827 ἐνδιάθηκος).
1438 793 1528 828 Atque
1555 794 1626 822 inter
1649 803 1745 823 otuncs

948 840 1066 869 constat,
1079 837 1160 864 istam
1171 836 1244 864 Petri
1257 837 1404 872 Epistulam
1418 839 1452 866 ab
1464 839 1583 875 Origene
1596 846 1677 876 atque
1689 841 1744 868 Eu-

950 882 1024 909 sebio
1041 882 1113 910 inter
1126 883 1232 915 dubias,
1251 884 1309 911 sive
1322 884 1547 920 ἀντιλεγόμενας,
1562 893 1743 920 muneratam,

918 921 938 948 Β
952 928 1050 955 deinde
1064 935 1129 956 vero
1141 929 1203 956 inde
1219 937 1233 956 a
1250 929 1350 957 saeculo
1364 930 1421 958 lere
1437 938 1463 957 tv
1491 931 1516 958 in
1541 931 1678 959 (latronem
1694 932 1745 959 Ec-

948 974 1041 1001 clesiaa
1054 975 1192 1010 vulgarent
1217 979 1355 1010 receptam
1378 983 1451 1010 esse,
1469 976 1505 1003 ita
1521 982 1611 1004 tamen
1628 982 1666 1010 ut,
1683 977 1745 1004 Ilie-

950 1028 1064 1055 ronymo
1088 1024 1169 1055 teste,
1197 1022 1258 1056 ipso
1279 1023 1330 1049 hoc
1358 1023 1457 1050 etscqu
1480 1028 1571 1050 essent
1597 1024 1672 1050 nutlti
1699 1024 1745 1059 qui

949 1073 1008 1092 eam
1025 1065 1098 1093 Petri
1112 1074 1175 1094 esse
1185 1073 1311 1102 negarunt
1326 1068 1394 1103 (20}.
1411 1068 1500 1104 Ipsum
1519 1077 1583 1097 vero
1601 1069 1744 1106 Didymum

950 1112 977 1138 itt
992 1112 1169 1140 Euarratione
1184 1114 1218 1140 ab
1234 1121 1328 1140 eorum
1353 1115 1475 1149 partibus
1493 1116 1613 1148 stetiSSc,
1631 1117 1676 1151 qui
1693 1116 1743 1143 l‘c-

951 1161 992 1183 tro
1016 1157 1138 1191 apostolo
1153 1158 1301 1193 Epistolam
1327 1160 1399 1187 illam
1423 1159 1626 1195 abjudicarent,
1653 1168 1745 1197 posset

948 1203 1060 1230 onntino
1091 1205 1289 1237 demonstrari,
1326 1210 1424 1240 praeter
1447 1207 1519 1233 illam
1552 1210 1742 1236 commentarii

949 1249 1110 1282 clausulam,
1131 1251 1263 1285 imprimis
1277 1259 1310 1279 eo
1325 1253 1397 1286 quod
1415 1253 1485 1280 inter
1501 1255 1740 1281 commentandum

949 1299 1090 1322 auctorem
1108 1295 1234 1331 Epistolis
1246 1304 1387 1332 nunqnant
1403 1297 1513 1325 Petrum
1530 1299 1681 1333 apostolum
1696 1306 1746 1327 no-

949 1341 1046 1373 minat,
1060 1342 1106 1368 sed
1124 1350 1134 1366 ι
1149 1343 1362 1376 eonscriptorem
1379 1343 1503 1378 Epistolas
1518 1354 1528 1369 ι
1547 1345 1624 1379 quasi
1642 1345 1743 1373 nemini

949 1390 1043 1412 notmu
1060 1392 1141 1420 alque
1156 1386 1266 1413 dubium
1294 1388 1346 1414 nisi
1372 1393 1445 1414 recte
1465 1388 1522 1423 jam
1542 1397 1557 1415 a
1576 1390 1744 1425 blingarcllio

948 1431 1122 1458 observatum
1151 1436 1245 1463 esset,
1277 1432 1420 1468 Didymum
1449 1433 1492 1461 vel
1511 1434 1538 1460 itt
1567 1434 1745 1462 Enarratione

948 1476 1048 1510 prioris
1066 1475 1203 1516 Epistola‘,
1220 1484 1301 1510 quant
1321 1481 1410 1503 tamen
1433 1476 1507 1505 Petri
1523 1486 1583 1505 esse
1603 1486 1636 1505 ne
1650 1483 1745 1513 potue-

950 1522 986 1548 rit
999 1521 1106 1556 quidem
1122 1529 1230 1557 ncgare,
1247 1522 1371 1550 eamdem
1386 1522 1528 1550 formulam
1543 1531 1684 1559 usurpare,
1699 1532 1744 1552 ex.

948 1576 974 1594 c.
989 1568 1043 1594 eol.
1061 1567 1146 1595 1595.
1162 1568 1190 1595 In
1204 1569 1246 1596 his
1264 1569 1396 1596 hactenus
1413 1569 1479 1596 nihil
1499 1568 1670 1597 oll‘endirnur.
1689 1569 1744 1597 Dif-

949 1614 1048 1641 tlciiins
1064 1621 1128 1641 vero
1145 1615 1230 1641 multo
1255 1619 1296 1642 est
1321 1615 1354 1641 ad
1380 1614 1585 1650 intelligendum
1608 1617 1745 1650 quomodo

948 1660 1031 1687 verba
1045 1660 1109 1692 ista,
1126 1660 1225 1694 quibus
1244 1661 1456 1688 commentarius
1480 1661 1513 1687 ad
1535 1661 1647 1688 alteram
1671 1661 1743 1689 Petri

948 1706 1098 1740 Epistulam
1118 1707 1220 1739 linitur,
1248 1714 1309 1733 cnut
1335 1707 1559 1735 antecedentibus
1592 1715 1673 1735 sensu
1702 1716 1746 1735 co-

949 1752 1084 1785 hazreant,
1100 1759 1148 1786 per
1165 1751 1288 1779 voculam
1302 1752 1385 1786 igitur
1403 1752 1560 1786 conjuncta.
1582 1753 1681 1781 Locum
1695 1761 1744 1781 ex-

948 1798 1101 1825 scribantus
1121 1802 1218 1832 totum,
1238 1805 1292 1831 quo
1310 1798 1406 1825 melius
1419 1798 1452 1824 de
1470 1805 1504 1825 eo
1519 1799 1624 1833 possint
1640 1799 1744 1834 ipsiju-

949 1844 1042 1870 dicare
1054 1844 1179 1871 lectores.
1199 1853 1208 1868 ι
1229 1843 1318 1871 Multis
1331 1843 1430 1871 mirum
1452 1849 1504 1876 cst,
1520 1849 1547 1871 et
1562 1852 1595 1871 ex
1609 1844 1668 1871 istis
1682 1853 1745 1872 vcr-

950 1890 991 1917 bis
1007 1889 1048 1924 (Il
1070 1889 1144 1917 Petr.
1166 1897 1208 1918 ιιι.
1223 1889 1282 1924 5-7)
1297 1890 1446 1924 significari
1468 1890 1621 1917 mundanas
1639 1892 1747 1918 TCVttiti-

950 1937 1039 1963 tiones
1053 1941 1135 1970 atque
1158 1936 1332 1963 mutationes.
1355 1935 1401 1963 Sic
1414 1937 1486 1964 enim
1506 1937 1624 1964 habent:
1646 1937 1746 1965 Casium

948 1981 1016 2007 enim
1033 1986 1089 2008 erat
1100 1981 1162 2008 olim
1177 1987 1200 2008 et
1217 1986 1287 2009 terra
1305 1990 1338 2009 ea:
1351 1991 1420 2017 aqua
1432 1988 1456 2009 et
1471 1991 1518 2016 per
1532 1991 1628 2017 aquam
1645 1986 1747 2011 τοπικιὲ-

949 2032 1008 2054 tuta
1024 2027 1100 2055 verba
1117 2027 1176 2059 Dei,
1191 2036 1237 2062 per
1250 2037 1311 2064 qm
1323 2030 1368 2064 qni
1385 2034 1448 2056 tum:
1468 2035 1523 2056 erat
1544 2030 1659 2056 mundus
1677 2039 1746 2065 aqua

948 2074 1095 2102 inundatur
1107 2075 1216 2108 deperiit
1225 2077 1288 2110 :qui
1301 2081 1389 2102 autem
1402 2084 1470 2102 nunc
1481 2081 1542 2102 sunt
1555 2077 1612 2103 coeli
1625 2082 1648 2103 et
1663 2081 1746 2108 terra,

948 2121 1025 2148 verbo
1041 2121 1148 2156 repositi
1161 2126 1221 2147 sunt
1233 2121 1289 2156 igni
1304 2123 1464 2149 reservandi.
1479 2122 1512 2149 Et
1524 2127 1585 2157 post
1595 2122 1646 2149 alia
1665 2122 1744 2158 (ibid.

950 2166 986 2193 15
999 2166 1121 2200 ):Noros
1140 2175 1198 2194 vero
1215 2167 1294 2194 caios
1318 2173 1342 2194 et
1368 2173 1466 2194 terram
1488 2175 1580 2194 novam
1602 2168 1747 2194 secundum

948 2213 1078 2247 promissa
1097 2213 1181 2248 ipsius
1206 2219 1398 2248 exspectamus.
1424 2214 1508 2241 Aiunt
1532 2214 1604 2240 enim
1629 2214 1674 2248 qui
1697 2214 1748 2240 hac

913 2264 935 2291 ι)
949 2259 1082 2287 sententia
1100 2260 1275 2286 detinentur:
1290 2260 1420 2287 saeculum
1441 2259 1532 2295 (αἰών)
1556 2265 1614 2287 erat
1639 2260 1702 2286 olim
1720 2264 1748 2287 et

952 2311 1025 2332 terra
1040 2306 1137 2341 absque
1153 2306 1223 2333 caelis
1239 2306 1295 2341 (21)
1308 2313 1336 2333 et
1350 2311 1431 2339 terra,
1451 2313 1511 2341 quae
1525 2314 1597 2333 nunc
1609 2311 1651 2333 est
1668 2304 1746 2340 (Gen.

950 2351 964 2378 1
979 2351 1000 2386 ).
1017 2357 1044 2378 et
1057 2358 1132 2379 extra
1155 2353 1221 2379 istos
1241 2351 1286 2387 qui
1307 2360 1378 2384 nunc
1395 2357 1459 2379 sunt
1474 2352 1535 2379 novi
1550 2351 1613 2379 εωιί
1633 2356 1661 2378 et
1676 2357 1747 2378 terra

951 2405 1022 2424 nova
1033 2403 1122 2425 erunt.
1140 2398 1272 2425 Omnibus
1287 2398 1461 2424 manifestum
1487 2403 1538 2429 est,
1554 2403 1610 2425 tres
1633 2398 1747 2425 mundos

951 2450 1000 2478 per
1011 2443 1209 2470 successionem
1224 2443 1384 2473 consistere,
1398 2443 1525 2477 quoniam
1537 2443 1668 2479 scriptuttt
1684 2449 1726 2471 est
1738 2453 1746 2471 :

953 2488 1004 2522 Qui
1030 2497 1098 2515 nunc
1127 2494 1187 2516 sunt
1213 2489 1270 2516 εαξιί
1286 2495 1309 2516 et
1330 2495 1400 2516 terra
1420 2489 1510 2515 eodem
1536 2490 1613 2516 verbo
1641 2491 1746 2524 repositi

951 2539 1013 2561 sunt
1027 2542 1037 2561 .'
1051 2539 1075 2561 et
1094 2535 1207 2561 mutatio
1227 2534 1313 2561 denuo
1332 2535 1427 2561 similis
1442 2535 1492 2561 erit
1509 2535 1558 2565 eis,
1574 2535 1619 2570 qui
1640 2535 1687 2561 suit
1706 2535 1748 2561 di-

952 2581 1022 2607 luvia
1039 2581 1183 2617 perierunt.
1198 2581 1316 2616 Agnovit
1330 2586 1420 2607 autem
1436 2580 1492 2607 huic
1505 2582 1668 2614 Conscriptor
1680 2578 1747 2614 Epi-

952 2702 1093 2731 itnmensis
1123 2702 1275 2730 labentibus
1307 2703 1414 2731 sarculis
1446 2708 1555 2738 peccata
1585 2710 1618 2730 ex
1648 2703 1746 2731 animis

951 2743 1136 2765 creaturarum
1148 2739 1224 2772 quasi
1241 2743 1401 2770 exuratttnr,
1415 2746 1467 2765 11011
1483 2746 1547 2765 vero
1563 2739 1626 2773 ips-'c
1640 2745 1747 2765 Cl’t‘altlv

951 2781 989 2809 [in
1018 2774 1234 2809 exstinguuntur.
1258 2773 1315 2809 Cl'r.
1346 2774 1424 2801 lluet.
1457 2773 1531 2809 Orig.
1554 2782 1574 2807 t,
1602 2774 1645 2807 Η,
1663 2773 1745 2809 §20;

951 2807 1086 2837 Guerit-ke
1102 2807 1140 2834 De
1163 2808 1253 2834 schola
1273 2807 1349 2834 Alex.
1367 2816 1398 2840 tt,
1413 2816 1439 2842 ιι.
1456 2808 1520 2836 ‘297.

988 2843 1043 2877 (iii)
1064 2842 1122 2869 Vid.
1146 2841 1237 2869 llcrtu.
1258 2843 1430 2871 Olsliausenii
1454 2848 1600 2872 tzmttllli‘lll.
1626 2843 1665 2870 De
1679 2843 1747 2870 inte»-

950 2881 1045 2915 grilote
1064 2883 1089 2915 ft
1111 2878 1246 2915 aut/tentia
1267 2879 1422 2915 posterioris
1443 2879 1514 2906 Petri
1533 2879 1656 2915 ΙὴιὶειοΙ..
1672 2887 1699 2914 p.
1715 2880 1742 2906 1.

989 2914 1044 2948 (il)
1065 2913 1091 2939 id
1106 2918 1157 2946 cst,
1172 2913 1242 2939 haud
1259 2913 1318 2941 sine
1334 2913 1422 2943 cut-lis.
