1913 3071
181 178 253 207 1745

447 177 563 205 DlDYMl
583 177 686 206 ALEX.
707 177 835 206 ENARR.
857 178 889 205 IN
911 176 1100 206 EPISTOLAS
1118 176 1337 206 CATHOLICAS
1357 177 1565 207 RESTITUTA.

1743 178 1806 207 1⁸1ιὸ

179 239 256 266 stola
270 245 302 265 ex
323 237 414 265 verbis
432 237 496 265 Iesu
519 238 553 266 de
575 239 809 266 consummatione
826 237 917 265 saeculi
933 238 973 266 sic
987 241 1010 268 Α
1025 237 1125 264 dititia.
1143 236 1267 265 Placeret
1284 236 1380 272 magis,
1405 237 1427 264 si
1446 242 1529 264 totam
1554 236 1665 264 alterius
1689 236 1808 272 Epistula:

180 284 300 318 probatis
312 282 440 319 .[prolalis
457 281 537 318 (22)].
563 283 639 310 Sicut
661 284 730 310 enim
754 284 782 310 in
804 282 895 310 diebus
913 281 972 310 Noe

180 329 347 356 comedcbant
366 332 391 355 ct
407 328 526 354 bibebant
542 328 671 362 homines,
688 328 820 355 nubebanl
836 334 859 355 et
878 328 971 361 nnplut'

179 374 325 406 dabuntur,
340 374 495 406 vendebant,
515 374 643 406 cntebant,
665 373 829 407 planlabrml,
853 373 971 408 a'diﬁca-

179 423 253 454 bant,
272 428 351 454 usque
368 420 403 446 ad
429 419 509 452 diem,
529 428 580 454 qua
599 420 730 455 ingressus
748 424 785 446 est
804 419 862 446 Noe
883 419 911 446 in
926 427 970 445 ar-

178 475 236 494 cum
254 470 278 492 et
294 465 360 492 venit
377 465 507 491 diluvium
523 470 546 492 ct
568 464 628 491 tulit
646 464 736 491 omnia
755 463 848 500 (25)...
865 464 902 491 sic
921 464 970 490 erit

178 513 205 539 in
225 512 365 546 prmemin
383 510 448 538 Filii
465 511 589 538 hominis.
607 510 732 546 Amplius
749 515 839 538 autem
862 510 970 537 concio-

178 563 262 586 natur
276 557 319 585 his
336 558 438 591 verbis,
450 565 516 585 cum
537 557 604 584 dicit
620 566 626 584 :
645 557 711 591 Igne
724 557 874 584 solvendam
889 557 968 588 hanc,

177 612 236 640 qua:
253 612 321 631 nunc
336 603 485 638 inspicitur.
499 607 659 631 creaturam.
672 603 718 630 Ait
733 603 805 630 enim
819 603 913 629 venire
926 602 969 636 ju—

177 653 241 681 dicii
262 653 333 680 diem
351 651 467 678 latenter
490 656 518 678 ut
531 651 585 683 i‘ur,
601 651 627 677 in
642 658 696 684 quo
716 650 778 678 ειειί
795 656 892 685 magno
917 649 968 675 im-

177 703 240 734 petu
265 702 294 725 et
310 698 369 725 sine
391 697 519 724 dilatione
541 696 705 729 transibunt,
720 695 861 723 elementis
875 695 968 729 utique

177 743 319 771 tabefactis
336 743 370 770 ab
385 743 448 777 igne
467 741 552 774 illato,
569 746 629 777 post
648 741 722 776 quod
743 741 819 768 ccelis
839 740 968 767 radicitus

177 789 323 824 amputatis
337 796 421 816 novos
434 787 529 821 caelos,
549 794 702 822 novamque
721 792 821 814 terram
835 786 966 818 futuram,

177 835 204 862 in
220 834 318 870 quibus
333 834 466 870 justitiam
479 838 507 861 et
519 833 713 868 promissioues
724 832 771 860 Dei
785 833 810 859 iu
828 840 877 860 sua
892 832 967 859 habi-

178 878 280 906 tatione
295 877 537 913 possideantjusti.
550 878 607 905 Non
627 878 777 913 estigitur,
795 887 804 904 ι
825 883 876 904 etc.

1028 282 1102 310 Petri
1128 283 1332 311 enarrationem
1358 284 1394 311 ita
1415 284 1565 311 mutilalam
1580 291 1640 311 esse
1657 284 1767 317 diceres,
1779 289 1806 311 ut

1003 343 1005 345 ι
1023 328 1093 355 inter
1109 327 1193 355 multa
1217 328 1270 355 alia
1298 335 1330 355 ea
1353 329 1471 356 maxime
1495 329 1698 362 interciderint,
1716 329 1756 356 vel
1775 329 1806 357 ab

1021 374 1172 409 interprete
1183 373 1282 401 Latino
1292 373 1393 401 omissa
1411 374 1475 407 sint,
1491 374 1589 409 quibus
1604 374 1721 402 clausula
1737 382 1806 402 com-

1021 421 1148 448 mentarii
1174 424 1321 448 constaret.
1339 419 1459 448 Facilius
1485 425 1573 447 tamen
1589 428 1642 455 eo,
1660 428 1714 456 quo
1730 428 1804 455 supra

1021 467 1088 498 dixi,
1105 467 1185 494 tnodo
1200 473 1256 494 rem
1273 467 1384 494 habebis
1405 467 1572 502 expeditam.
1592 466 1691 494 Verum
1705 467 1804 502 quidem

1021 516 1072 543 est,
1091 511 1244 548 Didymum,
1259 513 1281 540 si
1295 512 1352 548 ipse
1370 513 1443 540 illam
1459 513 1599 547 scripserit
1613 513 1767 545 clausulam,
1781 514 1805 541 iu

1022 557 1073 586 hoc
1090 558 1159 586 male
1168 558 1219 586 sibi
1235 563 1405 587 constantem
1417 559 1502 587 videri
1517 567 1606 594 posse,
1622 559 1692 594 quod
1706 559 1806 594 Episto-

1022 604 1087 636 lam,
1103 611 1162 638 quac
1179 604 1279 631 dicitur
1296 603 1446 638 Petrinam,
1471 604 1552 632 Petro
1567 605 1690 640 apostolo
1709 606 1766 632 aliis
1781 606 1805 633 in

1022 650 1100 677 libris
1120 649 1300 677 indubitatam
1322 650 1446 678 tribuerit
1466 650 1533 686 (27).
1557 651 1591 678 Αι
1615 659 1680 678 vero
1697 651 1740 678 his
1757 658 1806 678 non

1019 696 1056 723 ita
1073 703 1194 728 moveor,
1210 700 1240 723 ut
1258 696 1429 731 Mingarellio
1445 696 1502 732 (28)
1515 697 1649 724 assentiar
1673 701 1772 724 temere
1785 697 1806 724 si

1019 741 1084 775 quid
1103 741 1181 768 video
1207 742 1368 777 suspicanti,
1400 751 1409 767 ι
1429 742 1524 770 Totam
1551 743 1662 770 alterius
1687 742 1807 778 Epistola:

1019 785 1091 813 Petri
1117 786 1317 814 enarrationem
1342 786 1530 814 brevissimam
1551 795 1617 815 sane
1629 792 1656 815 et
1683 787 1806 822 imperfef

1019 835 1090 858 ctam
1107 834 1154 858 aut
1171 831 1274 867 Didymi
1294 831 1372 866 plane
1386 840 1438 859 non
1456 840 1526 866 esse,
1543 837 1588 859 ant
1601 833 1634 860 ab
1650 833 1683 860 iis
1695 840 1806 868 quorum

1018 875 1175 909 interesset,
1204 877 1248 904 vel
1284 883 1395 911 pravam
1411 877 1561 905 doctrinam
1584 878 1742 912 obtrudere,
1766 879 1807 906 vel

211 924 288 952 Patet
304 932 335 951 ex
351 923 402 957 his,
418 923 562 956 Didymmn
578 931 627 958 pro
638 931 685 951 sua
699 924 732 951 ad
747 923 894 951 Clementis
906 922 967 950 Ori-
981 932 1003 960 Β
1019 921 1123 957 Didymi
1138 929 1235 950 nomen
1255 922 1347 950 multis
1366 923 1430 950 olim
1453 928 1513 957 post
1529 923 1587 958 eius
1604 928 1719 951 mortem
1739 923 1807 951 invi-

173 971 305 1006 genisquc
330 970 386 1005 (2t)
412 970 553 1005 opiniones
575 970 770 1004 eosmologicas
792 969 967 997 inclinatione

174 1024 257 1052 quam
271 1016 390 1043 maxime
403 1015 535 1043 offensum
550 1023 610 1043 esse
623 1015 701 1049 ineo,
713 1016 784 1051 quod
798 1020 893 1043 auctor
905 1015 968 1051 Epi-

174 1062 261 1093 stolze,
278 1069 330 1089 non
351 1066 495 1088 contentus
509 1060 541 1088 iis
558 1068 618 1095 quae
629 1060 755 1088 Christus
777 1061 834 1095 ipse
855 1061 888 1088 de
903 1069 967 1089 con-

177 1108 358 1135 summatione
371 1106 462 1134 smculi
481 1106 507 1133 in
523 1107 678 1145 universum
697 1106 821 1139 dixisset,
837 1106 965 1135 ulteriora

173 1155 272 1181 docere
285 1160 367 1180 ausus
396 1153 442 1185 sit,
459 1159 566 1187 nempe,
585 1157 680 1186 totam,
695 1159 755 1187 qua:
769 1160 841 1180 nunc
858 1153 966 1188 conspi-

173 1199 271 1231 ciatur,
285 1204 438 1226 creaturam
461 1198 522 1233 igne
538 1198 602 1226 olim
624 1198 738 1226 deletum
762 1205 794 1226 ac
807 1198 965 1226 dissolutum

172 1245 303 1273 radicitus
321 1244 376 1280 (9.5)
395 1244 439 1272 iri.
451 1244 490 1271 Ac
504 1244 610 1271 videtur
619 1244 747 1280 Didymus
760 1251 853 1272 eorum
867 1244 966 1274 fovisse

172 1290 346 1323 sententiam,
380 1291 426 1326 qui
456 1290 654 1325 mundanorum
677 1290 778 1325 ignium
812 1290 965 1326 conﬂagra-

174 1337 249 1365 tione
279 1337 393 1364 formam
417 1336 526 1372 quidem
547 1336 639 1364 mundi
658 1336 723 1363 olim
750 1340 882 1363 mutatum
908 1337 966 1364 sive

172 1383 263 1417 potius
275 1383 449 1410 emendatum
466 1382 512 1415 iri,
525 1382 706 1410 substantiam
722 1389 786 1410 vero
801 1390 892 1409 rerum
908 1383 965 1410 sive

172 1428 314 1456 materiam
340 1428 536 1455 immutabilem
563 1434 625 1455 esse
648 1432 776 1462 putarent
799 1428 867 1463 (26).
894 1428 965 1464 Ergo

172 1473 369 1508 displicuerunt
389 1473 438 1505 illi,
451 1481 511 1508 qua:
524 1473 572 1508 ipsi
596 1473 622 1500 in
651 1473 769 1509 Epistola
787 1474 896 1502 Petrina
912 1475 964 1502 sibi

172 1520 309 1548 contraria
324 1521 381 1547 fere
398 1519 535 1554 expressis
560 1519 651 1547 verbis
677 1520 768 1547 doceri
789 1520 963 1548 videbantur.

173 1566 214 1594 Ne
228 1574 292 1594 vero
309 1566 465 1601 apostolicae
489 1565 645 1592 auctoritati
663 1572 816 1600 repugnare
834 1567 964 1594 audacius

1018 976 1078 996 sum
1101 968 1214 997 infamia
1229 968 1346 1002 allicere,
1361 969 1550 1004 iuterpolatam
1573 969 1665 1003 fuisse,
1692 974 1737 997 aut
1748 977 1807 997 eum

1018 1015 1136 1045 tandem.
1149 1022 1211 1042 cum
1229 1015 1311 1043 libros
1325 1015 1363 1043 De
1378 1015 1507 1043 Trinitate
1519 1016 1650 1043 extremis
1662 1016 1723 1043 vitae
1732 1017 1810 1043 anuis

1017 1059 1226 1095 conscripserit,
1242 1060 1410 1094 opinionem,
1423 1067 1504 1095 quam
1518 1065 1580 1088 ante
1592 1060 1731 1095 amplexus
1746 1060 1810 1088 luis-

1017 1110 1074 1138 set,
1100 1114 1146 1134 scu
1170 1106 1369 1134 dubitationem
1389 1114 1498 1134 omnem
1523 1107 1664 1141 abiecisse.
1686 1117 1696 1134 ι
1713 1122 1748 1127 -
1764 1107 1810 1134 Et-

1017 1152 1089 1179 enim
1115 1152 1266 1187 religiosior
1281 1159 1362 1187 quam
1379 1153 1470 1180 verior
1493 1152 1559 1180 mihi
1577 1153 1687 1187 quidem
1705 1153 1810 1180 videtur

1017 1196 1132 1224 fecunda
1162 1197 1208 1224 illa
1234 1196 1396 1231 Miugarellii
1424 1197 1562 1225 variarum
1591 1198 1809 1233 conjecturarum

1017 1244 1105 1278 copia,
1123 1251 1191 1278 quas
1210 1251 1307 1272 vereor
1327 1252 1422 1272 omnes
1440 1245 1520 1272 timor
1541 1252 1575 1272 ne
1601 1244 1695 1272 fecerit
1720 1252 1808 1274 sacer.

1018 1289 1159 1322 videlicet,
1174 1297 1209 1317 ne
1226 1289 1356 1318 Ecclesia:
1375 1290 1401 1317 in
1415 1290 1582 1318 defendenda
1599 1291 1670 1318 illius
1687 1290 1810 1325 Epistulae

1019 1335 1184 1362 auctoritate
1199 1334 1310 1362 Petrina
1325 1342 1424 1362 nomen
1439 1335 1545 1364 deesset
1559 1335 1663 1372 Didymi
1677 1344 1732 1371 pra:
1743 1336 1812 1363 tnui-

1018 1380 1052 1407 tis
1066 1380 1181 1408 clarum.
1197 1379 1301 1408 Nodum
1314 1381 1374 1413 rei,
1391 1382 1436 1416 qui
1457 1382 1569 1410 omnino
1583 1382 1665 1415 inest,
1681 1390 1714 1409 ac
1733 1390 1810 1409 scru-

1015 1425 1108 1461 pulum
1124 1425 1231 1454 lacilius
1251 1433 1317 1454 sane
1331 1427 1482 1462 explicabis
1495 1427 1542 1461 ita,
1563 1432 1592 1454 ut
1613 1427 1755 1463 Didymnm
1771 1429 1810 1455 d3.

1016 1478 1063 1499 cas
1087 1471 1167 1499 aliter
1186 1479 1236 1507 pro
1252 1472 1305 1499 alio
1322 1472 1434 1500 docendi
1456 1480 1555 1508 genere
1568 1473 1601 1501 de
1619 1473 1738 1508 Epistola
1763 1474 1809 1501 illa

1015 1517 1170 1553 disputasse
1198 1520 1376 1548 (scenomice.
1404 1519 1432 1547 in
1450 1528 1504 1555 qua
1528 1529 1558 1549 re
1578 1521 1623 1548 ille
1642 1526 1750 1550 secutus
1767 1527 1811 1549 est

1015 1563 1169 1599 Origenem,
1183 1565 1219 1592 ita
1236 1570 1265 1593 ut
1277 1566 1302 1592 in
1315 1566 1509 1601 qumstionibus
1527 1567 1645 1594 maxime
1661 1567 1810 1602 ekegeticis

172 1613 323 1644 videretur,
343 1611 491 1639 clausulam
508 1611 580 1638 illam
595 1611 704 1645 adjecit,
719 1619 773 1646 qua
791 1611 906 1639 lectores
916 1612 964 1639 ad-
977 1607 998 1636 C
1015 1618 1065 1645 pro
1089 1610 1203 1638 instituti
1221 1611 1326 1639 ratione
1346 1612 1457 1640 criticas
1474 1612 1585 1640 canonis
1606 1619 1704 1640 causas
1718 1613 1810 1647 aperi-

172 1663 306 1690 moneret,
321 1657 484 1685 sententiam
507 1656 592 1689 illam,
607 1664 668 1692 quae
683 1657 774 1684 multis
792 1658 860 1684 mira
878 1657 963 1685 offen-

173 1705 311 1738 sioniSque
330 1702 408 1737 plena
420 1701 567 1734 videretur,
586 1702 711 1737 quamvis
731 1702 875 1737 publicata:
894 1703 963 1731 ines-

166 1755 213 1776 set
225 1747 360 1784 Epistolas,
377 1752 478 1779 tamen,
493 1746 619 1781 quoniam
631 1746 690 1774 haec
706 1747 762 1782 ipsa
774 1747 869 1774 falsata
880 1747 963 1775 habe-

172 1800 258 1828 retur,
280 1793 353 1821 nulla
367 1793 479 1820 omnino
505 1793 553 1820 uiti
569 1793 732 1820 auctoritate
743 1793 884 1821 canonica.
902 1793 963 1821 llaec

165 1842 195 1869 .ai
219 1847 283 1869 vera
308 1845 350 1867 est
366 1839 418 1867 loci
439 1838 525 1867 nostri
549 1839 748 1874 interpretatio,
761 1839 862 1874 optime
875 1840 964 1867 cohae-

163 1892 233 1915 .rent
249 1886 357 1914 omnia.
382 1885 418 1913 At
442 1892 507 1913 vero
532 1884 642 1912 l‘uerunt
668 1885 714 1920 qui
737 1884 859 1913 dicerent
882 1885 964 1920 Didy-

172 1939 247 1959 tnum
267 1931 339 1958 Petri
357 1929 521 1959 sententiam
538 1929 692 1957 enarrattdo
705 1937 782 1957 suam
794 1930 903 1958 fecisse.
918 1929 961 1963 Hi,

172 1977 308 2013 quomodo
326 1976 475 2004 clausulam
491 1974 648 2009 defendant,
663 1975 773 2003 videant
789 1976 850 2010 ipsi.
862 1975 964 2003 Besna-

164 2026 244 2060 ,gius,
265 2031 326 2050 cum
343 2022 393 2050 loci
408 2022 572 2050 sententiam
594 2029 648 2050 non
669 2023 843 2057 perspiceret,
860 2022 965 2050 censuit

165 2078 204 2098 .ea
231 2077 291 2105 qua}
316 2069 342 2097 in
370 2071 428 2097 line
451 2068 639 2096 commentarii
665 2067 791 2103 leguntur
814 2069 848 2096 ab
876 2069 963 2096 aliena

173 2124 254 2145 manu
277 2123 339 2144 esse
358 2115 428 2143 male
454 2119 558 2143 assuta.
582 2115 623 2143 Ac
643 2119 717 2142 recte
741 2115 861 2150 quidem,
885 2115 964 2143 modo

169 2161 281 2198 probari
297 2167 396 2196 posset,
409 2160 557 2197 .Didymum
571 2167 713 2188 assensum
727 2165 887 2195 argumento
900 2160 964 2195 Epi-

172 2208 249 2236 stolae
262 2207 425 2242 praebuisse;
438 2213 593 2241 quanquam
610 2212 644 2233 ne
658 2206 698 2234 sic
710 2206 818 2241 quidem
833 2205 962 2241 intelligo,

172 2261 225 2290 qua
239 2254 346 2282 ratione
358 2260 445 2288 quave
456 2253 496 2291 de
504 2259 585 2280 causa
604 2251 654 2280 ista
674 2251 746 2280 assui
761 2251 898 2287 potuerint
916 2251 963 2279 ad-

165 2344 172 2371 ι
209 2331 265 2371 (22)
285 2331 323 2371 iis
339 2330 497 2371 Gallandius
509 2329 658 2371 verissime.

167 2363 172 2379 ’
208 2363 265 2402 (25)
283 2366 380 2402 yersio
392 2364 475 2400 'Vulg.
491 2364 552 2392 tulit
562 2372 668 2397 omn“;
686 2372 718 2393 ac
733 2371 795 2392 vera
812 2368 855 2390 cst
867 2363 960 2391 Grzeca

174 2399 265 2437 lectio,
281 2399 349 2437 ἦρεν
362 2399 495 2437 ᾶπᾳντᾲςἶ

209 2436 266 2470 (24)
281 2433 472 2463 VZMimscheri
487 2433 668 2470 lliu.dogm.,
678 2439 744 2470 tom.
756 2434 822 2468 ll,p.
837 2433 888 2460 5'57
897 2441 957 2468 sqq.

167 2452 173 2498 l
209 2452 267 2506 ὶέἒς
286 2452 884 2506 ἱξέξὲίίῗῦὶῖζυξἱῖόἱῖξέἱξήὶέῒίὲέῖζνῗξιζῷ’
895 2452 958 2506 ῧέἓζ

175 2503 219 2535 est
229 2503 348 2544 euntium
364 2503 430 2544 (ere'
440 2504 568 2544 librorum
583 2503 672 2544 neua,
684 2503 868 2544 εθὰιριζηδρν,
886 2504 958 2544 quod

176 2543 269 2576 paucis
283 2541 427 2569 admodum
448 2540 475 2566 in
495 2538 571 2576 iiitris
591 2539 713 2576 habetur.
730 2538 808 2576 illlam
822 2540 843 2566 si
859 2540 961 2566 tenuis-

176 2574 217 2605 set
231 2578 384 2609 lectionem,
397 2575 484 2602 utinus
496 2574 540 2601 ille
552 2574 716 2609 haesitasset;
729 2575 799 2601 hanc
809 2581 870 2601 cum
883 2580 961 2608 secu:

178 2619 220 2641 tus
236 2614 280 2643 sit.
293 2620 346 2639 non
358 2608 444 2646 potuit
459 2617 513 2646 non
524 2608 635 2638 oll'endi.

212 2648 269 2683 (26)
291 2643 488 2683 Expressauest
504 2645 554 2683 ista
564 2651 702 2683 ~veterum
724 2643 825 2683 opinio,
842 2643 962 2683 breviter

176 2679 296 2719 quidem,
316 2679 342 2709 in
357 2681 459 2719 scholia
480 2681 512 2719 ad
534 2681 546 2719 i
564 2679 700 2719 Ρειιικ-ιιιἰ
722 2679 771 2719 10,
794 2680 866 2719 qyod
890 2679 960 2719 apud

178 2713 342 2745 Klatlhzeium
360 2716 467 2751 legitur,
484 2715 520 2751 ita
535 2714 591 2742 fere
612 2725 619 2742 ;
634 2714 742 2747 Εἰπὼν,
760 2716 788 2741 ὲν
806 2713 865 2751 ᾔνρὶ
879 2713 961 2751 obpa-

176 2754 217 2791 yol
246 2753 367 2791 ροιξηδὺγ
387 2749 629 2791 ἠπα-ρελερειξνῖαιη
644 2751 694 2785 οὐχ
715 2751 752 2782 ὡς
770 2749 963 2791 ἀπὸλλυμένυξν

176 2784 251 2823 λέγεί
267 2784 321 2814 tibi}
335 2784 476 2823 οὐρα-δῶνἱ
491 2785 548 2812 ἀλλ’
561 2785 601 2823 ὡςΔ
618 2784 895 2823 ἀναᾲψιχξιουμένῳν
923 2784 964 2815 εἰς

177 2819 319 2861 κρὲίττονα
340 2819 426 2857 λῆξιν.
448 2821 553 2856 Ὥσπερ
563 2821 638 2864 *γὰρ*
651 2820 685 2846 τὰ
707 2819 829 2856 ἡμέτερά
848 2819 965 2860 subpatet

177 2859 294 2883 λυόμενα
304 2858 354 2883 οὐκ
367 2859 407 2883 at:
420 2856 451 2882 τὸ
465 2856 596 2883 μηδαμως
612 2864 681 2882 srvat
700 2858 795 2883 γωοεῖ.
814 2855 881 2882 ἀλλὰ
896 2854 965 2881 ἀνα-

176 2859 294 2895 lotam
304 2859 354 2884 οὐκ
367 2859 407 2888 εἰς
420 2859 451 2882 τὸ
464 2859 596 2892 μηδαμῶς
612 2859 681 2882 εἰναι
700 2859 795 2891 χωρεῖ,
814 2859 881 2882 ἀλλὰ
896 2859 963 2895 ἦνα-

168 2894 327 2926 ικαινίζεται
357 2893 397 2925 εἰς
428 2891 598 2927 ἀφθαρσίαν
626 2890 696 2917 οὕτω
724 2891 771 2917 καὶ
793 2889 828 2918 τὰ
851 2890 963 2924 caput:

1014 1659 1066 1689 ret,
1083 1655 1109 1683 in
1128 1656 1289 1691 dogmaticis
1300 1665 1364 1685 vero
1380 1662 1407 1685 et
1426 1657 1598 1691 homiletieis,
1610 1665 1644 1686 ne
1662 1658 1813 1686 olieitderet

1014 1702 1134 1737 vulgum,
1152 1698 1290 1737 vulgarem
1304 1703 1423 1731 Canentis
1438 1704 1616 1732 ecclesiastici
1633 1705 1811 1732 consuetudi-

1014 1755 1076 1775 nem
1095 1747 1285 1775 intemeratam
1300 1748 1350 1775 sibi
1366 1749 1472 1776 cautior
1487 1749 1625 1776 retineret.

1049 1791 1094 1820 Vl.
1110 1792 1253 1827 Exegetica
1279 1793 1363 1820 nostri
1383 1794 1475 1828 operis
1501 1801 1531 1821 ea
1555 1798 1597 1821 est
1612 1795 1692 1828 ratio,
1713 1801 1746 1823 ut
1768 1796 1813 1823 Di-

1013 1838 1086 1874 dymi
1100 1838 1266 1872 methodum,
1277 1839 1490 1867 Alexandrinam
1509 1839 1646 1873 videlicet,
1659 1849 1707 1869 seu
1719 1843 1813 1878 potius

1014 1883 1217 1918 Origeniauam,
1229 1883 1329 1918 ubique
1341 1883 1451 1917 referat,
1465 1883 1502 1911 ita
1516 1882 1605 1912 tamen
1618 1890 1813 1921 temperatam,

1014 1934 1044 1957 ut
1059 1929 1086 1956 in
1100 1928 1132 1956 N.
1145 1928 1177 1956 T.
1195 1929 1291 1957 saltem
1313 1930 1391 1958 libris
1410 1937 1424 1957 a
1442 1930 1526 1958 nimio
1543 1931 1734 1967 allegoriurum
1752 1937 1814 1960 stu-

1015 1975 1059 2003 dio
1072 1975 1217 2002 abstineat.
1237 1974 1448 2003 Grammatieatn
1471 1980 1553 2011 atque
1581 1977 1739 2005 historicum
1766 1979 1812 2006 in~

1015 2019 1182 2056 terpretandi
1211 2020 1342 2048 rationem
1366 2026 1395 2048 ut
1422 2022 1449 2049 in
1475 2024 1691 2056 commentariis,
1715 2020 1760 2050 ila‘
1784 2025 1813 2052 in

1015 2067 1189 2094 enarratione
1200 2072 1292 2094 neStra
1307 2067 1379 2095 haud
1393 2068 1511 2103 neglexit
1521 2069 1641 2104 quidem,
1658 2070 1712 2097 imo
1726 2070 1814 2097 habet

1016 2115 1152 2143 interdum
1171 2123 1232 2150 quae
1254 2115 1288 2143 ad
1315 2123 1376 2143 eam
1401 2114 1505 2142 faciunt
1524 2115 1679 2143 utilissima.
1702 2116 1732 2142 In
1752 2123 1814 2150 quo

1014 2165 1107 2188 tamen
1130 2168 1213 2193 cave,
1244 2168 1278 2188 ne
1303 2161 1473 2189 aestimandis
1496 2161 1661 2197 antiquioris
1679 2161 1814 2189 Ecclesia

1016 2207 1144 2242 operibus
1159 2207 1306 2242 exegetieis
1325 2211 1445 2234 nostram
1466 2207 1534 2234 artis
1557 2215 1711 2234 mensuram
1729 2208 1816 2234 adhi-

1017 2253 1091 2280 beas.
1111 2251 1223 2280 Veteres
1238 2252 1310 2279 enim
1336 2252 1449 2287 theologi
1475 2252 1575 2286 Graeci,
1591 2261 1652 2281 cum
1674 2253 1760 2282 libros
1776 2252 1815 2282 N.

979 2334 1001 2360 ι)
1016 2328 1130 2366 ᾳῴμᾳτα
1150 2327 1196 2366 διὰ
1223 2327 1459 2366 τοῦνδηλοιρμένομ
1484 2330 1570 2366 πυρὸς
1591 2330 1814 2366 ἀνάκαινέζεται,

1015 2363 1229 2402 ὲλευθξρορμτενᾳ
1246 2364 1292 2402 nail.
1308 2363 1455 2402 sagacem
1471 2363 1531 2402 τῆξ
1545 2366 1665 2402 ξουλείας
1680 2363 1730 2402 τῆξ
1744 2363 1816 2401 cgito;

1016 2400 1075 2435 ρᾶς,
1087 2398 1123 2430 th:
1137 2399 1152 2435 ῥ
1170 2398 1319 2435 ἀπόστολος
1334 2399 1439 2435 Παῦλος
1455 2398 1532 2435 canet,
1550 2400 1627 2428 Rotn.
1641 2398 1797 2434 vut,'20'.21
1809 2412 1818 2430 :

1013 2433 1048 2472 ἔ-τ
1058 2434 1096 2461 Οὐ
1110 2433 1189 2472 μᾴνον
1203 2434 1259 2472 γᾴρ
1273 2435 1368 2472 macie,
1382 2434 1451 2461 ἀλλὰ
1461 2433 1513 2462 νκὲιὶ
1526 2437 1542 2472 ἡ
1561 2436 1625 2472 περὶ
1644 2433 1718 2472 ἡμᾶς
1735 2438 1817 2472 ἡρω-

1036 2469 1081 2507 έγη
1097 2469 1185 2507 κτίσις
1200 2470 1246 2507 ἐπὶ
1253 2469 1291 2507 ge
1299 2470 1413 2507 ᾷμεινογ
1428 2469 1688 2507 μεταποίηοήᾷετὰὶ,
1701 2469 1820 2507 συμῖμε-

1012 2504 1130 2567 BDéEtlti'tc:
1146 2504 1286 2567 τῖιςῶήμῶν
1299 2504 1501 2541 mpm-mag.
1517 2504 1574 2534 cn.
1592 2504 1747 2534 Miinschcri
1764 2504 1817 2535 'H.

1040 2560 1047 2567 ο
1094 2559 1101 2567 ι
1134 2561 1140 2566 .
1179 2550 1192 2566 ἶ)
1215 2560 1222 2566 .

1040 2560 1047 2567 .
1063 2547 1101 2571 IV,
1114 2547 1140 2571 p.
1159 2547 1222 2567 434-.

1050 2547 1233 2609 (52v73PCrtyiie
1251 2573 1347 2602 Triuil.
1374 2583 1393 2604 t.
1421 2582 1481 2609 cap.
1508 2575 1554 2609 29,
1573 2576 1630 2608 ubi,
1648 2575 1721 2603 Petri
1745 2585 1817 2604 ser-

1014 2610 1152 2642 monibus,
1174 2611 1219 2644 qui
1247 2611 1308 2637 Act.
1334 2618 1360 2641 κ,
1382 2610 1427 2641 4‘2,
1447 2611 1493 2643 43,
1513 2617 1541 2637 et
1562 2619 1597 2643 Iv,
1628 2612 1670 2644 11,
1689 2611 1733 2640 12.
1772 2612 1821 2639 le-

1014 2648 1130 2680 guntur.
1159 2645 1318 2672 nominatim
1347 2646 1588 2678 ronnnemoratis,
1619 2647 1654 2673 ita
1693 2649 1785 2680 pergit
1809 2657 1817 2675 :

1020 2679 1108 2717 ἈλλᾲΔ
1120 2680 1169 2717 κει
1189 2679 1325 2717 καθολικᾶι
1336 2680 1378 2717 τὸξ
1386 2679 1525 2717 δξύῖερρνᾷ
1533 2681 1637 2716 πέμπει
1654 2679 1820 2717 γράμματα.

1028 2689 1101 2705 nua
1120 2689 1168 2706 και
1189 2689 1319 2706 καυολικα
1336 2689 1365 2705 το
1386 2689 1511 2741 osa-rapo»;
1533 2689 1637 2716 πέμπει
1654 2690 1820 2717 γραμματα.

1016 2714 1117 2751 μεςαξὺ
1130 2715 1286 2751 ᾇλλωγπερὶ
1298 2714 1379 2741 αὐτοῦ
1393 2715 1450 2750 (τοῦ
1479 2715 1528 2742 ’ἱοῦ
1542 2725 1567 2744 τ,
1587 2716 1631 2751 Θ.)
1645 2716 1740 2751 ἔχοντα
1761 2719 1820 2745 καὶ

1014 2748 1110 2776 ἐοῦτο·
1132 2749 1180 2781 Ὠς
1190 2748 1226 2775 τὰ
1236 2748 1345 2782 πάντα,
1359 2748 1425 2782 cui,
1438 2751 1458 2777 ll
1478 2751 1551 2778 Pctr.
1575 2759 1594 2782 t,
1611 2748 1637 2780 5.
1655 2748 1681 2778 ιῖ.
1706 2752 1819 2780 Eodem

1016 2785 1094 2812 modo
1121 2792 1138 2816 t,
1163 2784 1213 2818 52;
1239 2792 1258 2815 I,
1277 2785 1324 2816 15,
1346 2794 1363 2815 ι,
1379 2784 1428 2814 28;
1446 2793 1477 2812 ac
1493 2787 1584 2813 multis
1600 2787 1661 2814 aliis
1681 2788 1707 2813 in
1728 2788 1817 2815 locis.

1017 2819 1106 2882 “(‘28)
1121 2820 1180 2848 Viti.
1195 2821 1346 2848 Comment.
1363 2819 1400 2847 De
1413 2821 1474 2849 libr.
1492 2822 1523 2848 de
1537 2821 1642 2856 Trinit.,
1659 2830 1677 2855 ι,
1697 2822 1741 2856 15,
1753 2823 1817 2851 col.
