1913 3071
99 160 166 189 1745

516 158 596 187 CHR.
617 157 707 186 FRID.
727 155 844 185 LUCKll
863 154 1116 184 COMMENTATIO
1135 151 1284 184 Clil'l‘iCA.

1663 157 1676 184 1
1681 155 1734 185 746

98 227 128 246 ex
160 218 219 245 viva
251 216 339 245 adhuc
362 215 451 252 lingua
470 215 575 244 facilius
599 216 790 252 intelligerent,
805 223 887 252 quam
902 218 1036 247 Acontra
1061 214 1179 243 hmreses
1203 214 1375 249 pugnacitate
1399 214 1433 242 ad
1455 222 1515 243 eam
1540 214 1734 251 proﬂigandattt

96 269 154 292 arte
168 264 328 299 philologica
354 263 609 298 interpretarentur,
630 263 823 298 grammaticas
843 269 888 290 ra-

100 310 184 337 tiones
203 308 275 336 haud
300 311 522 343 contempserunt
534 307 656 343 quidem,
675 308 740 340 imo,
760 306 805 335 ubi
820 314 887 342 opus

99 355 162 390 ipsis
179 354 265 382 visum
293 358 346 386 est,
374 353 546 389 explicarunt
568 353 715 388 interdum,
741 354 767 381 id
797 348 902 381 tamen.

99 408 152 437 prae
164 400 260 435 primis
276 405 432 436 spectarunt
447 400 659 435 interpretando,
679 405 710 428 ut.
729 407 773 428 res
788 407 820 427 ac
829 406 890 427 scn-

101 446 198 474 tentias
227 446 357 474 librorum
385 454 525 474 sacrorum
551 451 730 480 excuterent,
758 454 889 475 excussas

99 493 159 520 vitae
174 501 207 521 ac
230 492 329 520 schola:
346 493 596 521 accommodarent.
617 492 674 521 lloc
689 500 754 521 vero
773 494 810 520 ita
831 501 891 528 ege-

100 543 162 567 rnnt
187 536 235 572 illi,
257 543 287 566 ut
305 546 354 566 eos
375 539 452 574 sequi
475 539 554 567 nobis
569 546 619 575 pro
634 544 725 567 nostra
743 544 803 567 arte
818 539 891 567 theo-

100 585 182 620 logica
192 585 299 621 longius
309 590 433 621 promota
444 585 556 613 omnino
566 585 642 613 nefas
657 586 703 614 sit.
719 585 849 622 Didymus
861 585 887 613 in

100 630 326 665 interpretatione
347 630 493 665 Origenem
508 635 629 659 sectatus
649 636 702 664 est,
718 631 765 666 qui
787 631 891 666 primus

101 681 242 703 sacrorum
261 675 394 703 librorum
408 675 660 711 interpretationem
675 676 701 704 in
717 675 832 704 formam
848 683 892 703 ar-

101 721 136 748 tis
154 721 269 756 redegit,
287 721 337 754 ita,
364 726 395 749 ut
413 721 535 758 singulas
552 722 748 757 interpretandi
773 722 893 750 rationes

101 771 181 802 atque
198 775 294 795 causas
314 767 463 803 colligeret,
479 767 606 796 collectas
621 768 648 795 in
662 776 724 796 eum
741 769 833 800 linem,
845 768 892 803 qui

102 817 184 840 totam
211 812 262 848 ipsi
297 814 437 844 continere
467 812 542 841 visus
567 817 610 840 est
641 813 892 848 interpretationem

102 859 292 894 theologicam,
312 864 489 895 componeret
504 868 537 888 ac
560 860 700 896 dirigeret,
718 869 771 896 quo
787 860 893 896 plenius

102 913 134 933 ac
162 905 328 934 fructuosius
354 914 387 934 ex
411 914 491 935 sacro
515 907 620 940 codice,
650 908 750 942 quippe
774 909 819 943 qui
841 908 892 935 ista

101 955 181 980 aetate
200 956 273 980 totus
296 952 408 988 singulis
433 954 501 981 adeo
525 954 551 980 in
568 953 659 982 verbis
681 954 793 981 verbum
817 954 894 989 spiri-

103 1001 213 1033 tumque
227 997 272 1025 Dei
288 1003 420 1026 :eternum
438 999 543 1033 spirare
561 1004 644 1034 atque
665 999 804 1027 occultare
820 999 895 1027 vide-

101 1049 186 1077 retur,
206 1044 331 1072 doctrina
352 1045 507 1073 Christiana
523 1049 551 1073 et
573 1045 677 1074 exstrui
699 1050 792 1080 posset
807 1050 834 1072 et
848 1046 895 1074 de-

103 1088 174 1117 fendi
199 1095 281 1125 atque
295 1090 328 1117 ad
346 1091 429 1118 vitam
454 1091 592 1118 hominum
609 1091 749 1126 applicari.
767 1089 838 1119 Huic
854 1092 894 1119 in-

103 1137 267 1171 terpretandi
286 1137 378 1171 generi
392 1144 425 1164 ex
442 1144 490 1165 usu
505 1137 605 1165 scholas
617 1138 809 1166 Alexandrinae
819 1137 896 1165 addi-

103 1186 162 1209 ctus
186 1181 315 1217 Didymus
341 1182 518 1218 theologicas,
537 1190 606 1218 quas
627 1183 733 1216 dicunt,
755 1189 852 1210 causas
867 1182 894 1210 in

104 1227 329 1261 interpretatione
343 1235 464 1255 sumtnas
481 1229 582 1263 posuit,
601 1229 627 1256 in
648 1229 735 1263 iisque
750 1229 896 1257 enuclean-

102 1272 145 1300 dis
161 1277 234 1307 totus
251 1278 293 1301 est
309 1281 372 1301 cum
397 1274 423 1301 in
444 1275 649 1302 commentariis
675 1274 732 1302 suis
758 1276 895 1308 omnibus,

103 1323 160 1345 tum
177 1319 218 1346 vel
234 1320 353 1348 maxime
366 1320 392 1347 in
410 1319 589 1348 Enarratione
600 1320 783 1356 Epistolarum
804 1322 895 1348 eat/to-

103 1365 227 1393 licarum.
250 1366 320 1394 Hinc
343 1372 463 1394 nostram
489 1367 709 1401 Enarrationem,
735 1368 758 1395 si
776 1364 847 1396 eam.
862 1375 894 1395 ex

103 1411 185 1438 istius
201 1411 253 1440 aevi
267 1419 342 1440 more
358 1414 536 1446 aestimamus,
554 1421 647 1440 verum
668 1413 895 1441 commentarium

104 1462 165 1483 esse
180 1456 254 1483 nullo
271 1457 352 1484 modo
373 1458 543 1492 negaverim.
559 1457 588 1484 lu
604 1465 657 1492 qua
672 1465 701 1484 re
717 1465 768 1484 non
784 1464 895 1492 possum

105 1502 172 1536 quin
188 1501 335 1531 Guerickio
350 1503 548 1537 contradicam,
565 1503 611 1538 qui
629 1509 689 1530 eam
705 1510 759 1530 non
780 1502 898 1538 singula-

104 1554 166 1574 rum
189 1554 286 1575 vocum
310 1553 338 1575 et
357 1549 565 1581 sententiarum,
588 1548 636 1575 sed
660 1554 754 1575 earum
779 1552 897 1575 tantum-

104 1594 196 1627 modo,
211 1602 281 1629 quas
295 1595 405 1623 uberius
424 1595 561 1622 illustrare
577 1594 690 1630 Didymo
703 1594 846 1629 placuerit,
864 1594 898 1621 li-

105 1641 240 1668 beriorem
252 1647 312 1668 esse
325 1648 358 1668 ac
373 1640 451 1676 quasi
465 1641 593 1668 selectam
617 1640 823 1676 explicationem
843 1645 898 1670 sta-

107 1685 168 1712 tuit.
183 1686 248 1718 Quae
264 1685 287 1713 si
303 1693 366 1713 vera
385 1690 458 1713 esset
480 1685 617 1713 Gucrickii
641 1686 786 1719 sententia,
802 1686 897 1714 eodem

104 1731 166 1768 jure
178 1739 272 1767 posses
289 1739 399 1767 negare,
422 1732 566 1768 Didymum
584 1732 611 1760 in
633 1733 701 1760 Acta
719 1732 898 1767 apostolorum

107 1779 331 1805 commentarium
348 1779 501 1813 scripsisse.
516 1778 599 1814 Cujus
609 1779 796 1807 commentarii
807 1785 898 1814 quant-

108 1825 148 1852 vis
168 1824 238 1852 nihil
264 1829 363 1860 prmter
377 1826 486 1862 eclogas
509 1826 664 1861 exegeticas
681 1825 805 1854 relictum
822 1825 900 1853 nobis

107 1870 153 1901 sit,
161 1877 192 1897 ca
208 1875 296 1898 tamen
310 1875 354 1898 est
365 1871 460 1899 barum
472 1872 629 1907 eclogarum
644 1871 786 1899 manifesta
799 1870 898 1905 forma,

109 1920 139 1942 ut
155 1914 253 1943 Wolllo
266 1918 411 1949 assentiar,
424 1917 470 1952 qui
486 1925 519 1944 ex
535 1917 600 1951 ipsis
614 1917 736 1952 reliquiis
753 1917 899 1952 Didymum

109 1961 138 1988 in
155 1961 236 1988 Actus
255 1962 413 1996 apostolicos
431 1963 659 1990 commentarium
680 1966 737 1990 toto
756 1962 826 1990 libro
838 1969 902 1997 per-

110 2008 241 2035 tinentem
250 2008 394 2043 scripsisse
404 2009 572 2044 argumentis
582 2008 686 2036 idoneis
699 2008 823 2043 probavit
831 2008 899 2044 (29).

109 2053 138 2080 ln
167 2061 219 2089 qua
247 2055 397 2087 quaestione
427 2063 480 2083 non
511 2055 773 2090 praetermittendum
799 2059 841 2082 est
858 2055 899 2088 id,

110 2100 183 2134 quod
199 2100 391 2135 gravissimum
405 2105 456 2133 est,
479 2100 684 2128 Enarrationem
704 2100 783 2128 nobis
794 2108 847 2128 non
861 2104 901 2128 to—

110 2151 165 2173 tam
181 2147 304 2175 relictam
320 2154 391 2179 esse,
409 2148 455 2175 sed
475 2147 626 2174 mutilatam
645 2147 737 2175 multis
751 2153 780 2175 ut
794 2147 902 2176 videtur

111 2193 138 2219 iu
152 2192 234 2226 locis;
251 2193 286 2221 de
301 2201 354 2229 qua
373 2201 403 2222 re
426 2201 489 2221 mox
518 2193 629 2222 uberius
648 2194 725 2221 nobis
747 2195 801 2222 erit
820 2195 903 2222 disse-

111 2239 236 2267 rendum.

149 2284 235 2313 Habet
253 2291 385 2321 praeterea
407 2290 499 2313 nostra
522 2286 666 2315 Enarratio
690 2287 741 2315 hoc
764 2287 815 2315 sibi
838 2294 903 2322 pro-

110 2333 212 2368 prium,
222 2336 253 2358 ut
266 2332 469 2366 interpretando
479 2331 640 2360 Manichazos
653 2333 679 2360 in
691 2332 785 2367 primis
794 2339 901 2360 eorum-

111 2386 164 2413 que
177 2371 285 2406 errores
302 2377 421 2405 nefarios
438 2378 538 2412 ubique
554 2379 720 2414 perstringat
738 2383 819 2413 atque
835 2385 901 2406 con-

111 2425 214 2456 vincat.
238 2423 279 2452 vel
294 2424 328 2451 iis
341 2424 367 2451 in
381 2423 458 2456 locis,
471 2423 515 2451 ubi
528 2430 609 2451 causa
623 2423 664 2451 vel
678 2424 789 2451 materia
806 2428 900 2451 contra

111 2471 179 2498 istos
191 2470 344 2506 disputandi
367 2470 423 2498 fere
438 2470 509 2497 nulla
530 2470 619 2498 inesse
639 2469 756 2497 videtur.
774 2470 813 2497 Ac
829 2469 901 2501 vide,

111 2516 248 2551 quomodo
264 2516 308 2544 his
320 2523 427 2551 quoque
448 2516 623 2550 Didymianus
644 2515 832 2543 Enarrationis
853 2523 903 2543 no-

113 2568 177 2589 stra;
194 2569 252 2590 mos
269 2567 349 2598 atque
364 2562 501 2596 ingenium
512 2563 591 2590 nobis
603 2570 662 2590 sese
675 2562 780 2597 prodat.
799 2561 902 2588 Etenim

113 2607 323 2635 Manichaeorum
349 2608 463 2635 haeresin
483 2608 519 2635 ita
541 2608 591 2636 sibi
614 2607 727 2635 invisam
746 2607 851 2639 habuit,
875 2610 904 2634 ut

112 2658 210 2687 praeter
233 2653 342 2685 librum,
366 2661 446 2688 quem
464 2653 497 2681 de
521 2660 553 2681 ea
573 2653 693 2688 scripsit,
725 2652 901 2688 singularem,

113 2698 155 2725 vel
171 2699 196 2725 in
213 2699 358 2734 exegeticis
378 2699 546 2732 tractatibus,
570 2708 596 2727 ν,
619 2707 644 2727 c.
663 2698 689 2726 in
708 2699 904 2726 commentario

113 2744 148 2771 ad
172 2744 238 2771 Acta
265 2750 361 2778 αροει..
386 2752 434 2780 pro
462 2745 596 2772 communi
614 2745 727 2773 istorum
744 2749 903 2779 _tetnporum

152 2815 207 2849 (29)
227 2814 288 2842 Vid.
309 2814 407 2841 Anecd.
438 2819 502 2843 tom.
527 2816 570 2849 IV,
595 2823 622 2850 p.
643 2815 690 2847 20.
712 2815 757 2847 29,
779 2816 824 2848 55,
849 2819 901 2842 etc.

117 2848 194 2883 lNot.
210 2851 243 2886 ad
258 2858 328 2878 vers.
340 2850 375 2877 24
390 2858 449 2885 cap.
468 2858 504 2883 tv,
520 2852 553 2879 ad
569 2848 636 2879 vers.
654 2851 686 2878 Si
700 2859 757 2886 cap.
777 2859 813 2879 vn
829 2856 854 2879 ct
869 2850 902 2877 ad

114 2892 186 2914 vers.
203 2885 237 2914 59
253 2893 312 2921 cap.
327 2893 384 2920 vnt,
402 2886 510 2924 supra.]

939 260 1085 288 identidem
1102 265 1226 289 recurrat
1238 260 1307 296 (30).
1333 261 1366 288 Et
1381 260 1564 297 Miugarellius
1581 270 1656 295 vero,
1672 270 1734 289 cum

940 307 1102 342 intelligeret
1123 305 1273 344 Didymum'
1293 308 1320 335 in
1351 307 1532 336 Enarratione
1558 314 1648 336 nostra
1679 310 1735 336 fere

939 353 1052 381 nimium
1074 361 1135 382 esse
1150 354 1177 381 in
1199 354 1326 381 notandis
1344 354 1548 389 rcfntandisque
1570 355 1735 383 Manichmo-

940 407 1001 427 rum
1017 401 1166 434 erroribus,
1184 400 1300 434 coniecit
1319 401 1399 429 istam
1421 408 1454 429 eo
1471 401 1585 429 consilio
1601 403 1736 437 composi-

941 451 996 474 tam
1012 454 1082 479 esse,
1102 456 1111 473 ι
1125 451 1154 474 ut
1170 447 1324 482 pestiferam
1342 447 1457 476 Manetis
1479 447 1594 476 hmresin
1611 449 1737 476 conluta-

940 497 991 520 ret.
1008 502 1018 519 ι
1033 493 1132 521 Posses
1144 493 1238 521 eodem
1250 493 1313 528 jure
1338 493 1473 527 conjicere
1500 493 1641 528 Didymum
1658 502 1735 522 suam

941 537 1150 566 Enarrationem
1166 542 1261 566 contra
1277 538 1393 566 Arianos
1408 543 1455 566 aut
1472 539 1651 573 Sabellianos,
1668 547 1737 575 quos

942 583 1088 611 identidem
1106 584 1253 618 notaverit,
1270 584 1425 619 scripsisse.
1448 585 1483 612 At
1497 592 1560 612 vero
1575 585 1655 613 facile
1673 586 1737 613 huic

942 629 1121 664 supersedere
1136 629 1237 664 poteris
1254 627 1428 665 conjecturae.
1448 628 1540 657 Satius
1553 631 1625 657 enim
1645 631 1737 658 omnia

942 680 985 706 ea,
1000 681 1060 709 quae
1075 673 1128 702 huc
1140 673 1231 702 facere
1243 674 1380 706 videntur.
1395 682 1428 702 ex
1444 674 1577 710 polemico
1590 675 1738 710 Scriptura:

943 726 1028 747 sacrae
1054 719 1218 755 explicandi,
1247 720 1305 748 slve
1331 721 1420 755 potius
1446 721 1599 756 applicandi
1628 729 1738 757 genere,

943 772 999 800 quo
1021 765 1101 792 istius
1124 765 1173 792 aevi
1196 765 1320 793 homines
1337 766 1493 800 utebantur,
1519 767 1736 801 explicabuntur.

944 811 977 839 Et
998 818 1062 839 vero
1077 810 1143 838 nihil
1160 815 1291 846 praeterea
1313 810 1340 839 in
1367 816 1463 840 nostro
1484 812 1554 840 libro
1571 813 1737 847 continetur,

945 865 998 893 quo
1023 858 1074 884 ista
1100 857 1259 894 Mingarellii
1283 857 1439 893 conjectura
1462 863 1511 887 aut
1528 860 1671 888 secundari
1692 866 1738 888 aut

944 903 1051 932 delendi
1072 904 1167 939 possit.

981 949 1028 977 llis
1044 949 1080 977 ita
1095 949 1238 985 expositis,
1258 950 1280 978 si
1295 949 1341 986 qui
1363 950 1451 979 adhuc
1464 951 1610 988 scrupulus
1630 953 1664 981 de
1687 953 1740 981 fide

945 995 1032 1023 nostri
1049 996 1139 1031 operis
1153 996 1314 1032 Didymiana
1328 997 1376 1024 tibi
1395 997 1524 1032 resideat,
1540 999 1575 1026 ad
1588 1006 1650 1026 eum
1662 1006 1740 1034 pror-

944 1049 991 1070 sus
1004 1042 1095 1070 animo
1108 1043 1290 1078 evellendum,
1306 1044 1386 1072 velim
1399 1046 1524 1073 attendas
1537 1046 1740 1082 interpretatio-

945 1089 1025 1116 nibus
1044 1090 1220 1123 quorumdam
1241 1090 1269 1117 in
1287 1089 1372 1124 Epist.
1406 1092 1476 1119 oath.
1501 1092 1621 1121 locorum
1642 1098 1741 1128 praeter

946 1134 1153 1162 Enarrationem
1170 1135 1231 1163 aliis
1245 1135 1271 1163 in
1287 1136 1364 1165 libris
1376 1145 1391 1165 ι
1413 1137 1526 1173 Didymo
1537 1146 1598 1166 cum
1617 1139 1741 1174 proprie-

947 1185 1000 1208 tate
1014 1181 1130 1216 quadatn
1148 1189 1180 1209 ac
1196 1183 1349 1210 constantia
1366 1184 1488 1218 repetitis
1504 1191 1604 1219 :quas,
1626 1189 1656 1213 ut
1672 1190 1740 1213 tem-

945 1226 1003 1261 pori
1021 1234 1176 1262 parcamus,
1191 1227 1260 1255 infra
1275 1228 1309 1255 ad
1325 1228 1411 1263 ipsam
1429 1227 1639 1257 Enarrationem
1655 1229 1742 1258 adno-

946 1273 1074 1301 tabitnus.

981 1317 1037 1347 Vll.
1058 1318 1198 1347 lnnuimus
1223 1327 1317 1355 supra,
1340 1327 1391 1349 nos
1415 1321 1449 1348 de
1475 1321 1631 1357 integritate
1656 1323 1741 1350 nostri

945 1366 1048 1401 operis,
1074 1367 1154 1400 quale
1176 1374 1249 1394 nunc
1270 1367 1396 1400 habetur,
1418 1368 1497 1396 valde
1521 1369 1656 1397 dubitare.
1684 1369 1743 1398 Hoc

947 1418 1013 1438 vero
1024 1418 1058 1438 ne
1069 1415 1172 1438 tetnere
1186 1419 1201 1438 a
1220 1411 1297 1439 nobis
1310 1412 1411 1440 factum
1425 1420 1486 1441 esse
1506 1414 1614 1448 credas,
1634 1421 1684 1450 age
1698 1423 1743 1442 ra-

949 1456 1037 1484 tiones
1044 1456 1193 1487 dubitandi.
1206 1456 1300 1490 quales
1317 1457 1384 1490 sint,
1394 1459 1552 1486 accuratius
1561 1459 1740 1494 inquiramus.

981 1502 1022 1529 Ac
1045 1501 1133 1537 primo
1152 1502 1279 1537 quidem,
1305 1511 1358 1537 quo
1382 1504 1511 1532 attentius
1535 1505 1742 1533 Enarrationem

948 1552 1068 1576 nostram
1084 1548 1197 1583 perlegi,
1213 1556 1246 1576 eo
1263 1550 1349 1584 magis
1366 1557 1466 1577 nexum
1488 1558 1520 1578 ac
1536 1552 1741 1586 perpetuitatetn

948 1594 1137 1622 commentarii
1151 1594 1243 1622 multis
1258 1594 1283 1622 in
1297 1594 1363 1622 locis
1377 1595 1546 1624 desiderasse
1560 1596 1624 1624 milti
1637 1597 1741 1627 videor.

947 1638 1004 1674 Nec
1016 1646 1137 1674 possum,
1160 1640 1226 1675 quin
1246 1640 1406 1668 amissiones
1432 1641 1491 1669 sive
1517 1642 1628 1670 lacunas
1655 1642 1744 1672 inesse

948 1684 1082 1719 suspicer,
1096 1687 1217 1719 majores
1230 1686 1395 1713 minoresve.
1410 1686 1451 1714 Ad
1464 1687 1582 1715 minores
1596 1689 1666 1723 quod
1681 1689 1743 1717 alti—

948 1735 995 1758 net
1008 1729 1130 1763 lacunas,
1141 1729 1197 1765 jam
1213 1731 1327 1765 primus,
1343 1731 1388 1766 qui
1410 1736 1533 1759 nostrutn
1548 1740 1616 1768 opus
1632 1733 1744 1770 evulga-

948 1776 1000 1810 vit,
1019 1776 1108 1811 aliqua
1124 1776 1151 1803 in
1167 1784 1210 1810 eo,
1233 1777 1346 1811 paucula
1363 1782 1451 1805 tamen
1468 1778 1616 1807 desiderari
1639 1779 1668 1806 in
1684 1780 1745 1808 uni-

949 1829 1057 1850 versum
1082 1822 1190 1857 quidem
1214 1822 1283 1850 bene
1304 1823 1459 1851 observavit
1484 1823 1551 1859 (5t),
1578 1832 1627 1852 nec
1653 1829 1744 1853 tamen

949 1867 1034 1900 locos,
1058 1868 1105 1903 qui
1122 1868 1192 1895 male
1207 1868 1266 1896 sani
1283 1873 1330 1895 aut
1353 1869 1478 1897 lacunosi
1492 1870 1660 1904 viderentur,
1676 1871 1746 1898 indi-

950 1913 1032 1942 cavit.
1048 1913 1124 1941 Fecit
1144 1914 1195 1941 hoc
1217 1914 1374 1943 tlallandius
1398 1923 1442 1950 ea,
1465 1923 1518 1950 qua
1543 1917 1694 1949 consuevit,
1719 1922 1746 1944 et

951 1959 1101 1995 sagacitate
1112 1964 1140 1987 et
1154 1959 1304 1994 diligentia.
1321 1960 1463 1990 Pertinent
1475 1969 1550 1995 vero,
1568 1962 1590 1990 si
1606 1970 1667 1997 quae
1682 1963 1745 1990 talia

950 2013 1017 2034 vero
1039 2006 1239 2040 desiderantur,
1272 2007 1305 2034 ad
1330 2007 1436 2043 culpam
1463 2008 1534 2036 illius
1564 2008 1686 2043 librarii,
1711 2016 1746 2036 ex

951 2052 1029 2087 cujus
1055 2051 1125 2079 libro
1154 2052 1361 2087 manuscripto,
1387 2053 1433 2088 qui
1463 2053 1594 2081 hactenus
1621 2054 1747 2082 inventus

952 2102 1006 2131 est,
1025 2098 1116 2131 unico,
1133 2105 1221 2134 eoque
1237 2099 1424 2127 vetustissimo
1447 2099 1567 2135 quidem,
1591 2101 1638 2127 sed
1663 2107 1745 2136 quam

953 2144 1185 2180 negligentissime
1210 2145 1293 2178 facto,
1319 2145 1414 2173 Latina
1436 2150 1529 2174 nostra
1555 2152 1684 2181 expressa
1705 2150 1748 2174 est

953 2191 1106 2218 Enarratio.
1120 2190 1160 2218 Ne
1177 2195 1267 2219 autem
1283 2191 1387 2219 librarii
1404 2191 1509 2226 culpam
1537 2197 1638 2220 temere
1651 2193 1747 2228 exagi-

918 2238 941 2266 D
957 2241 1060 2269 temus,
1085 2237 1142 2271 ipse
1163 2237 1267 2271 primus
1289 2238 1377 2265 editor
1402 2238 1474 2265 haud
1502 2246 1564 2265 raro
1589 2238 1747 2266 lacunarum

955 2283 1033 2316 adeo,
1045 2290 1105 2318 quae
1115 2283 1195 2310 nulla?
1210 2288 1284 2316 sunt,
1297 2283 1392 2311 falsam
1405 2285 1522 2318 speciem
1537 2284 1661 2312 intulisse
1673 2285 1749 2313 vide-

955 2335 1009 2362 tur,
1034 2336 1067 2357 eo
1091 2330 1162 2364 quod
1196 2337 1286 2357 veram
1314 2330 1376 2358 libri
1400 2331 1576 2366 manuscripti
1605 2331 1748 2359 lectionem

955 2376 1026 2403 male
1041 2375 1186 2410 descripsit
1203 2376 1389 2411 orationisque
1407 2381 1542 2405 contexta:
1561 2377 1746 2412 integritatem

954 2421 1071 2456 pessima
1098 2421 1241 2448 verborum
1264 2421 1439 2450 distinctione
1464 2423 1543 2458 quasi
1567 2423 1748 2451 abscondidit.

958 2467 1102 2502 Utriusque
1115 2468 1224 2502 generis
1234 2468 1357 2506 exempla
1377 2468 1446 2496 infra
1461 2468 1641 2498 enotabimus.

988 2514 1103 2542 Gravior
1122 2519 1164 2541 est
1183 2514 1300 2549 quaestio
1314 2515 1348 2542 de
1362 2515 1526 2549 majoribus,
1551 2523 1612 2550 qua:
1629 2515 1656 2542 in
1678 2522 1750 2543 com-

954 2560 1089 2588 mentario
1102 2565 1196 2588 nosuo
1209 2561 1459 2595 deprehenduntur,
1471 2561 1576 2588 lacunis
1592 2561 1650 2588 sive
1664 2561 1749 2588 omis-

958 2607 1092 2635 sionibus.
1122 2606 1295 2642 lnmqualitas
1311 2607 1384 2634 enim
1397 2607 1630 2642 interpretationis
1644 2606 1749 2642 longio-

959 2653 996 2680 ris
1013 2653 1093 2680 modo
1104 2653 1138 2680 ad
1155 2661 1284 2681 nauseam
1300 2660 1397 2688 usque,
1409 2653 1489 2680 modo
1499 2653 1643 2686 brevioris,
1658 2653 1684 2680 in
1696 2653 1750 2687 μνία

958 2699 1011 2727 mis
1029 2698 1062 2726 ad
1080 2699 1259 2734 posteriorem
1280 2699 1430 2731 Petrinam,
1447 2699 1566 2732 itemque
1578 2698 1672 2726 Jacobi
1687 2698 1751 2733 Epi-

958 2743 1068 2777 stolam,
1095 2748 1148 2770 tam
1165 2743 1235 2772 male
1254 2751 1299 2772 me
1317 2744 1409 2778 habet,
1430 2744 1484 2772 imo
1506 2743 1627 2776 olfcndit,
1653 2748 1683 2771 ut
1706 2743 1751 2772 vix

993 2814 1048 2850 (50)
1068 2813 1128 2841 Vid.
1140 2814 1209 2848 apud
1220 2813 1348 2850 Wollium
1365 2822 1391 2849 p.
1408 2814 1451 2845 19,
1466 2815 1510 2850 52.
1533 2813 1612 2850 [Non
1630 2813 1662 2839 ad
1677 2820 1750 2843 vers.

958 2846 1285 2890 Bijcap._tv_ct;_adlve_r‘s.
1301 2849 1336 2876 56
1348 2846 1408 2890 cap:
1428 2846 1506 2886 νιιιῗ]

994 2883 1050 2921 (51)
1073 2884 1131 2913 Vid.
1153 2883 1222 2912 Bibl.
1244 2884 1318 2912 Patr.
1341 2883 1442 2918 Paria,
1465 2883 1526 2914 διέρ-
1546 2894 1581 2919 tv,
1598 2893 1625 2920 p.
1645 2885 1696 2913 557
1715 2884 1749 2913 Hi
