1913 3071
168 133 238 162 ΠΗ

787 131 907 159 DlDYMl
928 132 1163 160 ALEXANDRINI

1726 136 1787 166 {748

166 193 286 225 credam,
307 191 440 225 integram
462 190 539 217 nobis
566 189 688 218 relictam
717 198 777 218 esse
801 189 958 218 Enarratio-
974 196 996 224 Α
1012 192 1132 225 suspicio
1158 199 1192 219 eo
1221 192 1292 226 quod
1324 192 1380 227 ipse
1408 192 1508 221 fatetur
1533 193 1723 226 Cassiodorus,
1750 202 1790 230 qin

166 246 241 269 Item,
257 245 344 270 neque
359 245 477 272 unquam
500 236 656 271 persuaderi
675 236 741 263 tnilti
759 236 856 271 patiar,
877 236 958 272 Didy-

166 293 240 312 ttttttn
257 284 281 311 in
297 283 392 310 Graeco
405 283 601 310 commentario
623 287 677 309 tam
700 290 794 316 parum
817 282 868 310 sibi
890 291 957 310 cott-

164 335 282 357 stantem
299 329 392 362 fuisse,
419 330 514 363 suique
536 328 664 360 similem,
681 333 720 359 nt,
743 328 765 355 si
787 336 840 355 uno
863 333 958 356 tenore

164 376 345 410 Epistolarum
368 375 564 402 catholicarum
587 375 769 409 septenariutn
795 375 957 409 interpreta-

164 427 249 452 retur.
275 420 301 447 id
326 420 397 454 quod
420 428 454 447 ne
479 419 596 451 dubites,
615 419 667 447 alia
687 419 877 454 prolixioribus
901 420 956 447 imo

163 467 260 495 alienis
273 466 472 501 qnzestionibus
490 474 542 494 non
560 471 612 493 tam
626 470 745 498 ornaret,
761 473 842 501 quam
856 474 955 494 onera-

162 517 213 545 ret,
239 512 292 539 alia
313 512 357 539 vix
382 519 415 539 ac
442 519 476 539 ne
503 512 547 538 vix
571 511 681 546 quidem
707 511 880 539 adnotatione
907 519 956 539 sua

160 559 316 594 attingeret.
338 558 461 590 Accedit,
484 557 556 593 quod
578 565 612 584 ex
637 557 739 585 Gra‘cis
756 558 954 591 commentarii,

160 612 221 639 qua:
247 605 325 632 nobis
354 604 448 632 relicta
474 609 555 637 sunt,
585 603 742 638 fragmentis
771 612 832 631 cutn
860 604 955 632 Latina

160 649 340 678 Enarratione
357 649 511 676 accuratius
528 649 693 683 eotnparatis
707 649 764 676 fere
777 650 910 684 cogimur,
924 653 954 677 ut

159 695 299 729 exemplar
335 693 460 723 Grtc'cnm
492 694 588 722 Latino
618 694 702 722 multo
732 695 838 728 longius
869 695 953 723 fuisse

158 741 339 776 suspicemur.
355 740 439 775 Cujus
455 741 492 767 rei
509 740 634 774 exempla
653 740 838 768 manifestiora
854 748 952 775 suppe-

157 788 255 815 ditabit
289 788 428 815 adnotatio
466 786 638 814 Enarrationi
665 787 744 815 nobis
772 787 950 820 subjicienda.

158 833 227 866 Quid
244 833 350 860 tttulta?
368 833 472 866 Dicam,
489 833 560 867 quod
581 833 679 860 sentio.
695 833 878 868 Epiphanius,
905 833 951 867 qui

1013 236 1164 270 Epiphanio
1186 242 1280 263 auctor
1300 236 1349 263 fuit
1365 238 1596 271 interpretationis
1620 238 1678 265 sive
1698 241 1791 267 versio-

1012 283 1054 310 nis
1066 282 1168 318 Didymi
1181 282 1292 315 Latinte,
1304 283 1523 312 atltnnbrationes
1533 283 1679 311 Clementis
1688 284 1792 312 Alexan-

1011 328 1092 361 drini,
1125 333 1155 356 ut
1180 336 1239 364 qua:
1262 329 1419 357 viderentur
1449 329 1533 357 tttnlta
1563 330 1704 358 continere
1730 331 1792 360 male

1009 379 1101 408 cauta,
1126 375 1162 402 ita
1187 374 1328 403 transferri
1346 383 1361 402 a
1379 383 1407 402 se
1419 375 1509 411 jussas
1522 383 1600 409 esse,
1625 380 1665 410 ut,
1686 376 1791 404 oiTendi-

1010 421 1079 449 culis
1093 421 1227 454 exclusis,
1243 421 1365 449 securius
1376 421 1437 449 inde
1448 427 1538 457 posset
1552 423 1654 450 hauriri
1667 423 1790 451 doctrina.

1008 467 1077 494 Num
1095 468 1168 494 enim
1181 473 1269 503 putas,
1285 467 1408 503 Didymo,
1425 468 1469 503 qui
1481 468 1640 502 jantdudum
1665 469 1790 498 haereseos

1008 513 1180 549 Orib-:ttiatue
1208 514 1311 542 crimen
1340 515 1412 549 apud
1431 514 1524 550 vulgus
1549 515 1712 547 incurrerat,
1738 515 1791 543 feli-

1007 561 1074 588 ciori
1090 561 1230 588 Clemente
1249 561 1406 596 contigisse,
1432 565 1461 588 ut
1482 560 1625 588 Enarratio
1643 561 1726 596 ipsius
1747 562 1792 589 sub

1006 605 1151 642 Epiphanii
1170 607 1300 642 auspiciis
1316 608 1506 642 manibusque,
1527 608 1697 636 emaculandi
1715 616 1791 644 nego—

1007 652 1044 679 tio
1072 652 1130 680 fere
1156 652 1302 687 imperato,
1327 653 1470 680 imminuta
1497 658 1579 688 atque
1598 653 1702 688 integra
1727 653 1791 687 apud

1005 698 1116 726 Latinos
1131 699 1320 733 evulgaretur?
1334 698 1431 727 Posses
1447 699 1555 734 quidem
1569 707 1602 727 ex
1616 698 1676 727 loco
1686 698 1790 727 Cassio-

1005 745 1063 772 dori
1080 752 1161 780 supra
1191 745 1274 772 allato
1293 745 1344 773 boc
1366 750 1412 773 tuo
1427 745 1489 779 jure
1507 745 1653 779 conjicere.
1677 745 1790 772 codicem

1003 789 1190 818 Enarrationis
1210 789 1346 822 Graecum,
1370 791 1417 825 qui
1439 790 1604 827 Cassiodoro
1618 789 1724 817 oblatus
1742 795 1791 822 est,

1003 842 1056 861 non
1075 840 1158 862 totam
1181 843 1253 868 eam,
1278 836 1325 864 sed
1343 836 1443 863 dudum
1472 843 1488 862 a
1514 834 1616 863 Graecis
1644 835 1671 862 in
1696 839 1793 862 eatena:

155 879 382 907 commentarium
407 885 528 906 uestrum
557 886 590 906 ex
610 878 705 907 Graeco
730 877 858 907 Latinum
877 880 950 912 fecit.
969 889 989 916 Β
1004 881 1172 909 breviarium
1189 882 1327 909 redactam
1340 882 1518 909 continuisse.
1537 880 1587 909 Cui
1601 889 1652 909 non
1668 888 1794 916 repugna-

155 925 262 952 vitletur
280 925 345 952 mibi
363 925 471 959 quidem
488 932 522 952 ex
535 933 568 952 eo
582 929 718 956 catenam,
744 930 773 952 ut
788 930 853 952 tunc
868 925 953 953 moris

154 971 217 1003 fuit,
247 971 422 998 summarium
451 972 645 1006 composuisse,
677 972 723 1004 ita,
756 976 784 998 ut
813 972 846 998 ad
876 971 951 998 libita

153 1018 292 1045 outitteret
316 1025 348 1045 ac
373 1017 450 1052 quasi
477 1018 667 1046 interverterct
688 1025 720 1044 ea
743 1024 804 1052 quae
829 1017 879 1053 ipsi
904 1023 952 1044 aut

153 1062 312 1091 offensionis
326 1064 426 1097 aliquid
442 1064 555 1096 habere,
571 1069 618 1091 aut
633 1064 722 1091 minus
737 1064 892 1091 necessaria
905 1070 952 1090 aut

153 1109 312 1136 obscuriora
330 1109 386 1136 visa
402 1109 529 1137 fuissent.
547 1109 613 1143 Quae
637 1109 750 1136 mirilice
774 1108 952 1136 coniirmatur

1006 936 1064 956 rem
1095 928 1220 963 equidem
1248 928 1423 963 conjectum,
1448 928 1530 956 modo
1555 927 1741 955 Enarratiouis
1762 934 1794 954 ea

1005 981 1078 1003 esset
1093 975 1180 1002 forma
1194 982 1227 1002 ac
1243 975 1414 1010 compositio,
1443 974 1531 1010 qualis
1547 979 1706 1002 catenarum
1720 973 1794 1002 Gne-

1005 1026 1100 1047 carum
1127 1027 1188 1047 esse
1201 1020 1279 1053 solet,
1302 1020 1456 1048 accuratior
1482 1024 1510 1047 et
1530 1019 1698 1055 equabilior.
1726 1018 1796 1052 Quo-

1004 1065 1077 1093 circa
1097 1064 1197 1092 rectius
1210 1064 1362 1099 Epiphanio
1382 1065 1473 1100 operis
1487 1065 1584 1096 nostri.
1607 1064 1630 1091 si
1652 1071 1705 1098 qua
1725 1062 1795 1092 facta

1004 1118 1056 1145 est,
1071 1111 1202 1140 mutilatio
1214 1112 1271 1139 sive
1289 1111 1477 1147 compendium
1495 1111 1602 1139 crimini
1617 1110 1734 1139 dabitur.

237 1219 1783 1232 Μ

158 1222 224 1232 φ-κ

571 1304 836 1363 DlDYMl
881 1302 1375 1361 ALEXANDRINI
1459 1302 1463 1321 ‘

226 1427 289 1472 IN
329 1423 655 1471 EPISTOLAS
690 1421 1059 1470 CATHOLICAS
1103 1423 1454 1472 ENARBATIO
1491 1424 1714 1471 LATINA

270 1525 361 1556 Nunc
378 1522 519 1562 primum
536 1529 610 1553 cum
624 1520 815 1561 fragmentis
831 1519 934 1552 Graeci
950 1519 1147 1560 exemplaris
1164 1519 1235 1551 suis
1250 1519 1331 1552 locis
1346 1520 1551 1562 interpOsitis
1567 1520 1664 1554 edita.

191 1668 328 1708 Expositis
344 1671 378 1699 iis
391 1678 452 1706 qua:
465 1670 498 1698 de
511 1668 684 1702 auctoritate,
703 1668 845 1696 authentia
857 1675 890 1696 ac
904 1668 1011 1696 ratione
1025 1668 1215 1696 Enarrationis
1231 1667 1396 1704 Didymiana:
1409 1669 1598 1704 praemoneuda
1617 1670 1795 1704 videbantur,

155 1719 362 1756 progrediamur
382 1724 454 1744 nttuc
465 1717 500 1744 ad
519 1716 669 1752 parandam
685 1715 771 1750 ipsam
787 1715 866 1743 istius
877 1715 1066 1743 Enarrationis
1080 1723 1098 1743 e
1111 1714 1214 1742 Graecis
1232 1714 1347 1743 scholiis
1358 1716 1579 1744 vindicationem.

198 1767 237 1793 Ac
256 1764 328 1792 voiui
346 1764 380 1791 ab
395 1763 472 1791 ittitio
487 1763 595 1798 quidem
612 1763 763 1798 fragmenta
777 1766 880 1789 tantum
895 1761 988 1790 Graeca
1000 1769 1032 1790 ex
1049 1761 1159 1789 scholiis
1175 1761 1289 1790 collecta
1303 1769 1363 1790 cum
1380 1761 1486 1790 Latinis
1499 1770 1515 1790 e
1526 1763 1636 1797 regione
1651 1764 1794 1798 expressis

150 1812 188 1840 ita
210 1817 385 1845 componere,
406 1815 436 1837 ut
452 1817 484 1837 ex
504 1813 598 1837 mutuo
611 1809 754 1844 utriusque
767 1808 882 1844 exempli
899 1815 1032 1837 consensu
1058 1809 1092 1837 de
1112 1809 1214 1837 inventi
1232 1809 1285 1837 mei
1303 1809 1414 1837 veritate
1431 1809 1516 1837 cuivis
1531 1809 1611 1837 facile
1637 1815 1792 1839 constaret.

148 1856 188 1884 lie
205 1862 270 1882 vero
284 1855 439 1882 accuratius
455 1861 587 1889 perpensa
602 1860 664 1881 cum
680 1853 764 1889 probe
778 1853 968 1889 intelligerem,
990 1853 1077 1880 isthac
1092 1853 1136 1881 via
1154 1861 1205 1882 nec
1217 1854 1286 1882 satis
1304 1854 1420 1889 perspici
1434 1862 1512 1890 posse
1527 1855 1694 1883 scholiorum
1712 1856 1794 1884 Grat-

148 1910 242 1930 corum
261 1901 295 1930 ad
310 1901 436 1929 Latinum
448 1901 588 1936 exemplar
599 1900 758 1929 relationem
775 1905 909 1933 mutuam,
924 1908 974 1929 nec
986 1901 1118 1936 judicium
1131 1902 1280 1930 lectoribus
1296 1901 1361 1930 ferri
1379 1910 1460 1938 posse
1476 1903 1645 1937 exploratum
1656 1905 1690 1931 de
1703 1903 1793 1938 ipsius

146 1948 336 1976 Euarrationis
356 1954 452 1976 natura
472 1955 505 1976 ac
521 1948 621 1981 indole.
643 1947 732 1983 qualis
745 1952 828 1980 esset,
847 1948 948 1975 mutavi
968 1948 1122 1982 consilium,
1136 1953 1226 1983 atque,
1252 1956 1306 1983 quo
1321 1948 1417 1976 melius
1436 1949 1604 1983 pret/inciam
1623 1949 1740 1977 vindicis
1763 1951 1792 1978 in

146 2003 190 2023 me
204 2000 359 2031 susceptam
376 2002 516 2028 ornarem,
535 1999 620 2023 totam
645 1994 852 2022 Enarrationem
869 1996 1023 2024 accuratius
1047 1996 1213 2029 recognitatn
1229 2000 1311 2030 atque
1332 1994 1493 2030 fragmentis
1517 1995 1620 2023 Grecis
1641 1996 1699 2023 suis
1719 1996 1792 2024 locis

148 2043 281 2071 intersitis
297 2047 405 2071 auctam
429 2042 558 2078 deinceps
585 2042 666 2070 edere
685 2042 802 2070 decrevi.
816 2041 845 2070 lu
859 2050 911 2077 quo
932 2043 957 2070 id
971 2042 998 2070 in
1022 2043 1115 2077 primis
1131 2043 1281 2070 curandum
1297 2042 1363 2070 milii
1382 2042 1458 2075 duxi,
1479 2047 1516 2070 ut.
1530 2042 1674 2070 Enarratio
1688 2042 1792 2071 Latina

146 2097 161 2116 a
181 2089 296 2122 utendis,
312 2089 412 2123 quibus
431 2089 464 2116 ab
482 2088 591 2124 egregia
612 2088 658 2116 illa
676 2089 824 2124 primorum
841 2088 977 2115 editorum
998 2088 1056 2124 (32)
1079 2089 1183 2116 incuria
1200 2093 1282 2124 atque
1301 2088 1462 2124 negligentia
1477 2093 1568 2116 scatet
1585 2088 1643 2116 fere
1657 2089 1791 2117 innume-

146 2135 194 2166 ris.
214 2141 346 2170 quantum
363 2143 484 2171 possem,
505 2134 647 2170 purgatior
662 2135 793 2169 prodiret.
811 2135 849 2162 Ac
860 2135 895 2162 de
911 2135 1005 2162 critica
1021 2135 1141 2162 tnuneris
1161 2135 1212 2162 mei
1238 2135 1343 2162 ratione
1359 2140 1389 2162 ut
1403 2135 1496 2170 paucis
1519 2141 1652 2169 exponam
1668 2142 1791 2162 accura-

147 2184 210 2216 tius,
232 2192 265 2212 ea
281 2183 458 2218 oocupabitur
484 2183 583 2218 partim
606 2183 633 2210 in
659 2183 827 2218 corrigendis
847 2183 990 2210 verborum
1015 2182 1289 2218 interponi-tionibus,
1315 2190 1384 2218 quas
1409 2183 1489 2217 primi
1511 2183 1632 2210 editores
1644 2183 1790 2215 fecerunt,

145 2229 283 2264 pessimis,
304 2230 405 2263 partim
425 2229 450 2255 in
463 2228 640 2256 restituendis
660 2227 821 2255 lectionibus
837 2235 885 2262 pro
899 2227 1014 2261 insanis,
1037 2228 1060 2254 si
1083 2228 1141 2255 ﬁeri
1159 2228 1275 2262 poterit,
1296 2228 1459 2254 verioribus.
1478 2227 1504 2255 ln
1521 2235 1575 2262 quo
1588 2229 1695 2263 negotio
1710 2228 1791 2256 haud

145 2275 273 2309 exiguam
286 2275 390 2303 laboris
402 2279 508 2310 partem
525 2275 669 2310 occupavit
682 2275 852 2308 Gallandius,
876 2275 1035 2310 primusque
1053 2275 1144 2309 locos,
1167 2283 1236 2310 quos
1260 2275 1432 2302 intellexerat
1450 2279 1603 2311 corruptas,
1624 2280 1671 2303 aut
1694 2275 1790 2304 inter-

142 2322 289 2356 punctioue
304 2326 351 2349 aut
372 2321 488 2349 lectione
504 2326 607 2348 mutata
629 2329 727 2349 sanare
745 2322 866 2348 tentavit.
891 2321 1019 2349 Codicem
1038 2322 1064 2348 in
1079 2328 1110 2349 ea
1133 2329 1163 2349 re
1185 2326 1323 2349 auctorem
1344 2321 1439 2348 habuit
1464 2322 1575 2357 quidem
1593 2321 1707 2354 nullum,
1724 2321 1792 2350 solo

147 2368 258 2403 ingenio
277 2374 342 2396 usus
357 2372 384 2396 et
401 2373 461 2395 ane
476 2367 663 2402 coniecturali,
679 2367 816 2395 interdum
832 2372 921 2394 tamen
936 2367 1103 2394 felicissima.
1125 2367 1159 2395 Ut
1175 2367 1257 2402 igitur
1280 2367 1388 2402 aliquod
1406 2367 1504 2395 saltem
1520 2367 1622 2396 laboris
1635 2367 1687 2395 mei
1704 2375 1789 2395 com-

142 2415 270 2450 pendium
292 2414 422 2447 l'acerem,
445 2418 547 2441 textutn
571 2413 758 2441 Enarrationis
777 2421 811 2440 ex
827 2413 1014 2440 etnendatiore
1031 2412 1167 2440 Gallandii
1188 2413 1308 2441 editione
1320 2413 1489 2441 reddendum
1508 2415 1611 2442 curavi.
1634 2414 1700 2447 Qua:
1715 2422 1789 2442 vero

141 2460 281 2488 adnotavit
301 2459 356 2492 ille,
378 2460 416 2486 ita
442 2464 505 2486 sunt
525 2451 682 2494 contparata
696 2459 798 2492 omnia,
821 2464 860 2492 ut,
882 2459 905 2487 si
924 2460 1089 2491 omitterem.
1113 2460 1179 2487 mihi
1205 2467 1326 2495 meaque
1345 2460 1457 2488 editioni
1474 2461 1566 2489 deesse
1581 2462 1638 2496 ipse
1658 2461 1786 2489 viderer.

141 2507 234 2541 Itaque
262 2505 467 2533 Galiandiattatn
493 2505 696 2532 adnotationem
721 2506 843 2533 criticum
864 2512 944 2534 nemo
968 2506 1114 2533 mirabitur
1138 2515 1153 2534 a
1178 2514 1222 2534 me
1245 2507 1407 2541 repetitam,
1433 2514 1554 2542 meaeque
1577 2507 1788 2543 interpositam.

141 2553 234 2595 ﬂeque
259 2559 324 2579 vero
343 2555 426 2579 totam
442 2551 488 2578 ille
503 2551 618 2587 perfecit
637 2559 705 2585 rem,
728 2552 784 2580 imo
807 2553 890 2580 multa
909 2552 969 2580 aliis
987 2553 1096 2588 reliquit
1117 2554 1214 2581 melius
1233 2553 1255 2581 si
1279 2553 1335 2581 fieri
1352 2554 1453 2589 poterit
1469 2555 1647 2583 restituenda.
1670 2555 1730 2584 Hoc
1759 2557 1788 2584 ιιί

984 2629 1037 2652 tnr.
1064 2623 1141 2651 Hanc
1170 2624 1318 2660 principem
1354 2624 1499 2652 editionem
1528 2625 1659 2660 repetiero
1681 2625 1793 2653 deinde

982 2660 1159 2695 Colonienses
1181 2661 1232 2692 ita,
1256 2665 1303 2691 ut,
1334 2667 1368 2687 ne
1390 2661 1452 2695 quis
1475 2660 1608 2687 lectorum
1631 2660 1702 2687 male
1727 2661 1791 2688 sibi

981 2699 1076 2722 cantus
1088 2694 1260 2729 Origenianre
1276 2694 1412 2723 hatreseos
1427 2696 1590 2730 contagione
1607 2695 1790 2729 iniiceretur,

983 2730 1075 2757 tnttltis
1092 2731 1200 2764 quidem
1216 2735 1345 2758 caverent
1359 2731 1587 2758 admonitionibus
1608 2731 1635 2757 iu
1654 2731 1794 2764 margine

982 2764 1111 2792 interiore
1131 2766 1272 2800 appositis.
1291 2773 1400 2793 errores
1415 2773 1479 2793 vero
1498 2766 1576 2800 primi
1593 2766 1705 2793 editoris
1722 2774 1790 2793 non

980 2801 1059 2837 unedo
1076 2808 1146 2837 _non
1164 2802 1344 2837 corrigerent,
1365 2802 1414 2828 sed
1440 2806 1570 2837 augerent
1592 2801 1691 2836 potius.
1720 2800 1791 2829 Nec

978 2835 1059 2864 aliter
1073 2834 1254 2871 Lugdunensis
1269 2835 1439 2864 Bibliotheca:
1452 2834 1582 2865 editores.

174 2623 233 2659 (32)
260 2620 368 2659 Primus
399 2621 505 2659 Didymi
536 2621 722 2659 Alexandrini
739 2623 765 2650 in
776 2622 928 2659 ΔΕ’ρίδιοιιιι

139 2657 279 2687 canonicos
299 2657 408 2694 brevem
421 2657 622 2694 Enarrationem
642 2666 683 2694 et
709 2657 741 2684 Ι).
772 2657 928 2694 Hieronymi

139 2695 296 2729 script-orum
316 2692 554 2729 ecclesiasticarum
567 2693 696 2729 _cqtal_ogo
720 2694 804 2720 edidit
820 2692 927 2729 Marga—

138 2726 215 2755 rinus
232 2729 264 2754 de
280 2727 304 2754 la
319 2726 412 2762 Bigne,
432 2728 459 2754 in
476 2726 544 2755 Bibl.
563 2727 620 2754 PP.
636 2726 796 2756 l’arisieuat'a
810 2726 928 2757 editione

138 2762 268 2793 secunda,
284 2768 348 2788 tom.
364 2763 408 2795 IX,
423 2770 449 2796 p.
465 2762 597 2790 511-557.
612 2762 715 2789 Laudat.
731 2764 838 2798 quidem
855 2766 927 2791 codi-

138 2806 214 2829 cem,
239 2805 293 2830 quo
317 2805 380 2825 usus
405 2802 463 2830 est,
495 2798 726 2830 vetustissimum,
759 2799 925 2827 membranis

138 2833 290 2867 scriptum,
321 2831 441 2865 ejusdem
474 2838 563 2860 latttcn
593 2834 733 2860 lectionem
770 2833 922 2862 litterarum

137 2866 538 2903 obscuritatequamplurimum
552 2868 707 2904 impeditam
726 2868 808 2896 fuisse
832 2870 922 2904 queri-
