1913 3071
112 112 179 142 1749
604 108 802 139 ENAilllA‘HO
818 109 851 136 [Ν
870 108 920 136 ΕΡ]

977 108 1065 136 DLA.“
1087 109 1114 135 ιι.
1127 96 1255 137 JACOBl.
1666 108 1735 138 nso

116 168 194 196 nobis
207 157 350 203 contigerit
363 166 503 195 Gallandio
522 165 696 199 felicioribus,
711 174 791 200 quam
810 166 927 194 maxime
944 166 1056 193 debetur
1077 166 1101 193 id
1116 166 1186 193 haud
1201 174 1254 194 uno
1272 167 1297 194 in
1315 165 1375 195 loco
1390 167 1499 196 scltoliis
1511 168 1623 200 Graecis,
1639 169 1738 203 quibus

115 213 187 240 velut
210 212 322 240 medelis
338 212 371 239 ad
392 218 483 239 veram
499 210 603 238 Latina:
619 212 752 238 versionis
772 215 800 238 et
814 210 957 238 lectionem
981 215 1008 238 et
1031 211 1276 246 interpunctioncm
1296 212 1482 240 inveniendam
1500 214 1737 249 reponendamque

121 258 219 293 sapius
235 259 274 286 usi
289 265 393 286 sumus.
409 258 443 284 At
461 264 526 284 vero
543 261 570 284 ut
584 257 611 284 in
627 257 738 285 scholiis
758 256 860 284 Graecis
872 256 1047 284 emendandae
1061 257 1193 284 versionis
1213 257 1315 285 Latinae
1331 258 1401 285 haud
1421 259 1547 294 exiguum
1565 259 1680 294 positum
1696 265 1739 288 ea

115 304 262 331 subsidium
287 311 320 331 ac
339 303 417 338 quasi
440 302 600 335 remedium,
621 303 658 330 ita
678 304 705 330 in
732 304 857 331 versione
874 303 967 330 Latina
991 303 1062 330 haud
1077 310 1162 338 pauca
1180 307 1253 334 sunt,
1271 304 1368 338 quibus
1384 305 1485 338 optime
1499 304 1537 331 uti
1552 305 1688 339 potuimus
1705 307 1741 334 ad

116 350 301 384 reiingendum
316 349 481 377 scholiorum
499 348 656 377 Graecorum
680 353 782 376 textum
798 356 992 384 nonnunquam
1011 354 1178 384 corruptum.
1198 349 1263 382 Quae
1281 350 1396 383 scholia,
1412 351 1535 385 quamvis
1547 358 1562 379 θ
1577 350 1653 379 libris
1668 351 1740 380 edita

117 395 172 423 sint
186 395 252 422 satis
264 395 342 422 bonis
359 395 447 430 iisque
467 395 665 431 antiquioribus
681 394 750 430 (35),
764 395 865 422 habent
890 399 979 422 tamen
1003 395 1149 428 interdum,
1169 395 1194 422 in
1209 395 1307 430 quibus
1321 395 1439 424 oll'ensus
1458 396 1572 429 limreas,
1588 396 1668 424 verba
1684 398 1741 424 sin-

117 440 176 475 gula
200 445 340 474 corrupta,
358 440 608 475 sententiarumque
622 440 745 468 ordinem
762 440 833 468 male
852 441 1002 468 turbatum.
1019 440 1213 475 Corruptiones
1231 441 1394 468 scholiornm
1410 446 1490 476 atque
1503 440 1664 470 offensiones
1682 446 1742 469 tan-

118 490 174 521 tum
186 492 240 513 non
261 493 357 512 omnes
371 492 420 520 pro
433 493 484 512 suo
498 486 597 520 ingenii
613 485 738 513 acumine
754 485 824 513 bene
840 485 978 521 perspexit
993 485 1100 520 quidem
1119 492 1152 514 ac
1166 486 1321 520 conjectura
1335 486 1476 514 sublevare
1489 487 1623 514 interdum
1641 487 1742 522 optima

119 531 233 558 tentavit
253 531 405 559 Mattliaeius
420 532 516 565 editor,
536 531 607 559 idem
625 539 690 559 vero
710 539 772 559 cum
788 533 939 559 versionem
954 531 1118 559 scholiorum
1135 532 1332 568 Didymaeorum
1356 532 1480 560 Latinam
1494 534 1667 568 superstitem
1683 524 1755 562 esse-

120 579 268 614 ignoraret,
295 578 392 612 multa,
415 587 476 614 qua:
495 586 529 606 ex
549 585 580 606 ea
604 575 724 614 reparari
748 585 827 614 posse
841 579 968 606 videntur
985 585 1066 612 quam
1088 579 1248 612 certissime,
1271 583 1319 607 aut
1339 580 1469 608 intentata
1494 588 1606 615 prorsus
1620 584 1667 608 aut
1690 587 1744 608 non

120 627 215 652 sanata
231 623 305 651 curis
316 623 512 658 posterioribus
527 623 648 659 reliquit.
668 622 797 658 Exempla
812 623 862 655 rei,
880 623 944 658 quid
962 624 1051 651 valeat
1065 623 1092 650 in
1104 623 1280 652 emendandis
1297 625 1407 653 scholiis
1418 624 1519 654 Graecis
1531 625 1627 653 Latina
1641 626 1743 657 versio,

119 677 168 705 pro
184 669 270 697 salute
295 677 328 697 ex
344 669 404 698 istis
422 669 474 698 sibi
490 670 575 706 petita
589 669 704 706 gratiam
719 669 795 704 quasi
813 669 980 705 rependens.
999 669 1139 697 adnotatio
1161 674 1254 698 nostra
1273 670 1370 699 critica
1391 671 1585 707 suppeditabit.
1604 671 1692 707 Atque
1710 672 1744 700 de

120 717 163 745 bis
177 717 318 745 hactenus.

122 793 1740 808 \———————_——_—-—n———_-_

530 881 796 938 DlDYMI
841 880 1300 940 ALEXANDBIN
1309 883 1329 939 Ι

919 991 952 1012 IN

355 1053 585 1089 EPISTOLAM
604 1057 724 1088 BEATI
740 1055 879 1087 JACOBI
896 1054 1090 1086 APOSTOLI
1109 1055 1251 1086 BREVlS
1266 1055 1510 1088 ENARRATIO.

157 1213 234 1241 CAP.
254 1211 276 1246 Ι,
289 1219 364 1241 νειιε.
383 1213 410 1241 1.
426 1212 570 1246 «Iacobus,
587 1213 633 1242 Dei
647 1218 674 1241 et
691 1214 798 1242 Domini
823 1215 909 1243 nostri
924 1214 948 1244 A
961 1217 1034 1241 stum
1055 1212 1222 1241 tentationes
1240 1212 1312 1240 ferre
1325 1211 1494 1240 noscunturll
1508 1210 1576 1240 Nam
1596 1213 1752 1250 quicunque

121 1258 185 1287 Jesu
205 1258 304 1287 Christi
327 1266 433 1293 servus,
451 1259 593 1287 duodecim
618 1260 751 1293 tribubus,
765 1267 827 1295 qua
850 1264 915 1288 sunt
967 1260 1058 1287 varias
1074 1259 1237 1287 tentationes
1259 1266 1321 1286 cum
1340 1258 1518 1287 delectatione
1542 1259 1667 1292 sustinet,
1689 1268 1751 1288 eum

123 1306 149 1332 in
164 1305 343 1340 dispersione,
358 1304 483 1333 salutem.
496 1314 506 1331 ι
527 1305 613 1333 Sicuti
634 1306 777 1333 mortalem
796 1305 911 1340 gloriam

123 1351 248 1378 homines
266 1355 432 1386 appetentes,
451 1350 477 1378 in
494 1350 550 1379 suis
567 1351 814 1385 conscriptionibus
828 1352 916 1387 digni-

125 1400 193 1423 tates
206 1403 273 1430 qnas
292 1400 421 1431 putantur
441 1395 552 1430 habere,
571 1398 752 1432 praponuitt:
767 1397 805 1425 ita
829 1397 917 1425 sancti

124 1441 175 1467 viri
191 1441 217 1468 in
232 1440 359 1475 Epistolis
373 1448 442 1476 quas
457 1441 581 1468 scribunt
603 1442 636 1469 ad
652 1442 800 1475 Ecclesias,
813 1442 917 1476 princi-

125 1485 224 1520 paliter
241 1485 382 1520 proferunt
403 1493 496 1513 servos
509 1493 538 1513 se
555 1493 615 1514 esse
632 1485 736 1513 Domini
752 1486 838 1514 nostri
854 1485 918 1514 Iesu

126 1531 238 1564 Christi,
253 1531 418 1559 aestimantes
430 1531 501 1559 hanc
515 1531 723 1567 appellationem
738 1539 819 1567 supra
833 1539 917 1568 regna

126 1577 211 1604 totius
227 1577 319 1604 mundi
331 1576 493 1604 consistere.
510 1575 576 1604 Jure
592 1584 710 1612 namque
724 1576 851 1611 Jacobus,
868 1576 919 1604 cir-

127 1621 303 1650 cumcisionis
321 1621 472 1657 apostolus,
497 1622 542 1650 his
557 1631 567 1648 t
580 1623 627 1658 qui
651 1630 685 1650 ex
711 1622 919 1650 circumcisione

129 1668 242 1700 sunt‘,»
268 1667 372 1700 scribit,
395 1667 467 1695 sicut
491 1672 519 1696 et
545 1667 652 1702 Petrus,
673 1675 734 1696 cum
760 1667 919 1696 earumdem

129 1713 258 1749 probetur
278 1712 427 1746 apostolus,
455 1712 554 1741 Judmis
581 1713 677 1741 scribit
700 1714 728 1742 in
751 1713 920 1749 dispersione

129 1759 283 1787 constitutis
294 1761 314 1786 ¹.
332 1759 451 1788 Possunt
468 1760 621 1793 enimhatc,
636 1767 696 1794 qua:
705 1760 738 1787 iis
751 1759 918 1792 scribuntur,

131 1806 218 1841 aptari
239 1807 320 1834 etiam
343 1806 396 1834 illis
415 1806 461 1845 qui
476 1806 584 1834 occulte
600 1806 780 1841 spiritualiter
792 1811 855 1834 sunt
869 1805 918 1834 Ju-

131 1852 197 1884 daei;
217 1860 278 1879 nam
295 1857 322 1880 et
334 1851 452 1880 Joannes
471 1860 523 1879 una
538 1859 599 1880 cum
614 1852 716 1880 Jacobo
738 1856 764 1879 et
783 1852 918 1881 similibus

131 1897 288 1924 eoruntdem
307 1897 442 1925 exsistens
460 1897 607 1932 apostolus,
632 1898 665 1925 de
689 1897 819 1925 lsraelitis
833 1898 916 1933 spiri-

134 1943 251 1970 tunlibus
273 1947 300 1970 et
317 1943 441 1971 tribubus
462 1951 556 1971 eorum
576 1943 671 1970 habuit
686 1950 839 1971 sermonem
855 1948 920 1969 con-

133 1988 315 2023 templationis
327 1989 353 2015 in
370 1988 543 2025 Apocalypsi.

169 2034 251 2061 Vsus.
267 2033 296 2068 2,
313 2034 341 2062 5.
356 2043 366 2060 ί
378 2033 463 2062 Omne
477 2034 605 2070 gaudium
630 2033 797 2066 existimate,
823 2031 921 2060 fratres

135 2080 200 2112 mei,
214 2088 275 2108 cum
292 2080 318 2107 in
339 2079 503 2108 tentationes
521 2080 610 2108 varias
627 2079 787 2111 incideritis,
805 2078 922 2106 scientes

136 2126 207 2160 quod
226 2124 349 2160 probatio
378 2125 440 2153 fidei
471 2130 570 2153 vestrte
595 2125 752 2160 patientiam
772 2128 920 2160 operatur:

140 2171 270 2205 patientia
287 2176 376 2198 autent
392 2179 459 2206 opus
473 2171 620 2205 perfectutn
637 2170 729 2204 habet,
747 2175 777 2199 ut
792 2171 852 2199 sitis
862 2177 923 2205 per-

136 2217 199 2243 l'ecti
212 2222 238 2244 et
253 2217 361 2251 integri,
377 2217 402 2244 in
421 2217 494 2244 nullo
506 2217 671 2245 deﬁcientes.
687 2225 696 2242 ι

136 2263 183 2294 Et;
200 2263 372 2298 τελειοτάτην
385 2263 511 2299 ἀνδρείαν
584 2264 624 2291 Ad
642 2262 833 2298 perfectionem
856 2261 924 2288 viri-

136 2310 184 2336 καὶ
210 2309 356 2345 καρτερίαν
373 2310 427 2345 (54)
452 2319 515 2346 προ-
550 2310 602 2337 lem
618 2315 641 2336 et
662 2308 820 2344 patientiam
843 2307 923 2336 simul

136 2354 256 2390 τρέπων,
270 2355 424 2386 ἀκολούθως
440 2355 515 2382 ἀδελ·
551 2355 682 2386 invitans,
729 2357 926 2387 consequenter

138 2401 205 2435 φοὺς
234 2400 373 2436 ὀνομάζει,
401 2400 459 2428 ἀλλ’
483 2401 513 2427 οὺ
551 2401 649 2430 fratres
673 2407 737 2428 suos
759 2401 885 2436 appellat,
899 2405 926 2427 et

138 2446 231 2479 τέκνα,
243 2446 305 2473 οὔτε
316 2447 401 2479 υἱούς.
551 2454 604 2473 non
620 2447 698 2480 lilios,
713 2447 810 2482 quibus
820 2446 924 2474 scribit.

141 2492 279 2525 Quomodo
302 2494 374 2520 enim
392 2492 505 2527 perfecti
530 2499 585 2520 non
610 2493 673 2524 sint,
688 2493 733 2528 qui
763 2500 815 2519 non
838 2492 924 2519 solum

141 2538 200 2566 sine
225 2539 344 2572 tristitia,
364 2539 413 2567 sed
432 2539 515 2566 etiam
532 2545 594 2566 cum
617 2538 715 2573 gaudio
728 2543 837 2572 propter
850 2538 920 2565 Chri-

979 2537 1059 2572 ἀνὴρ.
1081 2536 1125 2562 διὰ
1141 2536 1248 2563 πάντων
1271 2543 1354 2570 γεγυ-

177 2607 186 2622 ¹
199 2606 278 2634 Rom.
294 2614 331 2640 iv,
350 2606 391 2633 η.
431 2606 547 2634 ‘lPetr.
559 2613 577 2637 ι,
594 2606 618 2633 Ι.
657 2605 667 2621 ³
686 2606 764 2632 llom.
777 2613 802 2638 v,
818 2605 874 2632 3-5.

177 2674 233 2707 (53)
253 2672 375 2704 Codices,
403 2673 502 2707 quibus
529 2672 555 2699 in
586 2672 628 2699 itis
657 2672 768 2699 scholiis
796 2680 861 2699 usus
886 2676 928 2699 est

140 2708 301 2740 Matthmius,
316 2707 488 2742 Mosquenses
500 2708 632 2738 suntduo,
644 2707 686 2734 Itis
698 2707 817 2742 insigniti
832 2707 906 2742 siglis
919 2717 925 2734 ε

142 2744 175 2771 D.
190 2749 216 2770 et
237 2742 268 2769 ll.
287 2743 362 2769 Illum
382 2743 594 2777 praistantioretn
612 2742 709 2770 sceculo
731 2750 768 2774 at,
785 2743 856 2770 hunc
876 2750 927 2770 sa:-

142 2779 204 2807 culo
219 2786 254 2805 xn
269 2778 309 2805 vel
325 2785 372 2805 xui
394 2778 523 2812 scriptum
538 2785 598 2804 esse
612 2777 806 2804 demonstravit
829 2777 926 2804 editor.

179 2813 235 2843 (διδ
255 2813 343 2841 Codex
364 2812 385 2839 ι)
404 2813 441 2840 ita
454 2813 556 2849 habet.
574 2812 614 2844 ci;
640 2812 791 2847 πλειότητα
809 2813 867 2839 κατ’
880 2813 927 2839 ἀν-

969 1304 1190 1339 probatissimum
1206 1311 1274 1339 opus
1286 1303 1418 1338 sequitur,
1432 1311 1446 1331 a
1461 1311 1514 1339 quo
1526 1305 1608 1332 etiam
1624 1305 1752 1340 patientia

966 1350 1114 1385 corrigitur
1134 1349 1252 1384 perfecta
1267 1353 1295 1376 et
1310 1349 1440 1377 fortitudo
1454 1350 1600 1385 pracipua.
1625 1350 1688 1379 Haec
1703 1351 1754 1379 ita-

970 1402 1024 1430 que
1047 1395 1177 1430 patientia
1205 1395 1274 1422 bene
1298 1394 1429 1422 certantis
1452 1402 1519 1428 opus
1548 1395 1669 1423 noscitur
1692 1403 1754 1424 esse

968 1440 1119 1475 perfectum
1137 1440 1229 1474 :quod
1255 1446 1323 1473 opus
1351 1447 1423 1467 nunc
1447 1440 1549 1473 evenit,
1568 1442 1676 1476 quando
1700 1449 1756 1470 non

971 1489 1081 1519 propter
1097 1484 1181 1517 aliud,
1197 1484 1244 1512 sed
1262 1484 1352 1512 divina
1370 1484 1502 1512 charitate
1512 1486 1660 1520 pet-(icitur.
1677 1487 1754 1522 Quod

970 1530 1042 1558 enim
1059 1530 1146 1566 majus
1157 1530 1275 1558 studium
1290 1535 1342 1563 est.
1363 1538 1444 1566 quam
1459 1535 1488 1559 ut
1501 1531 1601 1567 aliquis
1616 1533 1757 1568 perfectus

970 1575 1016 1608 sit,
1031 1579 1059 1602 et
1073 1582 1170 1602 omnes
1189 1575 1304 1603 virtutes
1325 1575 1435 1609 habeat,
1449 1582 1648 1612 consequenter
1658 1579 1755 1613 quibus

971 1620 1071 1656 agitur,
1086 1625 1115 1648 ut
1134 1620 1333 1655 possidentibus
1345 1627 1393 1649 eas
1411 1621 1558 1657 indigentia
1574 1623 1645 1650 nulla
1659 1631 1756 1659 prove-

971 1666 1050 1693 niat?
1064 1665 1111 1694 His
1128 1666 1217 1701 itaque
1240 1666 1329 1694 simile
1351 1671 1393 1694 est
1415 1667 1479 1695 illud
1493 1677 1501 1696 :
1517 1677 1527 1695 ε
1541 1668 1693 1698 Tribulatio
1708 1678 1756 1706 pa-

972 1712 1092 1740 tientiam
1115 1717 1254 1747 operatur,
1286 1712 1416 1747 patientia
1441 1719 1532 1742 autem
1559 1717 1756 1750 probationetn,

970 1758 1094 1793 probatio
1108 1765 1195 1793 spem,
1220 1765 1282 1793 spes
1295 1765 1359 1786 vero
1375 1767 1428 1787 non
1443 1760 1584 1788 confundit
1595 1761 1616 1789 ³.
1633 1771 1642 1788 ›
1655 1761 1758 1790 Verbo-

970 1811 1030 1831 rum
1055 1803 1126 1831 enim
1153 1803 1313 1837 differentia,
1328 1811 1381 1832 non
1402 1812 1542 1840 sensuum,
1556 1807 1584 1835 in
1596 1807 1639 1836 his
1652 1816 1756 1838 sermo-

971 1850 1050 1877 nibus
1064 1855 1124 1878 esse
1137 1849 1268 1884 probatur
1282 1849 1477 1884 apostolorum.

1004 1894 1088 1922 Vsus.
1102 1894 1146 1922 l2.
1169 1893 1287 1922 «Beatus
1309 1895 1361 1928 vir,
1380 1895 1427 1930 qui
1450 1896 1544 1925 suﬂert
1570 1899 1758 1933 tentationem,

969 1940 1109 1979 quoniam,
1137 1947 1198 1967 cum
1223 1939 1354 1975 probatus
1371 1940 1463 1975 fuerit,
1490 1943 1605 1977 accipiet
1628 1952 1757 1974 coronam

970 1985 1043 2017 vitae,
1059 1992 1139 2019 quam
1153 1983 1306 2018 repromisit
1317 1983 1387 2013 Deus
1401 1985 1573 2021 diligentibus
1584 1995 1623 2016 se.
1640 1998 1651 2015 ι

1007 2029 1077 2056 Dutn
1090 2028 1252 2057 sullicienter
1263 2030 1416 2063 invitasset,
1431 2038 1492 2059 cum
1509 2032 1607 2067 gaudio
1621 2035 1757 2064 sustinen-

973 2076 1021 2104 das
1033 2084 1094 2104 esse
1111 2075 1284 2108 tentationes,
1297 2081 1326 2103 ut
1338 2083 1407 2111 opus
1424 2078 1557 2113 portabile
1572 2079 1640 2115 (35),
1656 2086 1683 2108 et
1700 2089 1759 2116 pcr-

973 2121 1043 2148 fecta
1059 2120 1186 2156 patientia
1213 2125 1365 2153 teneantur,
1380 2129 1441 2157 quae
1456 2123 1631 2158 perﬁciuntur
1650 2131 1760 2160 propter

974 2174 1014 2201 se,
1030 2175 1082 2194 non
1099 2171 1211 2202 propter
1224 2167 1370 2202 quidquam
1391 2168 1463 2196 aliud
1483 2175 1570 2205 gesta,
1585 2178 1634 2206 per
1646 2172 1757 2200 alteram

975 2213 1152 2241 monitionem
1177 2213 1293 2240 suadere
1313 2215 1452 2242 contendit
1475 2216 1711 2251 promissionibus,
1731 2223 1761 2246 ut

975 2259 1117 2293 prmsentia
1137 2258 1318 2292 corrigantur,

977 2302 1109 2339 μακάριον
1126 2299 1195 2328 εἶναι
1206 2301 1291 2335 λέγει.
1304 2302 1350 2329 τὸν

975 2348 1128 2385 πειρασμὸν
1167 2348 1347 2383 ὑπομένοντα.

976 2395 1122 2430 Γενήσεται
1146 2393 1220 2430 γὰρ,
1255 2394 1349 2430 φησὶν,

976 2444 990 2469 ὁ
1009 2441 1095 2473 οὕτως
1112 2441 1265 2477 ἀθλητικῶς
1279 2441 1348 2475 ἁγα-

977 2489 1034 2523 γὼν
1051 2489 1097 2515 τὸν
1121 2487 1215 2523 ἀγῶνα
1243 2487 1355 2522 δόκιμος

1384 2304 1491 2332 beatum
1514 2312 1575 2333 esse
1596 2305 1699 2339 dicens,
1713 2307 1759 2342 qui

1387 2352 1561 2379 tentationem
1573 2352 1676 2380 suffert.
1691 2353 1759 2387 Fiet,

1385 2397 1483 2432 inquit,
1505 2397 1628 2433 quisquis
1653 2398 1762 2427 fortiter

1386 2448 1523 2471 certamen
1551 2445 1687 2480 exceperit
1698 2464 1706 2477 ,
1733 2449 1763 2472 ut

1389 2488 1431 2515 vir
1452 2489 1587 2523 perfectus
1600 2493 1627 2516 et
1648 2490 1674 2516 in
1696 2496 1762 2516 cun-

1388 2535 1439 2562 ctis
1452 2535 1624 2563 exercitatus.
1636 2535 1686 2568 Qui
1699 2541 1763 2562 vero

980 2667 1141 2706 δρείανλδεαὶ
1153 2666 1260 2706 ’ἀρετὴν
1275 2662 1438 2705 προτρέπων
1466 2663 1631 2706 ξαρ-περίαγε.
1644 2662 1709 2696 Quae
1724 2662 1763 2689 le-

982 2698 1036 2733 ctio
1053 2703 1086 2730 ad
1101 2698 1224 2729 Latinam
1238 2698 1391 2728 versionem
1406 2699 1516 2733 propius
1531 2698 1644 2725 neccilit.

1017 2737 1178 2775 (35)_Recte
1189 2735 1366 2775 _t_3n|lan_d_ius.
1382 2732 1526 2775 probabile.
1539 2734 1572 2775 rln
1587 2733 1681 2775 Gl'iECP
1694 2732 1762 2775 seris

1001 2767 1056 2803 tum
1065 2767 1158 2800 'fuisse
1171 2771 1274 2798 videtur
1286 2767 1405 2804 δόκιμον.
1419 2768 1590 2802 Conferatur,
1602 2767 1671 2804 quod
1683 2774 1763 2802 supra

1001 2783 1056 2803 ιυιιι
1075 2783 1158 2800 tutsse
1173 2783 1271 2798 vtuuuu
1286 2783 1405 2804 υυιιιμυν.

981 2783 1090 2845 regitur,
1106 2806 1319 2842 probatissimum
1335 2812 1410 2839 opus.
