1913 3071
155 66 219 94 ΠἨ

155 120 318 157 μνασμένος·
336 119 445 146 οὖτωὸὲ
465 119 532 146 ἀναν

153 168 267 203 φανέντι
280 169 312 193 ἐκ
330 166 386 192 τῶν
407 165 532 201 σκυθρω-

153 213 212 240 πῶν
237 212 378 247 δοθήσεται
401 211 532 245 στέφανος

153 260 237 295 ζωῆς,
258 257 401 294 autpartth
407 257 447 288 εὶς
475 257 528 283 ὑπὸ

152 305 200 332 τοῦ
213 304 280 332 Θεοῦ
297 306 352 336 τοῖς
366 303 446 330 αὑτὸν
462 303 532 337 ἀγα-

787 64 903 92 leYllll
925 65 1156 93 ALEXANDRINI

1718 65 1803 94 i753

569 117 629 146 talis
648 119 804 154 apparuerit
819 123 880 154 post
894 119 942 146 tri-
957 125 980 152 Α
995 121 1150 148 dubitanter
1180 119 1306 156 appellat.
1333 120 1367 149 Et
1392 122 1530 157 qttomodo
1561 122 1643 157 aliqui
1677 122 1796 153 dicunt.

567 165 679 198 stitiam,
720 165 868 193 merebitur
909 167 944 193 ad

568 211 708 246 praemium
733 211 795 239 vitae
812 219 942 239 coronam

569 264 583 283 a
610 256 665 283 Deo
686 263 748 284 eum
772 257 947 292 diligentibus

569 308 756 337 praeparatam.

154 360 217 378 πωσ
220 360 255 378 ιν.

154 397 193 424 Ex
210 396 307 431 quibus
323 394 504 431 agnoscimus,
524 393 652 428 quoniam
677 394 824 422 secundum
853 394 947 422 unius-

154 443 287 478 cujusque
301 442 415 469 virtutes
428 440 514 476 potuit
529 447 544 466 a
561 439 617 467 Deo
633 447 734 467 corona
756 440 883 475 praeberi,
900 440 946 468 alii

157 489 266 524 quidem
284 487 408 523 justitize,
424 486 468 513 alii
485 485 720 514 immarccscibilis
735 491 762 514 et
777 491 856 514 recta:
869 487 945 520 ﬁdei;

155 543 206 571 par
221 539 264 562 est
282 539 371 561 autem
387 537 485 568 praeter
498 531 564 558 istas
580 539 695 559 coronas
708 532 791 559 etiam
808 532 859 559 alia
873 540 948 560 coro-

155 588 203 614 na,
214 579 386 614 sperantibus
400 583 427 606 et
443 578 534 610 futura
553 578 754 605 sustinentibus
766 577 946 611 conferenda,

155 628 232 663 cujus
251 626 377 654 materies
393 625 524 653 Dominus
542 629 584 653 est
600 626 669 660 ipse.
687 625 775 660 Super
791 625 842 653 itas
856 630 946 653 autem

156 674 273 709 reposita
286 677 328 700 cst
344 676 372 699 et
385 671 469 699 altera
492 671 647 699 {ruentibus
661 671 804 698 Dominunt
819 676 847 699 et
865 678 948 706 expe-

156 720 301 747 rimentum
317 717 477 744 habentibus
499 716 617 751 paradisi
641 716 811 750 deliciarum,
831 722 859 744 et
872 722 948 753 pota-

158 765 193 793 ti's
209 765 242 792 de
257 767 375 790 torrente
392 761 551 789 deliciarum
571 761 630 788 Dei.
646 761 774 796 Exempla
798 769 864 789 vero
877 769 948 797 prae-

156 810 291 838 dictarum
303 804 463 835 coronarum
474 810 537 834 sunt
550 807 608 834 haec
621 815 628 834 :
645 816 655 832 ι
669 806 809 841 Reposita,
822 816 832 833 ι
846 807 944 841 inquit,
960 802 983 832 Β

160 865 171 883 ‹
182 855 247 883 mihi
267 859 309 882 est
324 860 425 881 corona
450 852 601 888 justitiaa‘;
617 861 628 879 ι
647 857 675 880 et
691 853 787 880 iterum
804 861 812 881 :
830 862 839 879 ι
852 849 948 881 Porta-

156 902 220 930 bitis
234 899 488 928 immarcescibilem
504 899 597 934 gloria:
605 899 768 933 coronam';
784 909 794 926 ι
810 899 945 934 itemque:

160 957 170 975 ι
183 948 241 975 Erit
254 947 281 974 in
302 945 348 973 illa
367 945 409 972 die
427 944 556 972 Dominus
571 944 692 972 Sabaoth
705 952 807 972 corona
829 945 921 980 spei';
934 954 944 971 ι

157 995 311 1027 iterumque
325 1000 333 1018 :
348 1001 358 1018 ι
370 991 476 1019 Corona
492 990 650 1019 deliciarum
663 995 786 1027 proteget
796 995 822 1018 te
831 991 854 1018 ".
865 992 948 1024 tQute

157 1045 258 1067 corona
273 1037 500 1065 considerandum
520 1041 573 1068 est,
589 1044 622 1063 ne
634 1036 703 1064 forte
717 1036 774 1070 ipsa
789 1037 835 1069 sit,
850 1037 882 1064 de
894 1044 947 1070 qua

157 1085 259 1112 dictum
276 1088 337 1111 est:
356 1092 364 1109 ι
381 1082 487 1109 Corona
505 1082 653 1117 gratiarum
665 1082 708 1114 ⁸,»
721 1089 755 1109 an
775 1082 871 1109 altera.
890 1082 949 1110 Sic-

157 1137 188 1158 ut
202 1130 273 1158 enim
291 1130 336 1165 qui
355 1129 454 1155 fruitur
470 1135 571 1155 c0roua
599 1128 770 1160 deliciarum,
787 1133 813 1156 et
833 1128 879 1162 qui
899 1128 948 1155 ba-

157 1178 204 1205 bet
217 1176 334 1211 gratiam
349 1174 397 1201 Dei
413 1179 614 1208 cooperantem,
642 1181 773 1202 coronam
798 1175 947 1210 gratiarum

157 1222 272 1257 percipit
284 1227 292 1247 :
304 1220 344 1248 sic
357 1224 383 1247 et
399 1219 455 1255 (36)
476 1219 521 1254 qui
534 1219 666 1253 justitiam
684 1224 823 1253 operatur,
834 1225 861 1247 et
877 1225 950 1247 recte

158 1272 279 1296 sectatur
293 1266 326 1293 de
341 1265 395 1297 hls,
413 1272 474 1300 qua:
489 1264 618 1299 sapientia
633 1269 707 1296 sunt,
721 1269 768 1292 aut
781 1265 828 1300 qui
847 1266 951 1300 appetit

157 1312 308 1348 perfectam
323 1311 449 1347 gloriam,
465 1317 593 1338 coronam
606 1310 718 1345 justitize
735 1315 762 1338 et
774 1311 866 1346 gloriae
888 1318 951 1346 pro~

158 1363 290 1392 tueretur,

158 1405 229 1432 οὕτω
236 1403 286 1430 de?)
294 1402 438 1439 ὑπομένειν
447 1410 541 1438 πειρα-

160 1451 238 1486 σμῶν
267 1449 322 1485 (57)
352 1448 540 1484 καταφρονῶν,

160 1495 297 1523 ἐπιπόνων
322 1494 369 1521 καὶ
389 1493 472 1520 αὐτοῦ
490 1493 539 1519 τοῦ

159 1542 285 1574 θανάτου,
309 1540 440 1574 στέφανον
466 1538 539 1573 ζωῆς

159 1589 328 1624 ἀπολήψεται
342 1587 392 1622 τῆς
415 1586 524 1612 αἰωνίου
530 1606 537 1618 ,

159 1636 217 1664 ἀνθ’
224 1634 257 1672 ἧς
266 1634 450 1669 κατεφρόνησε
459 1641 538 1667 προσ-

160 1683 257 1719 καίρου
282 1682 365 1716 ζωῆς.
391 1680 536 1715 Ζητήσεις,

160 1731 185 1756 εἰ
194 1729 243 1764 ὒλη
252 1726 281 1755 οὗ
289 1727 437 1763 ἡτοίμασεν
448 1727 462 1751 ὁ
471 1724 538 1756 Θεὸς

161 1777 295 1811 στεφάνου
311 1775 383 1809 ζωῆς
395 1774 452 1805 τοῖς
467 1773 538 1806 ἁγα-

161 1823 250 1851 πῶσιν
279 1821 373 1853 αὑτὸν,
404 1820 478 1846 ἐστὶν
499 1817 540 1855 [ἃ.

161 1871 309 1907 ἡτοίμασεν
324 1869 339 1895 ὸ
351 1867 418 1899 Θεὸς
430 1867 487 1898 τοῖς
505 1866 539 1893 ἀ-

161 1918 287 1954 γαπῶσιν
317 1914 397 1942 αὐτὸν
427 1912 496 1949 (58)]
522 1911 540 1939 ἃ

162 1964 207 1992 διὰ
221 1961 334 1998 μέγεοος
362 1960 498 1994 θειότητος
511 1957 539 1984 ὃς

161 2010 208 2046 ψει
224 2009 269 2035 καὶ
279 2008 347 2042 ἀκοῇ
360 2006 410 2040 οὐχ
429 2005 540 2031 ὑπόκει-

161 2068 219 2090 ται,
240 2057 300 2084 οὐδὲ
310 2055 374 2090 ψιλῇ
390 2055 480 2089 νοήσει
497 2053 540 2079 ἀν-

164 2104 274 2140 θρώπου
286 2099 468 2133 ἀναϐέϐηκεν.

200 2148 282 2176 Vsus.
301 2145 344 2172 Π.
362 2154 371 2170 ι
385 2145 470 2172 Omne
491 2143 583 2169 datttnt
606 2140 738 2174 optimum
762 2143 789 2166 et
807 2145 887 2165 omne
905 2139 953 2166 do-
968 2155 990 2183 υ

579 1402 615 1429 ita
630 1407 657 1430 et
676 1403 721 1438 qui
744 1403 878 1432 sustinere
894 1407 953 1430 ten-

577 1449 705 1476 tationem
739 1457 791 1477 non
826 1449 950 1484 despicit,

577 1495 705 1522 insistens
716 1495 797 1522 etiam
812 1495 861 1530 ipsi
879 1503 951 1522 mor-

576 1541 606 1573 ti,
620 1549 748 1569 coronam
766 1546 875 1569 seternae
891 1542 952 1569 vita

574 1587 714 1621 percipiet,
733 1594 782 1621 pro
807 1594 860 1622 qua
885 1591 952 1615 tem-

574 1632 675 1666 poralia
688 1632 758 1659 bona
774 1633 948 1666 contempsit.

574 1677 753 1709 Quaerendum
776 1681 830 1710 est,
851 1677 875 1705 si
894 1685 952 1704 ma-

575 1723 641 1751 teria
657 1724 840 1751 coronamine
848 1743 856 1757 ,
871 1731 951 1759 quam

575 1773 738 1807 pra‘paravit
752 1772 822 1800 Deus
841 1772 953 1808 diligen-

577 1817 648 1845 tibus
674 1825 713 1850 se,
737 1825 768 1845 ea
798 1822 863 1845 sunt
892 1825 953 1852 quae

576 1865 679 1892 scilicet
690 1869 798 1899 propter
816 1865 953 1899 magnitu-

577 1911 667 1938 dinem
694 1911 842 1945 majestatis
874 1919 954 1946 aspe—

576 1958 631 1985 ctui
647 1963 673 1985 et
689 1958 791 1984 auditui
816 1963 953 1992 nequeunt

575 2003 666 2034 subdi,
684 2009 733 2029 nec
749 2002 782 2028 ad
802 2009 896 2036 purum
914 2002 954 2028 in-

577 2050 712 2077 tellectum
729 2049 847 2076 hominis
861 2048 953 2083 cujus-

576 2096 641 2123 libet
653 2094 771 2121 admitti.

166 2203 229 2222 nunt
255 2192 405 2227 perfectum
428 2189 570 2216 desursum
594 2190 636 2214 est
659 2185 826 2213 descendens
841 2193 855 2212 a
872 2185 952 2213 Patre

164 2239 304 2267 luutinunt.
317 2246 328 2264 ι

200 2286 308 2312 Patrem
323 2282 455 2310 luminum
481 2277 699 2314 intelligibilium,
714 2277 766 2304 hoc
787 2280 838 2308 est,
853 2275 953 2303 illumi-

166 2336 292 2358 natorum
318 2327 491 2356 rationaliunt
518 2324 602 2352 Deum
620 2323 698 2355 dicit,
711 2331 726 2349 a
743 2329 807 2356 quo,
827 2327 955 2356 tanquam

167 2386 182 2404 a
197 2378 290 2405 datore
312 2381 416 2406 rerum,
433 2371 526 2398 venire
543 2369 577 2396 ad
602 2368 737 2400 homines,
751 2367 848 2401 inquit,
867 2367 955 2393 divina

167 2426 254 2456 dona;
270 2428 340 2456 quae,
355 2427 388 2446 eo
403 2417 473 2452 quod
496 2415 612 2450 prosint,
627 2414 727 2447 optima
743 2412 808 2439 dicit
829 2412 907 2445 data;
923 2420 956 2439 eo

167 2468 238 2505 quod
257 2467 336 2502 plena
357 2468 384 2491 et
406 2462 464 2490 sine
481 2460 587 2488 delectu
608 2462 683 2491 sunt,
700 2457 767 2484 dona
784 2457 901 2491 perlecta
915 2457 956 2484 itt-

202 2550 213 2565 ⁸
228 2548 247 2574 ll
264 2544 382 2574 Timoth.
406 2550 442 2576 tv,
459 2541 485 2569 8.
523 2540 534 2556 '
547 2540 556 2567 l
569 2539 642 2568 Petr.
660 2546 687 2571 v,
701 2538 728 2564 tl.
766 2537 777 2553 ⁶
791 2538 834 2564 lsa
862 2545 958 2570 xxvnt,
973 2536 1000 2564 5.

167 2585 248 2612 L‘iiclt.
261 2591 280 2614 t,
300 2581 343 2608 12.

202 2652 260 2688 (36)
276 2648 518 2688 Muenchmcierus
535 2653 609 2673 meus
632 2644 688 2672 fere
710 2642 843 2679 persuasit
867 2641 953 2676 Inibi,

168 2683 355 2721 corrigendum
369 2692 439 2721 esse,
453 2683 530 2721 sicut.
761 2713 768 2721 ι
822 2711 829 2720 ν

204 2713 257 2755 (δὴ
278 2720 354 2755 [utet
367 2713 536 2755 scribendum
563 2722 623 2755 esse
638 2713 789 2755 πξιρασμὸν
803 2713 844 2755 οὐ.

204 2751 259 2789 (58)
279 2753 352 2785 lltcc,
364 2762 424 2788 qua:
438 2753 513 2780 uncis
526 2751 626 2789 inclusa
641 2751 726 2782 vides,
742 2754 851 2783 propter
871 2754 950 2781 aper-

172 2796 225 2818 litin
241 2789 431 2824 διττογραφίσιδ
447 2788 577 2822 cjit'ienda
589 2791 660 2813 sunt.

998 172 1129 201 quantunt
1147 167 1180 194 ad
1194 167 1272 194 istaut
1287 174 1391 200 vocem,
1409 168 1465 195 sola
1485 176 1544 202 quae
1560 168 1670 195 meliora
1689 169 1760 201 sint,
1775 177 1796 196 ι

997 213 1054 240 Deo
1067 220 1138 245 esse,
1151 221 1202 240 non
1219 214 1301 240 etiam
1315 221 1375 248 quae
1390 212 1502 241 molesta
1529 213 1686 247 iudicantur
1698 220 1726 242 et
1742 215 1797 242 tri-

998 259 1061 291 stia,
1075 259 1228 294 ponendum
1245 263 1287 286 est
1310 258 1385 292 illud,
1402 259 1446 286 ubi
1467 259 1504 286 ait
1527 259 1666 294 Scriptura
1681 268 1688 287 :
1707 269 1717 285 ε
1728 260 1795 295 Ipse

997 303 1108 331 deduxit
1130 310 1212 338 super
1230 310 1277 330 eos
1302 302 1407 336 mala';
1421 312 1430 328 ι
1457 308 1484 330 et
1502 303 1587 331 illud:
1605 313 1614 329 ί
1630 304 1790 332 Descende-

997 355 1061 378 ruut
1077 349 1146 376 mala
1156 357 1171 376 a
1185 350 1299 378 Domino
1314 357 1396 385 super
1410 354 1502 385 portas
1518 349 1668 378 Jerusalem
1678 351 1719 383 “3
1737 360 1748 377 ι
1763 356 1792 378 et

997 396 1042 425 ltis
1057 396 1166 424 similia.
1187 395 1226 423 Ex
1243 397 1342 430 quibus
1362 401 1389 423 et
1411 396 1472 424 aliis
1485 395 1637 430 huiusmodi
1656 397 1792 432 exemplis

996 441 1152 476 agnoscitur
1163 441 1308 474 sententia,
1323 448 1354 468 ex
1364 440 1466 475 judicio
1478 441 1523 468 Dei
1537 442 1628 468 suavia
1644 446 1726 476 atque
1739 443 1792 469 tri-

996 487 1047 514 stia
1067 487 1222 514 hominibus
1252 487 1404 521 provettire.
1440 487 1507 515 Cum
1532 495 1599 522 ergo
1628 493 1724 515 cuncta
1740 487 1790 516 Dei

996 533 1174 569 providentia
1190 526 1359 565 deferantur,
1379 538 1499 560 attamen
1524 540 1694 568 consequens
1715 539 1789 566 erat,

996 585 1035 610 ut,
1052 580 1097 614 qui
1125 580 1257 607 invitabat
1282 579 1315 607 ad
1344 579 1500 614 patientiam
1534 579 1787 615 perfectionemque

996 625 1123 658 virtutis,
1145 633 1197 653 non
1226 625 1358 653 malorum
1402 625 1570 659 illationem,
1601 626 1649 653 sed
1686 634 1791 652 memo-

982 671 1065 709 .riam
1088 671 1197 699 deberet
1218 671 1319 700 habere
1348 672 1488 700 meliorem
1501 672 1570 708 (59),
1597 673 1661 700 dum
1685 673 1790 706 omnis,

996 718 1041 754 qui
1056 717 1148 746 studet
1165 718 1312 746 secundum
1338 718 1465 746 virtutem
1480 719 1582 751 vivere,
1602 727 1654 746 non
1685 720 1790 751 tristia,

998 763 1046 791 sed
1072 763 1175 799 optima
1200 763 1262 791 data
1285 763 1375 798 potius
1397 768 1425 792 et
1442 764 1511 791 dona
1525 763 1644 798 perlecta
1657 771 1790 791 mere:ur.

997 808 1074 835 Alter
1086 815 1153 835 vero
1165 807 1287 843 quidam,
1303 807 1460 844 Scripturas
1477 808 1601 836 subtilius
1616 808 1791 836 animadver—

998 858 1067 886 lens,
1084 857 1111 880 et
1128 860 1171 885 ea,
1190 860 1250 887 qua:
1272 853 1316 888 pie
1338 854 1370 881 de
1387 853 1556 888 providentia
1574 859 1636 881 sunt
1651 854 1720 889 (ιο).
1735 861 1789 881 ex-

995 906 1110 935 ponens,
1133 899 1208 931 dicit,
1235 899 1372 926 mcliorem
1389 899 1447 934 (41)
1472 899 1699 927 ministrationem
1724 899 1789 927 ﬁeri

996 945 1165 981 praecedente
1183 944 1322 973 voluntate
1348 945 1409 977 Dei,
1434 945 1547 973 adversa
1568 952 1643 979 vero,
1673 951 1789 980 propter

996 991 1141 1027 quamdam
1154 992 1310 1026 utilitatem,
1326 999 1375 1027 per
1392 992 1572 1020 aceidentiam
1591 992 1733 1019 destinari.

1032 1037 1109 1066 CAP.
1123 1037 1154 1070 ll,
1171 1046 1248 1072 varis.
1260 1037 1304 1064 26.
1323 1047 1332 1064 ι
1347 1038 1425 1065 Sicut
1444 1039 1516 1066 enim
1543 1045 1640 1072 corpus
1657 1038 1715 1066 sine
1734 1039 1794 1072 spi-

996 1085 1050 1112 ritu
1067 1089 1203 1112 mortuum
1221 1088 1275 1117 est,
1290 1083 1330 1111 sic
1349 1089 1377 1111 et
1392 1083 1458 1112 ﬁdes
1479 1084 1538 1112 sine
1558 1085 1684 1119 operibus
1716 1091 1792 1112 mor-

1000 1135 1043 1157 lua
1060 1136 1112 1158 est.
1124 1140 1134 1156 ι

1033 1176 1165 1210 Quoniam
1180 1176 1251 1204 sicut
1274 1176 1385 1210 spiritus
1396 1175 1536 1204 cohaerens
1550 1175 1659 1211 corpori
1672 1175 1796 1203 viviﬁcat

999 1222 1137 1258 eum(49.),
1148 1226 1175 1249 et
1194 1229 1287 1256 opera,
1301 1221 1362 1249 ﬁdei
1385 1226 1522 1255 coaptata.
1539 1222 1628 1248 vivam
1652 1229 1711 1248 eam
1728 1229 1793 1249 esse

999 1272 1157 1302 procurant,
1178 1267 1352 1302 cogitandum
1373 1271 1424 1300 est,
1443 1272 1471 1294 ut
1487 1267 1552 1294 ﬁdes
1567 1267 1702 1294 habeatur
1727 1275 1792 1294 cunt

1000 1314 1126 1349 operibus
1150 1314 1250 1341 virtute
1276 1313 1376 1348 dignis,
1394 1318 1422 1340 ut
1445 1321 1498 1341 non
1522 1319 1640 1346 mortua,
1660 1313 1707 1340 sed
1730 1313 1794 1339 viva

1001 1359 1147 1394 consistat;
1168 1367 1229 1386 nam
1247 1363 1275 1387 et
1298 1359 1343 1394 qui
1370 1360 1451 1387 habet
1471 1367 1569 1394 corpus
1598 1359 1716 1387 animale
1736 1367 1792 1387 non

1002 1409 1151 1439 mortuum,
1169 1406 1217 1434 sed
1232 1406 1335 1439 vivum,
1357 1405 1420 1433 illud
1438 1413 1487 1441 per
1505 1407 1665 1433 societatem
1681 1407 1794 1441 spiritus

1002 1451 1059 1478 vult
1082 1452 1191 1479 habere.
1219 1450 1370 1479 Notandum
1391 1452 1505 1485 scilicet,
1533 1452 1605 1486 quia,
1636 1460 1697 1480 cum
1723 1453 1794 1480 ﬁdes

1002 1501 1108 1525 mortua
1123 1497 1160 1525 sit
1177 1501 1276 1532 prater
1287 1504 1381 1531 opera,
1399 1497 1455 1531 jam
1470 1505 1557 1532 neque
1570 1497 1639 1525 ﬁdes
1652 1503 1708 1531 est;
1727 1506 1793 1525 nam

1001 1551 1088 1579 neque
1103 1543 1184 1571 homo
1206 1547 1330 1571 mortuus
1342 1543 1425 1570 homo
1438 1548 1490 1571 est.
1506 1543 1647 1576 Quomodo
1663 1551 1728 1571 vero
1741 1544 1794 1571 ali-

1001 1589 1057 1624 qui,
1081 1596 1191 1616 causam
1217 1595 1277 1616 esse
1302 1589 1428 1624 spiritum
1457 1589 1591 1622 dicentes,
1612 1597 1665 1624 qtto
1693 1598 1794 1626 corpus

1002 1635 1085 1666 vivat,
1102 1634 1330 1662 honorabiliorem
1351 1642 1410 1662 esse
1432 1642 1544 1669 corpore
1568 1635 1671 1668 dicunt,
1687 1641 1714 1663 et
1730 1636 1793 1664 ideo

1001 1684 1200 1714 consequenter
1216 1683 1244 1707 et
1264 1687 1346 1714 opera
1377 1679 1577 1707 honorabiliora
1601 1682 1686 1715 magis
1707 1689 1790 1717 quam

1002 1725 1081 1752 [idem
1099 1729 1265 1757 asseverant,
1288 1725 1453 1752 viviﬁcantia
1473 1733 1552 1753 eam:
1571 1726 1716 1760 perfectius
1734 1731 1794 1754 stu-

1001 1771 1059 1802 dui,
1074 1775 1113 1803 ιιι,
1134 1771 1205 1806 quod
1223 1771 1288 1798 mihi
1309 1772 1426 1804 videtur,
1449 1779 1612 1806 exponerem
1629 1781 1702 1800 :non
1718 1774 1792 1801 enim

1003 1816 1073 1843 sicut
1096 1817 1280 1845 indubitanter
1303 1818 1428 1852 spirituttt
1452 1826 1567 1853 corpore
1591 1819 1741 1853 meliorem,
1755 1822 1793 1848 ita

1003 1863 1063 1890 sine
1096 1863 1273 1891 reluctatione
1305 1872 1388 1899 opera
1418 1864 1481 1892 ﬁdei
1507 1866 1686 1900 praeponenda
1714 1872 1792 1900 sunt,

1003 1910 1112 1944 quando
1124 1911 1211 1944 gratia
1228 1911 1347 1938 salvatur
1362 1911 1452 1943 ltomo,
1469 1919 1521 1938 non
1542 1919 1574 1938 ex
1589 1913 1725 1946 operibus,
1740 1915 1790 1942 sed

1003 1963 1037 1983 ex
1054 1955 1121 1988 ﬁde;
1143 1956 1195 1984 nisi
1214 1955 1283 1984 forte
1310 1957 1402 1984 ethoc
1420 1957 1446 1984 itt
1472 1958 1621 1992 qua-stionc
1649 1959 1694 1989 sit,
1721 1960 1793 1993 quod

1003 2000 1090 2028 salvet
1109 2001 1186 2032 ﬁdes,
1203 2009 1264 2036 quae
1277 2009 1337 2028 cum
1357 2003 1486 2036 operibus
1506 2002 1624 2038 propriis
1642 2003 1717 2036 vivit,
1736 2010 1794 2031 tan-

1004 2053 1085 2081 quam
1100 2046 1172 2074 aliud
1193 2054 1278 2081 gentis
1294 2055 1407 2082 operttm
1424 2049 1470 2081 sit,
1484 2053 1582 2082 przeter
1595 2056 1654 2083 qum
1668 2049 1741 2077 salus
1757 2058 1793 2077 ex

1005 2092 1057 2118 tide
1068 2092 1222 2126 proveniat;
1240 2100 1291 2120 nec
1303 2098 1395 2121 autem
1404 2098 1467 2121 sunt
1482 2101 1575 2128 opera,
1593 2101 1653 2128 quae
1672 2094 1721 2121 sub
1735 2103 1795 2122 um—

1004 2137 1052 2164 bra
1070 2137 1136 2173 legis
1150 2138 1340 2166 observantur.

1040 2184 1118 2211 CAP.
1132 2184 1177 2217 ill,
1191 2192 1266 2212 πλε,
1281 2185 1309 2211 2.
1334 2194 1343 2210 ι
1355 2185 1383 2212 Si
1404 2185 1465 2219 quis
1490 2186 1573 2214 verbo
1592 2195 1644 2214 nott
1671 2186 1793 2221 offendit,

1006 2230 1051 2257 hic
1073 2229 1208 2262 perfectus
1227 2234 1269 2257 est
1284 2231 1337 2263 vir,
1360 2235 1448 2264 potest
1469 2232 1552 2259 etiam
1575 2233 1659 2260 'l'reno
1679 2233 1793 2261 circum-
1815 2266 1818 2270 η

1006 2275 1105 2303 ducere
1122 2280 1206 2302 totum
1217 2283 1315 2309 corpus
1328 2284 1417 2303 suum.
1429 2286 1439 2302 ι

1040 2320 1172 2354 Quoniam
1192 2321 1304 2347 verbum
1319 2321 1416 2355 duplex
1432 2326 1483 2356 est,
1501 2322 1573 2350 aliud
1593 2323 1664 2358 quod
1681 2324 1714 2350 ad
1730 2332 1795 2351 sen-

1003 2373 1075 2399 sum,
1094 2367 1167 2394 aliud
1182 2367 1216 2394 ad
1230 2365 1382 2394 eﬁ'ectivam
1399 2368 1560 2402 prolationis
1583 2371 1699 2403 pertinet
1715 2371 1796 2398 ratio-

1004 2420 1076 2445 nent,
1093 2413 1241 2440 secundum
1260 2414 1359 2440 mentis
1384 2421 1538 2442 serntonem
1564 2416 1708 2448 pra-seutia
1732 2422 1796 2444 sunt

1005 2459 1144 2486 sumenda.
1157 2458 1286 2493 Quisquis
1309 2459 1380 2486 enim
1397 2467 1449 2487 non
1474 2459 1586 2488 otlendit
1606 2461 1633 2488 in
1652 2469 1733 2488 sensu
1754 2470 1796 2490 re-

1038 2538 1047 2553 ⁷
1063 2537 1142 2565 Prov.
1157 2545 1192 2570 tv,
1209 2538 1236 2566 9.
1274 2537 1285 2553 '
1301 2537 1366 2566 ibid.
1405 2537 1416 2553 ¹
1431 2538 1534 2566 Baruclt
1552 2539 1625 2572 ",2;
1640 2546 1676 2572 tv,
1692 2539 1735 2566 IS.
1776 2539 1796 2555 "

1045 2641 1101 2675 (59)
1118 2640 1296 2668 Scribendum
1317 2646 1377 2666 esse
1391 2639 1495 2665 videtur
1509 2647 1516 2666 :
1531 2638 1679 2666 meliorum.

1043 2676 1097 2710 (40)
1118 2676 1255 2702 Excidisse
1270 2675 1384 2706 videtur,
1398 2675 1477 2700 dictu.

1043 2712 1099 2747 (Η)
1117 2712 1223 2747 itidem,
1241 2710 1388 2747 meliorum.

1043 2743 1098 2783 (id)
1109 2746 1266 2774 Gallandius
1280 2750 1363 2778 recte,
1378 2743 1451 2771 illud.
