1913 3071
114 124 184 152 1755

582 132 784 162 ENARRATIO
805 134 838 164 IN
857 135 1052 166 EPISTOLAM
1073 139 1103 167 Β.
1123 139 1251 169 JACOBl.

1678 145 1747 174 1751

115 182 389 234 ΐυιηηετψίεῐιμῆτυηι
404 189 432 213 οι
454 189 631 222 agendarum,
648 192 784 226 perfectus
802 194 842 225 vir
857 199 909 227 est,
925 195 948 224 Δ
962 202 1071 230 cuntur,
1093 203 1120 226 et
1144 203 1268 225 naturam
1297 198 1392 226 habeat
1417 195 1537 234 bonam;
1564 200 1749 230 indubitanter

114 227 252 255 subditum
279 229 381 258 faciens
406 236 490 274 totum
516 241 626 270 corpus,
651 237 724 266 velut
749 246 859 274 equum,
875 244 902 267 et

113 281 167 308 quo
180 275 237 302 vult
253 276 373 304 educens
391 285 453 306 eum
476 282 645 316 comprimit,
662 288 691 311 et
705 284 739 311 ad
763 286 903 313 servitium

113 320 223 355 redigit,
235 326 263 348 et
281 323 406 357 proprias
428 326 574 354 mortiﬁcat
587 329 739 363 passiones.
754 330 822 364 Quia
836 339 902 359 vero

112 365 146 392 de
163 373 289 394 sermone
303 368 403 396 anima:
428 369 523 398 scribit
546 372 614 407 haec,
633 374 721 409 palam
745 381 787 403 est
812 377 906 404 adver-

112 412 176 439 tenti
189 417 289 440 textum
304 421 483 450 congruenter
492 423 630 454 aptatum,
640 421 717 455 cujus
732 422 839 450 initium
851 429 904 459 est,

111 460 206 486 vers.l
223 469 230 487 :
248 469 258 486 ι
275 460 362 490 Nolite
378 462 470 497 plures
486 465 607 500 magistri
621 467 690 501 fieri,
705 467 802 497 fratres
817 470 901 504 meip

110 510 137 531 et
163 507 242 541 paulo
265 514 342 542 post,
362 517 434 538 vers.
448 510 485 538 2:
505 520 515 537 4
530 511 558 539 In
583 514 676 542 multis
694 515 767 543 enim
790 516 905 544 offendi-

111 557 172 578 mus
188 559 299 586 omnes;
313 563 322 579 ι
340 559 367 581 et
386 563 448 583 mox
465 556 576 584 intulit:
593 568 603 585 ‹
617 559 646 587 Si
662 561 724 595 quis
744 561 770 588 in
789 562 833 590 die
846 561 903 598 (45)

111 598 194 625 verbo
216 606 268 626 non
296 600 441 634 offendit,»
469 604 521 632 hoc
544 611 596 639 est,
625 607 758 635 docendo.
791 608 904 642 Quando

109 643 183 670 cnim
201 644 234 672 de
255 645 297 673 his
311 647 371 682 quae
395 650 498 684 agenda
520 656 584 678 sunt
607 656 634 680 et
650 653 791 688 sapienda,
806 654 904 689 aliquis

111 689 199 722 docet,
220 691 242 718 si
263 692 387 720 habuerit
412 696 553 724 veritatem
580 704 676 726 sensus
691 700 725 727 de
749 700 903 735 hujusmodi

110 735 202 767 rebus,
219 740 283 764 tunc
299 737 479 768 inoﬂ‘ensibile
500 740 583 770 habet
605 744 739 780 verbum;
755 754 807 774 non
830 747 902 774 enim

110 782 257 828 putandum
275 789 317 811 est
333 786 366 812 de
391 791 502 820 peccato
532 790 658 823 prolativi
677 793 826 825 sermonis.
844 800 904 828 qua:

111 827 283 857 soloecismos
291 835 319 858 et
333 831 517 862 barbarismos
525 836 635 870 quidam
646 844 755 872 vocant,
768 840 826 868 hac
841 827 904 868 τῶν

109 880 140 900 se
153 874 235 902 dicta.
251 875 309 903 Nisi
329 876 398 905 forte
411 879 473 914 quis
491 880 575 915 dicat,
591 882 799 913 inot‘l'ensibilem
816 886 901 915 habe-
918 873 940 901 Β

110 926 140 946 re
158 927 292 956 quemque
305 930 372 950 voce
387 931 552 960 sermonem,
568 930 677 963 quando
703 931 902 966 irreprehensi-

109 965 190 993 bilem
212 975 285 1002 eum,
301 973 329 996 et
353 970 412 997 sine
431 972 497 1003 vitio
513 973 626 1008 profert,
650 976 713 1004 licet
738 965 839 1013 aliquid
853 987 902 1007 va-

110 1019 185 1045 num,
206 1019 252 1041 aut
274 1016 387 1051 risibile,
402 1022 449 1046 aut
473 1018 635 1052 injuriosum
657 1022 748 1051 dicere
764 1024 900 1058 videatur,

111 1065 142 1085 eo
156 1060 228 1093 quod
249 1065 398 1092 secundum
416 1067 484 1095 artis
504 1069 626 1103 regulam
636 1069 672 1097 sit
687 1070 802 1097 locutus.
818 1071 896 1104 Quod

111 1111 176 1151 vero
190 1114 241 1133 non
257 1108 316 1136 sine
330 1111 550 1141 consideratione
561 1115 686 1148 dicimus,
700 1121 786 1144 totqu
802 1124 902 1151 corpus

110 1149 194 1197 fuisse
216 1159 352 1188 sumptum
379 1165 427 1191 pro
452 1160 623 1194 passionihus
651 1167 679 1189 et
698 1149 901 1197 operationibus

110 1196 179 1231 ejus,
202 1199 324 1235 adverte,
337 1204 408 1236 quod
425 1205 555 1240 scriptum
570 1212 629 1240 est,
644 1196 722 1236 vers.
731 1209 758 1243 5,
776 1209 895 1245 «Lingua

109 1244 194 1277 enim,
207 1253 269 1273 cum
286 1247 322 1274 sit
337 1250 473 1277 modicum
494 1253 655 1285 membrum,
672 1259 699 1281 et
712 1262 816 1290 magna.
827 1244 902 1283 eiral-

110 1293 159 1316 tat.
172 1299 181 1315 ι
199 1291 337 1320 Accusans
351 1302 517 1328 sermonem,
536 1306 584 1332 pro
597 1306 627 1326 ea
644 1300 701 1335 (14)
717 1301 834 1336 linguam
856 1310 902 1331 ac-

108 1343 205 1364 cusare
216 1338 393 1374 dignoscitur,
411 1347 538 1377 tanquam
555 1350 710 1380 ponentemI
722 1353 749 1374 et
763 1348 815 1375 alia
831 1357 900 1377 vana

108 1381 276 1417 loquentem.
295 1386 364 1413 Cum
386 1396 448 1415 vero
467 1391 522 1418 haec
539 1390 565 1418 in
584 1391 636 1419 isto
650 1400 766 1427 corpore
782 1395 819 1421 ita
835 1395 900 1428 sint,

109 1435 306 1464 consequenter
317 1433 388 1461 etde
396 1436 470 1463 omni
488 1443 602 1471 corpore
617 1437 679 1465 talia
697 1443 806 1473 oportet
822 1440 902 1467 ittlel-

108 1474 163 1510 ligi.

144 1521 220 1550 CAP.
248 1524 293 1557 lV,
326 1533 402 1554 VERS.
423 1527 451 1560 2,
477 1528 504 1554 5.
537 1537 547 1553 ι
572 1528 629 1556 Non
655 1529 771 1561 habetis,
791 1536 902 1565 propter

108 1569 179 1603 quod
206 1578 258 1597 non
285 1572 438 1605 postulatis.
461 1573 556 1602 Petitis
578 1579 605 1602 et
628 1582 681 1602 non
707 1576 840 1610 accipitis,
866 1584 900 1604 eo

108 1615 179 1650 quod
195 1616 264 1644 male
278 1618 386 1652 petatis,
403 1623 432 1646 ut
449 1620 474 1647 in
497 1621 724 1656 concupiscentiis
744 1623 840 1650 vestris
857 1623 899 1650 in-

108 1663 263 1691 snmamini.
280 1673 289 1690 ι
312 1664 379 1692 Cum
395 1673 458 1693 vera
473 1667 509 1694 sit
530 1668 665 1701 expositio
685 1668 834 1696 Salvatoris
859 1670 900 1697 di-

108 1709 216 1736 centis:
236 1719 246 1736 ‹
261 1710 357 1743 Petite,
371 1715 399 1739 et
415 1712 525 1740 dabitur
538 1713 642 1741 vobis“
656 1723 663 1741 :
680 1723 691 1741 ι
710 1722 789 1749 quam
816 1715 898 1743 etiam

108 1753 173 1781 facit
187 1762 248 1782 esse
264 1755 430 1790 credibilem,
450 1766 511 1785 cum
525 1758 610 1786 dicit:
627 1768 637 1784 ι
653 1759 749 1788 Omnis
766 1760 812 1795 qui
833 1761 900 1795 petit

109 1801 252 1834 accipit",
273 1811 283 1827 ›
298 1809 420 1836 quaerere
432 1803 507 1837 libet,
522 1805 657 1839 quomodo
669 1805 762 1840 aliqui,
777 1811 899 1840 orantes,

108 1855 162 1874 non
175 1847 329 1881 audiantur,
345 1854 374 1876 ut
391 1849 535 1884 accipiant,
551 1858 610 1885 qua:
625 1851 725 1879 habere
745 1853 900 1887 postulave-

109 1897 183 1925 runt,
203 1902 252 1928 per
267 1901 342 1921 suam
360 1896 528 1930 petitionem.
548 1897 589 1924 Ad
606 1898 664 1924 haec
686 1898 829 1925 dicemlum
846 1903 899 1931 est,

108 1939 234 1973 quoniam
262 1940 306 1974 qui
333 1941 374 1968 via
406 1949 525 1976 congrua
550 1943 583 1969 ad
612 1943 800 1976 postulandum
816 1945 898 1976 venit,

108 1984 175 2012 nihil
199 1985 355 2021 relinquens
379 1994 484 2020 eorum,
510 1996 570 2023 quae
596 1990 733 2023 pertinent
756 1990 788 2016 ad
814 1991 901 2024 impe-

109 2032 204 2058 tranda
231 2039 290 2066 qute
317 2033 400 2068 cupit,
426 2034 517 2062 omnia
543 2035 668 2069 percipit,
699 2043 759 2070 quae
775 2036 826 2063 sibi
843 2037 900 2064 dari

109 2077 224 2111 rogavit.
241 2076 269 2104 Si
285 2078 346 2112 quis
367 2083 457 2106 autem
487 2084 564 2107 extra
594 2080 771 2109 intentionem
796 2082 901 2110 tradita:

109 2123 247 2156 petitionis
263 2131 376 2158 poscere
400 2125 535 2159 videatur,
547 2125 598 2154 iste
612 2134 701 2161 neque
715 2133 807 2162 petere
822 2129 902 2156 modo

109 2169 200 2197 debito
218 2172 347 2204 creditur,
365 2172 465 2200 elideo
489 2181 541 2199 non
570 2173 694 2208 percipit,
720 2175 792 2208 quod
820 2175 900 2209 petit.

109 2215 204 2243 Nonne
217 2216 326 2251 falsum,
337 2218 409 2253 quod
425 2218 525 2245 dictum
539 2223 581 2246 est
596 2227 602 2246 :
624 2228 634 2245 ι
649 2219 743 2247 Omnis
765 2221 810 2254 qui
835 2221 902 2255 petit

110 2263 227 2297 accipit?
243 2272 252 2289 ι
272 2263 338 2290 Nam
351 2272 411 2291 cum
434 2265 529 2292 doctor
544 2265 631 2292 dicat:
647 2264 752 2298 Omnis,
766 2266 812 2301 qui
824 2273 903 2294 acce-

110 2307 195 2334 ditad
213 2315 256 2335 me
279 2316 361 2336 causa
387 2309 583 2343 doctrinarum,
609 2311 721 2338 habebit
745 2311 902 2345 disciplinas

110 2361 226 2387 carum;
243 2355 373 2382 accedere
391 2356 424 2383 ad
439 2355 590 2390 doctorem,
613 2358 646 2385 de
668 2358 749 2385 rebus
763 2358 829 2392 ipsis
843 2358 901 2392 (45)

111 2399 295 2434 accipiendum
310 2405 362 2433 est,
379 2401 430 2429 hoc
447 2407 500 2434 est,
521 2407 550 2429 ut
568 2403 648 2430 etiam
663 2403 827 2431 desiderium
854 2404 903 2431 lia-

113 2445 174 2472 beat
191 2445 387 2480 doctrinarum,
404 2452 433 2474 ut
448 2453 572 2476 exerceat
590 2453 618 2476 et
631 2450 776 2476 meditetur
801 2457 858 2481 eas,
874 2456 902 2478 et

111 2498 216 2519 summa
232 2492 380 2521 intentione
396 2495 523 2530 reSpiciat
545 2503 576 2522 ea
589 2502 652 2531 quae.
666 2502 681 2522 a
706 2496 834 2527 magistro
859 2496 899 2524 di-

955 243 1027 270 enitn
1046 243 1199 278 hujnsmodi
1220 244 1300 271 homo
1313 245 1444 280 percipiet
1466 245 1646 281 disciplinam,
1666 255 1748 282 quam

956 289 1085 323 magister
1101 289 1166 318 dare
1185 290 1319 325 promisit.
1333 290 1361 318 Si
1378 291 1438 326 quis
1457 291 1527 319 alius
1549 290 1696 320 accesserit
1714 295 1748 322 ad

955 333 1106 367 doctorem,
1125 343 1178 362 non
1195 335 1295 364 faciens
1311 343 1371 371 qua:
1384 337 1513 370 pnedicta
1528 343 1601 372 sunt,
1626 338 1673 366 sed
1689 344 1749 366 tan-

955 381 1094 408 tummodo
1109 387 1138 408 ut
1156 382 1278 409 videatur
1301 383 1336 410 ab
1355 389 1399 416 eo,
1422 387 1450 410 et
1463 383 1552 411 videat
1565 391 1638 417 eum,
1654 385 1750 413 volens

954 426 1051 454 falsam
1069 427 1160 455 facere
1172 428 1381 463 promissionem
1395 429 1524 463 doctoris,
1549 430 1691 458 dicendum
1705 436 1749 460 est

954 473 979 501 ei
993 482 1000 501 :
1020 473 1078 500 Non
1095 474 1234 501 accessisti
1251 474 1284 501 ad
1301 481 1374 507 enm,
1389 474 1462 502 sicut
1474 475 1609 507 invitavit.
1633 477 1680 504 sed
1695 476 1748 503 ali-

955 523 1006 551 ter,
1023 520 1252 548 et'lautummodo
1267 521 1302 548 ad
1323 521 1558 553 videndum‘eum.
1577 522 1746 557 Apertiorem

954 565 1026 593 enim
1042 565 1145 594 faciens
1158 566 1276 601 scriptor
1292 566 1446 601 epistolam,
1464 573 1492 595 et
1516 568 1562 603 qui
1588 573 1680 603 petere
1706 570 1748 597 vi-

954 612 1081 644 deantur,
1100 619 1150 639 nec
1167 612 1313 647 accipiant,
1330 612 1516 641 indubitanter
1544 614 1613 642 male
1626 619 1748 648 petentes

954 657 1015 686 illos
1030 657 1106 690 dicit,
1119 657 1165 693 qui
1183 658 1260 686 vanis
1271 659 1464 694 cupiditatibus
1479 659 1653 687 inhteserunt.
1679 661 1747 694 Quia

953 710 1020 731 vero
1041 703 1143 731 instant
1161 703 1256 739 aliqui,
1274 704 1415 731 dicentes:
1438 703 1528 738 Quare
1553 705 1602 737 illi,
1625 705 1670 739 qui
1699 713 1748 740 pro

954 751 1067 779 scientia
1093 754 1121 778 et
1144 750 1319 785 perceptione
1342 751 1451 778 virtutis
1466 756 1571 786 petunt,
1589 756 1617 779 et
1633 759 1685 779 non
1701 760 1748 779 ac-

953 796 1073 832 cipiunt?
1102 796 1245 824 dicendum
1269 801 1312 823 est
1337 796 1401 829 illis,
1420 797 1557 832 quomodo
1573 802 1601 824 et
1617 798 1668 832 ipsi
1689 806 1745 826 non

953 847 1065 878 propter
1079 843 1135 877 ipsa
1150 842 1220 870 bona
1243 842 1415 877 percipienda
1441 847 1547 877 petunt,
1578 843 1625 870 sed
1648 846 1678 870 ut
1700 851 1748 878 per

954 892 985 915 ea
996 888 1139 915 laudentur
1155 896 1162 914 :
1179 892 1222 915 est
1240 888 1313 914 enim
1331 894 1407 914 amor
1422 887 1660 921 concupiscentiae,
1680 888 1748 915 velle

954 933 1048 961 laudes
1063 933 1215 967 acquirere.
1241 931 1318 960 Unde
1340 932 1421 959 etiam
1447 931 1490 959 bis
1503 939 1554 959 non
1575 933 1663 966 datur,
1677 940 1746 967 quo-

955 979 1028 1006 niam
1045 978 1078 1005 ad
1093 976 1328 1012 concupiscentias
1347 976 1520 1004 insumendas
1541 977 1634 1004 volunt
1656 977 1745 1011 possi-

955 1024 1029 1056 dere,
1047 1031 1106 1058 qua:
1122 1028 1246 1058 poscunt.

990 1070 1073 1098 Vens.
1091 1071 1119 1098 ι.
1139 1081 1149 1096 ι
1166 1071 1279 1099 Nescitis
1294 1070 1357 1106 quia
1386 1070 1501 1098 amicitia
1525 1069 1616 1096 mundi
1637 1070 1745 1097 inimica

954 1123 996 1145 est
1028 1117 1095 1144 Dei?
1125 1117 1286 1152 Quicunque
1315 1124 1381 1152 ergo
1404 1116 1519 1144 voluerit
1545 1116 1650 1143 amicus
1685 1123 1746 1143 esse

955 1164 1059 1195 mundi,
1075 1163 1200 1191 inimicus
1215 1163 1267 1190 erit
1282 1163 1340 1190 Dei.
1357 1172 1367 1189 ι

990 1209 1123 1243 Quoniam
1142 1209 1262 1244 nequitia
1280 1207 1403 1244 providet
1420 1208 1554 1235 amicitias
1570 1207 1674 1240 mundi,
1692 1206 1748 1233 vir-

956 1259 1000 1283 tns
1023 1260 1112 1284 autem
1140 1255 1257 1290 acquirit
1283 1255 1443 1282 charitalem
1467 1253 1525 1288 Dei,
1540 1261 1601 1281 cum
1619 1254 1704 1280 virtus
1720 1258 1748 1280 et

955 1302 1075 1337 nequitia
1091 1309 1143 1328 non
1159 1301 1263 1336 possint
1276 1308 1328 1327 una
1347 1299 1505 1327 subsistere.

961 1348 990 1375 '0
1019 1348 1074 1384 γὰρ
1091 1347 1134 1374 διὰ
1157 1347 1188 1374 τὺ
1211 1346 1335 1382 ἁμαρτά·
1371 1345 1421 1378 Qui
1438 1345 1573 1379 peccando
1584 1347 1656 1371 amat
1671 1351 1748 1370 mttn-

1371 1392 1445 1422 dum,
1471 1390 1597 1417 inimicus
1617 1389 1663 1416 Dei
1689 1397 1749 1417 esse

1370 1442 1549 1470 monstratur,
1577 1437 1646 1464 sicut
1670 1444 1685 1464 e
1704 1437 1748 1463 di-

1370 1491 1448 1512 verso
1467 1484 1512 1518 qui
1534 1491 1586 1510 non
1613 1482 1748 1518 peccando

1371 1529 1505 1557 amicitias
1515 1529 1583 1564 apud
1595 1529 1678 1556 Deum
1692 1530 1748 1563 pie-

1373 1579 1428 1602 tate
1453 1575 1605 1608 coniirmat,
1620 1575 1748 1602 continuo

1372 1622 1463 1649 mundi
1488 1621 1657 1648 adversarius
1675 1621 1749 1649 inve-

1370 1669 1452 1695 nitur.
1468 1668 1543 1696 Unde
1558 1668 1636 1695 sicuti
1649 1668 1748 1702 impos-

1371 1714 1449 1742 sibile
1466 1721 1517 1748 est,
1535 1714 1636 1742 servire
1652 1714 1706 1741 Deo
1720 1719 1749 1741 et

1371 1769 1530 1789 mammona:
1551 1762 1591 1794 ",
1618 1762 1654 1789 ita
1679 1762 1749 1788 ami-

1369 1816 1431 1835 cum
1456 1809 1504 1836 Dei
1530 1815 1591 1836 esse
1617 1808 1698 1836 simul
1720 1812 1749 1835 et

1369 1855 1471 1882 mundi.

954 1901 1077 1936 Denique
1096 1901 1208 1928 veniens
1222 1899 1311 1934 Jesus,
1326 1905 1356 1928 ut
1368 1901 1416 1928 Dei
1432 1901 1535 1928 amicos
1562 1900 1662 1928 faceret
1684 1899 1748 1927 obe-

953 1948 1058 1976 dieules
1085 1948 1147 1981 sibi,
1176 1947 1295 1983 gladium
1323 1953 1351 1975 et
1376 1947 1536 1975 divisionem
1563 1947 1636 1974 misit
1650 1947 1676 1973 in
1693 1951 1748 1974 ter-

954 1991 1054 2019 ram“.
1074 1991 1170 2018 Sermo
1186 1999 1302 2026 namque
1316 1996 1344 2019 et
1359 1992 1482 2019 doctrina
1505 1991 1576 2019 illius
1603 1991 1694 2019 dividit
1720 1996 1748 2018 et

955 2037 1078 2072 abjnngit
1092 2045 1107 2064 a
1121 2038 1236 2065 terrenis
1260 2043 1343 2072 atque
1366 2038 1552 2066 matcrialibus
1583 2039 1673 2070 rebus,
1699 2044 1748 2074 per

955 2083 1013 2111 lucc
1029 2091 1195 2118 pneparans,
1213 2088 1242 2110 ut
1258 2083 1407 2111 inimicitia:
1420 2084 1474 2111 sint
1488 2085 1557 2119 apud
1576 2085 1704 2112 mundum
1720 2089 1748 2111 et

954 2130 1045 2157 unitas
1058 2129 1128 2164 apud
1145 2129 1229 2157 Deum
1246 2138 1252 2157 :
1272 2129 1328 2157 haec
1345 2135 1407 2157 sunt
1423 2131 1549 2158 amicitia:
1565 2131 1634 2165 apud
1659 2130 1745 2157 illum.

955 2177 1125 2212 Quapropter
1132 2181 1160 2203 et
1171 2183 1264 2211 pacem
1278 2177 1334 2209 dat,
1350 2184 1403 2204 non
1413 2176 1483 2204 sicut
1495 2177 1610 2204 rutundus
1622 2175 1722 2203 amanti
1737 2183 1745 2202 :

954 1405 1011 1422 νειν
1033 1395 1117 1430 φιλῶν
1149 1394 1195 1420 τὸν
1220 1393 1333 1428 κόσμον,

955 1441 1052 1477 ἐχθρὸς
1075 1439 1266 1467 ἀποδείκνυται
1287 1438 1334 1464 τοῦ

955 1487 1023 1514 Θεοῦ
1032 1495 1038 1502 ·
1051 1486 1182 1517 ὡσαύτως
1196 1485 1243 1511 καὶ
1259 1485 1273 1511 ὁ
1285 1483 1334 1520 τὴν

956 1534 1023 1569 πρὸς
1049 1533 1094 1560 τὸν
1115 1532 1182 1558 Θεὸν
1201 1531 1291 1565 ᾳιλῐαν
1301 1531 1335 1557 δι’

953 1579 1092 1611 εὐσεϐείας
1105 1577 1221 1614 βεϐαιῶν
1234 1576 1335 1609 εὐθέως

953 1625 1049 1661 ἐχθρὸς
1063 1625 1221 1659 εὑρίσκεται
1234 1622 1281 1650 τοῦ
1291 1622 1336 1650 κό-

954 1680 1034 1707 σμου.
1077 1670 1158 1698 Ὅθεν
1202 1669 1335 1696 ἀδύνατόν

953 1718 1037 1750 ἐστιν,
1071 1716 1146 1743 ὥσπε
1150 1725 1166 1752 ρ
1199 1714 1335 1741 δουλεύειν

953 1764 1012 1802 Θξῷ
1025 1765 1072 1790 καὶ
1084 1763 1242 1798 Μαμμωνᾷ,
1264 1761 1335 1788 οὕτω

954 1808 1087 1844 φιλιάζειν
1100 1808 1159 1844 Θεῷ
1166 1808 1214 1835 καὶ
1226 1807 1331 1843 κόσμῳ.

917 2234 941 2264 D
956 2224 1000 2252 ille
1015 2230 1132 2258 namque
1154 2230 1203 2258 per
1225 2230 1331 2258 pacem,
1358 2231 1438 2259 quam
1466 2225 1521 2256 dat,
1545 2225 1578 2251 ad
1601 2231 1747 2257 corporeos

957 2274 1034 2297 actus
1052 2269 1148 2296 invitat
1164 2273 1301 2296 amatores
1312 2269 1547 2304 concupiscentia),
1565 2273 1592 2296 et
1605 2269 1747 2304 passibiles

956 2322 1003 2342 eos
1030 2314 1111 2348 facit;
1137 2314 1215 2343 Jesus
1243 2320 1333 2343 autem
1360 2322 1453 2350 pacem
1478 2315 1612 2350 praebens,
1645 2314 1747 2349 amicos

957 2360 1004 2387 Dei
1018 2360 1169 2392 constituit,
1189 2367 1223 2387 ex
1245 2365 1302 2388 toto
1328 2362 1409 2388 corde
1424 2369 1485 2388 eum
1503 2361 1654 2396 diligentes.
1671 2360 1749 2387 Mun-

957 2407 1019 2434 dum
1042 2413 1106 2433 vero
1121 2406 1273 2441 intelligere
1288 2406 1417 2434 debemus
1441 2406 1574 2434 desideria
1596 2405 1746 2441 corporalia

956 2458 983 2481 ct
997 2453 1229 2481 conversationem
1245 2453 1324 2489 hujus
1341 2453 1444 2480 mundi.

149 2562 170 2578 “
189 2562 283 2590 Matth.
312 2572 361 2597 vn,
387 2565 411 2592 7.
451 2566 473 2581 ¹¹
494 2566 559 2593 ibid.
585 2566 612 2593 8.
652 2566 673 2582 "
694 2565 787 2593 Matth.
805 2566 899 2600 vt,2‘i.
938 2567 960 2583 “
991 2567 1087 2595 Matth.
1121 2575 1151 2600 Χ,
1185 2567 1230 2595 54.

150 2631 206 2668 (45)
220 2632 288 2672 Quid
305 2634 357 2672 hoc
381 2635 428 2672 sit,
446 2640 473 2663 et
489 2636 570 2668 unde,
586 2636 692 2672 nescio.
705 2636 786 2671 Puto,
801 2644 860 2672 pro,
879 2637 906 2664 in

114 2667 157 2694 die
173 2668 247 2695 verba
263 2670 434 2698 scribendum
451 2679 521 2706 esse,
533 2667 693 2700 indicendo.

999 2637 1055 2675 (ιιι)
1074 2637 1253 2675 §cribcnilum
1269 2637 1383 2675 videtur,
1397 2644 1445 2675 pro
1456 2644 1501 2675 eo.
1679 2669 1686 2675 _

1000 2673 1055 2708 (45)
1072 2672 1229 2701 Gallundius
1239 2671 1364 2707 coniecit,
1373 2672 1467 2707 ipsius.
1478 2670 1537 2700 Non
1551 2670 1744 2699 necessarium.
