1913 3071
146 95 218 123 1753

769 94 890 122 DIDYMI
908 92 1140 123 ALEXANDRINI

565 257 828 315 DIDYMI
868 255 1360 315 ALEXANDRINI

950 377 977 397 IN

1710 93 1788 121 1736

304 457 644 505 EPISTOLAM
682 457 729 502 S.
768 456 951 502 PETRI
991 457 1227 502 PRIMAM
1267 456 1618 502 ENARRA'I‘IO

185 617 261 646 CAP.
278 617 300 650 l,
316 625 393 646 νεῐιε.
408 618 435 645 1.
455 627 465 644 ‹
480 619 576 646 Petrus
590 617 728 653 apostolus
752 617 815 645 Jesu
831 616 941 650 Christi,
956 618 981 647 Α
997 617 1033 644 tia
1053 621 1157 652 postea,
1174 615 1358 649 sedseientia,
1369 620 1432 643 dum
1446 615 1503 651 (£9)
1522 623 1564 649 ea,
1578 623 1638 651 quze
1657 617 1789 652 primitus

991 661 1174 697 contemplata
1191 665 1266 693 sunt,
1281 661 1395 688 veniunt
1411 661 1444 688 ad
1460 660 1598 689 effectum.

152 663 245 691 electis
269 664 381 690 advenis
413 663 599 698 dispersionis,
620 672 629 689 ι
652 662 826 690 elc.Positus
841 662 939 690 Petrus

152 708 366 736 circumcisionis
395 709 542 744 apostolus,
578 709 753 744 omniumque
784 708 940 735 Judzeorum

152 755 255 782 habens
270 755 398 787 studium,
415 755 560 782 scribiteis
572 754 617 788 qui
634 754 660 781 in
685 754 766 782 totius
790 753 863 781 orbis
886 754 941 782 dis-

151 801 278 835 persione
292 801 478 834 morabantur,
507 805 635 836 tanquam
663 800 776 827 advenis
799 799 940 827 civitatum

151 850 353 876 extraneorum,
368 852 428 872 cum
445 845 537 880 utique
552 851 723 880 nequaquam
740 851 833 871 eorum
849 843 942 879 plures

152 891 178 917 in
194 889 284 918 Judaea
299 891 489 918 consisterent.
504 889 533 918 Si
545 890 609 925 quid
624 895 714 917 autem
728 897 810 925 supra
837 894 941 918 textum

153 935 198 963 hic
222 940 311 970 potest
333 935 458 971 intelligi,
484 935 754 963 animadvertendum
784 939 826 962 est
841 935 893 962 hoc
909 935 943 962 de

154 981 250 1008 animae
268 981 385 1013 ratione,
405 981 481 1016 quasi
500 982 632 1010 advenam
648 988 708 1009 eam
732 981 797 1009 velit
820 981 941 1016 agnosci.

154 1026 232 1055 Unde
244 1028 324 1055 etiam
341 1028 442 1055 dictum
458 1028 584 1055 videtur:
607 1036 616 1053 ι
641 1026 804 1063 Peregrinus
833 1033 885 1062 ego
915 1027 943 1055 in

154 1079 227 1100 terra
243 1078 270 1101 et
288 1074 401 1107 advena,
431 1074 503 1102 sicut
529 1082 623 1102 omnes
653 1078 745 1109 patres
771 1073 824 1102 mei
836 1073 894 1106 ι’.»
917 1078 946 1102 et

155 1119 273 1146 iterum:
293 1129 302 1145 ε
318 1120 374 1147 Heu
390 1121 446 1147 me!
470 1121 598 1155 quoniam
619 1120 751 1148 incolatus
779 1127 855 1147 meus
879 1126 944 1155 pro-

155 1164 280 1200 longatus
295 1170 336 1193 est
349 1166 380 1193 ".
399 1175 409 1192 ι
426 1166 546 1194 Advenae
566 1166 699 1201 siquidem
723 1165 792 1193 ﬁunt
805 1165 944 1193 hominum

155 1210 262 1243 animae,
283 1211 441 1245 corporibus
455 1211 596 1246 copulatae,
613 1211 675 1238 dum
688 1211 715 1238 in
733 1211 774 1238 eis
787 1210 945 1246 temporali-

157 1263 200 1286 ter
214 1265 275 1285 esse
292 1259 510 1292 constituuntur;
527 1265 589 1285 nam
609 1258 632 1285 si
648 1261 740 1285 essent
764 1265 799 1286 ex
827 1265 859 1285 ea
882 1258 946 1285 sub-

155 1303 269 1337 stantia,
296 1311 360 1330 vera
390 1311 504 1338 corpora
530 1308 631 1336 essent,
660 1304 837 1332 habitatrices
854 1307 944 1331 terra.

157 1348 277 1383 Denique
292 1350 388 1377 animae
400 1350 530 1378 habentes
543 1349 758 1385 compassionem
771 1349 873 1382 carnis,
886 1355 947 1377 esse

157 1394 184 1421 in
211 1394 379 1422 habitatione
401 1402 501 1422 carnea
526 1400 719 1430 nuncupantur
743 1399 770 1423 et
798 1395 945 1428 velatione,

157 1447 312 1475 quanquam
329 1440 439 1468 advena
453 1445 517 1469 sunt
530 1441 557 1469 in
572 1445 684 1474 terram,
697 1442 745 1470 sed
773 1441 860 1477 magis
875 1441 946 1469 assi-

157 1485 286 1513 niilantur
313 1486 455 1522 indigenis.
490 1486 566 1516 Unde
591 1492 620 1515 et
642 1492 761 1515 terrores
791 1487 948 1515 inferuntur

158 1540 240 1566 super
264 1532 431 1560 habitatores
454 1537 543 1566 terras,
571 1533 708 1568 rapientes
735 1533 829 1568 utique
841 1540 874 1561 ea
888 1540 948 1568 qua:

159 1583 265 1606 terrena
281 1583 355 1612 sunt,
370 1583 397 1606 et
415 1579 514 1606 terreni
527 1579 636 1606 indutos
652 1578 779 1614 imagine.

197 1623 277 1651 Vens.
291 1624 319 1651 Ξ.
340 1633 350 1650 ι
367 1625 522 1652 Secundum
537 1623 737 1659 praescientiam
752 1623 798 1651 Dei
819 1623 917 1651 Patris.
935 1633 945 1650 ι

195 1671 243 1699 llis
268 1672 444 1705 concordant,
476 1678 535 1706 quae
563 1677 578 1697 a
602 1670 685 1697 Paulo
710 1670 781 1697 dicta
812 1673 875 1697 sunt
890 1670 946 1698 ita:

162 1725 172 1742 ι
189 1716 266 1743 Sicut
294 1716 375 1751 elegit
400 1723 451 1743 nos
476 1716 502 1743 in
527 1715 595 1751 ipso,
618 1720 681 1742 ante
695 1714 829 1749 originem
845 1714 948 1748 mundi,

160 1769 221 1789 esse
235 1766 344 1789 sanctos
359 1765 387 1789 et
399 1761 586 1789 immaculatos
599 1768 690 1788 coram
701 1768 734 1788 eo
748 1760 774 1787 in
791 1759 947 1793 dilectione,

161 1807 354 1842 prcedestinans
367 1815 414 1835 eos
426 1807 453 1835 in
475 1807 645 1842 adoptionem
660 1805 815 1834 ﬁliorum".
835 1815 846 1832 ι
874 1805 950 1833 Licet

160 1854 232 1880 enim
247 1853 354 1888 quidam
372 1853 473 1885 dicant,
489 1853 616 1888 quoniam
632 1859 738 1887 semper
750 1856 778 1880 et
794 1856 856 1880 ante
871 1859 951 1879 mun-

161 1897 224 1923 dum
242 1897 412 1925 rationaltum
425 1898 481 1933 (46)
500 1897 649 1926 substantia
667 1898 713 1931 sit,

962 1287 985 1315 B

991 708 1049 736 Κᾶν
1060 708 1150 735 τοίνυν
1160 707 1232 735 κατὰ
1247 708 1372 744 πρόγνω-

992 765 1035 784 σιν
1065 756 1190 784 ἐκλεκτοὶ
1220 754 1302 792 ἦσαν,
1332 754 1374 788 οἷς

991 803 1095 840 Πέτρος
1117 803 1229 840 γράφει,
1256 800 1371 829 ἁλλόὖν

993 849 1174 885 ὗφεστηκόσιν
1217 849 1309 881 αὺτοῖς
1351 850 1368 885 ἡ

1407 707 1482 735 Licet
1524 707 1606 743 igitur
1636 707 1788 735 secundum

1407 755 1547 791 prtescient
1553 755 1604 782 iam
1611 755 1688 782 electi
1696 759 1787 787 erant,

1409 801 1505 838 quibus
1517 801 1612 829 Petrus
1625 802 1732 833 scribit,
1745 808 1791 828 ve-

1407 852 1558 875 rumtamen
1591 846 1789 874 exsistentibus

161 1942 293 1975 τουτέστι,
320 1942 505 1979 προεωρακὼς
524 1943 539 1970 ὁ

160 1990 281 2026 Θεδςτὴν
288 1991 378 2018 πίστιν
386 1991 433 2018 καὶ
439 1991 539 2028 πρᾶξιν

160 2035 215 2061 τῶν
226 2036 274 2062 ἀνθ
279 2035 386 2071 ρώπων,
401 2037 540 2073 κατορθω-

161 2082 253 2109 θεῖσαν
270 2084 302 2109 ἐκ
326 2083 376 2119 τῆς
396 2084 539 2119 εὐαγγελι-

161 2129 213 2164 κῆς
221 2129 404 2162 διδασκαλίας,
416 2139 540 2166 προγνω-

162 2175 261 2208 πικῶς
278 2175 417 2208 ἐξελέξατο
442 2176 540 2209 αὐτοὺς

161 2222 191 2247 ἐν
205 2221 313 2258 Χριστῷ
326 2222 379 2258 πρὸ
389 2222 540 2259 καταϐολῆς

573 1946 758 1970 verumtamen
801 1941 950 1977 praevidens

574 1988 646 2016 Deus
661 1988 740 2016 ﬁdem
758 1991 786 2016 et
810 1993 887 2016 actus
902 1988 952 2016 ho-

575 2035 678 2062 minum
724 2041 784 2069 qua
825 2039 951 2070 aguntur,

576 2088 624 2116 per
650 2081 831 2115 evangelicam
851 2082 952 2109 doctri-

575 2136 637 2156 nam
661 2129 731 2165 (47),
778 2130 953 2165 praescienter

574 2175 655 2211 elegit
690 2184 737 2204 eos
771 2177 798 2204 in
828 2177 949 2211 Christo,

575 2226 637 2249 ante
677 2222 768 2250 mundi
807 2223 953 2258 originem.

163 2268 276 2303 κόσμου,
302 2270 363 2296 τότε
392 2270 539 2306 προορίσας
572 2268 627 2304 jam
664 2275 728 2298 tunc
759 2271 954 2306 prmdestinans

161 2314 260 2347 αὐτοὺς
274 2317 347 2348 υἱοὺς
363 2313 431 2343 εἶναι
447 2326 545 2352 μετου-
580 2323 627 2343 eos
640 2315 709 2344 ﬁlios
725 2323 794 2350 esse,
813 2317 954 2352 participio

163 2361 209 2396 σίᾳ
231 2361 278 2388 τοῦ
311 2362 465 2398 πνεύματος
492 2364 543 2399 τῆς

163 2407 309 2440 υἱοθεσίας.

579 2366 686 2389 sanctos
697 2361 753 2397 (48)
769 2362 932 2397 adoptionis.

163 2453 335 2481 Praescientia
365 2454 436 2480 enim
459 2454 526 2482 nihil
549 2455 621 2482 aliud
649 2458 692 2482 est
715 2455 845 2489 putanda,
870 2464 950 2491 quam

163 2501 354 2536 contemplatio
367 2501 535 2534 futurorum;
551 2509 611 2537 qua:
620 2509 672 2528 non
685 2505 727 2529 est
738 2501 794 2536 jam
807 2503 952 2536 praescieri-

992 896 1186 932 προσφώνησις
1199 895 1314 931 γίνεται.
1405 895 1447 922 eis
1459 894 1557 922 Petrus
1577 893 1705 928 loquitur.

992 942 1092 976 Abjicit
1118 942 1210 976 itaque
1232 940 1352 968 fabulam
1379 939 1589 967 Manichaeorum
1615 938 1649 966 de
1668 938 1790 970 naturis.

994 993 1022 1017 et
1036 987 1189 1016 intellectus
1204 994 1322 1021 praesens
1333 986 1403 1022 (60).

1030 1033 1112 1061 Vens.
1131 1032 1160 1060 ι.
1182 1042 1193 1058 ι
1208 1033 1239 1059 1η
1266 1032 1451 1059 hareditatem
1477 1030 1722 1066 incorruptibilem,
1747 1029 1792 1057 in-

994 1079 1206 1108 contaminntam
1221 1083 1249 1106 et
1266 1076 1530 1108 immarcescibilem,
1550 1080 1737 1103 conservatam
1759 1075 1789 1103 in

995 1124 1083 1157 caelis,
1098 1125 1125 1151 in
1142 1123 1228 1150 vobis.
1243 1132 1254 1150 ι
1268 1122 1304 1150 Ut
1319 1121 1457 1154 ostendat,
1473 1121 1609 1155 quomodo
1636 1120 1662 1147 in
1693 1119 1789 1147 inﬁni-

995 1175 1053 1198 tum
1071 1170 1210 1198 beatorum
1226 1167 1397 1204 permanebit
1422 1167 1576 1199 hereditas,
1603 1167 1790 1200 incorruptam

995 1221 1024 1244 et
1037 1214 1290 1244 immarcescibilem
1306 1221 1366 1241 eam
1378 1213 1457 1245 dicit,
1477 1219 1525 1248 per
1543 1213 1597 1240 hoc
1611 1211 1791 1239 manifestans

997 1266 1024 1291 et
1039 1262 1158 1290 divinam
1175 1266 1203 1288 et
1215 1267 1312 1296 puram
1324 1259 1523 1291 hereditatem,
1538 1265 1571 1286 eo
1588 1257 1662 1292 quod
1687 1257 1723 1284 sit
1749 1257 1792 1283 in-

998 1307 1217 1336 contaminabilis
1229 1306 1287 1341 ejus
1297 1305 1436 1340 perceptio
1450 1304 1521 1339 apud
1534 1311 1593 1336 eos,
1607 1303 1653 1337 qui
1667 1302 1790 1338 proprie-

999 1354 1064 1383 tatis
1091 1353 1202 1389 prazmio
1227 1352 1382 1380 divitiarum
1406 1349 1580 1386 praasentium
1600 1348 1671 1377 bona
1700 1348 1792 1382 despi-

1000 1400 1084 1432 ciunt,
1109 1399 1227 1427 scientes
1252 1404 1282 1426 se
1309 1397 1415 1424 habere
1434 1394 1572 1422 meliorem
1587 1398 1615 1421 et
1633 1397 1790 1429 perpetuam

1000 1445 1167 1474 facultatem.
1189 1444 1276 1478 Quam
1295 1444 1358 1471 dum
1385 1443 1451 1470 dicit
1471 1449 1636 1474 mensuram,
1652 1441 1792 1476 perpetui-

1000 1497 1084 1521 tatem
1101 1491 1160 1527 ejus
1176 1490 1326 1526 aperit:et
1338 1488 1402 1516 dum
1427 1487 1523 1523 probat
1548 1486 1699 1520 meliorem,
1720 1486 1794 1514 diri-

1000 1541 1113 1570 nitatem
1129 1540 1254 1574 reposita
1267 1538 1434 1566 hereditatis
1456 1536 1585 1564 ostendit.
1612 1535 1641 1564 Si
1671 1543 1736 1570 ergo
1763 1535 1791 1562 in

1001 1587 1078 1616 caelis
1094 1586 1219 1614 ﬁdelibus
1229 1585 1288 1613 haec
1299 1589 1424 1613 servatur
1438 1582 1592 1613 haereditas,
1610 1581 1705 1609 frivola
1718 1589 1792 1616 quae-

1001 1633 1063 1661 dam
1077 1636 1105 1660 et
1119 1631 1207 1667 tepida
1231 1629 1372 1665 proferunt
1398 1628 1491 1663 aliqui,
1518 1631 1644 1662 putantes
1670 1634 1732 1654 eam
1761 1633 1793 1654 se

1001 1677 1141 1714 percipere
1156 1676 1184 1704 in
1198 1680 1307 1703 terrena
1321 1673 1483 1702 Jerusalem.
1497 1672 1569 1700 Mille
1595 1671 1674 1700 annis
1695 1671 1791 1699 existi-

1002 1727 1077 1750 mant
1091 1729 1153 1750 esse
1166 1721 1324 1749 deliciarum
1339 1719 1450 1756 praemia
1475 1719 1642 1755 proprietate
1666 1722 1794 1753 receptu-

1002 1776 1057 1797 ros.
1069 1768 1121 1801 Qui
1138 1767 1220 1795 etiam
1237 1765 1421 1802 interrogandi
1433 1770 1507 1798 sunt,
1522 1764 1655 1799 quomodo
1666 1768 1793 1792 astruant

1003 1814 1113 1842 delicias
1126 1812 1291 1846 corporales,
1308 1819 1368 1839 cum
1382 1811 1498 1843 dicatur,
1515 1811 1588 1838 hanc
1606 1810 1792 1838 hereditatem

1003 1868 1054 1889 nec
1070 1859 1207 1894 corrumpi
1226 1866 1316 1893 posse,
1333 1865 1383 1885 nec
1395 1863 1576 1890 marcescere,
1592 1856 1712 1884 maxime
1729 1863 1793 1883 cum

1004 1906 1054 1942 ipsi
1070 1906 1171 1938 dicant,
1188 1905 1246 1933 haec
1258 1912 1339 1940 posse
1363 1904 1435 1932 ﬁniri
1459 1903 1595 1938 completo
1617 1909 1687 1930 anno
1703 1901 1794 1930 mille-

1003 1953 1082 1980 simo.
1101 1951 1149 1979 His
1165 1951 1315 1986 copulanda
1332 1954 1396 1977 sunt
1411 1949 1456 1977 illa
1470 1949 1553 1976 verba
1567 1948 1666 1984 quibus
1687 1947 1794 1975 indica-

1004 2002 1047 2026 tur
1060 1997 1132 2032 quod
1144 1997 1170 2024 in
1183 2004 1266 2032 regno
1279 1994 1410 2023 caelorum
1421 1995 1457 2022 sit
1469 1995 1616 2022 haereditas
1633 1993 1792 2026 constituta,

1002 2049 1030 2072 et
1047 2051 1218 2078 nequaquam
1242 2046 1363 2073 corruat,
1388 2049 1422 2069 eo
1443 2041 1513 2076 quod
1540 2041 1577 2069 sit
1604 2039 1792 2075 intelligibilis,

1002 2092 1110 2126 quando
1125 2089 1263 2118 sensibilis
1277 2096 1330 2115 non
1344 2088 1414 2115 sicut
1426 2086 1605 2122 intelligibilia
1620 2092 1791 2121 cognoscun-

1003 2141 1064 2169 tur;
1080 2136 1124 2164 illa
1140 2142 1256 2170 namque
1271 2134 1388 2169 Spiritus
1413 2136 1525 2161 sanctus
1543 2132 1709 2167 dignissimis
1735 2139 1795 2159 ma-

1001 2185 1121 2213 nifestat.

1039 2230 1122 2258 Vens.
1134 2228 1161 2256 6.
1178 2237 1187 2254 ε
1197 2228 1227 2255 In
1242 2235 1296 2263 quo
1307 2227 1486 2259 exsultabitis,
1495 2226 1630 2254 modicum
1646 2231 1718 2252 nunc
1735 2223 1777 2259 (5|
1783 2228 1792 2258 ι

1005 2276 1028 2304 si
1052 2280 1160 2311 oportet
1186 2274 1341 2301 contristari
1367 2273 1396 2300 in
1426 2273 1512 2301 variis
1540 2270 1751 2302 lentationibus,
1779 2278 1791 2295 ι

1006 2327 1060 2350 etc.
1091 2320 1224 2348 Probatur
1248 2319 1315 2346 ﬁdes
1334 2326 1449 2351 eorum,
1475 2318 1521 2354 qui
1542 2321 1651 2353 propter
1675 2323 1739 2343 eum
1765 2315 1793 2341 in

1006 2365 1199 2395 tentationibus
1231 2364 1348 2392 diversis
1387 2363 1561 2395 tribulantur,
1583 2367 1611 2390 et
1643 2368 1728 2395 usque
1758 2360 1793 2387 ad

1006 2412 1086 2439 ﬁnem
1101 2411 1128 2437 in
1142 2409 1292 2443 huiusmodi
1305 2410 1417 2444 probata
1428 2409 1480 2435 ﬁde
1490 2408 1648 2443 persistunt.
1657 2406 1730 2439 Quos
1738 2404 1794 2432 uti-

1005 2465 1058 2492 que
1083 2456 1212 2484 convenit
1223 2455 1371 2488 exsultare,
1399 2455 1462 2482 licet
1485 2453 1584 2488 aliquis
1605 2452 1682 2479 labor
1698 2457 1793 2477 eorum

1005 2503 1188 2530 voluntatibus
1216 2502 1386 2538 importunus
1402 2508 1462 2528 esse
1475 2500 1609 2527 videatur.
1626 2497 1703 2525 Hunc
1717 2496 1792 2524 enim

219 2558 241 2574 "
273 2557 344 2586 Psal.
371 2565 484 2592 xxxvm,
510 2558 553 2585 15.
593 2557 615 2573 ¹⁶
633 2557 704 2585 Psal.
720 2564 794 2591 cxtx,
809 2557 835 2585 5.
875 2558 896 2574 "
916 2557 946 2594 Ε(

1008 2581 1014 2588 .
1032 2561 1091 2594 1,4,
1112 2559 1139 2587 5.

201 2617 247 2653 (⁸6

251 2618 259 2651 )
276 2617 401 2645 Galland.
418 2618 627 2644 rationabilium.

201 2652 258 2686 (47)
276 2654 362 2680 Verba
378 2661 424 2688 per
437 2653 612 2687 euangelicum
630 2653 780 2680 doctrinam
796 2660 858 2680 cum
879 2657 956 2680 ante-

166 2688 325 2729 gedentibus
341 2697 399 2724 qua:
412 2693 528 2723 aguntur
543 2687 729 2723 conjungenda
745 2695 816 2721 esse,
832 2692 907 2723 patet
921 2695 946 2715 ex

1007 2689 1094 2729 detur,
1108 2689 1156 2729 θεαὶ
1167 2688 1197 2715 τὸ
1214 2688 1302 2724 νόημα
1318 2687 1446 2729 πάρεατι.

165 2721 275 2749 Grmcis.

205 2757 316 2795 (£8)_F.x
332 2757 419 2785 Graeci
433 2757 595 2792 exemplaris
607 2757 769 2785 auctoritate
782 2757 953 2786 scribendum
1005 2760 1067 2795 ᾅρτι
1082 2758 1091 2792 )

166 2795 220 2823 cst,
235 2792 350 2824 spiritus.

205 2826 262 2860 (49)
282 2825 374 2855 Verior
391 2827 534 2860 sententia,
554 2828 576 2857 si
592 2827 700 2863 legitur,
720 2836 789 2856 cum.

1042 2619 1098 2655 (50)
1115 2619 1149 2646 Et
1168 2618 1313 2655 intellectus
1340 2615 1509 2655 prmsenhid
1535 2619 1577 2642 est
1590 2609 1794 2655 sententia

1009 2651 1145 2681 tri'faeilis
1158 2654 1190 2680 ad
1207 2653 1425 2687 intelligendum.
1441 2651 1570 2685 Didymus
1592 2651 1735 2682 scripsisse
1749 2651 1791 2674 vt-

1109 2708 1197 2751 Nrin:
1210 2708 1532 2758 é§"§Jct'5?h'aIé"crmci
1551 2708 1666 2758 exempli
1681 2717 1690 2751 (
1700 2716 1794 2758 ῥλζγογ

1112 2759 1297 2792 versionisqne
1317 2757 1420 2786 Latium
1443 2764 1493 2784 suo
1514 2761 1575 2789 jurc
1602 2751 1718 2782 restituit
1733 2751 1794 2780 Gal-

1005 2794 1124 2823 landius.
1141 2795 1237 2828 Antea,
1255 2801 1308 2821 nec.
