1913 3071
131 122 199 151 1757

612 115 813 145 ENARRATIO
833 116 864 143 IN
886 115 1080 143 EPISTOLAM
1101 116 1151 143 lS.
1168 115 1281 143 PETRI.

1692 119 1762 149 5758

130 181 250 209 laborem
282 179 327 208 hic
349 179 400 206 sub
420 177 540 205 tristitiae
568 177 678 204 nomine
708 176 841 211 designat,
862 181 922 203 tan-
935 180 959 207 Α
974 180 1082 202 verttnt.
1111 175 1196 210 Igitur
1217 174 1280 201 licet
1307 174 1443 210 prophetm
1463 178 1623 210 pcrscrutatl
1647 185 1710 206 sunt
1733 181 1760 208 in

129 234 210 262 quam
229 226 264 255 sit
276 225 365 261 aliqua
389 225 498 252 tristitia
510 244 517 255 ,
530 231 590 258 qute
612 223 698 258 possit
717 230 733 250 e
748 223 854 250 diverso
874 229 922 257 per

132 275 190 300 hac
206 272 288 300 verba
307 270 454 306 cognosci,
479 277 543 298 cum
566 274 593 296 et
621 269 691 304 apud
727 268 840 296 Paulum
869 268 922 295 duo

132 316 249 342 tristitia:
272 322 373 350 genera
401 314 720 348 declarentur,quarum
736 321 816 340 unatn
851 320 923 340 utor-

131 366 183 388 tem
196 361 314 396 operari,
329 361 442 388 alteram
457 367 521 388 vero
542 359 729 394 pmnitentiam
750 359 874 387 stabilem
888 359 923 386 ad

129 406 255 437 salutem,
267 412 328 439 quae
344 405 378 432 ita
397 404 545 433 describit:
564 404 655 430 mundi
674 404 782 431 tristitia
807 408 922 431 mortem

129 457 266 486 operatur,
281 452 326 479 Dei
344 459 427 484 vero,
451 450 640 486 paenitentiam
669 451 793 479 stabilem
814 451 849 479 ad
880 459 925 479 sa-

131 498 260 526 lutem”.
293 508 302 524 ι
329 498 439 526 Certum
453 503 498 526 est
528 498 612 530 enim,
639 497 768 532 quoniam
801 498 847 533 qui
877 498 925 525 tri-

131 544 182 570 stis
206 548 248 570 est
273 543 428 575 laborando,
443 542 507 570 dum
536 550 585 577 pro
610 542 662 570 ﬁde
675 542 808 575 decertat,
834 551 924 578 neque

132 590 280 617 secundum
311 589 403 623 mundi
432 589 573 617 tristitiam
605 589 746 623 tristatur,
769 597 857 624 neque
877 597 924 618 se-

132 635 248 662 cundum
275 635 462 670 paenitentiam
489 643 496 662 :
512 634 585 662 illam
607 642 724 670 namque
735 643 783 670 pro
799 635 925 663 amissio-

133 688 168 708 ne
188 679 387 709 delectabilium
415 688 525 714 rerum;
555 681 613 708 hac
639 685 732 708 autem
761 688 809 716 pro
840 682 926 710 hono-

132 734 162 754 re
187 726 242 762 (52)
265 731 466 755 tranmctorum
493 728 599 762 geritur
618 732 802 761 peccatorum.
817 728 926 756 Utrum-

130 780 183 807 que
211 780 276 800 vero
301 773 396 800 harum
421 772 593 800 tristitiarum
613 778 760 801 extraneos
790 781 851 801 esse
879 781 926 802 co-

131 819 281 852 gnoscitur,
302 819 348 854 qui
380 823 507 846 tentatur.
523 819 557 846 Et
585 819 721 854 quomodo
732 819 857 848 diversus
877 820 926 848 de-

131 865 295 891 certantium
312 853 468 899 provectus,
489 864 533 892 alii
548 872 611 892 cum
634 865 726 892 labore
740 885 749 898 ,
764 873 824 900 quaa
840 866 925 895 tristi-
941 853 963 880 Β

132 911 170 937 tia
199 915 323 943 vocatur,
351 911 516 939 tentationes
543 910 650 946 ferunt;
678 912 724 939 alii
752 917 842 938 autem
868 912 926 940 sine

132 957 256 990 tristitia,
272 961 300 984 et
314 958 354 985 sic
370 957 536 985 excellenter
556 965 603 985 eas
620 962 721 985 etcum
741 957 925 986 delccratione

129 1003 299 1037 suscipiunt,
320 1008 349 1030 ut
371 1003 510 1037 hetentur,
530 1004 659 1038 quoniam
680 1003 753 1038 digiti
778 1008 842 1031 sunt
859 1004 925 1032 facti

129 1055 178 1082 pro
191 1049 298 1075 nomine
313 1048 416 1077 Christi
444 1050 510 1084 pati.
527 1049 562 1077 Et
586 1050 757 1077 arbitrantur
773 1058 803 1078 se
821 1050 924 1078 incom-

130 1094 279 1128 parabilcm
295 1095 407 1130 gloriam
425 1095 581 1131 possidere,
597 1096 706 1132 quando
721 1095 826 1125 Christi
842 1098 923 1125 nomi-

128 1148 162 1166 ne
180 1140 353 1168 tribulantnr.

165 1185 248 1214 Vsas.
270 1186 361 1214 10-12.
378 1195 387 1213 ι
408 1186 446 1215 De
464 1194 517 1223 qua
535 1187 622 1216 salute
636 1190 827 1224 exquisierunt
842 1194 926 1224 atque

130 1233 243 1260 scrutati
258 1238 321 1261 sunt
340 1234 487 1269 prophetae,
506 1236 552 1270 qui
569 1235 603 1262 de
616 1235 707 1263 futura
725 1236 750 1263 in
770 1243 819 1263 vos
838 1236 924 1271 gratia

132 1280 374 1314 prophetaverunt,
392 1285 549 1308 scrutantes
568 1282 594 1308 in
613 1282 696 1315 quod,
711 1282 751 1309 vei
762 1282 842 1318 quale
856 1287 925 1309 tem-

127 1334 178 1360 pus
191 1326 370 1361 signiﬁcaret,
392 1327 438 1362 qtti
453 1327 479 1354 in
495 1328 536 1355 eis
549 1332 609 1355 erat
623 1328 690 1363 (53),
717 1329 829 1364 spiritus
846 1327 925 1355 Citri-

127 1372 174 1403 sti,
191 1373 236 1407 qui
254 1372 452 1406 praenuntiabat
464 1372 520 1409 (53)
533 1374 559 1401 in
570 1373 680 1401 Christo
690 1374 756 1401 Jcsu
771 1374 924 1407 passiones,

127 1418 288 1450 etpostlunc
300 1418 357 1453 (ὃό)
373 1418 475 1453 glorias
492 1427 499 1446 :
517 1418 618 1454 quibus
631 1419 778 1446 revelatum
790 1423 844 1451 est,
852 1419 924 1454 quod

128 1470 180 1488 non
199 1462 275 1495 ipsis,
292 1463 367 1490 vobis
382 1468 471 1491 autem
489 1464 678 1491 ministrabant
698 1465 765 1496 hac,
786 1474 796 1490 ι
813 1463 862 1492 rel.

973 222 1043 256 quod
1060 221 1101 248 vel
1120 222 1201 256 quale
1228 226 1333 256 tempus
1351 221 1430 248 linem
1450 221 1586 256 acciperet
1606 223 1760 253 animarum

974 267 1059 300 salus,
1075 272 1102 295 et
1122 267 1224 294 Christi
1240 267 1336 294 ﬁerent
1354 267 1508 302 passiones,
1533 273 1562 296 et
1585 274 1681 303 postea
1705 271 1763 305 glo-

972 313 1020 341 ria:
1030 322 1037 345 ;
1054 318 1238 348 cognoverunt
1248 318 1336 339 tamen
1346 320 1393 347 per
1401 314 1602 348 revelationem,
1611 322 1693 350 quam
1704 316 1763 351 (535i

974 367 1028 386 non
1057 359 1120 390 sibi,
1148 358 1196 386 sed
1219 358 1270 391 eis,
1283 358 1328 393 qui
1357 363 1417 393 post
1436 359 1582 387 adventum
1612 361 1671 396 ejus
1684 367 1766 390 erant

974 405 1068 437 futuri,
1082 404 1275 432 ministrabant
1289 405 1357 432 hac.
1383 404 1442 431 Non
1469 413 1533 440 ergo
1549 407 1682 435 minorem
1700 416 1765 436 san-

974 451 1095 479 ctitatem
1106 458 1200 478 eorum
1212 458 1271 478 esse
1283 450 1426 478 dicendum
1439 456 1481 479 est
1490 472 1498 485 ,
1516 453 1626 486 quando
1644 454 1763 482 divinio-

974 505 1033 526 rem
1049 496 1109 525 Filii
1124 497 1169 525 Dei
1182 497 1352 531 praesentiam
1365 497 1528 525 habuerunt.
1543 498 1682 532 Quomodo
1692 501 1765 529 enim

975 543 1064 570 minor
1087 542 1203 577 alicujus
1217 550 1311 570 eorum
1328 542 1373 577 qui
1390 548 1452 578 post
1466 544 1610 573 adventum
1645 545 1766 579 fuerunt.

975 589 1111 617 videbitur
1139 588 1288 620 Abraham.
1308 588 1354 623 qui
1381 588 1466 616 Deum
1485 590 1561 623 vidit,
1588 599 1650 619 cum
1672 600 1766 621 oinnes

975 636 1080 670 utique,
1094 636 1140 670 qui
1159 636 1306 663 secundum
1322 636 1462 664 Christum
1484 637 1625 670 liniuntur,
1654 639 1682 665 in
1707 639 1766 674 ejus

976 683 1065 709 sinum
1093 681 1322 716 proﬁciscuntur?
1351 681 1491 715 Quomodo
1534 683 1654 712 minores
1685 690 1767 712 erunt

976 727 1083 762 Moyses
1104 732 1132 755 ct
1151 728 1223 755 Elias
1236 747 1244 760 ,
1273 728 1319 762 qui
1334 727 1398 755 .Iesu
1424 728 1452 756 in
1472 728 1555 762 gloria
1583 730 1768 759 transformati

977 775 1058 803 simul
1080 779 1280 809 apparuerunt,
1295 774 1360 803 licet
1385 783 1439 802 non
1468 775 1585 803 viderint
1600 777 1768 805 sensibiliter

978 828 1040 848 eum
1056 820 1090 848 de
1102 820 1213 854 Virgine
1232 821 1424 855 procreatum?
1439 820 1496 848 Non
1523 821 1595 849 enim
1607 830 1768 857 praeponen-

976 867 1026 895 dus
1038 870 1079 894 est
1096 866 1146 898 eis,
1162 866 1207 901 qui
1222 866 1416 901 intelligibilem
1433 868 1578 894 adventum
1591 868 1649 903 ejus
1661 869 1766 896 habue-

976 916 1049 944 runt,
1067 911 1124 944 ille,
1144 911 1188 946 qui
1221 918 1283 938 eum
1305 911 1454 938 secundum
1475 918 1585 939 carnem
1607 912 1683 945 vidit,
1702 912 1767 939 dum

976 957 1054 985 multi
1065 958 1147 985 etiam
1164 962 1322 990 peccatores
1348 957 1400 984 hoc
1419 956 1546 984 viderint.
1570 956 1646 990 Quod
1671 962 1763 984 autem

978 1009 1005 1030 et
1021 1007 1150 1038 peccator
1164 1003 1247 1035 videt,
1261 1002 1345 1030 multo
1366 1001 1480 1030 inferius
1497 1007 1538 1029 est
1556 1002 1612 1035 illo,
1628 1003 1699 1036 quod
1717 1009 1764 1030 ve-

975 1049 1016 1076 nit
1038 1050 1073 1077 ad
1098 1048 1171 1076 solos
1197 1052 1318 1076 sanctos.
1345 1047 1511 1076 Perlectiore
1525 1056 1590 1076 vero
1604 1049 1764 1084 probatione

976 1095 1027 1123 hoc
1042 1095 1186 1122 dicendum
1200 1098 1242 1122 est
1267 1101 1275 1120 :
1295 1094 1425 1128 apostolis
1441 1093 1532 1121 nullus
1546 1099 1590 1122 est
1602 1094 1701 1122 celsior
1715 1095 1769 1122 ﬁdo

976 1145 1023 1168 aut
1052 1140 1259 1168 conversatione
1283 1140 1355 1168 inter
1372 1147 1430 1170 eos,
1449 1140 1496 1174 qui
1515 1140 1615 1168 Christi
1646 1140 1769 1176 Evange-

976 1186 1040 1213 lium
1054 1190 1118 1213 sunt
1129 1185 1215 1213 secuti
1227 1204 1235 1217 ,
1249 1185 1296 1212 sed
1312 1192 1400 1220 neque
1414 1183 1519 1212 Joanne
1535 1184 1668 1219 Baptista.
1685 1185 1767 1213 Putas

976 1239 1041 1267 ergo
1068 1232 1139 1267 quod
1165 1232 1205 1264 hi,
1217 1239 1288 1266 quos
1314 1231 1462 1266 contigerit
1482 1232 1553 1259 circa
1579 1232 1661 1259 tinem
1687 1241 1768 1259 mun-

976 1279 1001 1305 di
1032 1278 1204 1309 consistere,
1226 1283 1253 1304 ct
1281 1277 1398 1304 viderint
1424 1278 1572 1305 secundam
1605 1284 1634 1305 et
1662 1278 1765 1313 glorio-

975 1332 1033 1352 sam
1054 1324 1154 1352 Christi
1173 1323 1356 1359 pra-sentiam,
1375 1323 1511 1351 beatiores
1541 1328 1619 1351 erunt
1648 1323 1769 1359 Baptista

976 1376 1002 1398 et
1016 1371 1119 1398 sanctis
1137 1370 1282 1405 apostolis?
1303 1370 1400 1397 Absit!
1429 1369 1517 1396 nullus
1531 1370 1603 1397 enim
1619 1369 1659 1397 sic
1687 1370 1769 1398 hebes

975 1422 1027 1449 est,
1043 1417 1176 1452 pracipue
1187 1423 1249 1443 cum
1260 1416 1296 1443 sit
1313 1416 1416 1443 dictum
1429 1435 1435 1447 ,
1450 1416 1522 1450 quod
1535 1416 1623 1443 nullus
1636 1416 1661 1443 in
1673 1417 1769 1444 buma-

979 1470 1015 1490 no
1037 1470 1137 1497 genere
1151 1462 1240 1497 major
1254 1462 1289 1489 sit
1308 1461 1431 1495 Baptista
1448 1460 1563 1489 Joanne.
1578 1462 1664 1497 igitur
1675 1462 1698 1490 si
1713 1470 1767 1490 non

166 1507 299 1540 Quoniam
326 1508 434 1541 quidam
462 1508 595 1535 minorem
622 1513 748 1536 asserunt
765 1508 924 1543 promissio—
937 1527 960 1558 ο
976 1509 1157 1541 minorantur,
1171 1508 1216 1543 qui
1250 1516 1304 1536 non
1323 1508 1440 1536 viderint
1463 1508 1639 1540 sensibiliter,
1653 1510 1700 1537 sed
1723 1517 1769 1538 se-

129 1561 191 1579 nem
218 1557 246 1580 et
269 1554 382 1581 salutem
410 1559 579 1587 sanctorum,
606 1555 652 1589 qui
685 1560 748 1582 ante
776 1555 921 1582 adventum

129 1598 284 1626 Salvatoris
309 1597 429 1630 fuerunt,
446 1598 637 1626 existimantes
661 1599 722 1634 plus
746 1599 847 1634 aliquid
873 1599 922 1627 ha-

128 1645 219 1672 buisse
236 1645 417 1679 posteriores,
431 1651 464 1672 eo
480 1645 553 1680 quod
580 1646 706 1673 viderunt
727 1645 820 1673 .lesum
833 1647 921 1674 sensi-

129 1691 238 1724 biliter,
270 1691 352 1718 etiam
383 1691 459 1726 signa
487 1691 521 1719 ab
536 1698 570 1719 eo
586 1692 764 1727 corporaliter
779 1691 866 1725 facta,
895 1697 927 1720 et

128 1738 281 1765 doctrinam
298 1737 358 1772 ejus
381 1738 545 1774 audierunt,
574 1739 770 1766 ostendendum
786 1745 838 1773 est,
855 1747 923 1774 quo-

130 1785 203 1811 niam
225 1784 378 1819 huiusmodi
395 1784 488 1818 opinio
504 1784 571 1812 falsa
587 1793 649 1813 esse
664 1786 841 1821 dignoscitur.
863 1786 923 1815 Duo

129 1830 263 1858 adventus
281 1829 459 1858 suutChristi
480 1839 487 1858 :
514 1838 583 1858 unus
606 1830 716 1866 quidem
732 1832 922 1867 intelligibilis,

129 1874 279 1902 secundum
293 1883 372 1910 quem
385 1876 517 1911 recipitur
537 1880 666 1911 tauquam
689 1877 761 1905 Deus
788 1879 921 1912 verbum;

129 1921 197 1947 alter
225 1928 289 1949 vero
314 1922 461 1954 sensibilis,
493 1923 642 1949 secundum
667 1930 747 1956 quem
768 1923 875 1950 videtur
889 1931 923 1951 ex

130 1964 214 1993 Maria
234 1961 403 2001 progressus.
420 1967 474 1994 Sed
493 1967 610 1995 divinior
631 1968 826 2003 iutelligibilis,
842 1976 922 2002 quam

127 2011 276 2044 sensibilis,
293 2013 339 2047 qui
357 2013 438 2040 etiam
455 2013 547 2048 pravis
560 2013 716 2041 hominibus
737 2019 779 2041 est
797 2014 921 2042 collatus.

128 2057 262 2086 Omnibus
282 2059 374 2094 itaque
397 2060 511 2092 sanctis,
536 2060 582 2095 qui
604 2066 666 2094 post
690 2061 835 2088 adventum
862 2060 922 2088 {ue-

130 2109 202 2137 runt,
231 2109 258 2132 et
280 2110 345 2133 ante
367 2107 528 2140 adventum,
555 2107 762 2142 intelligibiliter
776 2107 923 2135 adveniens

130 2148 176 2176 Dei
194 2151 316 2182 verbum,
343 2152 518 2185 proportione
545 2157 667 2184 actuum,
689 2160 758 2186 quos
774 2153 921 2187 unusquis-

977 1555 1095 1582 cundum
1111 1555 1299 1588 praesentiam,
1318 1553 1352 1580 ab
1366 1552 1420 1580 illis
1434 1552 1482 1588 qui
1494 1560 1556 1580 eam
1578 1553 1662 1580 visuri
1686 1558 1767 1586 sunt,

976 1608 1065 1636 neque
1089 1601 1209 1628 minores
1230 1604 1311 1628 erunt
1327 1606 1433 1631 eorum,
1459 1599 1505 1633 qui
1531 1599 1699 1628 sensibiliter
1724 1607 1768 1628 se-

977 1648 1094 1676 cundum
1115 1646 1290 1682 Evangelium
1313 1646 1542 1680 dispensationem
1563 1645 1664 1674 Christi
1689 1646 1767 1674 vide-

976 1698 1041 1721 runt
1058 1701 1065 1720 :
1082 1691 1236 1719 necessario
1249 1691 1381 1726 siquidem
1399 1691 1457 1718 haec
1473 1690 1591 1719 diximus
1603 1697 1712 1726 propter
1720 1699 1768 1719 eos

976 1738 1021 1774 qui
1052 1738 1172 1766 minores
1201 1737 1307 1765 faciunt
1335 1738 1438 1772 priscos
1466 1738 1595 1772 posteris.
1612 1737 1689 1764 Multi
1704 1743 1768 1766 sunt

976 1784 1076 1812 etenim
1097 1785 1178 1812 etiam
1199 1784 1400 1814 hmticonnn,
1418 1785 1463 1818 qui
1481 1785 1530 1811 hac
1547 1784 1614 1811 falsa
1631 1785 1767 1812 sententia

976 1831 1153 1863 seducuntur,
1165 1830 1328 1858 desiderium
1347 1830 1482 1865 habentes
1492 1830 1650 1862 maximum,
1669 1835 1697 1857 ut
1713 1830 1767 1858 Ye-

978 1877 1027 1905 teri
1042 1878 1170 1911 derogent
1182 1875 1367 1904 Testamento.
1381 1876 1434 1903 Sed
1447 1881 1476 1903 et
1494 1876 1537 1903 his
1552 1876 1696 1903 dicendum
1714 1881 1767 1908 est,

977 1922 1116 1956 quoniam,
1132 1927 1162 1949 et
1175 1922 1197 1948 si
1218 1929 1269 1948 non
1285 1921 1411 1948 viderunt
1427 1925 1474 1948 aut
1495 1921 1662 1948 seusibilitcr
1675 1921 1767 1948 audie-

979 1972 1052 1999 runt,
1069 1975 1130 2002 quae
1143 1967 1208 1994 dixit
1227 1966 1306 1994 Jesus
1320 1972 1347 1994 et
1363 1967 1442 1998 fecit,
1460 1971 1646 1994 verumtamen
1662 1967 1768 1994 deside-

977 2014 1046 2041 rium
1064 2014 1227 2041 babuerunt.
1250 2023 1259 2039 r
1280 2013 1353 2041 Multi
1372 2023 1381 2039 ι
1397 2014 1480 2046 enim,
1498 2014 1595 2048 inquit,
1614 2014 1767 2048 «propheta:

976 2064 1002 2086 et
1013 2058 1079 2094 justi
1089 2059 1286 2093 concupierunt
1299 2059 1402 2090 videre,
1414 2065 1474 2093 quae
1489 2058 1598 2089 videtis,
1616 2062 1644 2084 et
1658 2065 1711 2084 non
1727 2057 1767 2083 vi-

976 2104 1124 2131 dcrunt:et
1137 2104 1233 2131 audire
1244 2111 1304 2138 quae
1319 2103 1427 2134 auditis.
1442 2108 1471 2130 et
1486 2111 1538 2131 non
1557 2102 1702 2130 audierunt
1714 2102 1764 2129 ηδ

978 2151 1010 2178 Et
1027 2151 1061 2178 de
1075 2150 1165 2186 Moyse
1178 2150 1277 2178 dicitur
1293 2159 1301 2179 ε
1317 2150 1458 2183 Quomodo
1485 2150 1630 2178 aestimavit
1649 2149 1767 2184 majores

129 2202 182 2229 que
200 2196 293 2230 gessit,
312 2196 464 2223 sanctiﬁcat
478 2196 535 2232 (54)
549 2203 596 2224 eos
611 2216 619 2229 ,
631 2197 729 2232 quibus
745 2197 919 2231 semetipsum
936 2211 959 2238 η
975 2204 1036 2224 esse
1052 2197 1162 2224 divitias
1178 2197 1371 2232 improperium
1384 2197 1441 2232 (56)
1463 2196 1564 2224 Christi
1576 2216 1584 2227 ,
1602 2204 1684 2230 qttam
1707 2195 1766 2223 the-

129 2241 256 2268 decenter
267 2241 423 2275 irradiavit,
450 2250 502 2269 non
519 2243 664 2270 minoratis
677 2242 782 2270 scilicet
799 2242 840 2269 eis
857 2250 918 2277 pro-

128 2290 188 2320 pter
204 2286 359 2313 scnsibilein
388 2287 572 2322 praesentiam,
596 2289 641 2323 qui
658 2287 767 2316 fuerunt
780 2294 844 2316 ante
857 2289 916 2324 ejus

129 2330 288 2365 adventum;
303 2339 356 2360 non
376 2332 447 2359 cnim
476 2338 587 2368 propter
608 2333 759 2368 malitiam,
787 2335 832 2362 sed
855 2342 918 2369 pro-

134 2381 195 2410 pter
212 2378 342 2412 tentporis
360 2378 548 2407 diversitatem
560 2380 611 2407 hoc
625 2380 741 2408 advequ
755 2380 808 2408 frui
825 2380 920 2415 nequi-

972 2250 1069 2270 sauros
1103 2242 1279 2278 Egyptiacos
1304 2243 1338 2272 ’°.
1364 2243 1469 2270 Dictum
1497 2248 1539 2269 est
1565 2247 1655 2269 autent
1678 2246 1706 2270 et
1733 2243 1766 2269 de

971 2288 1052 2321 lsaia,
1065 2289 1136 2324 quod
1152 2289 1218 2315 vidit
1230 2288 1342 2324 gloriam
1354 2289 1455 2317 Christi
1470 2289 1504 2316 ¹¹.

1009 2334 1091 2362 Vsus.
1103 2334 1147 2361 l2.
1161 2343 1171 2360 ι
1183 2335 1213 2361 In
1228 2342 1308 2369 quem
1329 2335 1525 2369 cmtcupiscunt
1548 2333 1636 2368 angeli
1654 2333 1763 2368 prospi—

973 2388 1045 2408 cere.
1056 2391 1065 2407 ›
1084 2380 1234 2408 Notandum
1255 2382 1325 2416 quod
1335 2381 1406 2417 apud
1417 2381 1537 2412 Cnemis,
1555 2390 1563 2406 ι
1575 2381 1601 2408 in
1617 2387 1706 2416 ψη..
1725 2379 1764 2406 le-

166 2465 187 2482 "
205 2467 223 2493 ll
238 2466 302 2494 Cor.
321 2475 371 2500 vu,
390 2467 434 2496 l0.
472 2468 494 2484 "
509 2467 604 2497 Matth.
618 2462 732 2503 xtti,l7.
769 2470 791 2486 "
806 2470 887 2499 llebr.
903 2480 941 2505 χι,
955 2471 1001 2498 26.
1039 2471 1060 2487 ¹¹
1074 2470 1151 2498 Joan.
1166 2479 1214 2503 xu,
1230 2470 1275 2497 Η.

167 2535 223 2570 (Si?)
250 2535 308 2571 rPro
341 2536 440 2563 honore
463 2541 657 2564 trunsactorum
675 2541 850 2571 peccatorum.
889 2539 917 2566 Si

129 2572 190 2606 quis
219 2570 361 2598 oll'enderit
391 2572 417 2598 in
438 2572 512 2599 verbi
533 2572 641 2598 honoris
665 2570 715 2599 usu
731 2573 917 2606 insnlentiori,

128 2607 207 2637 sciat,
228 2606 402 2644 interpretem
427 2606 552 2644 Latinum
577 2606 712 2644 Graecum,
735 2608 795 2635 ἀντὶ
818 2609 917 2644 τιμῆς,

129 2649 270 2681 perperam
289 2641 448 2669 reddidisse.
458 2641 513 2669 Hoc
531 2647 602 2669 recte
617 2642 772 2670 observavit
787 2641 918 2672 Mue'uc'h-

130 2683 247 2703 meterus
264 2683 350 2703 “ICIIS.

165 2711 222 2744 (55)
243 2711 270 2738 In
294 2711 337 2749 his
358 2712 449 2739 versio
471 2712 563 2739 Latina
590 2720 604 2739 a
625 2711 750 2748 Vulgata,
769 2722 828 2749 quze
848 2722 919 2741 nunc

130 2747 254 2777 habetur,
272 2748 369 2773 mirum
386 2753 515 2781 quantum
529 2747 684 2782 discrepat,
707 2747 788 2782 atque
806 2750 838 2777 ad
856 2758 916 2776 ver-

130 2783 233 2809 sionem
255 2782 393 2815 antiquuru
412 2783 520 2816 propius
537 2783 719 2811 accedit.Cfr.
738 2785 831 2812 Sabat.
847 2785 915 2814 Bibl.

130 2817 263 2853 sacra/nt.
291 2826 370 2844 νει-δε.
395 2818 477 2852 (tutiq.
489 2838 496 2849 ,
517 2823 582 2845 lout.
601 2818 632 2845 ΙΙΙ
644 2839 651 2850 ,
669 2827 694 2853 p.
709 2820 770 2847 946.
788 2820 843 2846 llnt:
863 2829 916 2847 nun

132 2859 186 2880 uno
202 2852 228 2879 in
243 2852 300 2880 loco
318 2853 418 2881 factum
433 2862 494 2882 esse
511 2854 635 2882 vidimus.
655 2852 682 2883 lu
701 2864 752 2891 qua
774 2861 862 2884 tamen
888 2864 917 2883 rc

970 2540 1021 2567 sibi
1042 2547 1093 2566 non
1111 2544 1218 2567 constat
1241 2545 1352 2572 auctor,
1370 2539 1426 2567 sive
1444 2539 1532 2574 potius
1552 2539 1688 2572 librarius,
1715 2543 1759 2566 at-

971 2583 1023 2609 que
1047 2576 1153 2602 videtur
1175 2575 1240 2602 mihi
1261 2575 1369 2610 quidem
1398 2580 1500 2602 textum
1527 2581 1558 2601 ex
1587 2582 1656 2601 nova
1677 2579 1760 2610 atque

970 2611 1082 2643 antiqua
1099 2611 1220 2637 versione
1237 2610 1333 2637 Latina
1348 2610 1457 2637 mistum
1471 2615 1578 2636 secutus
1590 2616 1661 2637 esse.

1007 2646 1063 2680 (54)
1085 2645 1121 2672 Ita
1135 2645 1204 2672 Gali.
1223 2647 1326 2677 Antea,
1343 2644 1522 2678 sancti/imm,
1541 2645 1611 2679 quod
1627 2644 1691 2672 ferri
1709 2652 1759 2673 nee

990 2681 1039 2707 uit.

970 2689 1062 2752 quigz‘i)
1084 2716 1237 2752 Legendnm
1253 2716 1360 2744 videtur
1368 2715 1492 2751 quoniam
1505 2714 1579 2751 (ὅτι).
1602 2714 1762 2744 Gallandius

972 2752 1051 2781 habet
1065 2773 1071 2782 ,
1090 2760 1151 2785 qua,
1168 2759 1200 2786 ex
1217 2752 1381 2786 conjectura.

1009 2787 1064 2821 (36)
1086 2788 1141 2815 lloc
1158 2785 1268 2815 verbum
1292 2787 1362 2814 male
1376 2790 1455 2813 antea
1472 2785 1601 2813 omissum
1616 2793 1648 2813 ex
1666 2792 1758 2813 aucto-

974 2820 1117 2863 ritateloci
1133 2823 1159 2850 in
1176 2823 1224 2863 Ep.
1247 2822 1279 2849 ad
1294 2822 1426 2863 llcbrzeos
1439 2829 1476 2863 vi,
1492 2821 1538 2863 “lii,
1553 2820 1585 2849 ad
1601 2828 1680 2856 quem
1692 2821 1760 2850 allu-

972 2858 1009 2885 dit
1024 2859 1149 2894 scriptor,
1163 2856 1265 2892 pritnus
1280 2857 1393 2886 restituit
1406 2856 1573 2886 Gallandius.
