1913 3071
138 103 207 132 I759

471 132 492 141 ι

764 105 883 133 DiDYMl
904 104 1137 132 ALEXANDliiNl

1709 98 1786 127 I760

136 167 226 197 μων.
258 168 323 195 ηοη,
343 170 353 187 ι
368 161 394 189 in
420 169 501 196 quem
526 161 594 197 (57).
616 170 627 188 ι
648 161 682 190 Et
709 162 749 190 sic
768 163 929 197 exponitur:
945 163 970 193 Α
986 166 1029 189 tur
1046 171 1052 190 :
1072 172 1081 188 ι
1095 161 1126 188 Et
1140 162 1245 189 locutus
1265 166 1307 188 est
1331 159 1460 188 Dominus
1477 158 1510 186 ad
1530 158 1648 194 Moysen,
1667 157 1787 184 dicens:

138 217 148 234 ι
162 205 194 232 El.
203 205 232 232 δέ
239 207 395 239 τιςὲκλάϐοι
406 207 456 243 τὴν
470 207 520 243 ζη-

135 255 270 290 τουμένην
297 253 350 280 ὑπὸ
374 253 429 280 τῶν
450 261 518 289 προ-

138 301 230 336 φητῶν
252 299 391 335 σωτηρίαν
406 299 476 326 κατὰ
488 299 519 326 τὸ

133 347 211 379 τέλος
236 344 319 378 εἶναι,
341 345 355 372 ὃ
381 345 428 372 ἐπὶ
451 346 519 372 πᾶσι

135 392 182 419 καὶ
197 392 311 426 ἔσχατον
323 390 435 427 ὀρεκτὸν
449 390 521 426 (ὀρε-

136 438 239 473 κτικὸν)
256 437 395 473 τυγχάνει,
403 437 454 463 οὐκ
465 437 519 462 ὰπ-

136 482 265 518 εμφαίνει
284 482 348 517 πεῷ¹
371 480 424 507 τῶν
434 480 520 511 ἁγίων

136 528 272 563 ἀγγέλων,
285 528 332 555 καὶ
344 527 437 558 ἁπλῶς
453 525 521 553 πάν-

136 582 191 601 των
205 574 349 610 μακαρίων
361 572 478 607 λογικῶν
491 572 521 599 τὸ

137 621 320 658 προκείμενον
375 619 500 647 ἐκλαϐεῖν
512 639 519 651 ,

139 669 249 696 πάντων
283 667 373 703 ὄρεξιν
406 666 522 701 ἑχόντων

139 713 302 750 παρακύψαι
325 713 366 744 εἰς
389 711 424 739 τὰ
451 711 523 738 κατὰ

139 761 171 788 τὺ
183 760 258 791 τέλος
275 759 437 795 πράγματα.
455 767 464 784 ι

558 217 567 233 ε
582 208 610 235 Si
636 208 697 243 quis
717 208 936 240 existimaverit,

556 253 696 287 quaesitam
713 261 729 280 a
746 253 888 288 prophetis
898 260 938 280 sa-

555 299 637 326 lutem
653 299 680 327 in
694 299 747 336 line
759 306 819 327 esse
832 299 937 333 mundi,

556 346 627 381 quod
634 345 660 373 in
667 346 794 374 omnibus
800 350 827 374 et
834 345 860 373 in
868 353 938 373 sum-

556 399 601 420 mo
620 396 662 420 est
676 392 810 427 appetitu,
828 392 938 428 quando

557 437 643 473 ipsius
657 438 767 473 quidem
785 446 868 466 causa
883 438 937 466 alia

557 488 654 511 cuncta
668 483 746 517 ﬁunt,
758 484 846 520 ipsum
859 491 935 517 vero,

557 528 634 564 cujus
657 536 739 556 causa
763 529 863 557 nullius
880 529 940 565 agi-

557 577 601 600 tur
614 572 687 610 (58);
706 581 759 601 non
777 573 826 601 abs
845 581 874 601 re
885 578 939 608 est,

557 618 640 647 etiam
658 618 770 654 intelligi
787 619 820 646 de
836 620 939 649 sanctis

559 666 680 700 angelis.
717 671 746 694 et
780 666 941 702 simpliciter

559 713 665 741 cunctis
689 713 779 741 beatis
800 712 941 740 rationali-

559 758 611 786 bus
643 758 695 786 hoc
725 758 846 792 dictum,
877 765 940 786 cum

138 812 234 833 omnes
267 805 414 839 appetitum
437 803 564 837 habeam,
587 804 743 840 prospicere
770 811 803 832 ea
826 812 887 839 qua:
912 805 940 832 in

139 852 194 880 fine
210 851 299 879 saeculi
320 855 383 878 sunt
396 850 509 886 agenda.
529 860 539 876 ι

177 896 205 924 Si
223 903 286 924 vero
308 895 390 923 alium
408 895 552 930 quemdam
565 899 665 923 statum
683 895 808 923 viderunt
823 895 933 923 beatum

142 942 203 978 (per
219 950 250 969 ea
265 950 325 977 qua:
340 942 458 970 revelata
481 947 545 969 sunt
562 950 577 969 a
593 946 689 970 sancto
704 943 807 976 Spiritu
824 943 875 975 eis.
889 942 937 978 qui

142 989 319 1024 Evangelium
343 988 532 1024 susceperunt)
560 993 659 1024 praeter
680 997 742 1017 eum
771 990 817 1024 qui
848 990 938 1017 dictus

143 1040 195 1069 cst,
212 1035 357 1063 dicendum
370 1040 424 1075 est,
439 1039 467 1062 et
487 1035 691 1069 concupiscere,
708 1036 735 1063 in
754 1043 815 1063 eum
829 1037 937 1071 prospi-

142 1089 206 1109 cere
221 1081 343 1116 angelos,
359 1081 405 1116 qui
422 1081 447 1107 in
466 1081 691 1116 transgressione
704 1082 819 1116 quadam
835 1082 937 1110 inventi

143 1132 219 1155 sunt.
238 1127 305 1154 Nam
321 1127 385 1154 licet
399 1126 508 1162 quidam
525 1134 619 1154 eorum
638 1127 714 1161 pravi
732 1128 797 1161 sint,
817 1132 937 1155 attamen

143 1174 245 1201 detenti
259 1173 402 1208 supplicio,
418 1173 608 1208 resipisceutes
619 1173 687 1208 (59),
698 1173 769 1201 unde
781 1174 940 1201 ceciderunt

144 1219 227 1255 (quod
248 1219 332 1246 etiarn
360 1219 492 1246 studiosis
510 1219 666 1246 hominibus
684 1219 936 1255 compromittitur),

144 1265 280 1294 habebunt
294 1265 457 1292 desideriqu
469 1264 510 1292 vel
525 1273 573 1299 per
587 1264 723 1292 fenestras
738 1273 769 1292 ea
786 1266 935 1301 respicere.

143 1311 197 1339 Sed
217 1311 273 1346 (60)
288 1317 352 1338 vero
373 1310 467 1337 dicunt
488 1309 641 1343 Mauichaei,
661 1310 695 1338 de
723 1311 829 1346 angelis
852 1311 935 1347 (quos

143 1362 294 1385 creatorem
310 1354 365 1393 [θη
388 1357 508 1393 putant),
525 1358 578 1385 hoc
603 1364 664 1385 esse
687 1357 801 1391 dictum,
819 1358 938 1386 interro-

144 1403 226 1439 gandi
242 1407 317 1436 sunt,
335 1403 359 1430 si
378 1403 460 1430 habet
482 1403 625 1438 quisquam
644 1409 772 1431 naturam
790 1411 822 1431 ea
837 1411 938 1431 concu-

145 1449 278 1484 piscendi,
293 1457 353 1485 qua:
367 1454 467 1484 praeter
485 1455 609 1477 naturam
624 1455 699 1484 sunt,
719 1455 748 1478 et
764 1459 817 1478 non
832 1450 856 1478 ei
873 1457 940 1478 con-

144 1496 272 1526 veniunt;
289 1499 316 1524 et
336 1496 359 1523 si
384 1500 496 1531 propter
510 1496 622 1523 multam
639 1496 791 1524 fatuitatem
806 1497 858 1524 hoc
871 1504 938 1524 cou-

145 1542 289 1574 cesseriut,
303 1550 398 1570 rursus
411 1542 597 1578 interrogandi
613 1548 687 1576 sunt,
703 1543 726 1571 si
741 1543 877 1578 appetitus
892 1543 937 1570 itt-

145 1587 239 1615 finitus
260 1592 301 1614 est
317 1587 424 1614 omnis?
445 1586 566 1621 Namque
583 1588 767 1615 necessarium
786 1592 839 1620 est,
855 1595 938 1623 appe-

147 1632 223 1660 titum
236 1632 375 1666 compleri,
392 1633 455 1659 dum
470 1639 525 1665 res,
540 1639 600 1666 qua:
616 1633 797 1665 desideratur,
808 1633 936 1660 adfuerit.

145 1680 174 1707 Si
194 1686 258 1706 vero
274 1679 326 1706 hoc
347 1679 384 1705 ita
411 1686 464 1706 nou
480 1678 563 1705 estin
585 1679 725 1714 praedictis
744 1679 858 1714 angelis,
884 1679 937 1707 erit

145 1725 282 1759 ademptio
290 1731 397 1756 eorum,
407 1731 466 1758 quae
479 1723 664 1751 manifestavit
676 1723 793 1758 Spiritus
805 1728 935 1757 sanctus;

144 1770 253 1805 quando
264 1777 433 1804 nequaquam
450 1770 550 1798 habere
562 1775 676 1805 possunt
686 1771 935 1806 concupiscentiam

148 1824 254 1850 eorum,
272 1824 387 1852 quorum
404 1817 437 1844 ad
455 1817 513 1844 haec
529 1822 625 1844 natura
644 1822 706 1852 apta
723 1817 881 1853 denegatur.

184 1864 264 1891 Vens.
285 1864 327 1891 15.
348 1873 358 1889 ι
369 1863 423 1891 Sed
438 1864 586 1892 secundum
604 1871 678 1896 eum,
697 1865 742 1899 qui
757 1872 806 1892 vos
818 1863 934 1896 vocavit,

145 1916 279 1943 sanctum,
299 1915 326 1938 et
347 1918 395 1937 vos
415 1911 502 1938 sancti
522 1910 549 1937 in
565 1910 637 1937 omni
664 1911 869 1938 conversatione
882 1911 936 1938 eri.

146 1957 190 1991 tis,
203 1957 264 1991 quia
282 1956 412 1991 scriptum
424 1961 486 1983 est:
523 1956 616 1984 Sancti
630 1956 716 1989 eritis,
733 1956 797 1992 quia
815 1964 864 1992 ego
875 1964 937 1984 sum

145 2006 266 2029 sanctus.
281 2010 291 2027 Ι

181 2048 249 2075 Cum
267 2048 350 2080 Deus,
367 2048 412 2082 qui
430 2055 478 2082 per
492 2047 667 2083 Evangelium
681 2048 804 2075 evocavit
816 2048 850 2075 ad
864 2048 937 2075 salu-

146 2099 214 2127 tem,
228 2094 263 2121 sit
279 2099 402 2128 sanctus,
418 2101 529 2122 necesse
541 2100 583 2122 est
599 2094 789 2122 obedientibus
802 2095 937 2123 vocatioui

145 2141 218 2168 omni
239 2141 444 2168 conversatione
469 2145 550 2176 atque
569 2141 710 2176 prudentia
744 2140 802 2169 ﬁeri
829 2146 938 2169 sanctos

989 207 1114 242 Loquere
1125 207 1199 234 omni
1214 205 1418 242 congregationi
1438 204 1554 231 ﬁliorum
1569 203 1651 231 Israel
1664 207 1692 230 et
1705 202 1788 230 dices

989 254 1030 281 eis
1046 263 1053 281 :
1068 253 1161 282 Sancti
1179 253 1267 285 eritis,
1288 252 1417 287 quoniam
1444 251 1575 279 Dominus
1600 250 1671 278 Deus
1691 255 1789 277 vester

990 305 1101 328 sanctus
1122 299 1208 327 est"!
1220 308 1230 324 ι
1249 298 1397 326 Dicendum
1414 302 1506 325 tamen
1522 300 1575 329 est,
1589 295 1660 331 quod
1680 295 1705 323 si
1728 303 1788 323 non

989 346 1157 373 inveniretur
1172 345 1210 372 ita
1223 345 1353 380 positum,
1371 351 1425 371 non
1444 343 1556 371 omnino
1573 342 1726 370 secundum
1743 342 1788 369 di-

989 398 1063 421 ctum
1080 399 1245 423 sermonem,
1262 390 1418 426 huiusmodi
1435 390 1507 418 dicta
1521 397 1720 425 quaereremus,
1737 390 1788 417 sed

991 438 1206 474 intelligihiliter,
1227 439 1292 466 dum
1307 437 1401 466 omnia
1417 437 1568 472 spiritualia
1584 436 1712 464 divinitus
1725 436 1789 464 elo-

989 486 1054 522 quia
1069 486 1197 518 doceant,
1214 484 1342 520 quoniam
1356 489 1385 512 et
1400 484 1446 520 qui
1467 487 1548 511 vocat
1564 488 1676 511 sanctus
1690 487 1744 515 est,
1759 487 1790 510 et

989 532 1036 567 qui
1058 536 1200 565 vocantur,
1214 535 1245 559 ut
1270 530 1485 563 sanctiﬁcentur,
1506 530 1664 557 adveniunt.
1679 528 1789 564 Requi-

990 578 1067 606 rendl
1084 585 1150 606 vero
1166 581 1230 605 sunt
1250 576 1403 611 Manichazi,
1422 575 1444 604 si
1462 580 1576 604 creator:
1587 580 1641 609 est,
1663 575 1709 610 qui
1725 575 1788 602 haec

991 624 1067 657 dicit,
1082 624 1218 660 quomodo
1241 626 1354 651 sanctus
1368 626 1420 655 est,
1434 621 1608 650 sanctiflcans
1621 628 1669 648 eos
1687 620 1789 655 quibus

991 670 1049 698 haec
1067 670 1186 698 revelata
1201 674 1277 704 sunt,
1293 669 1338 704 qui
1352 668 1456 697 scilicet
1467 668 1535 695 ultra
1551 674 1612 695 eum
1628 671 1703 700 sunt,
1717 673 1790 700 quo—

991 725 1052 744 rum
1066 723 1117 744 nec
1130 716 1276 752 aliquando
1291 715 1388 743 habuit
1401 713 1565 742 scientiam?
1581 713 1609 740 Si
1624 719 1690 740 vero
1703 711 1792 740 Pater

992 764 1142 792 Salvatoris
1162 767 1214 797 est,
1240 768 1268 791 et
1283 762 1369 791 Filius
1392 769 1454 790 cum
1475 769 1509 790 eo
1526 762 1585 789 haec
1598 761 1704 793 dicens,
1719 768 1791 795 quo-

993 811 1074 839 modo
1092 811 1242 847 prophetae,
1258 817 1311 838 non
1324 809 1394 844 ejus,
1410 808 1456 836 sed
1483 807 1530 835 Dei
1548 807 1682 836 creatoris
1695 806 1790 835 exsis-

953 845 977 874 Β
992 845 1102 892 tentes;
1114 845 1279 885 desiderium
1305 856 1461 883 habuerunt
1486 853 1635 889 promereri
1661 861 1693 880 ea
1725 860 1791 888 quae

989 902 1118 939 diligitis?
1140 902 1192 937 Qui
1212 902 1284 929 ultra
1306 901 1392 929 Deum
1414 907 1508 928 eorum
1530 903 1582 931 est,
1612 899 1692 934 hujus
1712 898 1790 927 noti-

990 949 1056 976 tiam
1074 956 1127 976 non
1148 947 1239 975 habet.
1252 946 1422 981 Quapropter
1436 949 1543 979 oportet
1559 951 1620 972 eum
1630 943 1687 978 (63)
1697 942 1787 970 Deum

989 995 1182 1031 prophetarum
1199 998 1227 1021 et
1243 992 1382 1027 Evangelii
1405 990 1542 1021 conﬁteri.
1560 989 1710 1018 secundum
1727 989 1789 1024 pie-

990 1041 1054 1069 tatis
1071 1040 1194 1072 verbum,
1214 1047 1275 1067 cum
1291 1038 1357 1066 nihil
1371 1037 1502 1065 occurrit.

1028 1086 1110 1115 Vens.
1130 1087 1174 1113 l7.
1196 1095 1205 1111 ‹
1217 1086 1249 1113 Ει
1263 1085 1285 1113 si
1305 1085 1413 1112 Patrem
1432 1082 1565 1110 invocatis
1579 1089 1652 1114 eum.
1667 1081 1713 1116 qui
1729 1081 1790 1109 sine

994 1133 1151 1162 discrimine
1181 1139 1360 1168 personarum
1382 1130 1496 1165 iudicat,
1517 1128 1669 1157 secundum
1691 1129 1790 1156 unius-

990 1178 1120 1212 cujusque
1134 1185 1213 1213 opus,
1225 1186 1234 1203 ι
1254 1182 1308 1204 etc.

1026 1222 1055 1250 Si
1074 1222 1097 1249 is
1109 1229 1190 1256 quem
1208 1226 1307 1248 vocant
1324 1220 1445 1252 Patrem,
1466 1219 1548 1254 iudex
1565 1223 1616 1251 est,
1642 1226 1788 1253 personam

990 1267 1044 1297 non
1059 1268 1197 1303 accipiens
1213 1274 1308 1295 eorum
1332 1267 1377 1301 qui
1400 1265 1558 1301 iudicantur
1575 1267 1608 1292 ab
1627 1271 1672 1296 eo,
1695 1268 1722 1291 et
1742 1271 1787 1291 sc-

990 1315 1107 1343 cuudum
1125 1313 1339 1347 uniuscujusque
1366 1311 1472 1346 judicat
1498 1311 1644 1342 actionem,
1670 1318 1733 1338 cum
1755 1310 1790 1337 ti-

991 1367 1067 1388 more
1084 1364 1111 1388 et
1127 1360 1200 1387 omni
1217 1363 1312 1387 sancta
1332 1359 1540 1386 conversatione
1557 1357 1687 1392 perlicere
1699 1363 1783 1383 omne

992 1411 1099 1441 tempus
1124 1406 1259 1433 incolatus
1284 1406 1369 1432 nostri
1397 1404 1566 1431 festinemus.
1585 1403 1631 1430 Sic
1646 1403 1718 1429 enim
1734 1409 1785 1437 po-

992 1451 1108 1478 terimus
1133 1454 1161 1478 et
1182 1449 1289 1478 Patrem
1313 1457 1375 1477 eum
1402 1449 1566 1476 tribuentem
1590 1447 1790 1482 promissiones

991 1505 1150 1532 agnoscere,
1172 1502 1199 1524 et
1224 1501 1302 1524 extra
1328 1502 1409 1524 omne
1433 1494 1594 1530 supplicium
1615 1499 1788 1527 permanere.

989 1543 1168 1578 Quaerendum
1179 1547 1222 1571 est
1231 1542 1314 1574 enim,
1323 1541 1432 1569 siPater
1441 1540 1544 1575 iudicat
1557 1539 1657 1567 uullutn
1669 1542 1696 1566 et
1707 1545 1790 1565 omne

986 1591 1120 1626 judicium
1134 1591 1208 1618 dedit
1224 1588 1342 1618 Filio“:
1357 1588 1421 1623 quid
1440 1588 1485 1615 hic
1502 1587 1589 1622 possit
1604 1585 1734 1619 intelligi?

994 1637 1024 1664 '0
1036 1637 1133 1672 Πατήρ
1146 1637 1220 1663 ἐστιν
1237 1636 1251 1663 ὁ
1270 1644 1371 1671 σημαι-
1408 1634 1436 1662 Si
1451 1635 1521 1661 enitn
1545 1632 1665 1663 Patrem,
1682 1631 1727 1666 qui
1752 1630 1791 1657 si-

987 1682 1110 1718 νόμενος,
1131 1681 1191 1714 πῶς
1206 1682 1304 1718 κριτὴς
1322 1677 1368 1708 οὗ·
1408 1680 1563 1716 guificatur,
1590 1676 1725 1714 quomodo
1744 1676 1791 1710 jus

988 1737 1044 1761 τος,
1061 1728 1162 1764 κρίνων
1177 1727 1249 1754 κατὰ
1262 1728 1293 1754 τὸ
1308 1727 1373 1754 ἐκά-

989 1783 1051 1801 στου
1069 1774 1164 1810 ἐργονς
1186 1774 1215 1800 '0
1236 1773 1290 1810 γὰρ
1315 1774 1374 1800 Πα-

987 1821 1040 1856 τὴρ
1066 1821 1154 1855 κρίνει
1176 1819 1283 1851 οὐδένα,
1303 1818 1372 1846 ἀλλὰ

989 1867 1080 1893 πᾶσαν
1096 1866 1187 1901 κρίσιν
1209 1864 1309 1891 δέδωκε
1332 1863 1371 1898 τῷ

993 1911 1061 1947 Υἱῷ.
1077 1912 1109 1938 El
1128 1911 1156 1938 δὲ
1169 1912 1184 1938 ὁ
1195 1910 1260 1942 Υἱὸς
1271 1911 1370 1946 κρινεῖ,

988 1958 1080 1984 πᾶσαν
1093 1957 1143 1992 τὴν
1159 1957 1251 1992 κρίσιν
1268 1955 1368 1988 λαϐὼν,

989 2003 1049 2035 πῶς
1086 2003 1182 2038 Πατὴρ
1216 2002 1369 2037 τυγχάνει;

989 2050 1062 2085 Πρὸς
1072 2049 1090 2076 ἃ
1099 2049 1218 2081 λεκτέον,
1230 2050 1253 2075 ει
1264 2048 1372 2084 [ἰατρὸς

990 2096 1037 2122 καὶ
1050 2095 1115 2122 Υἱοῦ
1134 2095 1182 2131 μία
1197 2094 1372 2130 θεότης,κρι-

990 2150 1081 2173 νοντος
1093 2142 1139 2168 τοῦ
1150 2141 1229 2174 Υῑοῦ,
1243 2142 1257 2167 6
1276 2140 1371 2175 Πατήρ

146 2187 215 2222 ejus,
233 2187 368 2222 praecipue
386 2187 450 2214 dum
473 2187 506 2221 is,
524 2187 570 2222 qui
587 2192 667 2214 vocat
691 2187 724 2214 ad
747 2187 815 2220 haec,
841 2187 936 2215 invitet

1008 2197 1064 2216 στιν
1081 2189 1095 2215 ὁ
1111 2187 1223 2224 κρίνων,
1241 2186 1309 2214 ἀλλὰ
1324 2186 1372 2213 καὶ

146 2239 173 2261 et
197 2233 299 2261 tribuat
324 2234 507 2262 sanctitatem.
536 2234 582 2261 Ait
605 2235 678 2262 enim
696 2243 702 2262 :
721 2234 862 2268 Quomodo
887 2242 938 2269 ego

147 2280 207 2307 fons
223 2280 378 2311 sanctitatis
393 2288 466 2313 sum,
484 2287 532 2314 per
545 2279 725 2307 substantiam
742 2285 853 2308 sanctus
865 2281 939 2308 exsi-

147 2329 232 2358 stcus,
248 2331 296 2351 vos
316 2325 422 2352 studete
445 2324 602 2359 participari
623 2325 767 2352 sanctitate
783 2324 851 2360 (62),
870 2332 939 2359 quos

146 2370 238 2406 diligo,
252 2374 281 2397 ιιι
298 2370 359 2398 sitis
374 2371 445 2398 sicut
455 2375 483 2398 et
496 2378 557 2406 ego.
570 2370 604 2398 Et
614 2371 676 2398 vide
687 2371 916 2406 dispensationem
928 2379 936 2400 :

145 2425 176 2446 se
189 2425 308 2453 namque
322 2422 447 2445 sanctum
473 2425 536 2445 esse
558 2417 642 2451 dixit;
667 2417 828 2445 accedentes
847 2422 936 2445 autem

147 2463 180 2491 ad
197 2471 270 2495 eum,
289 2462 359 2495 fieri,
375 2463 417 2490 vel
434 2462 540 2491 futuros
556 2469 664 2492 sanctos
682 2464 787 2491 invitat.
808 2465 939 2498 Quaeren-

146 2510 209 2537 dum
227 2514 267 2538 est
293 2509 320 2538 in
337 2517 389 2545 qua
400 2509 491 2537 Veteri
508 2509 647 2545 Scriptura
664 2511 766 2538 homini
780 2511 835 2538 sint
853 2511 937 2540 verba

146 2557 245 2591 posita.
264 2557 296 2584 Et
312 2557 458 2584 notandum
476 2560 527 2588 cst,
544 2557 673 2591 quoniam
694 2557 720 2584 in
739 2556 859 2584 Levitico
871 2557 939 2593 legi-

182 2603 204 2618 "
221 2602 308 2631 Levit.
324 2610 371 2635 xx,
395 2602 442 2630 26.
479 2602 502 2618 ¹³
525 2602 603 2630 Joau.
622 2603 702 2637 ἢῆ.
742 2604 766 2619 ’³
779 2603 874 2631 Matth.
890 2611 930 2636 ιε,
946 2603 975 2630 2.

183 2648 240 2685 (ξἰ)
261 2648 324 2685 [hec
338 2657 372 2676 ex
396 2650 453 2677 suis
468 2649 567 2685 adjecit
582 2650 761 2685 Epiphanius.

183 2683 241 2719 (58)
262 2683 363 2712 Locum
393 2683 550 2719 corruptum
576 2683 648 2717 esse,
675 2693 755 2713 nemo
780 2693 832 2713 non
854 2686 938 2714 videt.

148 2717 260 2759 Sensus,
285 2720 337 2759 qui
354 2717 578 2759 debeatninesse,
592 2728 624 2748 ex
641 2729 720 2759 nexu
744 2722 940 2759 sententiarum

148 2752 228 2780 facile
254 2752 423 2794 intelligitur:
448 2754 547 2794 Vitium
567 2755 598 2794 _in
622 2756 724 2784 ultimis
749 2757 840 2794 verbis
863 2756 938 2788 latet,

148 2794 208 2821 quae
223 2795 294 2824 nunc
311 2790 347 2816 ita
373 2790 527 2817 relinxeritn
543 2797 550 2817 :
565 2791 650 2824 ipsimi
671 2800 739 2822 vero,
764 2792 839 2824 cujus
860 2800 940 2818 causa

146 2823 365 2885 ggtlincitg7gunt),
388 2833 440 2853 non
460 2825 530 2854 alius
549 2823 628 2853 causa
646 2827 743 2862 agitur.
757 2823 812 2854 cn.
835 2825 939 2854 l’indic.

193 2878 200 2885 .
238 2866 253 2885 ο
296 2877 303 2885 .

193 2878 200 2886 ι
221 2866 253 2885 ID
263 2866 303 2886 [Ζ.

989 2236 1003 2261 ὁ
1021 2234 1084 2266 Υἱὸς
1095 2235 1207 2261 δύναται
1228 2233 1317 2269 πατὴρ
1334 2232 1372 2260 εῖ-

991 2290 1034 2308 ναι
1047 2280 1100 2308 τῶν
1111 2279 1260 2315 γεννητῶν,
1275 2279 1372 2315 γεννή-

992 2336 1041 2359 σας
1051 2328 1149 2359 αὐτοὺς
1161 2328 1291 2362 μετουσίᾳ
1301 2325 1373 2360 ἁγιό-

990 2381 1081 2408 τητος.
1100 2371 1234 2402 Πολλάκις
1257 2371 1312 2407 γὰρ
1329 2379 1373 2397 τε-

992 2419 1055 2446 κνία
1071 2417 1166 2445 ἑαυτοῦ
1183 2417 1230 2444 καὶ
1245 2417 1308 2449 τοὺς
1323 2425 1373 2452 μα-

992 2465 1077 2500 θητὰς
1093 2463 1231 2491 ἐκάλεσεν.

1409 1727 1460 1755 dex
1482 1726 1579 1759 iste,et
1597 1724 1723 1758 judicans
1743 1729 1788 1750 se-

1410 1773 1526 1801 cundum
1578 1769 1790 1804 uniuscujusque

1408 1818 1491 1854 opus?
1505 1817 1584 1845 Pater
1601 1817 1673 1844 enitn
1685 1814 1790 1849 iudicat

1407 1866 1568 1898 nullum,sed
1575 1861 1788 1899 omucjudicium

1407 1913 1481 1941 dedit
1492 1912 1570 1940 Filio.
1583 1910 1611 1939 Si
1630 1917 1692 1937 vero
1706 1909 1790 1936 Filius

1404 1959 1507 1994 judicat
1530 1958 1676 1986 secundum
1696 1957 1790 1983 unius-

1407 2006 1536 2040 cujusque
1544 2011 1620 2039 opus,
1630 2010 1710 2030 omne
1717 2001 1786 2036 judi-

1408 2052 1478 2079 cium
1492 2057 1602 2078 sumens
1616 2069 1624 2081 ,
1653 2048 1788 2083 quomodo

1407 2097 1489 2125 Pater
1496 2094 1621 2124 exsistit?
1632 2094 1682 2121 Pro
1691 2092 1788 2127 quibus

1408 2143 1551 2171 dicendum
1560 2145 1612 2172 est,
1621 2140 1748 2174 quoniam
1762 2143 1789 2166 et

1408 2190 1492 2217 Filius
1521 2187 1616 2216 eadem
1649 2186 1789 2213 divinitate

1411 2241 1464 2269 est,
1480 2235 1621 2271 judicante
1640 2231 1719 2264 Filio,
1737 2230 1790 2257 Pa-

1410 2286 1452 2308 ter
1468 2284 1510 2307 est
1533 2279 1578 2314 qui
1601 2277 1715 2313 judicat.
1740 2275 1789 2306 Sic

1408 2331 1436 2353 et
1450 2325 1535 2353 Filius
1560 2328 1638 2358 pater
1653 2327 1694 2350 est
1711 2322 1788 2357 geni-

1409 2376 1509 2404 torum,
1525 2378 1657 2406 generatis
1667 2377 1715 2397 eos
1726 2376 1789 2403 par-

1410 2417 1503 2453 ticipio
1536 2415 1700 2444 sanctitatis.
1732 2415 1790 2442 Sar-

1408 2463 1469 2498 pius
1494 2462 1567 2489 enim
1583 2461 1652 2489 filios
1665 2467 1730 2488 suos
1741 2467 1788 2487 vo-

1409 2509 1482 2536 cavit
1496 2507 1645 2543 apostolos.

995 2557 1029 2585 Et
1044 2557 1089 2585 alii
1106 2557 1194 2584 dixit:
1211 2565 1220 2581 (
1231 2555 1293 2588 Fili,
1305 2555 1480 2584 remittuntur
1494 2554 1542 2582 tibi
1553 2558 1666 2589 peccata
1681 2552 1785 2583 tua“;»

1031 2648 1288 2685 (59)”Scribenrlum
1309 2652 1360 2679 est,
1384 2647 1574 2685 respicientes._
1586 2645 1662 2685 Hanc
1679 2643 1797 2678 νει-ἰθεῖα,

998 2680 1247 2718 mam'Miugarellii
1269 2686 1454 2715 conjecturam
1478 2682 1537 2716 ipse
1557 2680 1662 2716 ﬂagitat
1678 2686 1785 2708 sensus.

1030 2719 1085 2753 (60)
1109 2719 1261 2753 Legendum
1276 2719 1393 2749 videtur,
1410 2718 1443 2744 εἰ.

1030 2749 1085 2790 ζὸί)
1106 2749 1235 2781 Οἰιῗξηιιοι·
1254 2754 1285 2781 in
1310 2760 1422 2780 numero
1446 2751 1586 2787 singulari.
1607 2749 1785 2779 Scribendum

994 2791 1110 2822 videtur,
1127 2794 1267 2816 creatorea.

1030 2825 1086 2858 (ϋέ)
1107 2824 1139 2851 G.
1155 2823 1298 2850 sanctitati.

1030 2860 1086 2896 (65)
1109 2859 1262 2895 Lugendum
1281 2859 1395 2891 videtur,
1412 2858 1551 2903 ctundrma
