1913 3071
143 107 213 134 1761

611 107 812 135 ΕκΑιιιιΑτιο
831 108 864 136 IN
884 107 1079 136 EPISTOL-AM
1101 109 1110 136 ι
1130 109 1159 137 s.
1178 94 1292 136 mm.

1702 111 1771 139 1762

142 167 225 195 alteri
244 173 306 195 vero
318 166 375 194 ait:
391 177 400 194 «
413 166 490 200 Filia,
501 167 568 195 ﬁdes
584 172 628 195 tua
642 173 666 196 te
682 169 782 196 salvam
807 168 930 195 fecit'h
946 170 970 199 Α
985 172 1023 195 tet
1036 175 1083 195 vos
1106 168 1179 195 nasci
1197 168 1324 199 denuo“,
1337 177 1346 194 ι
1364 172 1392 196 ct
1413 176 1580 204 quaecunque
1596 170 1767 203 reperiuntur

142 213 178 241 Et
192 214 259 246 haec,
272 213 380 248 qui(6—‘.)
396 213 530 240 divinitati
545 214 715 248 derogantes,
732 220 845 249 possunt
858 214 933 241 suill-

141 261 249 288 cienter
264 268 394 296 arguere;
412 261 505 288 dicens
519 261 594 288 enim
609 268 670 289 esse
683 261 801 296 judicem
827 265 933 288 creato-

142 315 213 340 rem,
231 314 284 334 non
304 307 431 335 dubitetis
455 308 577 334 eumdem
601 312 706 341 putare,
730 308 775 342 qui
794 307 875 334 Pater
889 311 933 335 est

141 352 307 380 dileclorum
323 353 436 381 Christi.
453 353 622 388 Quapropter
635 361 687 380 una
705 353 833 382 divinitas
848 354 930 381 etiam

141 406 195 434 per
211 399 267 427 haec
280 399 373 432 verba,
389 407 416 426 v.
433 398 484 426 23:
498 408 507 425 «
520 399 614 427 Renati
632 407 684 426 non
700 407 732 426 ex
749 400 853 427 semine
870 407 931 427 cor-

141 444 275 479 ruptibili,
300 444 347 472 sed
369 444 581 479 incorruptibili,
598 445 680 472 verbo
695 444 742 471 Dei
758 445 810 472 vivi
827 449 854 472 et
870 451 932 480 per-

140 491 289 519 manentis.
300 500 309 516 ι
332 489 556 526 Regenerationis
573 495 601 517 et
617 490 797 518 restitutionis
823 491 932 518 nomine

140 536 279 572 signiﬁcat
290 536 520 564 introductionem
537 536 687 564 nativitatis
701 541 760 570 post
772 537 932 565 destructio-

141 589 206 608 nem
227 581 531 616 priscae-generationis
556 580 666 609 factam.
693 582 833 614 Quomodo
858 583 930 609 enim

141 634 198 653 non
211 626 303 654 habuit
313 627 425 660 destrui,
435 634 495 654 cum
507 630 579 654 esset
589 627 784 662 corruptibilis,
796 632 825 655 ut
836 633 930 662 postea

141 672 299 706 incorrupta
315 672 438 705 veniens,
461 678 582 699 maneret
598 679 717 706 aeterna;
741 681 853 701 servans
871 682 932 709 per-

141 716 214 743 recte
232 720 260 742 et
277 716 336 743 sine
362 715 452 751 aliqua
475 717 724 752 circumscriptione
741 719 801 746 vita:
821 727 868 747 eos
885 720 931 754 qui

141 766 294 788 nascuntur
308 769 341 788 ex
356 762 405 789 ea?
423 762 470 789 Est
488 762 559 789 enim
576 763 661 797 prima
678 765 816 798 nativitas,
832 773 932 793 secun~

141 807 207 834 dum
220 808 315 839 Adam,
331 807 466 840 mortalis,
477 813 503 836 et
516 808 576 835 ideo
590 810 785 844 corruptibilis,
798 811 932 845 posterior

141 858 233 880 autem
248 861 280 881 cx
296 854 391 888 spiritu
415 859 442 882 et
466 855 548 883 verbo
574 863 682 891 semper
697 856 804 884 vivente
819 856 878 884 Dei.
897 858 932 885 Et

141 897 196 925 hoc
212 906 277 934 ergo
294 899 415 933 verbum,
436 900 507 935 quod
523 908 571 936 pro
588 901 692 929 semine
708 902 826 936 ponitur,
843 903 932 931 incor-

140 950 221 980 rupta
238 946 417 979 demonstrat,
434 947 497 981 quia
513 954 546 974 ex
561 947 661 975 virtute
675 952 703 975 et
717 947 813 982 spiritu
827 948 852 975 ei
867 957 931 976 con-

140 996 256 1025 gruente
281 992 379 1019 dicitur
404 993 589 1028 incorruptum
608 1003 615 1020 :
634 992 750 1022 «Omnis
774 995 858 1027 enim,
885 995 930 1030 qui

141 1037 266 1064 nascitur
279 1045 312 1065 ex
332 1038 396 1072 Deo,
414 1044 553 1074 peceatum
573 1047 627 1067 non
649 1039 725 1073 facit,
745 1041 871 1075 quoniam
887 1048 931 1069 se-

141 1091 203 1110 men
221 1083 280 1118 ejus
298 1084 323 1111 in
340 1092 373 1111 eo
391 1088 492 1118 manet,
506 1090 535 1113 et
552 1093 605 1113 non
622 1090 711 1121 potest
728 1094 850 1121 peccare,
865 1094 932 1121 quo-

141 1129 215 1156 niam
229 1137 262 1157 ex
286 1130 339 1158 Deo
357 1135 437 1159 natus
462 1131 561 1159 est".r
580 1132 619 1159 Ad
641 1131 693 1159 hoc
716 1139 822 1167 quoque
844 1134 933 1167 perci-

141 1175 269 1210 piendum
294 1181 336 1204 est
359 1177 440 1205 etiam
465 1177 530 1205 illud
545 1186 553 1205 :
569 1178 650 1206 «Filii
665 1179 740 1214 regni
763 1184 826 1206 sunt
840 1186 932 1206 semen

141 1221 241 1248 bonum
252 1221 302 1248 π.»
320 1221 380 1249 Haec
394 1229 460 1257 ergo
475 1223 602 1251 nativitas
618 1223 815 1259 incorruptibili
830 1223 932 1251 semine

140 1266 276 1298 consistit,
294 1267 377 1294 verbo
390 1268 435 1295 Dei
450 1267 503 1295 vivi
517 1273 544 1296 et
560 1269 755 1301 permanentis.

140 1312 227 1346 Λόγον
248 1312 337 1344 ζῶντα
363 1312 441 1345 Θεοῦ,
471 1313 519 1341 καὶ
557 1314 651 1341 Vivum
664 1319 933 1350 veroetpermanens

141 1357 257 1393 μένοντα
265 1359 305 1389 εἰς
317 1358 364 1385 τὸν
379 1358 464 1385 αἰῶνα
474 1358 519 1386 τὸν
556 1361 669 1387 verbum
693 1361 810 1389 dicimus
834 1369 933 1389 secun-

140 1403 318 1438 εὐιγγελικάν
345 1413 411 1439 φησι
429 1404 518 1438 λόγον.
555 1405 619 1432 dum
645 1406 827 1440 evangelicam
849 1406 932 1434 disci-

556 1450 668 1485 plinam.

141 1491 200 1519 Hoc
220 1500 283 1528 ergo
299 1493 471 1528 conseriptor
486 1494 614 1529 Epistolte
637 1494 802 1523 conﬁrmare
824 1496 930 1529 volens,

141 1539 290 1574 assumpsit
312 1540 464 1574 exemplum
488 1541 552 1574 feni,
579 1541 682 1574 dicens,
708 1550 733 1569 v.
757 1542 805 1570 2L.
831 1542 931 1571 «Aruit

142 1585 246 1619 fenum,
260 1590 288 1613 et
305 1585 355 1613 ﬂos
369 1587 427 1620 ejus
444 1586 556 1620 decidit,
571 1587 684 1614 verbum
707 1592 798 1615 autem
824 1587 930 1616 Domini

142 1635 261 1659 manet.»
281 1631 346 1664 Quae
363 1639 424 1658 cum
439 1631 564 1665 dixisset,
579 1633 660 1660 verba
676 1633 831 1668 prophetica
846 1633 930 1660 inter-

141 1682 263 1712 pretatus
280 1682 333 1711 est,
350 1678 454 1711 dicens,
471 1686 498 1705 v.
516 1678 571 1706 25:
587 1689 596 1706 «
610 1679 666 1707 Hoc
693 1684 733 1707 est
755 1684 846 1708 autem
870 1687 931 1708 ver-

142 1723 216 1757 bum,
240 1724 311 1758 quod
333 1724 548 1760 evangelizatum
569 1729 610 1752 est
625 1725 697 1752 inter
711 1732 769 1752 vos.
786 1734 795 1750 ι
816 1724 942 1753 Secutus‘

141 1776 182 1798 est
198 1770 251 1798 illic
264 1771 418 1804 Dominum,
437 1771 482 1798 ubi
497 1771 552 1798 ait:
568 1780 577 1798 t
590 1771 678 1799 Verba
693 1778 752 1798 mea
765 1779 818 1798 non
843 1776 932 1798 trans-

142 1817 219 1844 ibunt
230 1817 263 1844 ⁸⁸.
280 1826 290 1843 ›
314 1817 342 1844 Si
368 1818 457 1844 vivum
475 1822 518 1845 est
533 1818 645 1845 verbum
666 1821 694 1845 et
717 1825 879 1852 permanens
903 1818 930 1845 in

142 1863 195 1895 his,
211 1863 358 1898 signiﬁcari
372 1867 497 1897 putamus
513 1863 577 1890 illud
592 1863 663 1898 quod
678 1867 738 1891 erat
752 1864 778 1890 in
795 1863 931 1898 principio

141 1910 211 1943 apud
222 1910 304 1937 Deum
313 1910 347 1943 “,
360 1910 406 1937 Dei
420 1910 535 1937 Verbum
548 1909 615 1945 (65).
629 1909 794 1944 Requirendi
806 1909 930 1937 sunthtc-

145 1957 233 1989 retici,
253 1957 325 1984 circa
340 1964 408 1991 quos
422 1957 516 1984 dicunt
529 1956 588 1984 ﬁeri
609 1956 842 1991 regenerationem
852 1956 865 1983 *ί
879 1956 932 1984 Ριι-

142 2009 219 2032 tnsne
233 2004 305 2031 circa
323 2004 463 2031 terrenos?
477 2003 530 2030 Sed
544 2002 711 2038 impossibile
723 2006 775 2036 est,
791 2009 843 2030 non
858 2003 930 2030 enim

142 2048 366 2087 naturamlhabel
382 2049 448 2085 (66),
473 2049 620 2077 secundum
640 2056 699 2082 eos,
721 2049 930 2084 incorruptibile

143 2096 308 2131 suscipiendi
324 2103 429 2123 semen.
442 2095 471 2122 Si
484 2102 548 2123 vero
559 2095 617 2123 ‘hoc
631 2095 798 2130 impossibile
810 2100 862 2127 est,
879 2096 932 2123 erit

142 2143 230 2177 potius
254 2142 429 2178 impossibile,
451 2142 483 2169 de
504 2141 690 2177 spiritualibus
712 2141 769 2169 haec
794 2142 929 2177 intelligi:

983 213 1027 241 his
1043 221 1104 241 esse
1125 214 1233 246 similia,
1250 213 1350 248 quibus
1363 215 1525 247 ostenditur,
1544 223 1597 242 non
1615 223 1674 244 esse
1694 222 1772 244 natu-

983 267 1041 287 ram
1057 260 1154 287 bonam
1172 265 1199 287 et
1220 261 1331 288 malam.

1019 304 1101 332 Vsus.
1116 306 1143 332 ιι.
1166 315 1176 332 «
1191 306 1231 333 Ad
1254 313 1335 341 quem
1355 307 1514 335 accedentes
1538 307 1654 342 lapidem
1671 308 1771 342 vivum,

983 350 1018 378 ab
1040 350 1196 379 hominibus
1219 352 1329 386 quidem
1358 353 1543 386 reprobatum,
1565 361 1579 380 a
1604 353 1659 381 Deo
1681 359 1771 381 autem

983 395 1097 423 electum
1120 402 1147 424 et
1162 397 1383 429 honoriﬁcatum,
1405 402 1432 425 et
1448 406 1496 426 vos
1519 403 1646 434 tanquam
1670 399 1773 433 lapides

983 441 1036 469 vivi
1051 441 1223 470 tediﬁcamini
1244 443 1270 469 in
1296 442 1406 470 domum
1426 443 1603 478 spiritualem.
1619 444 1644 470 in
1658 443 1714 479 (68)
1728 452 1772 471 sa-

984 487 1132 515 cerdotium
1159 492 1293 520 sanctum,
1310 487 1456 516 offerentes
1472 489 1575 516 hostias
1593 488 1773 524 acceptabiles

983 533 1050 567 Deo,
1065 541 1113 568 per
1128 533 1221 562 Jesum
1235 534 1384 563 Christum.
1398 544 1408 561 ι
1426 535 1475 568 Qui
1491 537 1524 562 ad
1541 535 1715 570 Evangelium
1728 543 1773 562 ac-

984 586 1136 612 cesserunt,
1161 581 1250 608 renati
1275 589 1308 609 ex
1330 581 1526 615 incorruptibili
1554 583 1667 614 semine,
1688 588 1773 616 genus

983 625 1099 653 electum
1114 632 1196 663 atque
1210 628 1352 662 probatum
1371 631 1449 661 sunt;
1466 627 1546 654 simul
1562 631 1588 654 et
1600 627 1653 654 vivi
1672 627 1773 661 lapides

983 672 1135 704 constituti,
1162 673 1374 707 superatdiﬁcati
1399 673 1499 700 viventi
1525 673 1617 708 lapidi,
1641 673 1726 700 electo
1746 677 1773 699 ct

983 717 1127 751 honorato,
1142 718 1318 746 fundamento
1332 719 1514 753 apostolorum
1527 723 1554 745 et
1567 719 1771 753 prophetarum,

983 763 1016 790 ad
1031 763 1226 797 perﬁciendam
1251 765 1305 791 Deo
1320 764 1488 798 spiritualem
1505 765 1626 797 domum,
1640 765 1673 792 ad
1690 772 1770 798 quam

983 803 1184 842 perducuntur,
1208 809 1294 844 magis
1320 815 1410 836 autem
1443 809 1594 837 oﬁ‘eruntur
1618 810 1772 844 spirituales

946 848 969 876 Β
982 853 1086 888 hostiae,
1107 855 1140 882 de
1154 855 1252 889 quibus
1268 855 1368 882 dictum
1384 860 1444 882 est:
1462 865 1470 881 «
1494 855 1604 882 lmmola
1622 856 1675 882 Deo
1688 856 1773 882 sacri-

982 900 1072 928 ﬁcium
1086 901 1230 933 laudis";r
1247 905 1274 928 et
1286 901 1397 928 iterum:
1409 911 1418 927 ο
1430 900 1589 928 Sacriﬁcale
1607 901 1771 928 sacrificium

979 946 1091 981 iustitiae
1099 947 1148 974 ⁸³.»
1162 946 1224 975 Haec
1233 955 1299 975 vero
1313 953 1374 975 sunt
1386 953 1542 975 sanctorum
1558 947 1695 974 orationes
1707 954 1772 974 con-

983 993 1124 1028 templatio
1143 999 1170 1021 et
1198 998 1276 1021 actus
1293 993 1394 1029 egregii
1409 993 1503 1026 oblati,
1526 1001 1580 1020 non
1606 1000 1654 1027 per
1670 992 1770 1026 ﬁgura-

984 1042 1038 1065 tum
1054 1038 1219 1072 pontiﬁcem,
1233 1039 1280 1066 sed
1297 1046 1345 1073 per
1359 1039 1539 1070 sacerdotem,
1556 1039 1600 1073 qui
1621 1038 1770 1066 secundum

982 1082 1103 1110 Ordinem
1126 1083 1321 1111 Melchisedech
1344 1088 1486 1119 permanet
1509 1084 1535 1110 in
1561 1089 1702 1111 aeternum.
1722 1083 1771 1111 llic

982 1128 1053 1156 enim
1083 1134 1124 1156 est
1151 1129 1243 1161 Jesus,
1269 1137 1392 1157 summus
1418 1130 1559 1162 Pontifex,
1587 1129 1772 1165 pertransieus

983 1181 1077 1201 omnes
1095 1174 1188 1202 caelos.
1207 1175 1281 1202 Illius
1294 1183 1359 1211 ergo
1374 1183 1515 1211 personam
1531 1177 1600 1211 gerit
1617 1176 1710 1208 homo,
1728 1183 1772 1202 as-

982 1225 1105 1255 sumptus
1122 1228 1136 1247 a
1153 1220 1203 1248 Dei
1223 1222 1317 1254 verbo,
1346 1222 1416 1249 unde
1435 1229 1487 1249 non
1507 1222 1544 1255 ei,
1565 1221 1612 1249 sed
1633 1228 1682 1255 per
1697 1229 1769 1253 eum,

982 1266 1038 1294 Deo
1052 1266 1149 1294 boslize
1170 1267 1296 1294 dicuntur
1319 1267 1421 1300 oll'erri,
1442 1275 1504 1295 cum
1527 1267 1654 1294 divinitas
1668 1275 1720 1294 una
1736 1267 1771 1294 sit

983 1312 1071 1340 Patris
1082 1317 1110 1338 et
1124 1311 1195 1345 Filii,
1209 1317 1237 1340 et
1252 1320 1312 1348 qua:
1326 1313 1380 1341 Deo
1394 1312 1469 1340 Patri
1489 1312 1690 1345 sacriﬁcantur,
1703 1312 1771 1340 oﬁ‘e-

983 1363 1080 1385 runtur
1092 1363 1119 1386 et
1135 1358 1214 1386 Filio.

1021 1403 1100 1431 Vens.
1117 1405 1144 1437 7,
1162 1404 1188 1432 8.
1206 1413 1216 1431 «
1238 1404 1316 1432 Vobis
1327 1412 1392 1440 ergo
1404 1405 1492 1432 honor
1504 1405 1697 1432 credentibus:
1712 1412 1764 1431 non

984 1450 1155 1477 credentibus
1168 1454 1268 1482 autem,
1287 1450 1366 1485 lapis,
1386 1459 1466 1485 quem
1481 1451 1695 1486 reprobaveruut
1707 1450 1774 1477 mili-

984 1496 1106 1528 licantes,
1118 1495 1163 1523 hic
1179 1495 1265 1523 factus
1276 1501 1317 1523 est
1331 1497 1356 1523 in
1368 1501 1450 1531 caput
1462 1497 1563 1532 anguli,
1572 1501 1600 1524 et
1611 1497 1677 1530 lapis
1685 1496 1771 1523 otl'cu—

983 1541 1082 1574 sionls,
1098 1546 1124 1569 et
1139 1546 1215 1577 petra
1236 1541 1355 1569 scandali
1374 1542 1441 1578 (69),
1459 1543 1503 1578 qui
1521 1543 1660 1570 oll'enduut
1678 1543 1771 1574 verbo,

982 1595 1032 1615 nec
1047 1588 1172 1620 credunt,
1186 1588 1212 1615 in
1228 1595 1282 1623 quo
1295 1593 1323 1615 et
1334 1588 1414 1623 positi
1427 1593 1499 1616 sunt.
1519 1598 1528 1615 ι

1017 1632 1093 1661 Sicut
1105 1633 1196 1667 Jesus,
1212 1641 1274 1662 cum
1291 1634 1326 1662 sit
1345 1634 1447 1666 lumen,
1474 1634 1572 1661 iterum
1594 1634 1626 1661 ad
1640 1633 1770 1668 judicium

981 1680 1057 1708 venit
1070 1681 1097 1708 in
1113 1681 1255 1713 mundum,
1271 1685 1302 1708 ut
1316 1680 1478 1707 illuminaret
1490 1687 1547 1712 eos,
1557 1681 1601 1714 qui
1611 1680 1770 1711 crecierant,

981 1731 1044 1754 ante
1067 1726 1125 1760 ejus
1152 1727 1307 1759 adventum,
1330 1732 1357 1754 et
1371 1731 1533 1758 excaecaret,
1549 1727 1593 1761 qui
1614 1726 1683 1753 male
1697 1726 1772 1752 vitle-

981 1773 1047 1801 banl.
1057 1772 1081 1789 “
1097 1781 1103 1799 :
1123 1773 1162 1801 sic
1177 1773 1258 1800 etiam
1271 1774 1376 1807 positus
1391 1778 1432 1801 est
1455 1773 1488 1799 ad
1515 1774 1620 1810 ruinam
1637 1777 1664 1799 et
1684 1780 1773 1800 resur-

982 1818 1131 1846 rectionem
1147 1818 1293 1846 munitorum
1308 1818 1334 1846 in
1360 1818 1442 1845 Israel
1462 1818 1495 1852 ³⁵,
1516 1823 1544 1846 et
1567 1818 1690 1846 excitans
1706 1825 1763 1850 eos,

981 1865 1027 1899 qui
1042 1869 1152 1898 peccato
1173 1868 1343 1897 corruerant,
1366 1869 1394 1892 et
1415 1871 1545 1892 corruere
1568 1864 1673 1892 faciens
1687 1865 1731 1898 qui
1744 1865 1770 1892 in

982 1909 1102 1944 peccatis
1119 1913 1220 1936 stalqu
1247 1909 1438 1937 ﬁrmissimum
1465 1910 1649 1944 possidebant.
1677 1909 1723 1937 Sic
1744 1915 1772 1937 et

982 1962 1043 1982 cum
1059 1955 1126 1990 lapis
1140 1954 1245 1982 electus
1259 1960 1286 1982 et
1297 1955 1445 1983 honoratus
1461 1955 1506 1987 sit,
1518 1955 1646 1982 honorem
1662 1958 1771 1989 praestat

982 2001 1016 2029 iis
1027 2000 1074 2036 qui
1093 2008 1141 2036 per
1155 2000 1236 2028 ﬁdem
1252 2001 1502 2035 supertediticantur
1513 2001 1540 2028 in
1556 2007 1599 2033 eo,
1610 2000 1773 2027 fundamen-

981 2051 1038 2074 tum
1061 2054 1156 2074 eorum
1179 2046 1399 2074 robustissimum
1425 2047 1602 2074 vehementer
1621 2046 1768 2074 exsisteus.

981 2092 1059 2127 Apud
1076 2099 1132 2124 eos,
1151 2093 1196 2127 qui
1217 2099 1270 2120 non
1287 2093 1412 2126 credunt,
1429 2100 1481 2120 non
1508 2092 1674 2120 honorabilis
1687 2110 1694 2124 ,
1723 2091 1770 2117 sed

981 2139 1139 2166 oﬁ‘ensiouis
1157 2143 1198 2166 est
1212 2139 1291 2174 lapis,
1307 2143 1334 2167 et
1351 2144 1427 2174 petra
1447 2138 1579 2172 scandali,
1593 2145 1653 2165 cum
1669 2137 1770 2165 similes

144 2196 202 2216 nam
215 2189 236 2216 si
249 2189 345 2215 anima:
355 2195 447 2215 semen
461 2195 510 2222 per
518 2187 698 2215 substantiam
710 2187 864 2223 spirituales
875 2187 929 2224 (67)
946 2190 969 2220 ι)
983 2185 1116 2211 exsistant
1129 2183 1351 2216 aediﬁcatoribus,
1362 2184 1406 2218 qui
1424 2184 1605 2218 despexerunt
1625 2190 1700 2210 etim-

144 2240 204 2263 suut
218 2239 247 2262 ut
264 2235 314 2269 ipsi
329 2234 434 2267 volunt,
449 2233 514 2268 quid
529 2233 569 2261 eis
579 2232 695 2268 amplius
709 2232 850 2267 generatio
862 2239 930 2267 prae-

142 2282 215 2309 bebit
234 2280 344 2308 utilius?
357 2280 528 2314 Quapropter
554 2280 587 2308 de
615 2279 767 2307 voluntaria
784 2286 930 2314 regenera-

144 2329 215 2357 tione
232 2329 283 2356 hoc
297 2328 457 2363 sapiendum
470 2332 521 2361 est,
531 2331 560 2354 ut
573 2326 680 2362 possint
692 2333 855 2362 congruere,
868 2333 929 2361 quae

144 2379 301 2410 sequuntur.
322 2373 367 2402 Sic
380 2374 452 2401 enim
467 2373 568 2401 habet:

175 2420 251 2448 CAP.
268 2420 299 2453 ll,
315 2428 390 2448 vsas.
408 2420 434 2448 1.
451 2429 460 2445 «
472 2419 642 2453 Deponentes
653 2418 737 2454 igitur
750 2425 858 2446 omnem
872 2425 929 2445 ma-

144 2467 240 2499 litiam,
265 2471 292 2493 et
318 2473 425 2494 omnem
448 2464 539 2493 dolum
569 2469 597 2492 et
624 2464 822 2497 simulationes,
839 2473 849 2490 ι
878 2463 928 2491 rel.

144 2512 245 2540 Tui-bat
261 2513 332 2540 enim
349 2513 491 2540 haereticos
511 2511 592 2539 etiam
614 2510 698 2538 illud:
715 2511 791 2538 «Nisi
812 2510 873 2545 quis
886 2518 930 2538 re-

146 2564 223 2587 natus
235 2559 317 2587 fuerit
334 2566 367 2586 ex
385 2566 454 2594 aqua
469 2562 496 2586 et
511 2557 664 2593 spirituum
681 2561 708 2584 et
721 2557 785 2584 illud
800 2563 808 2583 ε
824 2556 930 2591 «Opor-

178 2628 199 2643 “
213 2627 277 2654 Luc.
291 2634 338 2656 νη.
358 2625 402 2653 50.
441 2625 484 2652 "l
498 2624 577 2652 Joan.
595 2632 636 2654 Ill,
655 2625 681 2651 9.
720 2623 844 2650 ""Matth.
863 2631 924 2654 χιιι,

984 2623 1001 2650 ι.
1038 2623 1061 2638 ’⁸
1078 2623 1160 2650 Marc.
1175 2630 1235 2656 xm,
1253 2622 1297 2650 5|.

981 2228 1129 2255 Τουτέστιν
1151 2230 1176 2255 οἱ
1194 2229 1226 2255 ἐκ
1241 2237 1351 2264 περιτο·
1388 2228 1421 2256 Hi
1454 2235 1570 2262 namque
1592 2232 1654 2255 sunt
1669 2227 1771 2254 Scribat

982 2277 1035 2313 μῆς
1053 2276 1137 2303 πάλαι
1160 2276 1292 2312 πρότερον
1314 2269 1352 2303 οὶ-
1387 2280 1414 2302 ct
1428 2274 1568 2302 Pharisaei.

981 2322 1158 2358 κοδομοῦντες
1172 2323 1349 2359 Γραμματεῖς

981 2369 1030 2396 καὶ
1045 2369 1185 2404 Φαρισαῖοι
1200 2368 1246 2395 καὶ
1255 2368 1350 2404 ἀρχιε-

982 2418 1050 2453 ρεῖς.

982 2463 1023 2490 Ad
1037 2463 1088 2490 hoc
1098 2463 1181 2494 enim,
1206 2463 1257 2489 hoc
1270 2466 1323 2494 est,
1338 2461 1371 2488 ad
1384 2468 1438 2489 non
1456 2459 1620 2488 credendum
1637 2463 1665 2485 et
1687 2456 1772 2485 oﬁcn-

984 2509 1113 2541 dcndum,
1124 2509 1149 2535 in
1165 2516 1198 2535 eo
1213 2508 1316 2543 positos
1328 2507 1395 2535 dicit
1403 2514 1451 2534 eos
1465 2506 1511 2540 qui
1526 2506 1559 2532 ab
1578 2504 1636 2538 ejus
1651 2502 1773 2530 doctrina

984 2553 1158 2582 dissentiunt.
1178 2553 1227 2581 Est
1247 2557 1336 2580 autem
1349 2552 1459 2588 positio,
1476 2558 1527 2586 qua
1538 2550 1616 2586 positi
1636 2553 1707 2579 sunt,
1722 2555 1770 2574 γο-

1337 2622 1360 2637 "
1374 2620 1450 2649 Joan.
1465 2628 1484 2651 I,
1496 2619 1522 2646 l.
1563 2618 1584 2634 '°
1596 2617 1673 2645 Joan.
1690 2625 1731 2650 ιιι,
1744 2617 1771 2646 5.

146 2664 165 2680 ³¹
178 2663 241 2691 ibi-l.
254 2663 281 2690 5.
320 2661 342 2677 ³¹
354 2660 426 2688 Psal.
439 2667 512 2692 thx,
527 2660 572 2687 14.
612 2659 634 2675 ³³
646 2659 717 2687 Psal.
733 2667 769 2691 Iv,
787 2659 813 2686 6.
852 2659 874 2675 "
888 2658 930 2686 Joa

984 2665 1020 2690 Ix,
1036 2658 1080 2685 59.
1121 2658 1142 2674 ³⁵
1155 2658 1220 2685 Luc.
1237 2666 1266 2691 It,
1283 2657 1326 2684 54.

247 2732 303 2774 ’Διιι
316 2731 530 2774 delendum-qui,
546 2733 592 2774 aut
609 2729 853 2774 itaﬂsci-ibendum,
869 2736 923 2758 eos,

145 2769 187 2805 qui
197 2768 332 2805 divinitati
346 2768 498 2805 derogantes
514 2770 585 2797 sunt,
600 2770 717 2800 ponunt.

179 2803 234 2837 (65)
253 2802 345 2837 Carpit
361 2801 522 2829 Manichteos

179 2835 235 2876 (66)
255 2835 365 2867 [tectius
379 2838 484 2870 habent,
501 2842 597 2871 nempe
615 2835 726 2864 terreni.

1017 2726 1074 2762 (67)
1093 2727 1217 2762 Corrige,
1240 2726 1393 2762 Semen..._..
1407 2723 1560 2762 _spirituale.

1018 2728 1061 2762 (67
1093 2728 1217 2762 Corrige,
1240 2728 1393 2754 Semen.....
1412 2728 1560 2758 spirituate.

1094 2763 1132 2788 Ita
1149 2762 1345 2811 ed..princeps:
1364 2760 1424 2788 Gal.
1443 2764 1478 2786 el.
1667 2793 1673 2799 '

1033 2798 1065 2826 b9
1094 2797 1160 2825 Cum
1174 2797 1318 2825 Gallandto
1339 2794 1565 2826 interponendum
1582 2797 1633 2826 est,
1649 2794 1672 2820 ιιι

1033 2794 1076 2826 69l
1094 2797 1160 2825 Cum
1174 2794 1318 2825 Gallandio
1339 2794 1565 2830 interponendum
1582 2797 1633 2826 est,
1649 2794 1695 2822 his.
