1913 3071
141 122 209 150 Πίὶῖ

759 121 876 149 DIDYMI
897 119 1132 149 ALEXANDRINI

140 179 271 212 luntaria.
288 179 397 206 initium
422 186 476 206 non
490 177 619 206 credendi
636 185 744 214 gerens.
771 178 847 206 Sicut
863 179 935 206 enim

1007 188 1039 213 ης
1062 178 1202 210 ἀπωλείας
1225 187 1357 213 γεγεννη-

142 226 269 257 mundus,
287 226 332 260 qtti
349 225 375 252 in
391 225 509 259 maligno
525 226 629 260 positus
646 230 689 253 est
704 225 738 257 ",
757 234 809 253 non
832 233 865 253 ex
886 233 933 252 na-

141 276 215 303 tura.
235 271 281 298 sed
293 279 326 298 ex
338 271 463 305 passione
478 270 587 305 propria
613 270 776 305 positionem
795 270 891 297 babuit
906 270 933 297 in

142 318 277 353 maligno;
300 317 348 349 ita,
364 321 393 344 et
411 317 446 343 de
456 316 555 350 quibus
568 323 659 344 sermo
675 320 727 349 est,
744 316 778 343 ad
794 323 846 343 non
871 323 933 343 cre-

141 364 260 392 dendum
277 371 292 390 a
315 364 471 398 semetipsis
491 368 553 391 sunt
572 363 664 398 pasiti,
679 362 787 398 cognati
797 362 933 390 exsisten-

142 414 184 437 tes
197 417 291 437 eorum
305 409 351 444 qui
366 409 454 436 traditi
465 414 528 436 sunt
541 410 574 436 ad
585 407 766 436 contumelias
777 408 934 442 passionum

141 459 170 482 et
182 455 327 488 reprobum
339 462 458 482 sensum.
474 454 542 488 Quis
561 454 632 481 enim
645 457 789 488 peccantes
803 454 830 481 in
851 453 934 481 multa

141 501 269 536 patientia
287 508 333 528 eos
342 502 470 536 portabat
486 500 568 532 Deus,
584 504 791 527 contemnentes
809 499 934 533 benigni-

141 551 224 574 tatem
241 551 268 574 et
284 546 519 581 longanimitatem
537 546 612 581 ejus;
629 550 690 580 post
702 545 816 573 multam
836 545 935 572 invita-

141 592 245 619 tionem
270 592 479 626 doctrinamque
504 591 616 626 reliquit
630 598 677 618 eos
701 589 853 617 secundum
870 596 934 624 pro-

142 637 230 672 priam
251 645 364 672 pergere
388 638 569 668 voluntatem;
593 636 705 670 quando
732 635 800 662 alios
825 634 935 669 quidem

143 683 256 710 tradidit
278 683 384 711 cmlesti
412 682 515 710 militia:
530 682 680 714 deservire,
703 680 770 708 alios
787 685 878 707 autem
893 679 936 706 di-

141 730 230 757 versis
251 729 483 764 concupiscentiis
499 728 591 756 cordis
609 727 650 755 sui
672 727 706 754 ad
724 726 933 762 impudicitiam.

141 775 229 803 Nemo
243 775 270 802 in
283 783 312 803 se
328 774 437 810 quidem
457 775 582 807 miretur,
599 773 723 803 audiens.
734 771 864 808 quoniam
883 779 935 798 una

142 827 187 847 res
200 819 260 847 aliis
277 821 313 848 sit
329 820 362 847 ad
381 819 536 851 utilitatem,
561 818 623 845 aliis
639 819 673 845 ad
689 818 840 846 ltesionem.
857 817 938 844 Vide-

144 873 204 892 mus
215 865 287 892 enim
301 865 425 892 eumdem
438 864 528 891 cibum
543 862 603 890 aliis
613 862 722 897 quidem
736 863 862 894 salutem,
877 861 937 889 aliis
954 857 975 885 Β

143 911 216 938 ferre
233 918 338 938 necem.
356 909 429 937 Idem
442 909 510 937 odor
533 909 666 944 unguenti
687 908 748 935 aliis
761 908 870 943 quidem
889 915 938 934 t.o-

144 961 189 983 cet
204 961 285 990 atque
299 955 458 988 mortiﬁcat,
477 955 537 982 aliis
549 955 669 990 prodest.
684 954 730 981 Sic
744 959 771 981 et
788 953 938 989 spirituali-

152 1007 195 1030 ter
207 1003 394 1037 accipiendmn
404 1006 456 1034 est,
469 1001 598 1036 quoniam
614 1001 728 1036 apostoli
738 1000 839 1028 Christi
850 1000 938 1027 bonus

143 1048 210 1075 odor
228 1051 300 1079 suttt,
326 1047 388 1074 aliis
412 1047 481 1074 odor
503 1054 536 1074 es
557 1046 615 1074 vita
642 1046 669 1073 in
693 1045 796 1078 vitam,
827 1045 888 1072 aliis
904 1051 938 1072 ex

146 1098 234 1121 morte
246 1094 272 1120 in
291 1097 408 1120 mortem
425 1093 458 1119 ³⁷.
482 1091 560 1120 Hunc
575 1098 730 1119 sermonem
757 1091 937 1123 extendimus.

143 1147 176 1167 co
187 1139 260 1174 quod
274 1139 347 1166 male
370 1139 479 1174 quidam
491 1138 551 1166 istis
567 1142 690 1165 utuntur.

181 1185 264 1214 Vens.
277 1185 304 1214 9.
322 1195 331 1211 ι
352 1184 408 1212 Vos
428 1189 518 1212 autem
533 1191 619 1220 genus
636 1183 766 1216 electum,
789 1182 880 1218 regale
893 1190 939 1210 sa-

144 1231 310 1263 cerdotium,
330 1238 398 1264 gens
419 1235 525 1262 sancta,
552 1229 669 1264 populus
693 1228 896 1263 acquisitionis,
910 1231 940 1254 ut

145 1277 257 1304 virtutes
267 1277 434 1304 annuntietis
448 1276 489 1304 eis
506 1275 574 1311 (70),
591 1284 602 1301 ι
617 1280 672 1302 etc.

181 1321 337 1349 Secundum
353 1325 472 1349 veterem
485 1320 692 1355 dispositionem
704 1319 784 1355 legis,
796 1318 869 1346 aliud
881 1322 940 1346 erat

145 1375 273 1402 regnum,
299 1373 326 1395 et
349 1367 422 1394 aliud
446 1366 615 1394 sacerdotale
641 1373 738 1401 genus,
769 1363 940 1392 sacerdotale

146 1421 264 1449 namque
279 1421 293 1441 a
307 1413 384 1446 Levi,
397 1413 487 1448 regale
500 1420 533 1440 ex
555 1411 624 1440 Juda
643 1419 744 1447 genere
766 1411 938 1439 succedebat.

148 1461 225 1488 Alter
239 1461 311 1488 enim
323 1460 394 1495 apud
410 1459 540 1487 llebrzeos
561 1457 704 1494 regnabat,
718 1461 747 1485 et
763 1457 833 1484 alter
848 1463 941 1484 sacer-

147 1507 249 1534 d0tiutn
261 1506 411 1534 obtinebat.

182 1550 248 1578 Post
260 1551 335 1578 illam
353 1551 445 1583 itaque
462 1548 689 1577 constitutionem
700 1547 834 1576 successit
847 1547 940 1575 Evan-

148 1597 259 1633 gelistn.
271 1605 357 1625 unum
371 1601 399 1624 et
409 1597 534 1625 eumdem
542 1596 713 1624 sacerdotem
721 1602 868 1630 rege-tque
877 1602 943 1622 oon-

148 1644 276 1672 stituens.
303 1644 429 1671 Christus
457 1650 575 1678 namque
596 1646 745 1676 utrumque
757 1645 809 1668 est.
825 1641 866 1668 Ad
880 1648 941 1668 ettm

148 1698 266 1725 namque
290 1690 393 1717 dictum
417 1693 480 1717 est:
502 1698 511 1715 ι
530 1689 570 1716 Tu
590 1696 620 1716 es
655 1688 785 1716 sacerdos
808 1687 835 1715 in
863 1692 943 1715 reter-

149 1744 214 1763 num
226 1735 269 1768 ³⁸;
288 1745 298 1762 ι
315 1740 343 1762 et
367 1736 486 1762 iterum:
507 1744 516 1761 ι
544 1735 600 1770 Ego
616 1734 748 1763 suscitavi
766 1741 830 1762 eum
850 1740 942 1769 regem

148 1781 352 1816 cnmjttstilia.)
368 1781 421 1809 Sed
438 1786 467 1808 et
482 1781 540 1816 ipse
554 1781 587 1807 de
600 1779 706 1808 sedicit
720 1787 727 1806 :
743 1788 753 1805 ι
778 1779 834 1814 Ego
852 1783 943 1806 autem

150 1828 315 1857 constitutus
323 1835 384 1855 sum
395 1835 444 1854 rex
458 1827 492 1854 ab
503 1833 537 1854 eo
551 1826 658 1859 ",tltoc
671 1830 742 1860 est,r
759 1833 774 1852 a
787 1825 853 1852 Deo.
872 1833 882 1851 ι
897 1824 945 1852 His

150 1875 243 1910 itaque
256 1874 434 1909 dispensatis,
447 1873 634 1901 necessarium
647 1877 717 1905 erat,
735 1871 874 1907 dispersos
886 1871 943 1907 (7!)

151 1923 186 1951 ab
199 1930 244 1956 eo,
257 1923 304 1957 qui
328 1923 408 1950 simul
421 1929 468 1950 rex
484 1926 511 1949 et
524 1921 654 1949 sacerdos
672 1925 724 1952 est,
739 1919 859 1948 electum
884 1927 945 1948 esse

152 1976 236 2004 genus
245 1973 272 1995 et
282 1967 371 2004 regale
382 1967 462 1995 simul
476 1971 558 2002 atque
572 1965 751 1993 sacerdotale.

986 226 1072 261 μένοι.
1099 226 1280 262 Περιποίησις
1303 224 1358 260 γὰρ

983 271 1015 298 τὺ
1031 273 1091 298 κατ’
1105 271 1244 308 ἐξαίρετον
1256 273 1284 298 ὲν
1307 279 1358 298 πε-

986 317 1093 353 ριουσίᾳ
1112 318 1160 343 καὶ
1176 318 1297 353 κτήματι
1308 317 1353 343 λε-

1709 119 1789 147 1764

1408 177 1530 204 extranei
1545 177 1579 204 ab
1598 177 1669 205 omni
1689 178 1790 212 perdi-

1406 223 1480 250 tione
1514 223 1589 255 l'acti,
1615 224 1784 258 acquisitio.

1404 276 1464 304 qua:
1477 269 1544 296 lites
1561 269 1614 300 bis.
1627 270 1672 304 qui
1690 270 1786 297 susci—

1405 315 1525 350 piuntur,
1546 323 1599 342 non
1625 316 1670 351 qui
1695 315 1787 351 proji-

984 361 1155 397 λογισμένον.
1405 363 1526 389 ciuntur.

986 409 1156 444 Fugiendum
1169 414 1210 437 est
1224 409 1324 443 itaque,
1341 409 1374 436 de
1395 409 1501 436 naturis
1516 408 1609 443 loqui,
1628 410 1700 444 quod
1721 409 1783 437 Bla-

985 456 1081 483 nicltasi
1098 461 1262 490 proponunt,
1273 456 1395 483 dicentes
1411 456 1510 483 bonam
1523 462 1569 482 seu
1587 456 1686 483 malarrt
1702 461 1788 484 natu-

986 510 1055 535 ram,
1080 502 1163 530 etiam
1189 508 1299 538 propter
1317 507 1467 538 prmsentes
1495 510 1593 535 voces;
1619 511 1680 529 nam
1705 505 1782 539 quod

985 548 1103 582 eligitur,
1122 556 1174 576 non
1188 555 1220 576 ex
1239 553 1347 581 natura,
1368 548 1415 576 sed
1428 548 1537 576 virtutis
1562 556 1675 576 munere
1689 550 1783 584 possi-

985 594 1075 622 detur.

992 641 1102 677 Ἐπειδὴ
1115 641 1143 668 δὲ
1155 641 1209 668 ἀπὸ
1222 641 1358 677 διαφόρων

987 687 1072 715 ἐθνῶν
1094 689 1142 716 καὶ
1164 689 1288 725 νομίμων
1312 698 1358 716 κε-

987 734 1121 769 κλήμεθα,
1148 735 1177 761 ἐν
1195 734 1234 770 τῷ
1257 734 1357 761 ἀναλα-

988 779 1046 806 ϐεῖν
1072 780 1137 815 μίαν
1161 780 1284 816 γνώμην,
1310 781 1360 817 μιᾷ

989 823 1081 851 πίστει
1113 826 1161 852 καὶ
1199 826 1360 864 διδασκαλίᾳ

991 871 1184 907 προσέχοντες,
1193 872 1226 899 δι’
1239 873 1273 908 ἢν
1287 873 1359 910 ψυχὴ

991 917 1038 944 καὶ
1052 917 1151 952 καρδία
1167 918 1226 954 μία,
1244 918 1272 945 ἓν
1282 919 1360 954 ἆγιον

991 963 1067 996 ἔθνος
1080 964 1174 1000 ἐσμὲν,
1185 965 1232 992 καὶ
1245 965 1310 998 λαὸς
1321 967 1360 999 είς

991 1013 1168 1048 περιποίησιν
1182 1033 1189 1045 ,
1223 1014 1361 1041 τουτέστιν

991 1058 1032 1090 είς
1046 1058 1192 1095 ἀποδοχήν.

1409 641 1589 674 Quaerendum
1615 646 1657 669 est
1676 647 1785 674 autem.

1409 689 1554 723 quomodo,
1571 689 1633 716 dum
1648 698 1680 717 ex
1693 691 1786 718 omni-

1410 733 1461 761 btts
1478 734 1602 769 gentibus
1619 735 1674 762 sint
1690 737 1787 764 vocati
1818 759 1821 762 .

1411 780 1526 814 ﬁdeles,
1563 790 1643 809 unam
1673 788 1785 818 gentem

1410 835 1533 857 sanctam
1541 838 1588 858 eos
1596 838 1657 858 esse
1670 831 1784 859 dixerit.

1410 875 1444 902 Et
1466 875 1608 903 dicendum
1621 895 1629 908 ,
1647 877 1709 911 quia
1731 877 1788 905 l'or-

1411 928 1471 954 san,
1482 921 1545 949 licet
1554 929 1585 949 ex
1597 922 1710 949 diversis
1720 930 1789 957 gen-

1414 967 1485 995 tibus
1507 968 1562 995 sint
1575 969 1674 1000 vocati,
1693 973 1787 996 tamen

1412 1021 1445 1041 eo
1473 1015 1545 1050 quod
1560 1015 1715 1051 respnerint
1725 1023 1789 1043 om-

1414 1068 1476 1089 nem
1497 1063 1658 1096 vanitatem,
1676 1069 1790 1098 propter

152 2023 207 2051 Τοῦ
245 2025 299 2061 γὰρ
344 2025 528 2060 γεννήσαντος

153 2073 313 2110 ἀμφοτέρας
348 2074 398 2105 τὰς
439 2073 528 2109 ἀρχὰς

153 2120 272 2156 ἔχοντος,
293 2121 401 2156 ἀνάγκη
419 2121 467 2148 καὶ
479 2121 529 2147 αὐ-

152 2169 216 2199 τοὺς
230 2167 268 2198 ὡς
281 2167 314 2193 ὲκ
334 2166 467 2202 βασιλέως
482 2165 532 2200 βα-

155 2213 262 2247 σιλέων,
280 2214 328 2241 καὶ
343 2214 380 2246 ὡς
397 2213 426 2248 ὲε
436 2213 532 2251 ἱερέως

156 2261 306 2297 ῖεράτευμα
326 2258 407 2288 εἶναι.
425 2259 471 2287 Διὸ
484 2260 530 2287 καὶ

157 2309 232 2341 Εονος
251 2309 329 2343 ἅγιον
352 2309 514 2345 ὑπάρχομεν
522 2328 530 2340 ,

156 2353 305 2389 κληθέντες
327 2353 380 2380 ὑπὸ
404 2353 452 2380 τοῦ
479 2362 530 2380 κα-

156 2400 266 2432 λοῦντος
289 2400 368 2434 ἁγίου
391 2399 468 2431 ἤντος
485 2399 532 2426 ἐπὶ

156 2447 188 2474 τι
210 2447 282 2481 ἆγιοι
300 2446 410 2474 ἔσεσθαι
431 2446 457 2473 οι
483 2446 533 2473 αὺ-

159 2494 212 2527 τοὶ,
233 2492 302 2529 πρὸς
317 2492 347 2519 τὸ
360 2491 437 2523 ἔθνος
454 2492 532 2526 ἆγιον

160 2539 305 2575 ὺπάργειν.
313 2538 369 2566 Καὶ
376 2537 439 2569 λαός
447 2537 532 2572 ἐσμεν

159 2586 201 2617 εὶς
216 2585 402 2621 περιποίησιν,
414 2584 466 2618 ἔξω
480 2584 532 2611 πά-

570 2021 656 2050 Patre
683 2022 817 2058 siquidem
848 2029 943 2049 corum

569 2072 716 2103 utrumque
728 2068 848 2096 habente
865 2067 943 2102 prin-

569 2115 710 2149 cipatum,
754 2121 866 2142 necesse
896 2120 944 2142 eos

570 2166 699 2198 tanquam
715 2169 748 2189 ex
761 2169 824 2196 rege
840 2161 942 2197 regale,

991 1125 1072 1152 quam
1084 1122 1177 1154 gentes
1190 1119 1312 1153 dispersa
1326 1119 1534 1153 videbantur.ot
1544 1122 1714 1156 susceperint
1738 1128 1789 1148 vo-

991 1163 1122 1192 luntatem
1142 1173 1234 1197 unam,
1247 1166 1424 1200 eamdemque
1439 1172 1571 1199 mentem,
1593 1175 1674 1194 unam
1693 1168 1782 1202 respi-

990 1211 1095 1238 cientes
1120 1211 1216 1246 utique
1242 1212 1412 1247 disciplinam
1422 1217 1449 1241 et
1463 1213 1542 1241 dem
1556 1221 1649 1241 unam.

1025 1256 1137 1290 Quando
1147 1257 1237 1284 anima
1248 1263 1276 1285 et
1287 1265 1334 1285 cor
1343 1258 1378 1286 sit
1388 1259 1509 1287 ontnium
1524 1259 1702 1289 credentium.
1724 1261 1787 1288 ideo

992 1308 1045 1328 una
1063 1308 1130 1336 gens
1141 1302 1204 1329 dicti
1217 1310 1278 1330 esse
1291 1309 1451 1331 noscuntur.

1028 1344 1110 1373 Vens.
1126 1345 1168 1374 10.
1192 1355 1202 1372 ι
1217 1346 1266 1380 Qui
1285 1347 1431 1382 aliquando
1443 1356 1496 1377 non
1508 1350 1638 1382 populus;
1652 1358 1722 1378 nunc
1738 1359 1791 1378 ar:-

993 1393 1046 1416 tem
1063 1390 1178 1424 populus
1199 1391 1258 1424 Dei,
1281 1400 1396 1427 quorum
1420 1393 1565 1428 aliquando
1586 1402 1639 1422 non
1658 1396 1789 1424 misertus

992 1440 1044 1467 est,
1057 1443 1129 1463 nunc
1139 1441 1228 1464 autem
1251 1438 1408 1465 miseretur.
1431 1448 1440 1464 ι

1030 1481 1204 1517 lntelligenti,
1223 1484 1351 1518 quoniam
1367 1485 1401 1512 de
1417 1485 1471 1518 bis,
1492 1486 1538 1521 qui
1558 1486 1732 1514 crediderunt
1749 1495 1786 1515 es

953 1545 975 1574 c
994 1526 1132 1562 gentibus,
1152 1527 1210 1555 haec
1221 1529 1375 1564 conscripta
1393 1535 1467 1563 sunt,
1481 1531 1546 1558 nibil
1558 1532 1677 1559 occurrit
1689 1532 1788 1560 adrer-

994 1583 1066 1609 sum,
1089 1577 1217 1612 quoniam
1239 1584 1303 1606 ante
1323 1578 1511 1611 vocationem.
1535 1587 1596 1607 cum
1623 1588 1676 1607 non
1697 1586 1792 1608 essent

994 1622 1111 1657 populus
1124 1622 1172 1651 Dei
1191 1627 1219 1650 et
1231 1623 1448 1652 misericordiam
1469 1630 1710 1660 consequerentur,
1726 1634 1793 1653 evo-

994 1668 1048 1695 cati
1060 1676 1075 1695 a
1091 1668 1147 1695 Deo
1160 1674 1292 1696 venerunt
1305 1678 1313 1703 ;
1330 1670 1413 1698 multa
1427 1678 1543 1706 namque
1554 1679 1588 1698 ex
1603 1672 1655 1699 hoc
1670 1672 1792 1699 adversi-

996 1719 1038 1741 tas
1059 1714 1185 1743 consistit
1196 1720 1288 1743 contra
1300 1723 1357 1749 eos,
1369 1716 1414 1750 qui
1430 1721 1536 1751 putant.
1552 1717 1609 1745 hac
1625 1718 1659 1744 de
1676 1718 1792 1745 diversis

995 1767 1054 1788 esse
1073 1762 1226 1797 conscripta
1246 1763 1361 1790 naturis.
1383 1762 1440 1791 Non
1461 1763 1534 1791 enim
1550 1763 1678 1799 possibile
1691 1764 1791 1795 est.de

995 1807 1181 1842 spiritualibus
1193 1808 1258 1840 dici.
1274 1809 1337 1844 quia
1352 1808 1463 1838 fuerunt
1476 1810 1622 1844 aliquando
1636 1818 1689 1837 non
1705 1817 1789 1844 popu-

995 1852 1047 1887 lus,
1059 1857 1086 1881 et
1097 1854 1311 1883 misericordiam
1323 1863 1377 1883 non
1389 1856 1531 1889 habentes,
1545 1864 1634 1891 neque
1646 1864 1740 1884 rursus
1753 1857 1787 1884 de

996 1900 1122 1931 terrenis.
1136 1900 1263 1935 quoniam
1278 1900 1312 1928 de
1325 1908 1378 1928 non
1399 1901 1499 1936 populo
1518 1902 1607 1936 populi
1629 1901 1698 1935 (ΤΞ),
1715 1906 1743 1928 et
1756 1901 1789 1926 de

995 1950 1049 1971 non
1068 1944 1282 1973 misericordiam
1302 1947 1466 1980 consecutis,
1488 1947 1703 1976 misericordiam
1722 1954 1788 1974 con-

996 1990 1081 2017 secuti
1102 1996 1178 2019 sunt.
1203 1991 1303 2019 Malitia
1327 2000 1446 2028 namque
1460 2000 1511 2020 nec
1532 1993 1659 2028 populum
1676 1999 1726 2019 nec
1740 1992 1788 2018 ini—

995 2036 1139 2064 serandam
1156 2037 1224 2071 (75).
1237 2046 1298 2065 cum
1312 2038 1421 2066 malitia:
1433 2038 1622 2073 perceptibiles
1633 2037 1788 2072 spirituales

995 2089 1049 2109 non
1066 2087 1129 2110 sunt
1144 2082 1220 2118 (74);
1238 2084 1284 2111 sed
1297 2092 1331 2111 ex
1343 2084 1442 2112 virtute
1455 2084 1672 2112 misericordiam
1691 2090 1788 2110 consc-

995 2131 1126 2160 quuntur,
1141 2133 1168 2156 et
1188 2129 1303 2163 populus
1317 2130 1363 2157 Dei
1381 2129 1459 2164 ﬁunt,
1478 2134 1593 2158 terrena:
1604 2137 1669 2157 vero
1685 2128 1790 2155 virtutis

995 2179 1011 2200 e
1027 2173 1136 2202 diverso
1149 2175 1339 2210 susccptibiles
1349 2182 1401 2202 non
1416 2179 1488 2202 sunt.
1508 2174 1622 2202 Frustra
1639 2182 1704 2209 ergo
1714 2173 1786 2201 arbi-

568 2213 596 2236 et
610 2214 739 2244 tanquam
752 2217 785 2236 ex
800 2209 937 2237 sacerdote

1009 2224 1104 2248 rantur
1124 2220 1308 2249 diversitatem
1330 2225 1435 2250 natura;
1454 2221 1512 2249 ltzec
1527 2222 1607 2249 verba
1625 2220 1790 2256 signiﬁcare.

568 2263 630 2284 esse
650 2255 820 2284 sacerdotale
841 2263 937 2291 genus.

568 2303 740 2340 Quapropter
761 2312 828 2340 gens
843 2309 936 2332 sancta

568 2349 705 2381 dicuntur,
730 2349 817 2376 vocati
840 2348 873 2376 ab
895 2356 939 2381 eo,

567 2396 613 2430 qui
626 2400 738 2423 sanctus
748 2401 800 2429 est,
813 2400 842 2423 ut
853 2397 939 2423 sancti

570 2445 635 2472 sitit.
662 2444 695 2472 Hi
723 2451 841 2479 namque
858 2453 940 2479 super

569 2491 631 2523 hoc,
660 2492 731 2526 quod
754 2498 847 2519 sancta
873 2500 939 2528 gens

569 2542 712 2570 vocantur,
728 2538 810 2565 etiam
826 2540 940 2573 populus

568 2585 758 2620 acquisitionis
781 2585 936 2613 exsistunt:

1029 2265 1109 2294 Vens.
1132 2267 1179 2294 tl.
1204 2275 1214 2293 ι
1240 2267 1411 2300 Cbarissimi,
1428 2268 1542 2295 obsecro
1561 2273 1688 2303 tanquam
1708 2267 1791 2294 adre-

992 2319 1041 2339 nas
1053 2317 1082 2339 et
1101 2313 1270 2348 peregrinos,
1288 2313 1425 2341 abstinete
1441 2321 1490 2341 vos
1509 2321 1523 2340 a
1542 2313 1696 2341 carnalibus
1714 2313 1787 2340 desi-

993 2357 1086 2385 deriis.
1101 2367 1160 2393 qua:
1173 2359 1289 2386 militant
1301 2360 1431 2388 adversus
1446 2361 1575 2391 animam,
1592 2369 1600 2386 ι
1619 2364 1672 2387 etc.

1031 2402 1083 2436 Qui
1112 2408 1222 2438 propter
1249 2404 1370 2432 divinam
1398 2405 1528 2439 pietatem
1551 2404 1623 2439 digni
1652 2408 1735 2435 sunt,
1760 2408 1788 2430 ut

993 2454 1132 2482 amentur,
1143 2449 1204 2484 iure
1218 2451 1372 2478 cbarissimi
1388 2455 1588 2486 nuncupantur,
1605 2459 1657 2478 non
1669 2458 1700 2478 eo
1716 2450 1786 2485 quod

995 2494 1062 2522 tales
1080 2501 1176 2524 natura
1189 2495 1301 2529 fuerint,
1323 2497 1368 2525 sed
1385 2497 1449 2532 quia
1465 2504 1526 2525 esse
1538 2501 1703 2524 meruerunt.
1716 2495 1788 2522 Con-

994 2542 1112 2577 scriptor
1129 2550 1195 2577 ergo
1213 2543 1293 2577 hujus
1310 2544 1438 2578 Epistolas
1459 2544 1535 2576 dicit,
1549 2544 1677 2579 quoniam
1699 2542 1790 2576 praci-

995 2596 1048 2623 puo
1068 2590 1138 2617 circa
1155 2598 1203 2617 vos
1221 2590 1318 2618 aﬂ'cctu
1334 2591 1515 2626 constt-iugor,
1532 2591 1646 2619 obsecro
1664 2597 1696 2616 ac
1718 2588 1788 2615 invi—

197 2678 329 2707 "lJoan.
346 2686 371 2711 ν,
388 2679 432 2706 19.
471 2678 493 2694 ³⁷
505 2677 524 2705 II
536 2678 598 2706 Cor.
619 2686 648 2710 ιι,
665 2678 709 2710 l5,
724 2678 766 2705 l6.
802 2677 825 2694 "‘
838 2678 909 2706 Psal.
932 2687 937 2704 t

1007 2680 1032 2706 4.
1067 2680 1088 2695 ³¹
1104 2680 1173 2708 Pssl.
1187 2689 1214 2712 tt,
1230 2680 1256 2708 6.

202 2756 256 2792 (70)
277 2757 372 2793 Miror,
393 2757 488 2785 vitium
506 2758 563 2786 fere
579 2764 702 2793 apertum
720 2758 761 2784 vel
774 2758 946 2786 Gallandinm

164 2792 284 2827 latuisse.
302 2792 378 2819 Patet
394 2798 484 2820 autem
496 2792 669 2821 scribendum
684 2800 755 2824 esse,
772 2793 840 2827 ejus.

200 2826 257 2863 (71)
274 2827 410 2863 Dispersus
424 2827 486 2863 ferri
505 2829 597 2862 nequit
608 2834 717 2863 propter
737 2836 858 2856 sensum.
878 2827 946 2855 Puto

166 2861 337 2890 scribendum
352 2868 423 2896 esse,
436 2861 597 2895 dispensator:
609 2861 663 2891 ’νει
677 2871 824 2895 suspensos.

1039 2759 1095 2794 ('72)
1117 2759 1295 2788 Scribendum
1315 2759 1431 2791 videtur,
1443 2758 1556 2794 populus
1573 2758 1648 2793 (acti.

1038 2791 1095 2833 (22ft)
1115 2795 1242 2833 fortasse
1256 2791 1510 2833 ita,_nec_p_opnlus,_
1526 2791 1736 2833 nec'ntiserandi.
1755 2812 1763 2828 ,

1037 2829 1093 2866 (74)
1115 2830 1281 2866 Epiphanius
1292 2830 1352 2860 sine
1364 2830 1445 2859 dubio
1458 2829 1578 2865 scripsit,
1588 2829 1651 2856 sint.

1000 2900 1031 2907 νη.
