1913 3071
124 125 196 156 I765

603 123 806 151 ENARRATIO
825 123 858 151 IN
879 123 1074 152 EPISTOLAM
1095 123 1104 150 1
1124 124 1151 151 S.
1168 123 1279 151 PETRI.

1691 123 1761 150 l76li

124 188 167 215 to,
179 185 210 209 ut
223 180 382 209 abstineatis
393 187 408 207 ιι
427 179 583 207 carnalibus
601 179 755 211 desideriis,
772 187 832 214 quae
845 179 917 207 mili-
933 182 957 212 Α
971 185 1097 216 oporteat
1114 180 1153 207 eis
1177 179 1268 212 subdi,
1285 180 1311 206 id
1328 184 1378 210 cst,
1393 182 1423 205 ut
1439 178 1567 206 tributum
1582 178 1699 205 solvatur
1725 184 1766 205 at-

124 233 181 257 tant
193 227 321 255 adversus
339 226 469 260 animam,
487 230 514 252 ct
532 225 690 252 inimicitias
706 225 918 258 multathabeut

123 276 253 303 adversus
273 281 345 306 eam,
364 272 492 307 quoniam
511 272 562 299 alia
588 272 695 305 animze,
712 276 739 299 et
758 271 809 298 alia
826 271 917 299 carnis

122 320 276 350 suhstantia
293 324 345 347 est.
366 318 412 346 Illa
429 318 573 353 siquidem.
592 318 748 353 incorrupta
765 323 793 345 et
812 318 919 345 humor-

123 367 195 399 talis,
224 367 380 400 incorrupta
402 364 619 399 immortaliaque
632 363 784 397 desiderat;
802 364 860 392 lucc
871 372 919 392 au-

123 416 190 445 tem,
206 419 267 439 cum
281 411 317 438 sit
332 414 458 445 corrupta
480 414 562 444 alque
576 408 685 440 diﬂusa,
702 409 792 444 turpia
809 414 837 437 et
857 409 913 437 lau-

122 457 233 492 guentia
253 455 434 490 concupiscit.
461 454 517 482 Hac
542 454 624 489 igitur
647 454 799 482 dili'erentia
827 454 918 482 consi-

123 507 214 529 stente
238 502 312 529 circa
331 507 441 528 carnem
457 504 483 527 et
506 499 624 527 animam
641 500 792 533 hominum,
807 506 919 528 necesse

123 552 176 580 est,
194 552 222 575 et
237 547 326 575 studia
352 546 563 581 uniuscujusque
586 546 745 574 substantia
774 553 836 573 esse
854 553 920 573 cou-

123 594 220 621 traria.
241 593 307 627 Quia
326 600 393 621 vero
413 593 526 620 alterius
551 592 658 627 generis
683 596 725 619 est
749 591 918 627 alteriusque

123 639 283 667 substantia:
297 638 388 666 anima
408 643 508 673 praeter
521 645 630 673 corpus,
649 637 738 672 palam
754 637 918 671 'advertenti,

124 686 326 719 compassiones
347 692 440 712 eorum
467 690 549 719 atque
572 685 723 713 discordias
757 684 830 719 (75);
857 691 918 711 nam

124 731 237 766 quando
250 731 388 758 subtrahit
402 737 431 758 se
447 730 538 757 anima
549 737 565 757 a
580 730 752 764 passionibus
770 730 920 765 corporali-

124 777 186 810 bus,
210 777 310 804 munda
339 780 366 804 et
389 776 529 811 splendida
558 780 747 810 conservatur,
772 776 919 804 salubriter

124 822 297 857 operationes
309 821 405 857 dignas
421 825 449 848 et
466 828 531 856 pure
546 821 700 857 intelligens
716 829 748 849 ac
760 821 917 857 perliciens.

124 869 288 897 memoriam
313 870 416 897 habens
433 869 508 902 boni,
530 869 644 904 diligens
668 869 763 903 Deum,
781 873 808 896 et
830 869 919 896 scieu-
934 859 955 887 Β

125 916 189 942 tiam
203 914 261 949 ejus
280 914 381 943 habere
398 914 501 942 volens.
525 914 639 947 Quando
663 922 728 942 vero
744 915 834 942 carnis
855 922 919 949 pas-

124 961 213 989 sionis
245 961 419 996 implicatur,
440 961 531 989 omnia
555 961 625 995 apud
649 969 709 989 eam
738 961 782 990 his
806 962 920 989 adversa

125 1008 318 1044 reperiuntur;
344 1016 404 1043 qua:
429 1008 607 1040 intellexerit,
645 1008 778 1036 oblivioni
810 1013 920 1043 repente

125 1054 222 1086 tradit.
243 1062 302 1089 quae
313 1055 414 1082 dudum
432 1055 548 1087 sciebat,
564 1054 674 1088 amittit,
691 1062 813 1082 amorem
829 1054 919 1082 libidi-

125 1100 169 1127 nis
189 1099 293 1128 habens
318 1099 410 1134 potius
430 1107 511 1135 quam
537 1100 584 1127 Dei
615 1099 798 1132 dilectionem,
828 1100 864 1128 ita
892 1104 921 1128 ut

125 1153 194 1182 pene
220 1146 254 1173 ad
276 1146 327 1174 hoc
350 1153 436 1180 usque
459 1146 586 1173 credatur
610 1146 761 1180 pervenire,
787 1151 920 1181 quatenus

125 1197 180 1220 tota
204 1196 313 1226 putetur
329 1192 451 1219 converti
473 1193 501 1220 in
524 1199 646 1220 carnem.
669 1193 707 1221 De
731 1200 846 1227 quorum
872 1193 918 1220 tali

125 1237 224 1265 elIectu
243 1238 269 1265 in
287 1237 427 1272 Scriptura
441 1238 532 1265 divina
545 1238 656 1266 nomina
674 1238 827 1273 hujusmodi
847 1238 919 1266 refe-

129 1289 242 1316 runtur;
257 1292 372 1312 cernens
388 1285 472 1315 enim.
487 1284 533 1319 qui
545 1284 671 1312 venditus
685 1289 727 1312 est
735 1285 787 1312 sub
795 1289 918 1320 peccato,

124 1335 239 1357 vocatur
256 1338 264 1363 ;
291 1329 338 1358 sed
359 1330 441 1357 etiam
462 1329 500 1358 illi
524 1330 570 1364 qui
599 1330 773 1358 vehementer
788 1330 921 1358 inclinan-

125 1381 171 1404 tur
185 1376 218 1403 ad
238 1383 360 1408 carnem,
374 1380 402 1403 et
423 1381 518 1404 sancto
541 1375 646 1411 Spiritu
663 1376 832 1410 desolantur,
856 1383 920 1411 pro-

126 1427 219 1457 pterea
249 1429 346 1450 carnes
380 1426 592 1455 nuncupantur,
623 1421 730 1449 dicente
759 1422 812 1449 illis
842 1421 919 1449 Deo:

128 1475 139 1493 ι
154 1466 211 1494 Non
223 1467 391 1501 permanebit
405 1466 518 1501 spiritus
532 1473 608 1493 meus
620 1466 691 1493 inter
701 1466 827 1494 homines
841 1466 920 1499 istos,

126 1520 159 1541 eo
173 1512 244 1548 quod
261 1519 355 1558 carnes
372 1517 434 1539 sunt
447 1512 481 1538 ".
501 1521 511 1539 ι
532 1511 600 1539 Cum
623 1511 705 1545 igitur
719 1511 822 1544 anima,
845 1518 918 1546 pra:-
933 1528 956 1558 ο

127 1562 170 1585 ter
181 1562 303 1584 naturam
321 1556 430 1591 degens,
449 1560 548 1584 carnea
566 1560 689 1588 vocetur,
708 1560 808 1583 etcum
822 1563 920 1583 secun-

127 1604 192 1632 dum
210 1608 336 1631 naturam
356 1608 491 1637 movetur,
506 1602 618 1638 spiritus
631 1602 788 1635 invisibilis,
802 1610 881 1630 meus
893 1608 921 1630 et

127 1649 255 1677 occultus
270 1649 352 1677 homo
375 1649 485 1683 dicitur,
511 1653 630 1683 constat,
659 1650 732 1684 quod
752 1657 807 1677 non
830 1654 872 1677 est
888 1649 922 1677 de

129 1696 283 1723 substantia
299 1696 433 1731 corporis,
454 1703 515 1723 cum
532 1697 568 1724 sit
585 1696 748 1724 immortalis
761 1701 842 1730 atque
857 1703 921 1732 per-

127 1744 207 1775 petua
221 1740 280 1776 ejus
302 1746 410 1775 natura,
431 1745 458 1768 et
473 1742 580 1777 corpori
600 1741 719 1769 humano
733 1741 882 1774 adhaereat,
895 1745 923 1770 et

128 1787 155 1814 in
171 1794 203 1814 eo
219 1787 301 1819 vivat,
319 1792 453 1822 quatenus
479 1788 567 1823 possit
580 1788 643 1815 data
668 1787 823 1816 hominibus
845 1796 923 1815 mau-

129 1833 192 1860 data
220 1840 341 1866 scrvare,
362 1839 391 1862 et
416 1834 566 1862 illuminata
592 1834 695 1862 Christi
717 1834 818 1862 virtute
837 1834 924 1869 possit

130 1880 287 1912 ascendere,
323 1880 462 1914 sequendo
487 1880 610 1913 verbum,
640 1880 713 1915 quod
739 1887 800 1907 eam
825 1880 922 1907 invitat

129 1925 278 1953 ascendere
298 1933 346 1960 per
361 1925 524 1953 aediﬁcatum
548 1932 703 1959 ascensum,
724 1925 772 1960 qui
792 1925 866 1953 ducit
889 1925 923 1953 ad

131 1970 241 1999 calum.

167 2018 248 2045 Vns.
265 2017 309 2045 15.
329 2026 339 2044 t
358 2016 478 2052 Subiecti
499 2021 588 2045 estote
610 2016 684 2044 omni
704 2017 829 2045 humana!
847 2015 923 2044 ordio

130 2063 232 2092 nationi
246 2068 355 2099 propter
370 2063 465 2092 Deum.
486 2073 496 2090 ι

166 2109 244 2139 Sicut
256 2110 309 2138 alia
321 2109 395 2138 ﬁunt
404 2114 514 2145 propter
530 2109 613 2138 Deum
629 2109 798 2143 frequenter,
813 2112 840 2136 et
858 2115 923 2142 pro-

130 2160 192 2192 pter
207 2155 291 2189 aliud,
313 2156 439 2184 similiter
459 2161 487 2184 et
507 2154 601 2189 subjici
624 2153 791 2190 principibus
805 2158 834 2181 et
848 2159 924 2188 pote-

969 234 1021 261 que
1043 227 1174 261 vectigal;
1192 231 1221 253 ut
1237 225 1370 253 libertatis
1392 224 1479 259 pudor
1503 225 1573 258 apud
1590 232 1637 251 eos
1655 224 1761 251 decenti

966 274 1029 309 jure
1050 278 1184 301 servetur.
1210 272 1255 300 Sic
1278 272 1349 299 enim
1367 271 1490 298 redditur
1508 271 1605 304 honor,
1630 272 1672 298 cui
1697 279 1764 300 con-

969 320 1051 355 gruit,
1063 323 1091 347 et
1109 320 1198 352 timor,
1216 319 1260 346 cui
1275 319 1398 346 debetur.
1415 317 1471 344 Hoc
1482 317 1554 344 enim
1567 325 1622 352 pne
1634 319 1762 345 omnilms

969 366 1058 394 docuit
1075 365 1209 397 Salvator,
1224 365 1318 392 dicens
1335 375 1342 392 :
1360 374 1370 390 ί
1388 364 1500 398 Oportet
1519 363 1606 394 reddi,
1625 371 1684 398 qua:
1699 369 1763 392 sunt

969 411 1094 443 Caesaris,
1117 411 1229 446 Carsari,
1250 416 1278 438 et
1299 418 1360 445 quae
1372 415 1435 438 sunt
1457 411 1514 442 Dei,
1539 409 1595 437 Deo
1611 409 1665 437 δι.»
1684 410 1763 438 Ordi-

969 458 1107 486 nationem
1123 465 1186 485 vero
1200 457 1347 484 humanam
1362 457 1429 484 dixit
1445 461 1618 492 potestatem,
1638 465 1697 492 qua:
1711 457 1760 484 ho-

969 503 1072 531 minum
1090 503 1267 538 dispositione
1292 502 1427 530 consistit.

1005 549 1089 577 Vens.
1112 549 1154 581 15,
1177 549 1221 576 14.
1243 558 1252 575 t
1272 548 1337 576 Sive
1351 550 1420 584 regi,
1446 553 1573 584 tanquam
1588 549 1762 583 praecellenti,

969 596 1027 623 sive
1043 595 1168 628 ducibus,
1188 600 1317 629 tanquam
1343 595 1377 622 ah
1392 602 1424 622 eo
1448 595 1548 626 missis,
1567 596 1600 622 ad
1615 595 1762 623 vindictam

969 641 1187 676 malefactorum,
1204 641 1310 669 laudem
1331 649 1396 669 vero
1412 642 1552 669 bonorum.
1574 652 1583 668 ι

1004 688 1146 716 Praecones
1176 688 1301 716 veritatis
1326 695 1434 727 omnem
1465 688 1576 715 malitias
1592 689 1763 716 occasionem

970 735 1125 762 auferentes
1148 742 1163 761 ιι
1189 735 1278 766 nobis,
1302 734 1425 762 scribunt
1447 739 1581 769 quatenus
1598 735 1665 762 tales
1679 735 1765 762 siums

971 781 1039 815 apud
1056 787 1113 814 eos,
1128 780 1174 815 qui
1201 781 1227 807 in
1252 781 1430 814 potestatibus
1450 780 1562 816 degunt,
1586 788 1619 808 ne
1643 789 1691 816 per
1717 789 1765 808 nos

971 825 1146 860 Evangelium
1162 829 1209 853 aut
1233 825 1357 853 doctrina
1372 827 1430 861 ejus
1447 827 1623 862 impediatur,
1642 828 1765 855 uolentes

972 879 1021 899 nos
1036 872 1076 899 eis
1090 871 1207 899 oﬂlcium
1221 872 1318 900 debita:
1337 873 1488 900 devotionis
1503 874 1653 906 exsolvere,
1671 879 1697 901 et
1720 882 1766 901 eo-

971 925 1031 945 rum
1057 917 1165 945 actibus
1189 925 1250 946 esse
1275 918 1423 953 subjectos,
1446 920 1554 954 quando
1571 924 1659 947 tamen
1685 921 1765 948 rectis

971 964 1074 998 legibus
1092 964 1192 999 aliquid
1223 972 1305 1000 agere
1322 966 1541 999 comprobantur.
1558 966 1659 994 Scribit
1676 967 1765 1002 itaque

971 1008 1078 1041 Petrus,
1096 1010 1170 1036 omni
1186 1010 1352 1037 ordinationi
1370 1010 1495 1037 humanae
1511 1011 1705 1046 subjiciendos,
1724 1020 1767 1039 rc-

971 1055 1050 1089 gibus
1068 1055 1188 1089 quidem,
1208 1060 1335 1090 tanquam
1353 1056 1490 1091 egregium
1516 1058 1625 1085 culmen
1641 1058 1766 1085 habenti-

971 1099 1034 1129 bus,
1047 1099 1162 1127 ducibus
1171 1105 1273 1132 autem,
1289 1105 1418 1135 tanquam
1440 1102 1531 1130 missis
1547 1103 1580 1130 ab
1596 1110 1629 1130 eo
1641 1104 1674 1131 ad
1690 1111 1766 1131 cout-

972 1145 1159 1180 probatiouem
1187 1146 1331 1181 bonorum,
1357 1152 1384 1174 ct
1402 1148 1535 1176 malorum
1557 1149 1661 1177 scilicet
1686 1150 1767 1177 ultio-

972 1197 1045 1218 nem.
1070 1190 1172 1218 Paulus
1197 1196 1287 1219 autem
1306 1202 1313 1220 :
1331 1201 1340 1218 ι
1369 1193 1474 1227 Omnis,
1495 1203 1504 1220 ι
1529 1194 1626 1229 inquit,
1648 1203 1658 1220 t
1676 1195 1766 1222 anima

971 1236 1152 1270 potestatibus
1181 1237 1386 1265 sublimioribus
1409 1238 1516 1266 subdita
1537 1238 1594 1273 sit;
1619 1247 1672 1266 non
1694 1239 1767 1268 enim

971 1285 1014 1308 est
1031 1286 1152 1315 potestas
1168 1282 1218 1309 nisi
1233 1289 1248 1309 a
1261 1282 1315 1309 Dco
1330 1291 1337 1310 :
1356 1291 1415 1317 qua:
1427 1288 1518 1311 autem
1531 1283 1589 1320 (76)
1604 1291 1636 1312 ex
1650 1285 1707 1312 Deo
1721 1292 1767 1312 or-

971 1325 1062 1353 dinata
1076 1332 1139 1354 sunt
1154 1327 1195 1359 ⁸¹,
1215 1337 1224 1353 ι
1242 1332 1269 1355 et
1289 1328 1405 1363 reliqua.
1425 1328 1475 1356 His
1493 1328 1576 1364 igitur
1590 1330 1770 1357 ordinationi-

971 1371 1022 1399 bus
1038 1372 1072 1399 ab
1087 1380 1132 1406 eo,
1150 1374 1195 1407 qui
1211 1374 1343 1401 bonorum
1357 1378 1400 1401 est
1421 1376 1684 1407 causa,~coustitutis
1700 1376 1770 1411 (ipse

973 1423 1093 1451 namque
1106 1417 1260 1450 constituit,
1275 1422 1303 1445 et
1318 1418 1453 1445 destruxit
1469 1426 1555 1454 reges,
1567 1419 1643 1453 cujus
1655 1419 1770 1455 Sapien-

974 1462 1008 1489 tia
1023 1462 1109 1490 dixit:
1124 1472 1134 1488 ε
1146 1462 1199 1490 Per
1213 1471 1257 1490 me
1273 1470 1352 1499 reges
1373 1469 1498 1498 regnant,
1515 1470 1542 1491 et
1556 1469 1680 1499 potentes
1698 1466 1768 1494 scri-

972 1507 1040 1534 bunt
1056 1507 1199 1541 justitiam.
1216 1507 1267 1535 Per
1283 1515 1327 1535 me
1344 1508 1482 1544 principes
1506 1509 1724 1545 magniﬁcanlur,
1742 1517 1770 1539 et

971 1554 1080 1589 tyranni
1097 1560 1146 1589 per
1157 1562 1200 1581 me
1210 1555 1409 1592 possident(7‘l)
1418 1560 1516 1583 terram
1526 1556 1560 1590 “,
1575 1566 1585 1583 ι
1597 1565 1649 1584 non
1664 1563 1770 1592 oportet

971 1599 1140 1632 conturbari,
1164 1601 1187 1628 si
1206 1601 1316 1635 quando
1333 1601 1401 1629 llunt
1422 1602 1576 1638 hujusmorli
1590 1602 1696 1636 iudices
1708 1624 1715 1636 ,
1738 1609 1768 1631 ut

972 1645 1042 1672 male
1055 1646 1182 1680 quiddam
1206 1647 1266 1683 (78)
1293 1647 1405 1682 faciant,
1429 1654 1460 1675 ut
1476 1649 1590 1683 puniant
1604 1649 1700 1682 bonos,
1722 1657 1770 1685 ap-

971 1691 1086 1725 probent
1110 1697 1199 1719 autem
1221 1697 1248 1719 et
1272 1692 1382 1721 laudent
1406 1693 1593 1721 inobediemes
1619 1694 1684 1730 legi,
1709 1695 1769 1722 sive

972 1744 1065 1764 amore
1081 1738 1267 1772 pecuniarum,
1288 1739 1345 1766 sive
1369 1740 1456 1773 gratia
1481 1739 1643 1767 delictorum
1670 1747 1697 1768 In
1717 1740 1769 1767 ali-

972 1790 1040 1818 quos
1067 1789 1219 1819 opportune
1250 1791 1304 1811 non
1335 1784 1465 1813 facientes
1491 1785 1636 1820 judicium.
1662 1787 1766 1815 faciant

974 1829 1200 1857 transcendentes
1215 1830 1300 1863 legem
1311 1830 1415 1866 absque
1426 1831 1604 1866 providentia
1615 1833 1765 1866 voluntate,

973 1881 1026 1909 per
1042 1881 1124 1909 quam
1139 1874 1172 1901 ad
1189 1873 1295 1901 culmen
1312 1875 1399 1902 evecti
1418 1880 1493 1903 sunt.
1509 1875 1542 1903 Et
1560 1884 1613 1904 non
1632 1878 1768 1906 miseran—

979 1919 1044 1946 dum
1069 1919 1138 1954 (79},
1156 1918 1282 1951 sialiter
1306 1919 1427 1953 faciant,
1455 1929 1536 1956 quam
1557 1922 1614 1950 vult
1639 1923 1692 1955 ille,
1721 1931 1770 1959 per

974 1972 1055 1999 quem
1072 1965 1163 2000 adepti
1185 1971 1249 1993 sunt
1265 1970 1441 2000 potestatem;
1463 1975 1525 1994 nam
1545 1975 1614 2003 pene
1630 1969 1700 2004 apud
1713 1970 1770 1996 oin-

975 2018 1024 2038 nes
1039 2010 1143 2039 invenis
1154 2018 1215 2038 esse
1228 2017 1349 2045 peccata.
1366 2011 1446 2040 Dedit
1459 2013 1537 2040 nobis
1550 2013 1622 2041 Dens
1641 2021 1750 2042 sensum
1761 2036 1768 2047 ,

974 2060 1004 2083 ιιι
1020 2061 1145 2090 utamur;
1163 2057 1267 2084 utimur
1281 2065 1314 2085 eo
1331 2058 1402 2085 male
1420 2058 1589 2094 frequenter,
1611 2061 1658 2088 sed
1678 2066 1770 2089 nostra

975 2103 1123 2130 voluntate.
1145 2102 1223 2136 Quod
1239 2109 1331 2131 autem
1357 2104 1394 2131 ita
1416 2105 1455 2137 lit,
1475 2112 1528 2132 non
1546 2111 1663 2140 oportet,
1685 2111 1715 2134 ut
1740 2107 1771 2134 il-

975 2147 1041 2181 lum,
1057 2148 1102 2183 qui
1121 2148 1194 2175 dedit
1215 2156 1338 2181 sensum,
1358 2149 1469 2184 culpare
1483 2150 1639 2178 debeamus.
1659 2151 1770 2179 Planta-

131 2202 246 2230 statibus
259 2201 396 2234 humanis,
408 2201 553 2236 aliquando
565 2206 674 2236 propter
685 2200 783 2233 Deum,
800 2199 925 2234 aliquan-
941 2207 964 2235 ι)
979 2193 1018 2220 νῖι
1032 2193 1058 2220 in
1082 2193 1160 2221 Ιιοδῖε
1176 2194 1308 2229 νίιζοτθηιν
1332 2199 1362 2222 ιιι
1378 2195 1531 2231 ἀῖιίμιιιυε,
1548 2202 1576 2224 ει
1595 2198 1657 2225 Odit)
1671 2198 1771 2225 ὶιιιὺειι·

131 2247 166 2274 do
181 2253 292 2281 propter
315 2246 387 2274 aliud
412 2246 557 2281 quidquam
579 2245 625 2279 lit;
650 2244 696 2279 qui
714 2244 787 2271 enim
814 2248 925 2278 propter

132 2293 276 2320 Dominum
302 2292 426 2320 subditur
444 2293 496 2324 eis,
516 2291 563 2326 qui
585 2291 618 2318 ad
637 2290 845 2325 principandum
862 2293 927 2316 sunt

132 2338 285 2370 constituti,
307 2343 372 2365 tunc
389 2337 559 2365 solummodo
580 2337 620 2364 eis
636 2335 774 2370 subjectus
796 2341 850 2362 nou
871 2339 923 2367 cst,

131 2384 240 2418 quando
251 2383 389 2411 contraria
400 2383 533 2410 voluntati
551 2381 597 2410 Dei
612 2381 783 2416 praecipiunt.
801 2380 925 2415 Quapro-

136 2434 198 2465 pter
222 2429 303 2457 etiam
320 2429 505 2457 reluctandum
526 2432 568 2457 est
583 2435 670 2463 usque
692 2427 726 2455 ad
744 2431 872 2459 mortem,
899 2426 922 2453 si

134 2475 244 2509 quando
254 2475 389 2503 voluerint
401 2480 478 2503 extra
489 2474 626 2502 Christum
640 2480 691 2501 nos
703 2472 793 2500 facere
807 2472 921 2507 aliquid,

133 2520 223 2548 dicere
238 2521 280 2548 vel
294 2529 374 2556 agere
390 2526 489 2555 praeter
503 2527 612 2548 sensum
629 2523 676 2546 aut
699 2519 855 2546 sanctiones
878 2526 924 2546 ec-

133 2566 310 2595 clesiasticas.
338 2566 495 2594 Mauifcstat
526 2567 616 2601 itaque
641 2565 751 2597 Paulus,
778 2565 803 2591 iu
826 2564 924 2598 quibus

170 2647 192 2664 ⁸⁸
213 2647 281 2675 Gen.
306 2654 343 2679 vt,
359 2647 386 2673 ὅ.
437 2647 458 2663 ⁸¹
483 2646 578 2674 Matth.
601 2653 675 2680 χχιι,
696 2645 741 2672 2i.

168 2717 225 2752 ('15)
244 2716 346 2745 Sensus
359 2717 472 2751 ﬂagitat.
491 2726 563 2752 ιτᾳιιε
579 2717 722 2744 discordes.

168 2752 224 2787 (Ἧι)
254 2753 335 2779 ltcrte
357 2753 426 2779 Gali.
444 2754 651 2788 cnttjecitzquw
675 2758 762 2779 autem
793 2758 871 2788 suntL
887 2761 920 2780 ea:

132 2787 187 2815 Deo
206 2786 327 2813 ordinum
349 2793 420 2814 sunt.
446 2786 502 2815 Cir;
521 2786 603 2814 ltotm
617 2795 679 2819 xm,
697 2788 721 2819 1,
744 2789 773 2814 αἱ
796 2788 824 2814 δὲ
842 2786 920 2815 οὖσαι

90 2835 91 2838 η
134 2822 187 2850 ὑπὸ
203 2821 270 2848 Θεοῦ
297 2823 463 2857 τεταγμέναι
487 2823 564 2849 εἰσίν.
587 2822 647 2849 Haec
677 2825 791 2857 genuina
821 2824 920 2856 lectio;

134 2858 308 2886 omittendum
321 2863 362 2886 cst
385 2858 512 2891 ἐξουσίαι,
528 2858 585 2886 Vid.
616 2857 722 2886 Griesb.
744 2859 777 2885 ad
807 2858 834 2885 h.
860 2859 877 2885 l.

794 2644 815 2660 “
839 2644 917 2671 Rom.
932 2650 993 2676 χιιι,
1019 2643 1044 2668 ‘l.

978 2245 1048 2271 mus,
1063 2242 1093 2265 ut
1105 2238 1216 2272 quidem
1231 2239 1295 2266 odio
1309 2239 1460 2268 habeamus
1483 2241 1564 2275 mala,
1583 2247 1610 2269 et
1627 2243 1771 2278 diligamus

977 2283 1058 2311 bona.
1072 2282 1203 2312 Homines
1218 2291 1285 2319 ergo
1303 2293 1318 2313 e
1335 2286 1443 2313 diverso
1461 2287 1618 2316 muneribus
1634 2288 1676 2316 his
1690 2294 1771 2317 utun-

977 2335 1031 2362 tur,
1049 2337 1102 2357 non
1123 2329 1216 2365 itaque
1244 2330 1324 2364 Deus,
1349 2332 1397 2359 sed
1417 2338 1445 2359 et
1472 2333 1521 2367 ipsi
1545 2339 1608 2361 sunt
1632 2335 1719 2370 magis
1744 2336 1770 2362 iu

976 2375 1066 2410 culpa.
1081 2375 1256 2411 Quapropter
1270 2377 1344 2404 omni
1357 2378 1466 2412 qwela
1482 2378 1551 2406 liber
1563 2384 1604 2407 est
1617 2379 1698 2414 Dens,
1717 2382 1770 2409 sci-

976 2422 1039 2449 licet
1058 2422 1098 2449 his
1119 2421 1188 2457 (80),
1204 2423 1250 2457 qui
1275 2424 1308 2451 ab
1324 2431 1357 2451 eo
1381 2425 1413 2451 ad
1436 2426 1642 2461 principandum
1667 2429 1770 2455 consti-

977 2473 1099 2501 tuuntur,
1127 2469 1232 2504 absque
1255 2470 1314 2505 ejus
1333 2472 1472 2506 proposito
1491 2479 1650 2507 perpetrare
1671 2474 1771 2508 aliquid

978 2520 1137 2542 noscuntur.
1169 2515 1319 2543 Constituit
1342 2518 1413 2544 enim
1436 2525 1500 2549 eos.
1528 2524 1557 2546 ut
1583 2520 1720 2547 terribiles
1745 2525 1769 2547 el

979 2561 1111 2589 malorum
1137 2565 1254 2589 tortores
1269 2569 1378 2595 essent,
1397 2568 1421 2591 ct
1449 2564 1605 2592 laudatores
1626 2565 1769 2599 honorum,

1099 2641 1121 2657 "
1141 2641 1222 2668 Prov.
1240 2648 1298 2674 vttt,
1322 2642 1366 2675 15,
1389 2642 1433 2669 16.

1009 2716 1064 2751 (77)
1084 2716 1146 2744 Haec
1163 2714 1243 2743 verba
1262 2716 1366 2751 primus
1386 2714 1542 2750 parenthesi
1567 2715 1677 2743 incluqt
1697 2717 1768 2746 Call.

1009 2752 1067 2786 ('78)
1087 2753 1157 2778 Ante
1173 2751 1243 2778 Gall.
1260 2751 1380 2786 quidam.

1011 2787 1067 2822 (79)
1090 2787 1172 2822 ltecte
1187 2785 1256 2814 Gall.
1267 2785 1433 2822 Mirandum.

1012 2820 1068 2857 (80)
1089 2821 1157 2857 Gali.
1170 2822 1268 2857 scilicet
1283 2822 1305 2848 si
1321 2822 1357 2849 hi.
1374 2820 1494 2854 [tet-tius,
1510 2820 1608 2850 scilicet
1623 2823 1647 2849 si
1661 2823 1690 2850 ii.
1700 2822 1768 2852 Pos-

976 2862 1019 2886 set
1033 2862 1122 2884 tamen
1139 2856 1202 2883 ferri
1224 2856 1274 2885 his.
