  <div class='ocr_page' id='page_1' title='image "/cluster/home/n/w/nwhite01/storage/ocr_20150623/39/njp.32101010943528/889.png"; bbox 0 0 1913 3071; ppageno 0'>
   <div class='ocr_carea' id='block_1_1' title="bbox 134 103 201 131">
    <p class='ocr_par' dir='ltr' id='par_1_1' title="bbox 134 103 201 131">
     <span class='ocr_line' id='line_1_1' title="bbox 134 103 201 131; baseline -0.015 0"><span class='ocrx_word' id='word_1_1' title='bbox 134 103 201 131; x_wconf 75' lang='lat'><strong>1767</strong></span> 
     </span>
    </p>
   </div>
   <div class='ocr_carea' id='block_1_2' title="bbox 774 103 1146 132">
    <p class='ocr_par' dir='ltr' id='par_1_2' title="bbox 774 103 1146 132">
     <span class='ocr_line' id='line_1_2' title="bbox 774 103 1146 132; baseline 0.003 -2"><span class='ocrx_word' id='word_1_2' title='bbox 774 103 892 132; x_wconf 82' lang='lat' dir='ltr'><strong>DIDYMI</strong></span> <span class='ocrx_word' id='word_1_3' title='bbox 912 103 1146 131; x_wconf 75' lang='lat' dir='ltr'><strong>ALEXANDRINI</strong></span> 
     </span>
    </p>
   </div>
   <div class='ocr_carea' id='block_1_3' title="bbox 1695 101 1770 130">
    <p class='ocr_par' dir='ltr' id='par_1_3' title="bbox 1695 101 1770 130">
     <span class='ocr_line' id='line_1_3' title="bbox 1695 101 1770 130; baseline 0.013 -1"><span class='ocrx_word' id='word_1_4' title='bbox 1695 101 1770 130; x_wconf 85' lang='lat'><strong>1768</strong></span> 
     </span>
    </p>
   </div>
   <div class='ocr_carea' id='block_1_4' title="bbox 134 161 1770 198">
    <p class='ocr_par' dir='ltr' id='par_1_4' title="bbox 134 161 1770 198">
     <span class='ocr_line' id='line_1_4' title="bbox 134 161 1770 198; baseline -0.001 -8"><span class='ocrx_word' id='word_1_5' title='bbox 134 168 164 190; x_wconf 91' lang='lat' dir='ltr'><strong>ct</strong></span> <span class='ocrx_word' id='word_1_6' title='bbox 182 163 346 190; x_wconf 80' lang='lat' dir='ltr'><strong>honorantes</strong></span> <span class='ocrx_word' id='word_1_7' title='bbox 356 161 451 190; x_wconf 89' lang='lat' dir='ltr'><strong>bonos.</strong></span> <span class='ocrx_word' id='word_1_8' title='bbox 467 161 517 195; x_wconf 88' lang='lat' dir='ltr'><strong>Qui</strong></span> <span class='ocrx_word' id='word_1_9' title='bbox 533 162 595 189; x_wconf 91' lang='lat' dir='ltr'><strong>dum</strong></span> <span class='ocrx_word' id='word_1_10' title='bbox 612 161 652 189; x_wconf 88' lang='lat' dir='ltr'><strong>usi</strong></span> <span class='ocrx_word' id='word_1_11' title='bbox 667 161 767 189; x_wconf 91' lang='lat' dir='ltr'><strong>fuerint</strong></span> <span class='ocrx_word' id='word_1_12' title='bbox 783 163 833 189; x_wconf 91' lang='lat' dir='ltr'><strong>hoc</strong></span> <span class='ocrx_word' id='word_1_13' title='bbox 844 162 923 189; x_wconf 90' lang='lat' dir='ltr'><strong>modo</strong></span> <span class='ocrx_word' id='word_1_14' title='bbox 938 164 962 192; x_wconf 79' lang='grc' dir='ltr'><strong>Α</strong></span> <span class='ocrx_word' id='word_1_15' title='bbox 977 170 1025 197; x_wconf 92' lang='lat' dir='ltr'><strong>pro</strong></span> <span class='ocrx_word' id='word_1_16' title='bbox 1041 163 1124 195; x_wconf 90' lang='lat' dir='ltr'><strong>malo,</strong></span> <span class='ocrx_word' id='word_1_17' title='bbox 1138 167 1183 190; x_wconf 91' lang='lat' dir='ltr'><strong>aut</strong></span> <span class='ocrx_word' id='word_1_18' title='bbox 1197 162 1368 190; x_wconf 80' lang='lat' dir='ltr'><strong>maledictum</strong></span> <span class='ocrx_word' id='word_1_19' title='bbox 1383 169 1432 198; x_wconf 90' lang='lat' dir='ltr'><strong>pro</strong></span> <span class='ocrx_word' id='word_1_20' title='bbox 1441 161 1585 190; x_wconf 88' lang='lat' dir='ltr'><strong>maledicto</strong></span> <span class='ocrx_word' id='word_1_21' title='bbox 1597 161 1712 190; x_wconf 85' lang='lat' dir='ltr'><strong>reddens</strong></span> <span class='ocrx_word' id='word_1_22' title='bbox 1721 163 1747 178; x_wconf 74' lang='grc' dir='ltr'><strong>δ’</strong></span> <span class='ocrx_word' id='word_1_23' title='bbox 1760 169 1770 188; x_wconf 88' lang='lat'><strong>:</strong></span> 
     </span>
    </p>
   </div>
   <div class='ocr_carea' id='block_1_5' title="bbox 137 207 923 243">
    <p class='ocr_par' dir='ltr' id='par_1_5' title="bbox 137 207 923 243">
     <span class='ocr_line' id='line_1_5' title="bbox 137 207 923 243; baseline -0.001 -7"><span class='ocrx_word' id='word_1_24' title='bbox 137 213 279 243; x_wconf 71' lang='lat' dir='ltr'><strong>potestate,</strong></span> <span class='ocrx_word' id='word_1_25' title='bbox 299 215 380 242; x_wconf 91' lang='lat' dir='ltr'><strong>quam</strong></span> <span class='ocrx_word' id='word_1_26' title='bbox 403 208 535 240; x_wconf 89' lang='lat' dir='ltr'><strong>obtinent,</strong></span> <span class='ocrx_word' id='word_1_27' title='bbox 551 215 604 235; x_wconf 93' lang='lat' dir='ltr'><strong>non</strong></span> <span class='ocrx_word' id='word_1_28' title='bbox 628 207 714 235; x_wconf 87' lang='lat' dir='ltr'><strong>solum</strong></span> <span class='ocrx_word' id='word_1_29' title='bbox 730 216 782 235; x_wconf 93' lang='lat' dir='ltr'><strong>non</strong></span> <span class='ocrx_word' id='word_1_30' title='bbox 807 207 923 236; x_wconf 69' lang='lat' dir='ltr'><strong>oﬁ‘endi-</strong></span> 
     </span>
    </p>
   </div>
   <div class='ocr_carea' id='block_1_6' title="bbox 137 253 923 288">
    <p class='ocr_par' dir='ltr' id='par_1_6' title="bbox 137 253 923 288">
     <span class='ocr_line' id='line_1_6' title="bbox 137 253 923 288; baseline -0.003 -6"><span class='ocrx_word' id='word_1_31' title='bbox 137 262 207 287; x_wconf 92' lang='lat' dir='ltr'><strong>mur,</strong></span> <span class='ocrx_word' id='word_1_32' title='bbox 228 254 274 281; x_wconf 89' lang='lat' dir='ltr'><strong>sed</strong></span> <span class='ocrx_word' id='word_1_33' title='bbox 289 254 369 281; x_wconf 82' lang='lat' dir='ltr'><strong>etiam</strong></span> <span class='ocrx_word' id='word_1_34' title='bbox 392 253 577 280; x_wconf 81' lang='lat' dir='ltr'><strong>collaudantus</strong></span> <span class='ocrx_word' id='word_1_35' title='bbox 603 260 679 285; x_wconf 90' lang='lat' dir='ltr'><strong>eum,</strong></span> <span class='ocrx_word' id='word_1_36' title='bbox 702 254 746 288; x_wconf 91' lang='lat' dir='ltr'><strong>qui</strong></span> <span class='ocrx_word' id='word_1_37' title='bbox 771 254 923 281; x_wconf 89' lang='lat' dir='ltr'><strong>ordinatum</strong></span> 
     </span>
    </p>
   </div>
   <div class='ocr_carea' id='block_1_7' title="bbox 135 298 925 334">
    <p class='ocr_par' dir='ltr' id='par_1_7' title="bbox 135 298 925 334">
     <span class='ocr_line' id='line_1_7' title="bbox 135 298 925 334; baseline -0.003 -6"><span class='ocrx_word' id='word_1_38' title='bbox 135 299 239 334; x_wconf 83' lang='lat' dir='ltr'><strong>appetit</strong></span> <span class='ocrx_word' id='word_1_39' title='bbox 256 299 446 333; x_wconf 89' lang='lat' dir='ltr'><strong>principatum.</strong></span> <span class='ocrx_word' id='word_1_40' title='bbox 471 298 499 324; x_wconf 90' lang='lat' dir='ltr'><strong>Si</strong></span> <span class='ocrx_word' id='word_1_41' title='bbox 522 306 585 326; x_wconf 87' lang='lat' dir='ltr'><strong>vero</strong></span> <span class='ocrx_word' id='word_1_42' title='bbox 607 300 771 326; x_wconf 86' lang='lat' dir='ltr'><strong>contrarium</strong></span> <span class='ocrx_word' id='word_1_43' title='bbox 792 299 819 326; x_wconf 90' lang='lat' dir='ltr'><strong>hi</strong></span> <span class='ocrx_word' id='word_1_44' title='bbox 847 299 925 334; x_wconf 88' lang='lat' dir='ltr'><strong>quid-</strong></span> 
     </span>
    </p>
   </div>
   <div class='ocr_carea' id='block_1_8' title="bbox 138 345 926 380">
    <p class='ocr_par' dir='ltr' id='par_1_8' title="bbox 138 345 926 380">
     <span class='ocr_line' id='line_1_8' title="bbox 138 345 926 380; baseline 0 -8"><span class='ocrx_word' id='word_1_45' title='bbox 138 353 217 380; x_wconf 82' lang='lat' dir='ltr'><strong>quam</strong></span> <span class='ocrx_word' id='word_1_46' title='bbox 236 349 339 379; x_wconf 80' lang='lat' dir='ltr'><strong>gerant.</strong></span> <span class='ocrx_word' id='word_1_47' title='bbox 354 351 406 371; x_wconf 93' lang='lat' dir='ltr'><strong>non</strong></span> <span class='ocrx_word' id='word_1_48' title='bbox 422 351 580 372; x_wconf 79' lang='lat' dir='ltr'><strong>accusemus</strong></span> <span class='ocrx_word' id='word_1_49' title='bbox 595 345 691 377; x_wconf 84' lang='lat' dir='ltr'><strong>Deum,</strong></span> <span class='ocrx_word' id='word_1_50' title='bbox 705 346 751 372; x_wconf 89' lang='lat' dir='ltr'><strong>sed</strong></span> <span class='ocrx_word' id='word_1_51' title='bbox 765 346 854 380; x_wconf 91' lang='lat' dir='ltr'><strong>potius</strong></span> <span class='ocrx_word' id='word_1_52' title='bbox 866 345 926 372; x_wconf 93' lang='lat' dir='ltr'><strong>lon-</strong></span> 
     </span>
    </p>
   </div>
   <div class='ocr_carea' id='block_1_9' title="bbox 135 391 926 426">
    <p class='ocr_par' dir='ltr' id='par_1_9' title="bbox 135 391 926 426">
     <span class='ocr_line' id='line_1_9' title="bbox 135 391 926 426; baseline 0.003 -9"><span class='ocrx_word' id='word_1_53' title='bbox 135 391 321 426; x_wconf 82' lang='lat' dir='ltr'><strong>ganimitatem</strong></span> <span class='ocrx_word' id='word_1_54' title='bbox 337 391 396 426; x_wconf 87' lang='lat' dir='ltr'><strong>ejus</strong></span> <span class='ocrx_word' id='word_1_55' title='bbox 411 391 482 419; x_wconf 85' lang='lat' dir='ltr'><strong>circa</strong></span> <span class='ocrx_word' id='word_1_56' title='bbox 503 399 562 423; x_wconf 85' lang='lat' dir='ltr'><strong>eos,</strong></span> <span class='ocrx_word' id='word_1_57' title='bbox 580 392 649 419; x_wconf 92' lang='lat' dir='ltr'><strong>sicut</strong></span> <span class='ocrx_word' id='word_1_58' title='bbox 663 391 736 419; x_wconf 89' lang='lat' dir='ltr'><strong>circa</strong></span> <span class='ocrx_word' id='word_1_59' title='bbox 751 391 817 419; x_wconf 89' lang='lat' dir='ltr'><strong>alios</strong></span> <span class='ocrx_word' id='word_1_60' title='bbox 837 392 926 419; x_wconf 88' lang='lat' dir='ltr'><strong>homi-</strong></span> 
     </span>
    </p>
   </div>
   <div class='ocr_carea' id='block_1_10' title="bbox 137 437 641 472">
    <p class='ocr_par' dir='ltr' id='par_1_10' title="bbox 137 437 641 472">
     <span class='ocr_line' id='line_1_10' title="bbox 137 437 641 472; baseline 0 -8"><span class='ocrx_word' id='word_1_61' title='bbox 137 445 196 470; x_wconf 85' lang='lat' dir='ltr'><strong>nes,</strong></span> <span class='ocrx_word' id='word_1_62' title='bbox 214 437 259 471; x_wconf 91' lang='lat' dir='ltr'><strong>qui</strong></span> <span class='ocrx_word' id='word_1_63' title='bbox 278 437 449 472; x_wconf 85' lang='lat' dir='ltr'><strong>delinquunt,</strong></span> <span class='ocrx_word' id='word_1_64' title='bbox 465 438 641 466; x_wconf 83' lang='lat' dir='ltr'><strong>admiremur.</strong></span> 
     </span>
    </p>
   </div>
   <div class='ocr_carea' id='block_1_11' title="bbox 175 481 927 521">
    <p class='ocr_par' dir='ltr' id='par_1_11' title="bbox 175 481 927 521">
     <span class='ocr_line' id='line_1_11' title="bbox 175 481 927 521; baseline 0.001 -13"><span class='ocrx_word' id='word_1_65' title='bbox 175 482 255 508; x_wconf 71' lang='lat' dir='ltr'><strong>Vitas.</strong></span> <span class='ocrx_word' id='word_1_66' title='bbox 278 482 322 514; x_wconf 87' lang='lat'><strong>16,</strong></span> <span class='ocrx_word' id='word_1_67' title='bbox 343 482 386 521; x_wconf 64' lang='grc' dir='ltr'><strong>η.</strong></span> <span class='ocrx_word' id='word_1_68' title='bbox 410 492 419 508; x_wconf 84' lang='grc'><strong><em>‹</em></strong></span> <span class='ocrx_word' id='word_1_69' title='bbox 435 482 488 510; x_wconf 90' lang='lat' dir='ltr'><strong>Sed</strong></span> <span class='ocrx_word' id='word_1_70' title='bbox 513 483 583 510; x_wconf 90' lang='lat' dir='ltr'><strong>sicut</strong></span> <span class='ocrx_word' id='word_1_71' title='bbox 602 483 671 510; x_wconf 83' lang='lat' dir='ltr'><strong>servi</strong></span> <span class='ocrx_word' id='word_1_72' title='bbox 691 481 748 516; x_wconf 89' lang='lat' dir='ltr'><strong>Dei,</strong></span> <span class='ocrx_word' id='word_1_73' title='bbox 770 490 864 509; x_wconf 89' lang='lat' dir='ltr'><strong>omnes</strong></span> <span class='ocrx_word' id='word_1_74' title='bbox 879 482 927 509; x_wconf 88' lang='lat' dir='ltr'><strong>ho-</strong></span> 
     </span>
    </p>
   </div>
   <div class='ocr_carea' id='block_1_12' title="bbox 138 527 926 564">
    <p class='ocr_par' dir='ltr' id='par_1_12' title="bbox 138 527 926 564">
     <span class='ocr_line' id='line_1_12' title="bbox 138 527 926 564; baseline 0.001 -10"><span class='ocrx_word' id='word_1_75' title='bbox 138 532 244 559; x_wconf 89' lang='lat' dir='ltr'><strong>norate,</strong></span> <span class='ocrx_word' id='word_1_76' title='bbox 265 527 468 556; x_wconf 84' lang='lat' dir='ltr'><strong>fraternitatem</strong></span> <span class='ocrx_word' id='word_1_77' title='bbox 488 528 600 564; x_wconf 88' lang='lat' dir='ltr'><strong>diligite.</strong></span> <span class='ocrx_word' id='word_1_78' title='bbox 619 528 704 556; x_wconf 90' lang='lat' dir='ltr'><strong>Deum</strong></span> <span class='ocrx_word' id='word_1_79' title='bbox 722 529 824 561; x_wconf 89' lang='lat' dir='ltr'><strong>timete,</strong></span> <span class='ocrx_word' id='word_1_80' title='bbox 837 535 926 563; x_wconf 80' lang='lat' dir='ltr'><strong>regem</strong></span> 
     </span>
    </p>
   </div>
   <div class='ocr_carea' id='block_1_13' title="bbox 138 573 350 602">
    <p class='ocr_par' dir='ltr' id='par_1_13' title="bbox 138 573 350 602">
     <span class='ocr_line' id='line_1_13' title="bbox 138 573 350 602; baseline 0 -2"><span class='ocrx_word' id='word_1_81' title='bbox 138 573 324 602; x_wconf 82' lang='lat' dir='ltr'><strong>honorificate.</strong></span> <span class='ocrx_word' id='word_1_82' title='bbox 340 584 350 600; x_wconf 75' lang='grc' dir='ltr'><strong>ι</strong></span> 
     </span>
    </p>
   </div>
   <div class='ocr_carea' id='block_1_14' title="bbox 173 620 926 655">
    <p class='ocr_par' dir='ltr' id='par_1_14' title="bbox 173 620 926 655">
     <span class='ocr_line' id='line_1_14' title="bbox 173 620 926 655; baseline 0.001 -8"><span class='ocrx_word' id='word_1_83' title='bbox 173 620 241 647; x_wconf 83' lang='lat' dir='ltr'><strong>Cum</strong></span> <span class='ocrx_word' id='word_1_84' title='bbox 257 620 409 648; x_wconf 79' lang='lat' dir='ltr'><strong>diﬁerentia</strong></span> <span class='ocrx_word' id='word_1_85' title='bbox 427 621 463 648; x_wconf 89' lang='lat' dir='ltr'><strong>sit</strong></span> <span class='ocrx_word' id='word_1_86' title='bbox 486 620 600 648; x_wconf 89' lang='lat' dir='ltr'><strong>Iiliorum</strong></span> <span class='ocrx_word' id='word_1_87' title='bbox 617 621 664 648; x_wconf 89' lang='lat' dir='ltr'><strong>Dei</strong></span> <span class='ocrx_word' id='word_1_88' title='bbox 683 625 766 655; x_wconf 88' lang='lat' dir='ltr'><strong>atque</strong></span> <span class='ocrx_word' id='word_1_89' title='bbox 785 629 926 649; x_wconf 82' lang='lat' dir='ltr'><strong>servorum</strong></span> 
     </span>
    </p>
   </div>
   <div class='ocr_carea' id='block_1_15' title="bbox 139 664 928 700">
    <p class='ocr_par' dir='ltr' id='par_1_15' title="bbox 139 664 928 700">
     <span class='ocr_line' id='line_1_15' title="bbox 139 664 928 700; baseline 0.005 -10"><span class='ocrx_word' id='word_1_90' title='bbox 139 664 209 699; x_wconf 88' lang='lat' dir='ltr'><strong>ejus,</strong></span> <span class='ocrx_word' id='word_1_91' title='bbox 229 666 315 693; x_wconf 85' lang='lat' dir='ltr'><strong>servis</strong></span> <span class='ocrx_word' id='word_1_92' title='bbox 329 666 449 700; x_wconf 91' lang='lat' dir='ltr'><strong>jubetur,</strong></span> <span class='ocrx_word' id='word_1_93' title='bbox 464 671 493 693; x_wconf 91' lang='lat' dir='ltr'><strong>ut</strong></span> <span class='ocrx_word' id='word_1_94' title='bbox 509 667 633 699; x_wconf 85' lang='lat' dir='ltr'><strong>timeant,</strong></span> <span class='ocrx_word' id='word_1_95' title='bbox 655 667 724 694; x_wconf 80' lang='lat' dir='ltr'><strong>sicut</strong></span> <span class='ocrx_word' id='word_1_96' title='bbox 741 672 766 693; x_wconf 91' lang='lat' dir='ltr'><strong>et</strong></span> <span class='ocrx_word' id='word_1_97' title='bbox 784 667 840 700; x_wconf 89' lang='lat' dir='ltr'><strong>ipse</strong></span> <span class='ocrx_word' id='word_1_98' title='bbox 859 667 928 694; x_wconf 90' lang='lat' dir='ltr'><strong>Deus</strong></span> 
     </span>
    </p>
   </div>
   <div class='ocr_carea' id='block_1_16' title="bbox 139 710 929 746">
    <p class='ocr_par' dir='ltr' id='par_1_16' title="bbox 139 710 929 746">
     <span class='ocr_line' id='line_1_16' title="bbox 139 710 929 746; baseline 0.003 -10"><span class='ocrx_word' id='word_1_99' title='bbox 139 710 233 736; x_wconf 90' lang='lat' dir='ltr'><strong>dicit:</strong></span> <span class='ocrx_word' id='word_1_100' title='bbox 257 719 266 736; x_wconf 86' lang='grc'><strong>‹</strong></span> <span class='ocrx_word' id='word_1_101' title='bbox 295 710 322 738; x_wconf 89' lang='lat' dir='ltr'><strong>Si</strong></span> <span class='ocrx_word' id='word_1_102' title='bbox 352 710 482 738; x_wconf 84' lang='lat' dir='ltr'><strong>Dominus</strong></span> <span class='ocrx_word' id='word_1_103' title='bbox 514 719 564 746; x_wconf 87' lang='lat' dir='ltr'><strong>ego</strong></span> <span class='ocrx_word' id='word_1_104' title='bbox 594 719 677 744; x_wconf 90' lang='lat' dir='ltr'><strong>sum,</strong></span> <span class='ocrx_word' id='word_1_105' title='bbox 708 711 752 737; x_wconf 83' lang='lat' dir='ltr'><strong>tibi</strong></span> <span class='ocrx_word' id='word_1_106' title='bbox 780 715 820 738; x_wconf 82' lang='lat' dir='ltr'><strong>est</strong></span> <span class='ocrx_word' id='word_1_107' title='bbox 849 711 929 738; x_wconf 87' lang='lat' dir='ltr'><strong>timor</strong></span> 
     </span>
    </p>
   </div>
   <div class='ocr_carea' id='block_1_17' title="bbox 141 754 928 791">
    <p class='ocr_par' dir='ltr' id='par_1_17' title="bbox 141 754 928 791">
     <span class='ocr_line' id='line_1_17' title="bbox 141 754 928 791; baseline 0.003 -11"><span class='ocrx_word' id='word_1_108' title='bbox 141 762 217 782; x_wconf 86' lang='lat' dir='ltr'><strong>meus</strong></span> <span class='ocrx_word' id='word_1_109' title='bbox 236 754 278 781; x_wconf 74' lang='lat'><strong>“1&#39;</strong></span> <span class='ocrx_word' id='word_1_110' title='bbox 296 764 306 780; x_wconf 73' lang='grc' dir='ltr'><strong>ι</strong></span> <span class='ocrx_word' id='word_1_111' title='bbox 332 755 508 790; x_wconf 78' lang='lat' dir='ltr'><strong>Nequaquam</strong></span> <span class='ocrx_word' id='word_1_112' title='bbox 537 758 670 789; x_wconf 82' lang='lat' dir='ltr'><strong>timorem,</strong></span> <span class='ocrx_word' id='word_1_113' title='bbox 699 757 746 784; x_wconf 88' lang='lat' dir='ltr'><strong>sed</strong></span> <span class='ocrx_word' id='word_1_114' title='bbox 774 757 887 791; x_wconf 85' lang='lat' dir='ltr'><strong>gloriam</strong></span> <span class='ocrx_word' id='word_1_115' title='bbox 913 764 928 782; x_wconf 86' lang='lat' dir='ltr'><strong>a</strong></span> 
     </span>
    </p>
   </div>
   <div class='ocr_carea' id='block_1_18' title="bbox 142 799 927 837">
    <p class='ocr_par' dir='ltr' id='par_1_18' title="bbox 142 799 927 837">
     <span class='ocr_line' id='line_1_18' title="bbox 142 799 927 837; baseline 0.001 -11"><span class='ocrx_word' id='word_1_116' title='bbox 142 799 204 827; x_wconf 93' lang='lat' dir='ltr'><strong>ﬁliis</strong></span> <span class='ocrx_word' id='word_1_117' title='bbox 218 801 342 835; x_wconf 80' lang='lat' dir='ltr'><strong>exigens,</strong></span> <span class='ocrx_word' id='word_1_118' title='bbox 359 809 419 827; x_wconf 90' lang='lat' dir='ltr'><strong>cum</strong></span> <span class='ocrx_word' id='word_1_119' title='bbox 443 802 530 829; x_wconf 89' lang='lat' dir='ltr'><strong>dicit:</strong></span> <span class='ocrx_word' id='word_1_120' title='bbox 547 811 556 827; x_wconf 73' lang='grc' dir='ltr'><strong>ε</strong></span> <span class='ocrx_word' id='word_1_121' title='bbox 582 801 615 828; x_wconf 83' lang='grc' dir='ltr'>Ει</span> <span class='ocrx_word' id='word_1_122' title='bbox 641 803 663 830; x_wconf 90' lang='lat' dir='ltr'><strong>si</strong></span> <span class='ocrx_word' id='word_1_123' title='bbox 682 801 762 829; x_wconf 82' lang='lat' dir='ltr'><strong>Pater</strong></span> <span class='ocrx_word' id='word_1_124' title='bbox 786 810 836 837; x_wconf 91' lang='lat' dir='ltr'><strong>ego</strong></span> <span class='ocrx_word' id='word_1_125' title='bbox 855 810 927 835; x_wconf 87' lang='lat' dir='ltr'><strong>sum,</strong></span> 
     </span>
    </p>
   </div>
   <div class='ocr_carea' id='block_1_19' title="bbox 141 845 929 883">
    <p class='ocr_par' dir='ltr' id='par_1_19' title="bbox 141 845 929 883">
     <span class='ocr_line' id='line_1_19' title="bbox 141 845 929 883; baseline 0.005 -12"><span class='ocrx_word' id='word_1_126' title='bbox 141 845 186 872; x_wconf 86' lang='lat' dir='ltr'><strong>ubi</strong></span> <span class='ocrx_word' id='word_1_127' title='bbox 202 850 243 873; x_wconf 91' lang='lat' dir='ltr'><strong>est</strong></span> <span class='ocrx_word' id='word_1_128' title='bbox 258 846 342 881; x_wconf 81' lang='lat' dir='ltr'><strong>gloria</strong></span> <span class='ocrx_word' id='word_1_129' title='bbox 361 854 419 874; x_wconf 89' lang='lat' dir='ltr'><strong>mea</strong></span> <span class='ocrx_word' id='word_1_130' title='bbox 437 847 480 874; x_wconf 80' lang='lat'><strong>“?</strong></span> <span class='ocrx_word' id='word_1_131' title='bbox 502 857 511 874; x_wconf 72' lang='grc' dir='ltr'><strong>ι</strong></span> <span class='ocrx_word' id='word_1_132' title='bbox 536 847 622 875; x_wconf 85' lang='lat' dir='ltr'><strong>Filius</strong></span> <span class='ocrx_word' id='word_1_133' title='bbox 643 848 715 875; x_wconf 90' lang='lat' dir='ltr'><strong>enim</strong></span> <span class='ocrx_word' id='word_1_134' title='bbox 731 848 865 883; x_wconf 77' lang='lat' dir='ltr'><strong>gloriﬁcat</strong></span> <span class='ocrx_word' id='word_1_135' title='bbox 880 848 929 875; x_wconf 87' lang='lat' dir='ltr'><strong>Pa-</strong></span> 
     </span>
    </p>
   </div>
   <div class='ocr_carea' id='block_1_20' title="bbox 142 893 930 928">
    <p class='ocr_par' dir='ltr' id='par_1_20' title="bbox 142 893 930 928">
     <span class='ocr_line' id='line_1_20' title="bbox 142 893 930 928; baseline 0.005 -11"><span class='ocrx_word' id='word_1_136' title='bbox 142 895 221 922; x_wconf 87' lang='lat' dir='ltr'><strong>trem,</strong></span> <span class='ocrx_word' id='word_1_137' title='bbox 244 896 271 918; x_wconf 89' lang='lat' dir='ltr'><strong>et</strong></span> <span class='ocrx_word' id='word_1_138' title='bbox 295 899 389 919; x_wconf 89' lang='lat' dir='ltr'><strong>servus</strong></span> <span class='ocrx_word' id='word_1_139' title='bbox 408 893 485 920; x_wconf 90' lang='lat' dir='ltr'><strong>timet</strong></span> <span class='ocrx_word' id='word_1_140' title='bbox 508 893 646 920; x_wconf 91' lang='lat' dir='ltr'><strong>dominum</strong></span> <span class='ocrx_word' id='word_1_141' title='bbox 664 901 753 925; x_wconf 85' lang='lat' dir='ltr'><strong>suum,</strong></span> <span class='ocrx_word' id='word_1_142' title='bbox 778 894 847 920; x_wconf 89' lang='lat' dir='ltr'><strong>sicut</strong></span> <span class='ocrx_word' id='word_1_143' title='bbox 870 901 930 928; x_wconf 92' lang='lat' dir='ltr'><strong>pro-</strong></span> 
     </span>
    </p>
   </div>
   <div class='ocr_carea' id='block_1_21' title="bbox 142 935 930 972">
    <p class='ocr_par' dir='ltr' id='par_1_21' title="bbox 142 935 930 972">
     <span class='ocr_line' id='line_1_21' title="bbox 142 935 930 972; baseline 0.006 -11"><span class='ocrx_word' id='word_1_144' title='bbox 142 935 222 969; x_wconf 83' lang='lat' dir='ltr'><strong>pheta</strong></span> <span class='ocrx_word' id='word_1_145' title='bbox 243 935 318 964; x_wconf 89' lang='lat' dir='ltr'><strong>dicit.</strong></span> <span class='ocrx_word' id='word_1_146' title='bbox 337 937 405 970; x_wconf 84' lang='lat' dir='ltr'><strong>Quia</strong></span> <span class='ocrx_word' id='word_1_147' title='bbox 424 937 506 972; x_wconf 85' lang='lat' dir='ltr'><strong>igitur</strong></span> <span class='ocrx_word' id='word_1_148' title='bbox 520 938 642 966; x_wconf 88' lang='lat' dir='ltr'><strong>scribens</strong></span> <span class='ocrx_word' id='word_1_149' title='bbox 655 939 713 966; x_wconf 64' lang='lat' dir='ltr'><strong>haec</strong></span> <span class='ocrx_word' id='word_1_150' title='bbox 724 939 841 966; x_wconf 90' lang='lat' dir='ltr'><strong>nondum</strong></span> <span class='ocrx_word' id='word_1_151' title='bbox 859 939 930 966; x_wconf 88' lang='lat' dir='ltr'><strong>ﬁlios</strong></span> 
     </span>
    </p>
   </div>
   <div class='ocr_carea' id='block_1_22' title="bbox 143 980 931 1020">
    <p class='ocr_par' dir='ltr' id='par_1_22' title="bbox 143 980 931 1020">
     <span class='ocr_line' id='line_1_22' title="bbox 143 980 931 1020; baseline 0.005 -13"><span class='ocrx_word' id='word_1_152' title='bbox 143 980 240 1014; x_wconf 84' lang='lat' dir='ltr'><strong>factos,</strong></span> <span class='ocrx_word' id='word_1_153' title='bbox 253 982 300 1009; x_wconf 86' lang='lat' dir='ltr'><strong>sed</strong></span> <span class='ocrx_word' id='word_1_154' title='bbox 319 989 413 1010; x_wconf 87' lang='lat' dir='ltr'><strong>servos</strong></span> <span class='ocrx_word' id='word_1_155' title='bbox 427 984 517 1011; x_wconf 85' lang='lat' dir='ltr'><strong>adhuc</strong></span> <span class='ocrx_word' id='word_1_156' title='bbox 529 983 614 1016; x_wconf 87' lang='lat' dir='ltr'><strong>novit,</strong></span> <span class='ocrx_word' id='word_1_157' title='bbox 623 985 724 1019; x_wconf 90' lang='lat' dir='ltr'><strong>quibus</strong></span> <span class='ocrx_word' id='word_1_158' title='bbox 732 983 931 1020; x_wconf 84' lang='lat' dir='ltr'><strong>scribens(80&#39;)</strong></span> 
     </span>
    </p>
   </div>
   <div class='ocr_carea' id='block_1_23' title="bbox 143 1026 931 1064">
    <p class='ocr_par' dir='ltr' id='par_1_23' title="bbox 143 1026 931 1064">
     <span class='ocr_line' id='line_1_23' title="bbox 143 1026 931 1064; baseline 0.003 -10"><span class='ocrx_word' id='word_1_159' title='bbox 143 1027 199 1054; x_wconf 86' lang='lat' dir='ltr'><strong>ait:</strong></span> <span class='ocrx_word' id='word_1_160' title='bbox 218 1037 227 1053; x_wconf 77' lang='grc' dir='ltr'><strong>ι</strong></span> <span class='ocrx_word' id='word_1_161' title='bbox 243 1026 317 1056; x_wconf 86' lang='lat' dir='ltr'><strong>Sicut</strong></span> <span class='ocrx_word' id='word_1_162' title='bbox 333 1029 405 1056; x_wconf 84' lang='lat' dir='ltr'><strong>servi</strong></span> <span class='ocrx_word' id='word_1_163' title='bbox 421 1029 466 1056; x_wconf 86' lang='lat' dir='ltr'><strong>Dei</strong></span> <span class='ocrx_word' id='word_1_164' title='bbox 488 1029 573 1057; x_wconf 89' lang='lat' dir='ltr'><strong>Deum</strong></span> <span class='ocrx_word' id='word_1_165' title='bbox 591 1029 694 1057; x_wconf 88' lang='lat' dir='ltr'><strong>timete.</strong></span> <span class='ocrx_word' id='word_1_166' title='bbox 721 1038 730 1052; x_wconf 84' lang='grc' dir='ltr'><strong>ι</strong></span> <span class='ocrx_word' id='word_1_167' title='bbox 756 1029 931 1064; x_wconf 84' lang='lat' dir='ltr'><strong>Consequens</strong></span> 
     </span>
    </p>
   </div>
   <div class='ocr_carea' id='block_1_24' title="bbox 143 1074 930 1110">
    <p class='ocr_par' dir='ltr' id='par_1_24' title="bbox 143 1074 930 1110">
     <span class='ocr_line' id='line_1_24' title="bbox 143 1074 930 1110; baseline 0.001 -9"><span class='ocrx_word' id='word_1_168' title='bbox 143 1078 186 1102; x_wconf 88' lang='lat' dir='ltr'><strong>cst</strong></span> <span class='ocrx_word' id='word_1_169' title='bbox 196 1074 280 1107; x_wconf 87' lang='lat' dir='ltr'><strong>enim,</strong></span> <span class='ocrx_word' id='word_1_170' title='bbox 301 1079 329 1102; x_wconf 91' lang='lat' dir='ltr'><strong>ut</strong></span> <span class='ocrx_word' id='word_1_171' title='bbox 344 1082 392 1109; x_wconf 88' lang='lat' dir='ltr'><strong>per</strong></span> <span class='ocrx_word' id='word_1_172' title='bbox 405 1076 462 1103; x_wconf 77' lang='lat' dir='ltr'><strong>haec</strong></span> <span class='ocrx_word' id='word_1_173' title='bbox 474 1076 556 1103; x_wconf 82' lang='lat' dir='ltr'><strong>verba</strong></span> <span class='ocrx_word' id='word_1_174' title='bbox 573 1075 818 1110; x_wconf 89' lang='lat' dir='ltr'><strong>discipliuabiliter,</strong></span> <span class='ocrx_word' id='word_1_175' title='bbox 831 1081 859 1103; x_wconf 90' lang='lat' dir='ltr'><strong>et</strong></span> <span class='ocrx_word' id='word_1_176' title='bbox 873 1075 930 1103; x_wconf 87' lang='lat' dir='ltr'><strong>sic-</strong></span> 
     </span>
    </p>
   </div>
   <div class='ocr_carea' id='block_1_25' title="bbox 144 1121 933 1156">
    <p class='ocr_par' dir='ltr' id='par_1_25' title="bbox 144 1121 933 1156">
     <span class='ocr_line' id='line_1_25' title="bbox 144 1121 933 1156; baseline 0.003 -10"><span class='ocrx_word' id='word_1_177' title='bbox 144 1124 174 1146; x_wconf 89' lang='lat' dir='ltr'><strong>ut</strong></span> <span class='ocrx_word' id='word_1_178' title='bbox 195 1121 324 1155; x_wconf 87' lang='lat' dir='ltr'><strong>oportuit,</strong></span> <span class='ocrx_word' id='word_1_179' title='bbox 342 1128 446 1153; x_wconf 87' lang='lat' dir='ltr'><strong>omnes,</strong></span> <span class='ocrx_word' id='word_1_180' title='bbox 463 1122 508 1156; x_wconf 94' lang='lat' dir='ltr'><strong>qui</strong></span> <span class='ocrx_word' id='word_1_181' title='bbox 535 1122 561 1148; x_wconf 92' lang='lat' dir='ltr'><strong>in</strong></span> <span class='ocrx_word' id='word_1_182' title='bbox 577 1122 741 1148; x_wconf 87' lang='lat' dir='ltr'><strong>sublimitate</strong></span> <span class='ocrx_word' id='word_1_183' title='bbox 757 1126 831 1155; x_wconf 83' lang='lat' dir='ltr'><strong>sunt,</strong></span> <span class='ocrx_word' id='word_1_184' title='bbox 847 1121 933 1149; x_wconf 90' lang='lat' dir='ltr'><strong>hono-</strong></span> 
     </span>
    </p>
   </div>
   <div class='ocr_carea' id='block_1_26' title="bbox 145 1167 930 1202">
    <p class='ocr_par' dir='ltr' id='par_1_26' title="bbox 145 1167 930 1202">
     <span class='ocr_line' id='line_1_26' title="bbox 145 1167 930 1202; baseline 0.003 -10"><span class='ocrx_word' id='word_1_185' title='bbox 145 1171 252 1199; x_wconf 84' lang='lat' dir='ltr'><strong>rentur,</strong></span> <span class='ocrx_word' id='word_1_186' title='bbox 270 1171 298 1194; x_wconf 93' lang='lat' dir='ltr'><strong>et</strong></span> <span class='ocrx_word' id='word_1_187' title='bbox 317 1167 464 1202; x_wconf 83' lang='lat' dir='ltr'><strong>diligantur</strong></span> <span class='ocrx_word' id='word_1_188' title='bbox 489 1172 563 1195; x_wconf 82' lang='lat' dir='ltr'><strong>recta</strong></span> <span class='ocrx_word' id='word_1_189' title='bbox 581 1168 718 1195; x_wconf 88' lang='lat' dir='ltr'><strong>voluntate</strong></span> <span class='ocrx_word' id='word_1_190' title='bbox 741 1167 930 1196; x_wconf 78' lang='lat' dir='ltr'><strong>fraternitatis.</strong></span> 
     </span>
    </p>
   </div>
   <div class='ocr_carea' id='block_1_27' title="bbox 144 1210 934 1248">
    <p class='ocr_par' dir='ltr' id='par_1_27' title="bbox 144 1210 934 1248">
     <span class='ocr_line' id='line_1_27' title="bbox 144 1210 934 1248; baseline 0.004 -10"><span class='ocrx_word' id='word_1_191' title='bbox 144 1210 270 1239; x_wconf 87' lang='lat' dir='ltr'><strong>Omnium</strong></span> <span class='ocrx_word' id='word_1_192' title='bbox 288 1213 371 1245; x_wconf 81' lang='lat' dir='ltr'><strong>eliim,</strong></span> <span class='ocrx_word' id='word_1_193' title='bbox 387 1213 432 1248; x_wconf 89' lang='lat' dir='ltr'><strong>qui</strong></span> <span class='ocrx_word' id='word_1_194' title='bbox 456 1213 629 1241; x_wconf 85' lang='lat' dir='ltr'><strong>laudabiliter</strong></span> <span class='ocrx_word' id='word_1_195' title='bbox 643 1217 736 1248; x_wconf 84' lang='lat' dir='ltr'><strong>agunt,</strong></span> <span class='ocrx_word' id='word_1_196' title='bbox 758 1212 828 1240; x_wconf 85' lang='lat' dir='ltr'><strong>Deus</strong></span> <span class='ocrx_word' id='word_1_197' title='bbox 852 1214 934 1241; x_wconf 87' lang='lat' dir='ltr'><strong>timor</strong></span> 
     </span>
    </p>
   </div>
   <div class='ocr_carea' id='block_1_28' title="bbox 144 1256 932 1294">
    <p class='ocr_par' dir='ltr' id='par_1_28' title="bbox 144 1256 932 1294">
     <span class='ocr_line' id='line_1_28' title="bbox 144 1256 932 1294; baseline 0.003 -10"><span class='ocrx_word' id='word_1_198' title='bbox 144 1261 173 1284; x_wconf 86' lang='lat' dir='ltr'><strong>et</strong></span> <span class='ocrx_word' id='word_1_199' title='bbox 199 1256 401 1285; x_wconf 80' lang='lat' dir='ltr'><strong>fundamentum</strong></span> <span class='ocrx_word' id='word_1_200' title='bbox 425 1263 468 1285; x_wconf 88' lang='lat' dir='ltr'><strong>est</strong></span> <span class='ocrx_word' id='word_1_201' title='bbox 491 1258 557 1294; x_wconf 89' lang='lat'><strong>(81).</strong></span> <span class='ocrx_word' id='word_1_202' title='bbox 574 1258 628 1285; x_wconf 87' lang='lat' dir='ltr'><strong>Et:</strong></span> <span class='ocrx_word' id='word_1_203' title='bbox 655 1267 664 1284; x_wconf 74' lang='grc' dir='ltr'><strong>ι</strong></span> <span class='ocrx_word' id='word_1_204' title='bbox 691 1257 775 1285; x_wconf 89' lang='lat' dir='ltr'><strong>Deum</strong></span> <span class='ocrx_word' id='word_1_205' title='bbox 800 1259 904 1292; x_wconf 85' lang='lat' dir='ltr'><strong>timete,</strong></span> <span class='ocrx_word' id='word_1_206' title='bbox 920 1267 932 1286; x_wconf 66' lang='grc' dir='ltr'><strong>ι</strong></span> 
     </span>
    </p>
   </div>
   <div class='ocr_carea' id='block_1_29' title="bbox 146 1305 932 1341">
    <p class='ocr_par' dir='ltr' id='par_1_29' title="bbox 146 1305 932 1341">
     <span class='ocr_line' id='line_1_29' title="bbox 146 1305 932 1341; baseline 0.003 -11"><span class='ocrx_word' id='word_1_207' title='bbox 146 1309 332 1331; x_wconf 76' lang='lat' dir='ltr'><strong>verumtamen</strong></span> <span class='ocrx_word' id='word_1_208' title='bbox 356 1305 406 1332; x_wconf 92' lang='lat' dir='ltr'><strong>hoc</strong></span> <span class='ocrx_word' id='word_1_209' title='bbox 427 1305 568 1341; x_wconf 82' lang='lat' dir='ltr'><strong>principali</strong></span> <span class='ocrx_word' id='word_1_210' title='bbox 595 1305 691 1332; x_wconf 87' lang='lat' dir='ltr'><strong>ordine</strong></span> <span class='ocrx_word' id='word_1_211' title='bbox 719 1305 932 1332; x_wconf 79' lang='lat' dir='ltr'><strong>conservandum</strong></span> 
     </span>
    </p>
   </div>
   <div class='ocr_carea' id='block_1_30' title="bbox 145 1356 199 1378">
    <p class='ocr_par' dir='ltr' id='par_1_30' title="bbox 145 1356 199 1378">
     <span class='ocr_line' id='line_1_30' title="bbox 145 1356 199 1378; baseline 0 0"><span class='ocrx_word' id='word_1_212' title='bbox 145 1356 199 1378; x_wconf 68' lang='grc' dir='ltr'>εδι.</span> 
     </span>
    </p>
   </div>
   <div class='ocr_carea' id='block_1_31' title="bbox 183 1396 935 1430">
    <p class='ocr_par' dir='ltr' id='par_1_31' title="bbox 183 1396 935 1430">
     <span class='ocr_line' id='line_1_31' title="bbox 183 1396 935 1430; baseline 0.003 -7"><span class='ocrx_word' id='word_1_213' title='bbox 183 1396 265 1424; x_wconf 71' lang='lat' dir='ltr'><strong>Vens.</strong></span> <span class='ocrx_word' id='word_1_214' title='bbox 278 1397 320 1425; x_wconf 90' lang='lat'><strong>18.</strong></span> <span class='ocrx_word' id='word_1_215' title='bbox 334 1407 343 1422; x_wconf 77' lang='grc' dir='ltr'><strong>ε</strong></span> <span class='ocrx_word' id='word_1_216' title='bbox 355 1396 442 1430; x_wconf 87' lang='lat' dir='ltr'><strong>Servi,</strong></span> <span class='ocrx_word' id='word_1_217' title='bbox 451 1397 623 1425; x_wconf 89' lang='lat' dir='ltr'><strong>obeditecum</strong></span> <span class='ocrx_word' id='word_1_218' title='bbox 635 1398 812 1425; x_wconf 88' lang='lat' dir='ltr'><strong>omnitimore</strong></span> <span class='ocrx_word' id='word_1_219' title='bbox 820 1398 935 1426; x_wconf 89' lang='lat' dir='ltr'><strong>dominis</strong></span> 
     </span>
    </p>
   </div>
   <div class='ocr_carea' id='block_1_32' title="bbox 147 1442 934 1478">
    <p class='ocr_par' dir='ltr' id='par_1_32' title="bbox 147 1442 934 1478">
     <span class='ocr_line' id='line_1_32' title="bbox 147 1442 934 1478; baseline 0.001 -9"><span class='ocrx_word' id='word_1_220' title='bbox 147 1443 271 1476; x_wconf 66' lang='lat' dir='ltr'><strong>vestris,»</strong></span> <span class='ocrx_word' id='word_1_221' title='bbox 281 1448 334 1470; x_wconf 90' lang='lat' dir='ltr'><strong>etc.</strong></span> <span class='ocrx_word' id='word_1_222' title='bbox 351 1442 409 1470; x_wconf 76' lang='lat' dir='ltr'><strong>Non</strong></span> <span class='ocrx_word' id='word_1_223' title='bbox 419 1443 574 1478; x_wconf 86' lang='lat' dir='ltr'><strong>passibilem</strong></span> <span class='ocrx_word' id='word_1_224' title='bbox 584 1443 707 1470; x_wconf 86' lang='lat' dir='ltr'><strong>timorem</strong></span> <span class='ocrx_word' id='word_1_225' title='bbox 720 1451 813 1470; x_wconf 88' lang='lat' dir='ltr'><strong>servos</strong></span> <span class='ocrx_word' id='word_1_226' title='bbox 823 1443 934 1476; x_wconf 90' lang='lat' dir='ltr'><strong>habere,</strong></span> 
     </span>
    </p>
   </div>
   <div class='ocr_carea' id='block_1_33' title="bbox 148 1489 935 1524">
    <p class='ocr_par' dir='ltr' id='par_1_33' title="bbox 148 1489 935 1524">
     <span class='ocr_line' id='line_1_33' title="bbox 148 1489 935 1524; baseline 0 -9"><span class='ocrx_word' id='word_1_227' title='bbox 148 1489 280 1524; x_wconf 67' lang='lat' dir='ltr'><strong>praecipit,</strong></span> <span class='ocrx_word' id='word_1_228' title='bbox 289 1490 358 1524; x_wconf 92' lang='lat' dir='ltr'><strong>apud</strong></span> <span class='ocrx_word' id='word_1_229' title='bbox 374 1489 515 1522; x_wconf 88' lang='lat' dir='ltr'><strong>dominos;</strong></span> <span class='ocrx_word' id='word_1_230' title='bbox 528 1489 572 1516; x_wconf 87' lang='lat' dir='ltr'><strong>hic</strong></span> <span class='ocrx_word' id='word_1_231' title='bbox 583 1489 655 1516; x_wconf 91' lang='lat' dir='ltr'><strong>enim</strong></span> <span class='ocrx_word' id='word_1_232' title='bbox 665 1489 860 1517; x_wconf 87' lang='lat' dir='ltr'><strong>irrationabilis</strong></span> <span class='ocrx_word' id='word_1_233' title='bbox 868 1493 896 1516; x_wconf 86' lang='lat' dir='ltr'><strong>et</strong></span> <span class='ocrx_word' id='word_1_234' title='bbox 902 1489 935 1516; x_wconf 90' lang='lat' dir='ltr'><strong>ad</strong></span> 
     </span>
    </p>
   </div>
   <div class='ocr_carea' id='block_1_34' title="bbox 149 1522 973 1569">
    <p class='ocr_par' dir='ltr' id='par_1_34' title="bbox 149 1522 973 1569">
     <span class='ocr_line' id='line_1_34' title="bbox 149 1522 973 1569; baseline 0 -9"><span class='ocrx_word' id='word_1_235' title='bbox 149 1533 342 1560; x_wconf 84' lang='lat' dir='ltr'><strong>irrationabilia</strong></span> <span class='ocrx_word' id='word_1_236' title='bbox 368 1534 530 1561; x_wconf 87' lang='lat' dir='ltr'><strong>constitutus</strong></span> <span class='ocrx_word' id='word_1_237' title='bbox 553 1539 618 1566; x_wconf 83' lang='lat' dir='ltr'><strong>est;</strong></span> <span class='ocrx_word' id='word_1_238' title='bbox 644 1534 690 1562; x_wconf 89' lang='lat' dir='ltr'><strong>sed</strong></span> <span class='ocrx_word' id='word_1_239' title='bbox 709 1542 781 1566; x_wconf 91' lang='lat' dir='ltr'><strong>eum,</strong></span> <span class='ocrx_word' id='word_1_240' title='bbox 810 1534 854 1569; x_wconf 92' lang='lat' dir='ltr'><strong>qui</strong></span> <span class='ocrx_word' id='word_1_241' title='bbox 875 1541 937 1561; x_wconf 84' lang='lat' dir='ltr'><strong>cum</strong></span> <span class='ocrx_word' id='word_1_242' title='bbox 951 1522 973 1550; x_wconf 64' lang='grc' dir='ltr'>Ε</span> 
     </span>
    </p>
   </div>
   <div class='ocr_carea' id='block_1_35' title="bbox 149 1579 938 1614">
    <p class='ocr_par' dir='ltr' id='par_1_35' title="bbox 149 1579 938 1614">
     <span class='ocr_line' id='line_1_35' title="bbox 149 1579 938 1614; baseline 0 -8"><span class='ocrx_word' id='word_1_243' title='bbox 149 1579 290 1614; x_wconf 79' lang='lat' dir='ltr'><strong>disciplina</strong></span> <span class='ocrx_word' id='word_1_244' title='bbox 303 1584 328 1607; x_wconf 92' lang='lat' dir='ltr'><strong>et</strong></span> <span class='ocrx_word' id='word_1_245' title='bbox 342 1584 415 1606; x_wconf 90' lang='lat' dir='ltr'><strong>recta</strong></span> <span class='ocrx_word' id='word_1_246' title='bbox 431 1580 535 1607; x_wconf 87' lang='lat' dir='ltr'><strong>ratione</strong></span> <span class='ocrx_word' id='word_1_247' title='bbox 552 1580 687 1612; x_wconf 71' lang='lat' dir='ltr'><strong>consistit,</strong></span> <span class='ocrx_word' id='word_1_248' title='bbox 703 1579 781 1614; x_wconf 85' lang='lat' dir='ltr'><strong>cujus</strong></span> <span class='ocrx_word' id='word_1_249' title='bbox 800 1580 938 1614; x_wconf 86' lang='lat' dir='ltr'><strong>proprium</strong></span> 
     </span>
    </p>
   </div>
   <div class='ocr_carea' id='block_1_36' title="bbox 150 1624 940 1660">
    <p class='ocr_par' dir='ltr' id='par_1_36' title="bbox 150 1624 940 1660">
     <span class='ocr_line' id='line_1_36' title="bbox 150 1624 940 1660; baseline -0.003 -7"><span class='ocrx_word' id='word_1_250' title='bbox 150 1630 192 1653; x_wconf 80' lang='lat' dir='ltr'><strong>est</strong></span> <span class='ocrx_word' id='word_1_251' title='bbox 208 1625 369 1653; x_wconf 85' lang='lat' dir='ltr'><strong>reverentia.</strong></span> <span class='ocrx_word' id='word_1_252' title='bbox 393 1624 444 1658; x_wconf 86' lang='lat' dir='ltr'><strong>Qui</strong></span> <span class='ocrx_word' id='word_1_253' title='bbox 461 1626 533 1652; x_wconf 90' lang='lat' dir='ltr'><strong>enim</strong></span> <span class='ocrx_word' id='word_1_254' title='bbox 557 1631 668 1660; x_wconf 86' lang='lat' dir='ltr'><strong>propter</strong></span> <span class='ocrx_word' id='word_1_255' title='bbox 685 1624 824 1652; x_wconf 89' lang='lat' dir='ltr'><strong>Christum</strong></span> <span class='ocrx_word' id='word_1_256' title='bbox 848 1630 876 1651; x_wconf 85' lang='lat' dir='ltr'><strong>et</strong></span> <span class='ocrx_word' id='word_1_257' title='bbox 893 1625 940 1652; x_wconf 91' lang='lat' dir='ltr'><strong>do-</strong></span> 
     </span>
    </p>
   </div>
   <div class='ocr_carea' id='block_1_37' title="bbox 149 1670 940 1705">
    <p class='ocr_par' dir='ltr' id='par_1_37' title="bbox 149 1670 940 1705">
     <span class='ocr_line' id='line_1_37' title="bbox 149 1670 940 1705; baseline -0.001 -7"><span class='ocrx_word' id='word_1_258' title='bbox 149 1671 265 1699; x_wconf 90' lang='lat' dir='ltr'><strong>ctrinam</strong></span> <span class='ocrx_word' id='word_1_259' title='bbox 287 1670 346 1704; x_wconf 89' lang='lat' dir='ltr'><strong>ejus</strong></span> <span class='ocrx_word' id='word_1_260' title='bbox 359 1670 444 1698; x_wconf 89' lang='lat' dir='ltr'><strong>Deum</strong></span> <span class='ocrx_word' id='word_1_261' title='bbox 461 1671 547 1704; x_wconf 86' lang='lat' dir='ltr'><strong>timet,</strong></span> <span class='ocrx_word' id='word_1_262' title='bbox 562 1679 622 1698; x_wconf 90' lang='lat' dir='ltr'><strong>cum</strong></span> <span class='ocrx_word' id='word_1_263' title='bbox 640 1671 790 1700; x_wconf 87' lang='lat' dir='ltr'><strong>reverentia</strong></span> <span class='ocrx_word' id='word_1_264' title='bbox 804 1671 828 1698; x_wconf 89' lang='lat' dir='ltr'><strong>ei</strong></span> <span class='ocrx_word' id='word_1_265' title='bbox 849 1670 940 1705; x_wconf 87' lang='lat' dir='ltr'><strong>subje-</strong></span> 
     </span>
    </p>
   </div>
   <div class='ocr_carea' id='block_1_38' title="bbox 150 1716 940 1752">
    <p class='ocr_par' dir='ltr' id='par_1_38' title="bbox 150 1716 940 1752">
     <span class='ocr_line' id='line_1_38' title="bbox 150 1716 940 1752; baseline -0.001 -8"><span class='ocrx_word' id='word_1_266' title='bbox 150 1722 210 1744; x_wconf 86' lang='lat' dir='ltr'><strong>ctus</strong></span> <span class='ocrx_word' id='word_1_267' title='bbox 225 1721 288 1750; x_wconf 89' lang='lat' dir='ltr'><strong>est,</strong></span> <span class='ocrx_word' id='word_1_268' title='bbox 319 1724 381 1744; x_wconf 89' lang='lat' dir='ltr'><strong>cum</strong></span> <span class='ocrx_word' id='word_1_269' title='bbox 407 1716 463 1750; x_wconf 87' lang='lat' dir='ltr'><strong>ille,</strong></span> <span class='ocrx_word' id='word_1_270' title='bbox 483 1717 528 1752; x_wconf 90' lang='lat' dir='ltr'><strong>qui</strong></span> <span class='ocrx_word' id='word_1_271' title='bbox 553 1724 602 1752; x_wconf 90' lang='lat' dir='ltr'><strong>per</strong></span> <span class='ocrx_word' id='word_1_272' title='bbox 623 1717 735 1744; x_wconf 86' lang='lat' dir='ltr'><strong>verbera</strong></span> <span class='ocrx_word' id='word_1_273' title='bbox 753 1716 860 1751; x_wconf 79' lang='lat' dir='ltr'><strong>aliaque</strong></span> <span class='ocrx_word' id='word_1_274' title='bbox 884 1721 940 1744; x_wconf 90' lang='lat' dir='ltr'><strong>tor-</strong></span> 
     </span>
    </p>
   </div>
   <div class='ocr_carea' id='block_1_39' title="bbox 152 1762 942 1798">
    <p class='ocr_par' dir='ltr' id='par_1_39' title="bbox 152 1762 942 1798">
     <span class='ocr_line' id='line_1_39' title="bbox 152 1762 942 1798; baseline 0 -8"><span class='ocrx_word' id='word_1_275' title='bbox 152 1768 242 1790; x_wconf 83' lang='lat' dir='ltr'><strong>menta</strong></span> <span class='ocrx_word' id='word_1_276' title='bbox 259 1763 335 1791; x_wconf 87' lang='lat' dir='ltr'><strong>timet</strong></span> <span class='ocrx_word' id='word_1_277' title='bbox 351 1763 447 1796; x_wconf 88' lang='lat' dir='ltr'><strong>Deum,</strong></span> <span class='ocrx_word' id='word_1_278' title='bbox 468 1764 626 1798; x_wconf 78' lang='lat' dir='ltr'><strong>passibilem</strong></span> <span class='ocrx_word' id='word_1_279' title='bbox 645 1763 771 1791; x_wconf 88' lang='lat' dir='ltr'><strong>timorem</strong></span> <span class='ocrx_word' id='word_1_280' title='bbox 788 1763 888 1791; x_wconf 88' lang='lat' dir='ltr'><strong>habere</strong></span> <span class='ocrx_word' id='word_1_281' title='bbox 901 1762 942 1790; x_wconf 87' lang='lat' dir='ltr'><strong>vi-</strong></span> 
     </span>
    </p>
   </div>
   <div class='ocr_carea' id='block_1_40' title="bbox 152 1808 942 1844">
    <p class='ocr_par' dir='ltr' id='par_1_40' title="bbox 152 1808 942 1844">
     <span class='ocr_line' id='line_1_40' title="bbox 152 1808 942 1844; baseline 0 -7"><span class='ocrx_word' id='word_1_282' title='bbox 152 1810 199 1837; x_wconf 83' lang='lat' dir='ltr'><strong>det</strong></span> <span class='ocrx_word' id='word_1_283' title='bbox 208 1808 274 1844; x_wconf 73' lang='lat'><strong>(82).</strong></span> <span class='ocrx_word' id='word_1_284' title='bbox 293 1808 350 1835; x_wconf 83' lang='lat' dir='ltr'><strong>Hac</strong></span> <span class='ocrx_word' id='word_1_285' title='bbox 361 1808 561 1843; x_wconf 82' lang='lat' dir='ltr'><strong>signiﬁcatione</strong></span> <span class='ocrx_word' id='word_1_286' title='bbox 571 1812 599 1835; x_wconf 90' lang='lat' dir='ltr'><strong>et</strong></span> <span class='ocrx_word' id='word_1_287' title='bbox 619 1808 664 1836; x_wconf 86' lang='lat' dir='ltr'><strong>hic</strong></span> <span class='ocrx_word' id='word_1_288' title='bbox 677 1814 738 1844; x_wconf 87' lang='lat' dir='ltr'><strong>post</strong></span> <span class='ocrx_word' id='word_1_289' title='bbox 751 1810 804 1837; x_wconf 81' lang='lat' dir='ltr'><strong>alia</strong></span> <span class='ocrx_word' id='word_1_290' title='bbox 819 1810 900 1837; x_wconf 84' lang='lat' dir='ltr'><strong>vertit</strong></span> <span class='ocrx_word' id='word_1_291' title='bbox 911 1816 942 1837; x_wconf 87' lang='lat' dir='ltr'><strong>se</strong></span> 
     </span>
    </p>
   </div>
   <div class='ocr_carea' id='block_1_41' title="bbox 152 1854 944 1887">
    <p class='ocr_par' dir='ltr' id='par_1_41' title="bbox 152 1854 944 1887">
     <span class='ocr_line' id='line_1_41' title="bbox 152 1854 944 1887; baseline -0.003 -3"><span class='ocrx_word' id='word_1_292' title='bbox 152 1858 186 1884; x_wconf 78' lang='lat' dir='ltr'><strong>ad</strong></span> <span class='ocrx_word' id='word_1_293' title='bbox 203 1855 330 1887; x_wconf 83' lang='lat' dir='ltr'><strong>feminas,</strong></span> <span class='ocrx_word' id='word_1_294' title='bbox 350 1854 445 1882; x_wconf 78' lang='lat' dir='ltr'><strong>dicens</strong></span> <span class='ocrx_word' id='word_1_295' title='bbox 459 1864 466 1882; x_wconf 92' lang='lat'>:</span> <span class='ocrx_word' id='word_1_296' title='bbox 483 1854 713 1883; x_wconf 71' lang='lat' dir='ltr'><strong>«Considerantes</strong></span> <span class='ocrx_word' id='word_1_297' title='bbox 729 1860 848 1883; x_wconf 88' lang='lat' dir='ltr'><strong>vestram</strong></span> <span class='ocrx_word' id='word_1_298' title='bbox 866 1856 893 1882; x_wconf 92' lang='lat' dir='ltr'><strong>in</strong></span> <span class='ocrx_word' id='word_1_299' title='bbox 907 1855 944 1883; x_wconf 83' lang='lat' dir='ltr'><strong>ti-</strong></span> 
     </span>
    </p>
   </div>
   <div class='ocr_carea' id='block_1_42' title="bbox 152 1899 943 1935">
    <p class='ocr_par' dir='ltr' id='par_1_42' title="bbox 152 1899 943 1935">
     <span class='ocr_line' id='line_1_42' title="bbox 152 1899 943 1935; baseline 0.001 -8"><span class='ocrx_word' id='word_1_300' title='bbox 152 1907 228 1927; x_wconf 90' lang='lat' dir='ltr'><strong>more</strong></span> <span class='ocrx_word' id='word_1_301' title='bbox 239 1904 342 1928; x_wconf 85' lang='lat' dir='ltr'><strong>castam</strong></span> <span class='ocrx_word' id='word_1_302' title='bbox 360 1899 608 1927; x_wconf 89' lang='lat' dir='ltr'><strong>conversationem.</strong></span> <span class='ocrx_word' id='word_1_303' title='bbox 620 1908 629 1925; x_wconf 77' lang='grc' dir='ltr'><strong>ι</strong></span> <span class='ocrx_word' id='word_1_304' title='bbox 647 1899 680 1926; x_wconf 88' lang='lat' dir='ltr'><strong>Et</strong></span> <span class='ocrx_word' id='word_1_305' title='bbox 695 1899 852 1935; x_wconf 84' lang='lat' dir='ltr'><strong>frequenter</strong></span> <span class='ocrx_word' id='word_1_306' title='bbox 868 1899 943 1928; x_wconf 90' lang='lat' dir='ltr'><strong>Scri-</strong></span> 
     </span>
    </p>
   </div>
   <div class='ocr_carea' id='block_1_43' title="bbox 153 1946 822 1982">
    <p class='ocr_par' dir='ltr' id='par_1_43' title="bbox 153 1946 822 1982">
     <span class='ocr_line' id='line_1_43' title="bbox 153 1946 822 1982; baseline 0 -8"><span class='ocrx_word' id='word_1_307' title='bbox 153 1952 229 1981; x_wconf 87' lang='lat' dir='ltr'><strong>ptura</strong></span> <span class='ocrx_word' id='word_1_308' title='bbox 244 1946 302 1974; x_wconf 66' lang='lat' dir='ltr'><strong>haec</strong></span> <span class='ocrx_word' id='word_1_309' title='bbox 316 1946 348 1973; x_wconf 91' lang='lat' dir='ltr'><strong>de</strong></span> <span class='ocrx_word' id='word_1_310' title='bbox 360 1946 458 1973; x_wconf 91' lang='lat' dir='ltr'><strong>timore</strong></span> <span class='ocrx_word' id='word_1_311' title='bbox 471 1946 518 1973; x_wconf 86' lang='lat' dir='ltr'><strong>tali</strong></span> <span class='ocrx_word' id='word_1_312' title='bbox 533 1947 616 1974; x_wconf 89' lang='lat' dir='ltr'><strong>modo</strong></span> <span class='ocrx_word' id='word_1_313' title='bbox 629 1947 801 1982; x_wconf 84' lang='lat' dir='ltr'><strong>perloquitur</strong></span> <span class='ocrx_word' id='word_1_314' title='bbox 815 1956 822 1974; x_wconf 90' lang='lat'><strong>:</strong></span> 
     </span>
    </p>
   </div>
   <div class='ocr_carea' id='block_1_44' title="bbox 189 1991 944 2025">
    <p class='ocr_par' dir='ltr' id='par_1_44' title="bbox 189 1991 944 2025">
     <span class='ocr_line' id='line_1_44' title="bbox 189 1991 944 2025; baseline 0.001 -7"><span class='ocrx_word' id='word_1_315' title='bbox 189 1991 270 2020; x_wconf 77' lang='lat' dir='ltr'><strong>Vens.</strong></span> <span class='ocrx_word' id='word_1_316' title='bbox 290 1991 336 2019; x_wconf 75' lang='lat'><strong>25.</strong></span> <span class='ocrx_word' id='word_1_317' title='bbox 364 2001 374 2017; x_wconf 73' lang='grc' dir='ltr'><strong>ε</strong></span> <span class='ocrx_word' id='word_1_318' title='bbox 395 1992 445 2025; x_wconf 89' lang='lat' dir='ltr'><strong>Qui</strong></span> <span class='ocrx_word' id='word_1_319' title='bbox 461 2000 524 2020; x_wconf 91' lang='lat' dir='ltr'><strong>cum</strong></span> <span class='ocrx_word' id='word_1_320' title='bbox 545 1992 764 2025; x_wconf 84' lang='lat' dir='ltr'><strong>lnalediceretur,</strong></span> <span class='ocrx_word' id='word_1_321' title='bbox 786 1999 838 2019; x_wconf 92' lang='lat' dir='ltr'><strong>non</strong></span> <span class='ocrx_word' id='word_1_322' title='bbox 860 1992 944 2020; x_wconf 88' lang='lat' dir='ltr'><strong>malc-</strong></span> 
     </span>
    </p>
   </div>
   <div class='ocr_carea' id='block_1_45' title="bbox 152 2038 848 2073">
    <p class='ocr_par' dir='ltr' id='par_1_45' title="bbox 152 2038 848 2073">
     <span class='ocr_line' id='line_1_45' title="bbox 152 2038 848 2073; baseline 0.001 -9"><span class='ocrx_word' id='word_1_323' title='bbox 152 2038 270 2071; x_wconf 87' lang='lat' dir='ltr'><strong>dicebal,</strong></span> <span class='ocrx_word' id='word_1_324' title='bbox 290 2046 350 2066; x_wconf 90' lang='lat' dir='ltr'><strong>cum</strong></span> <span class='ocrx_word' id='word_1_325' title='bbox 363 2043 511 2073; x_wconf 85' lang='lat' dir='ltr'><strong>pateretur,</strong></span> <span class='ocrx_word' id='word_1_326' title='bbox 528 2046 581 2066; x_wconf 90' lang='lat' dir='ltr'><strong>non</strong></span> <span class='ocrx_word' id='word_1_327' title='bbox 596 2039 821 2066; x_wconf 73' lang='lat' dir='ltr'><strong>comminabatur.</strong></span> <span class='ocrx_word' id='word_1_328' title='bbox 839 2048 848 2065; x_wconf 79' lang='grc' dir='ltr'><strong>ι</strong></span> 
     </span>
    </p>
   </div>
   <div class='ocr_carea' id='block_1_46' title="bbox 190 2085 944 2120">
    <p class='ocr_par' dir='ltr' id='par_1_46' title="bbox 190 2085 944 2120">
     <span class='ocr_line' id='line_1_46' title="bbox 190 2085 944 2120; baseline 0.001 -8"><span class='ocrx_word' id='word_1_329' title='bbox 190 2085 340 2112; x_wconf 76' lang='lat' dir='ltr'><strong>Praesentes</strong></span> <span class='ocrx_word' id='word_1_330' title='bbox 361 2085 486 2120; x_wconf 84' lang='lat' dir='ltr'><strong>equidem</strong></span> <span class='ocrx_word' id='word_1_331' title='bbox 507 2086 600 2113; x_wconf 83' lang='lat' dir='ltr'><strong>laudes</strong></span> <span class='ocrx_word' id='word_1_332' title='bbox 620 2086 678 2119; x_wconf 91' lang='lat' dir='ltr'><strong>ejus</strong></span> <span class='ocrx_word' id='word_1_333' title='bbox 692 2090 765 2118; x_wconf 91' lang='lat' dir='ltr'><strong>sunt,</strong></span> <span class='ocrx_word' id='word_1_334' title='bbox 789 2085 834 2120; x_wconf 90' lang='lat' dir='ltr'><strong>qui</strong></span> <span class='ocrx_word' id='word_1_335' title='bbox 850 2085 944 2113; x_wconf 88' lang='lat' dir='ltr'><strong>volun-</strong></span> 
     </span>
    </p>
   </div>
   <div class='ocr_carea' id='block_1_47' title="bbox 156 2131 943 2166">
    <p class='ocr_par' dir='ltr' id='par_1_47' title="bbox 156 2131 943 2166">
     <span class='ocr_line' id='line_1_47' title="bbox 156 2131 943 2166; baseline 0.001 -9"><span class='ocrx_word' id='word_1_336' title='bbox 156 2131 262 2163; x_wconf 86' lang='lat' dir='ltr'><strong>tariam,</strong></span> <span class='ocrx_word' id='word_1_337' title='bbox 279 2135 303 2158; x_wconf 90' lang='lat' dir='ltr'><strong>et</strong></span> <span class='ocrx_word' id='word_1_338' title='bbox 331 2139 383 2158; x_wconf 89' lang='lat' dir='ltr'><strong>non</strong></span> <span class='ocrx_word' id='word_1_339' title='bbox 406 2131 610 2160; x_wconf 89' lang='lat' dir='ltr'><strong>substantialem</strong></span> <span class='ocrx_word' id='word_1_340' title='bbox 633 2131 714 2158; x_wconf 83' lang='lat' dir='ltr'><strong>habet</strong></span> <span class='ocrx_word' id='word_1_341' title='bbox 738 2131 943 2166; x_wconf 85' lang='lat' dir='ltr'><strong>benignitatem,</strong></span> 
     </span>
    </p>
   </div>
   <div class='ocr_carea' id='block_1_48' title="bbox 975 207 1771 243">
    <p class='ocr_par' dir='ltr' id='par_1_48' title="bbox 975 207 1771 243">
     <span class='ocr_line' id='line_1_48' title="bbox 975 207 1771 243; baseline -0.001 -7"><span class='ocrx_word' id='word_1_342' title='bbox 975 210 1022 236; x_wconf 88' lang='lat' dir='ltr'><strong>sed</strong></span> <span class='ocrx_word' id='word_1_343' title='bbox 1047 216 1134 243; x_wconf 88' lang='lat' dir='ltr'><strong>neque</strong></span> <span class='ocrx_word' id='word_1_344' title='bbox 1156 216 1216 235; x_wconf 89' lang='lat' dir='ltr'><strong>cum</strong></span> <span class='ocrx_word' id='word_1_345' title='bbox 1239 213 1378 242; x_wconf 88' lang='lat' dir='ltr'><strong>pateretur</strong></span> <span class='ocrx_word' id='word_1_346' title='bbox 1401 208 1618 235; x_wconf 86' lang='lat' dir='ltr'><strong>comminabatur</strong></span> <span class='ocrx_word' id='word_1_347' title='bbox 1641 207 1693 239; x_wconf 87' lang='lat' dir='ltr'><strong>eis,</strong></span> <span class='ocrx_word' id='word_1_348' title='bbox 1720 210 1771 242; x_wconf 89' lang='lat' dir='ltr'><strong>qui</strong></span> 
     </span>
    </p>
   </div>
   <div class='ocr_carea' id='block_1_49' title="bbox 976 252 1772 288">
    <p class='ocr_par' dir='ltr' id='par_1_49' title="bbox 976 252 1772 288">
     <span class='ocr_line' id='line_1_49' title="bbox 976 252 1772 288; baseline -0.003 -7"><span class='ocrx_word' id='word_1_349' title='bbox 976 254 1055 282; x_wconf 86' lang='lat' dir='ltr'><strong>malis</strong></span> <span class='ocrx_word' id='word_1_350' title='bbox 1068 254 1220 281; x_wconf 63' lang='lat' dir='ltr'><strong>adiciebant</strong></span> <span class='ocrx_word' id='word_1_351' title='bbox 1235 261 1308 286; x_wconf 90' lang='lat' dir='ltr'><strong>eum,</strong></span> <span class='ocrx_word' id='word_1_352' title='bbox 1323 253 1431 280; x_wconf 86' lang='lat' dir='ltr'><strong>tradens</strong></span> <span class='ocrx_word' id='word_1_353' title='bbox 1451 260 1510 284; x_wconf 87' lang='lat' dir='ltr'><strong>eos,</strong></span> <span class='ocrx_word' id='word_1_354' title='bbox 1527 253 1572 288; x_wconf 91' lang='lat' dir='ltr'><strong>qui</strong></span> <span class='ocrx_word' id='word_1_355' title='bbox 1591 252 1772 286; x_wconf 79' lang='lat' dir='ltr'><strong>insurgeham</strong></span> 
     </span>
    </p>
   </div>
   <div class='ocr_carea' id='block_1_50' title="bbox 976 298 1774 334">
    <p class='ocr_par' dir='ltr' id='par_1_50' title="bbox 976 298 1774 334">
     <span class='ocr_line' id='line_1_50' title="bbox 976 298 1774 334; baseline -0.001 -8"><span class='ocrx_word' id='word_1_356' title='bbox 976 301 1107 327; x_wconf 82' lang='lat' dir='ltr'><strong>adversus</strong></span> <span class='ocrx_word' id='word_1_357' title='bbox 1120 307 1194 332; x_wconf 90' lang='lat' dir='ltr'><strong>eum,</strong></span> <span class='ocrx_word' id='word_1_358' title='bbox 1215 299 1288 333; x_wconf 86' lang='lat' dir='ltr'><strong>juste</strong></span> <span class='ocrx_word' id='word_1_359' title='bbox 1311 299 1442 334; x_wconf 87' lang='lat' dir='ltr'><strong>judieanti</strong></span> <span class='ocrx_word' id='word_1_360' title='bbox 1465 298 1531 332; x_wconf 85' lang='lat' dir='ltr'><strong>Deo,</strong></span> <span class='ocrx_word' id='word_1_361' title='bbox 1558 299 1641 326; x_wconf 87' lang='lat' dir='ltr'><strong>verbo</strong></span> <span class='ocrx_word' id='word_1_362' title='bbox 1664 299 1774 326; x_wconf 86' lang='lat' dir='ltr'><strong>inhabi-</strong></span> 
     </span>
    </p>
   </div>
   <div class='ocr_carea' id='block_1_51' title="bbox 978 343 1772 379">
    <p class='ocr_par' dir='ltr' id='par_1_51' title="bbox 978 343 1772 379">
     <span class='ocr_line' id='line_1_51' title="bbox 978 343 1772 379; baseline -0.005 -6"><span class='ocrx_word' id='word_1_363' title='bbox 978 346 1044 373; x_wconf 93' lang='lat' dir='ltr'><strong>tanli</strong></span> <span class='ocrx_word' id='word_1_364' title='bbox 1059 346 1085 372; x_wconf 94' lang='lat' dir='ltr'><strong>in</strong></span> <span class='ocrx_word' id='word_1_365' title='bbox 1103 345 1268 379; x_wconf 85' lang='lat' dir='ltr'><strong>semetipso;</strong></span> <span class='ocrx_word' id='word_1_366' title='bbox 1285 351 1345 370; x_wconf 91' lang='lat' dir='ltr'><strong>nam</strong></span> <span class='ocrx_word' id='word_1_367' title='bbox 1367 343 1429 370; x_wconf 89' lang='lat' dir='ltr'><strong>licet</strong></span> <span class='ocrx_word' id='word_1_368' title='bbox 1446 344 1535 371; x_wconf 90' lang='lat' dir='ltr'><strong>unitas</strong></span> <span class='ocrx_word' id='word_1_369' title='bbox 1549 344 1638 370; x_wconf 90' lang='lat' dir='ltr'><strong>divina</strong></span> <span class='ocrx_word' id='word_1_370' title='bbox 1656 343 1691 370; x_wconf 91' lang='lat' dir='ltr'><strong>sit</strong></span> <span class='ocrx_word' id='word_1_371' title='bbox 1703 351 1772 370; x_wconf 92' lang='lat' dir='ltr'><strong>san-</strong></span> 
     </span>
    </p>
   </div>
   <div class='ocr_carea' id='block_1_52' title="bbox 977 390 1771 426">
    <p class='ocr_par' dir='ltr' id='par_1_52' title="bbox 977 390 1771 426">
     <span class='ocr_line' id='line_1_52' title="bbox 977 390 1771 426; baseline -0.006 -6"><span class='ocrx_word' id='word_1_372' title='bbox 977 397 1020 420; x_wconf 86' lang='lat' dir='ltr'><strong>cta</strong></span> <span class='ocrx_word' id='word_1_373' title='bbox 1045 397 1073 419; x_wconf 93' lang='lat' dir='ltr'><strong>et</strong></span> <span class='ocrx_word' id='word_1_374' title='bbox 1097 391 1233 426; x_wconf 88' lang='lat' dir='ltr'><strong>impartita</strong></span> <span class='ocrx_word' id='word_1_375' title='bbox 1253 390 1370 417; x_wconf 90' lang='lat' dir='ltr'><strong>hominis</strong></span> <span class='ocrx_word' id='word_1_376' title='bbox 1395 390 1428 417; x_wconf 89' lang='lat' dir='ltr'><strong>ad</strong></span> <span class='ocrx_word' id='word_1_377' title='bbox 1444 390 1567 423; x_wconf 81' lang='lat' dir='ltr'><strong>verbum,</strong></span> <span class='ocrx_word' id='word_1_378' title='bbox 1582 393 1771 416; x_wconf 86' lang='lat' dir='ltr'><strong>verumtamen</strong></span> 
     </span>
    </p>
   </div>
   <div class='ocr_carea' id='block_1_53' title="bbox 978 435 1772 470">
    <p class='ocr_par' dir='ltr' id='par_1_53' title="bbox 978 435 1772 470">
     <span class='ocr_line' id='line_1_53' title="bbox 978 435 1772 470; baseline -0.006 -4"><span class='ocrx_word' id='word_1_379' title='bbox 978 439 1046 466; x_wconf 88' lang='lat' dir='ltr'><strong>alter</strong></span> <span class='ocrx_word' id='word_1_380' title='bbox 1061 443 1103 465; x_wconf 88' lang='lat' dir='ltr'><strong>est</strong></span> <span class='ocrx_word' id='word_1_381' title='bbox 1118 437 1274 465; x_wconf 87' lang='lat' dir='ltr'><strong>intellectus</strong></span> <span class='ocrx_word' id='word_1_382' title='bbox 1297 436 1414 463; x_wconf 87' lang='lat' dir='ltr'><strong>hominis</strong></span> <span class='ocrx_word' id='word_1_383' title='bbox 1429 437 1573 470; x_wconf 90' lang='lat' dir='ltr'><strong>assumpti,</strong></span> <span class='ocrx_word' id='word_1_384' title='bbox 1596 440 1621 462; x_wconf 84' lang='lat' dir='ltr'><strong>et</strong></span> <span class='ocrx_word' id='word_1_385' title='bbox 1644 435 1712 462; x_wconf 88' lang='lat' dir='ltr'><strong>alter</strong></span> <span class='ocrx_word' id='word_1_386' title='bbox 1725 442 1772 461; x_wconf 84' lang='lat' dir='ltr'><strong>as-</strong></span> 
     </span>
    </p>
   </div>
   <div class='ocr_carea' id='block_1_54' title="bbox 978 479 1774 513">
    <p class='ocr_par' dir='ltr' id='par_1_54' title="bbox 978 479 1774 513">
     <span class='ocr_line' id='line_1_54' title="bbox 978 479 1774 513; baseline -0.006 -2"><span class='ocrx_word' id='word_1_387' title='bbox 978 484 1110 512; x_wconf 89' lang='lat' dir='ltr'><strong>sumentis</strong></span> <span class='ocrx_word' id='word_1_388' title='bbox 1136 486 1197 509; x_wconf 90' lang='lat' dir='ltr'><strong>eum</strong></span> <span class='ocrx_word' id='word_1_389' title='bbox 1213 481 1295 508; x_wconf 87' lang='lat' dir='ltr'><strong>Verbi</strong></span> <span class='ocrx_word' id='word_1_390' title='bbox 1325 480 1383 507; x_wconf 90' lang='lat' dir='ltr'><strong>Dei.</strong></span> <span class='ocrx_word' id='word_1_391' title='bbox 1405 480 1553 507; x_wconf 84' lang='lat' dir='ltr'><strong>Audientes</strong></span> <span class='ocrx_word' id='word_1_392' title='bbox 1573 487 1634 507; x_wconf 92' lang='lat' dir='ltr'><strong>eum</strong></span> <span class='ocrx_word' id='word_1_393' title='bbox 1651 489 1657 506; x_wconf 93' lang='lat'><strong>:</strong></span> <span class='ocrx_word' id='word_1_394' title='bbox 1676 489 1685 504; x_wconf 87' lang='grc'><strong>‹</strong></span> <span class='ocrx_word' id='word_1_395' title='bbox 1713 479 1774 513; x_wconf 80' lang='lat' dir='ltr'><strong>Ego</strong></span> 
     </span>
    </p>
   </div>
   <div class='ocr_carea' id='block_1_55' title="bbox 978 525 1774 560">
    <p class='ocr_par' dir='ltr' id='par_1_55' title="bbox 978 525 1774 560">
     <span class='ocr_line' id='line_1_55' title="bbox 978 525 1774 560; baseline -0.008 -3"><span class='ocrx_word' id='word_1_396' title='bbox 978 534 1005 556; x_wconf 89' lang='lat' dir='ltr'><strong>ct</strong></span> <span class='ocrx_word' id='word_1_397' title='bbox 1021 529 1100 556; x_wconf 87' lang='lat' dir='ltr'><strong>Pater</strong></span> <span class='ocrx_word' id='word_1_398' title='bbox 1116 536 1200 556; x_wconf 90' lang='lat' dir='ltr'><strong>unum</strong></span> <span class='ocrx_word' id='word_1_399' title='bbox 1220 535 1312 555; x_wconf 90' lang='lat' dir='ltr'><strong>sumus</strong></span> <span class='ocrx_word' id='word_1_400' title='bbox 1331 527 1373 560; x_wconf 75' lang='grc' dir='ltr'><strong>⁵ος</strong></span> <span class='ocrx_word' id='word_1_401' title='bbox 1396 536 1405 552; x_wconf 73' lang='grc' dir='ltr'><strong>ι</strong></span> <span class='ocrx_word' id='word_1_402' title='bbox 1424 531 1452 553; x_wconf 92' lang='lat' dir='ltr'><strong>et</strong></span> <span class='ocrx_word' id='word_1_403' title='bbox 1468 534 1476 553; x_wconf 74' lang='grc' dir='ltr'><em>τ</em></span> <span class='ocrx_word' id='word_1_404' title='bbox 1492 530 1506 552; x_wconf 70' lang='lat' dir='ltr'><strong>‘r</strong></span> <span class='ocrx_word' id='word_1_405' title='bbox 1531 525 1585 560; x_wconf 82' lang='lat' dir='ltr'><strong>Ego</strong></span> <span class='ocrx_word' id='word_1_406' title='bbox 1602 525 1628 552; x_wconf 93' lang='lat' dir='ltr'><strong>in</strong></span> <span class='ocrx_word' id='word_1_407' title='bbox 1644 525 1728 552; x_wconf 85' lang='lat' dir='ltr'><strong>Patre</strong></span> <span class='ocrx_word' id='word_1_408' title='bbox 1744 530 1774 551; x_wconf 86' lang='lat' dir='ltr'><strong>et</strong></span> 
     </span>
    </p>
   </div>
   <div class='ocr_carea' id='block_1_56' title="bbox 978 571 1774 607">
    <p class='ocr_par' dir='ltr' id='par_1_56' title="bbox 978 571 1774 607">
     <span class='ocr_line' id='line_1_56' title="bbox 978 571 1774 607; baseline -0.006 -5"><span class='ocrx_word' id='word_1_409' title='bbox 978 575 1059 603; x_wconf 83' lang='lat' dir='ltr'><strong>Pater</strong></span> <span class='ocrx_word' id='word_1_410' title='bbox 1070 575 1097 602; x_wconf 92' lang='lat' dir='ltr'><strong>in</strong></span> <span class='ocrx_word' id='word_1_411' title='bbox 1111 583 1154 602; x_wconf 85' lang='lat' dir='ltr'><strong>me</strong></span> <span class='ocrx_word' id='word_1_412' title='bbox 1173 579 1214 601; x_wconf 86' lang='lat' dir='ltr'><strong>est</strong></span> <span class='ocrx_word' id='word_1_413' title='bbox 1229 574 1269 607; x_wconf 84' lang='grc'><strong>⁵¹;</strong></span> <span class='ocrx_word' id='word_1_414' title='bbox 1295 583 1304 599; x_wconf 78' lang='grc' dir='ltr'><strong>ι</strong></span> <span class='ocrx_word' id='word_1_415' title='bbox 1320 577 1348 600; x_wconf 88' lang='lat' dir='ltr'><strong>et</strong></span> <span class='ocrx_word' id='word_1_416' title='bbox 1362 573 1427 600; x_wconf 92' lang='lat' dir='ltr'><strong>illud</strong></span> <span class='ocrx_word' id='word_1_417' title='bbox 1443 581 1449 599; x_wconf 90' lang='lat'><strong>:</strong></span> <span class='ocrx_word' id='word_1_418' title='bbox 1469 581 1478 598; x_wconf 73' lang='grc' dir='ltr'><strong>ι</strong></span> <span class='ocrx_word' id='word_1_419' title='bbox 1500 572 1551 605; x_wconf 88' lang='lat' dir='ltr'><strong>Qui</strong></span> <span class='ocrx_word' id='word_1_420' title='bbox 1571 572 1643 598; x_wconf 83' lang='lat' dir='ltr'><strong>videt</strong></span> <span class='ocrx_word' id='word_1_421' title='bbox 1660 578 1713 604; x_wconf 90' lang='lat' dir='ltr'><strong>me,</strong></span> <span class='ocrx_word' id='word_1_422' title='bbox 1728 571 1774 597; x_wconf 92' lang='lat' dir='ltr'><strong>vi-</strong></span> 
     </span>
    </p>
   </div>
   <div class='ocr_carea' id='block_1_57' title="bbox 980 613 1773 654">
    <p class='ocr_par' dir='ltr' id='par_1_57' title="bbox 980 613 1773 654">
     <span class='ocr_line' id='line_1_57' title="bbox 980 613 1773 654; baseline -0.008 -5"><span class='ocrx_word' id='word_1_423' title='bbox 980 623 1024 649; x_wconf 90' lang='lat' dir='ltr'><strong>det</strong></span> <span class='ocrx_word' id='word_1_424' title='bbox 1038 627 1064 648; x_wconf 90' lang='lat' dir='ltr'><strong>et</strong></span> <span class='ocrx_word' id='word_1_425' title='bbox 1081 613 1187 648; x_wconf 83' lang='lat' dir='ltr'><strong>Patrem</strong></span> <span class='ocrx_word' id='word_1_426' title='bbox 1201 621 1252 651; x_wconf 70' lang='lat' dir='ltr'><strong>&quot;.i</strong></span> <span class='ocrx_word' id='word_1_427' title='bbox 1267 619 1451 654; x_wconf 79' lang='lat' dir='ltr'><strong>intelligimus,</strong></span> <span class='ocrx_word' id='word_1_428' title='bbox 1467 618 1550 653; x_wconf 81' lang='lat' dir='ltr'><strong>quod,</strong></span> <span class='ocrx_word' id='word_1_429' title='bbox 1563 618 1607 652; x_wconf 90' lang='lat' dir='ltr'><strong>qui</strong></span> <span class='ocrx_word' id='word_1_430' title='bbox 1618 618 1676 644; x_wconf 71' lang='lat' dir='ltr'><strong>hrec</strong></span> <span class='ocrx_word' id='word_1_431' title='bbox 1692 617 1773 649; x_wconf 79' lang='lat' dir='ltr'><strong>dixit,</strong></span> 
     </span>
    </p>
   </div>
   <div class='ocr_carea' id='block_1_58' title="bbox 979 665 1775 700">
    <p class='ocr_par' dir='ltr' id='par_1_58' title="bbox 979 665 1775 700">
     <span class='ocr_line' id='line_1_58' title="bbox 979 665 1775 700; baseline -0.005 -6"><span class='ocrx_word' id='word_1_432' title='bbox 979 667 1133 700; x_wconf 84' lang='lat' dir='ltr'><strong>unigenitus</strong></span> <span class='ocrx_word' id='word_1_433' title='bbox 1152 666 1197 693; x_wconf 87' lang='lat' dir='ltr'><strong>Dei</strong></span> <span class='ocrx_word' id='word_1_434' title='bbox 1213 666 1300 693; x_wconf 87' lang='lat' dir='ltr'><strong>Filius</strong></span> <span class='ocrx_word' id='word_1_435' title='bbox 1323 669 1374 692; x_wconf 82' lang='lat' dir='ltr'><strong>est.</strong></span> <span class='ocrx_word' id='word_1_436' title='bbox 1403 665 1437 691; x_wconf 90' lang='lat' dir='ltr'><strong>Et</strong></span> <span class='ocrx_word' id='word_1_437' title='bbox 1459 671 1556 692; x_wconf 81' lang='lat' dir='ltr'><strong>rurSus</strong></span> <span class='ocrx_word' id='word_1_438' title='bbox 1578 668 1775 698; x_wconf 78' lang='lat' dir='ltr'><strong>cognoscentes</strong></span> 
     </span>
    </p>
   </div>
   <div class='ocr_carea' id='block_1_59' title="bbox 980 710 1772 742">
    <p class='ocr_par' dir='ltr' id='par_1_59' title="bbox 980 710 1772 742">
     <span class='ocr_line' id='line_1_59' title="bbox 980 710 1772 742; baseline -0.005 -2"><span class='ocrx_word' id='word_1_439' title='bbox 980 713 1065 740; x_wconf 89' lang='lat' dir='ltr'><strong>illud:</strong></span> <span class='ocrx_word' id='word_1_440' title='bbox 1086 722 1096 738; x_wconf 73' lang='grc' dir='ltr'><strong>ι</strong></span> <span class='ocrx_word' id='word_1_441' title='bbox 1122 711 1200 739; x_wconf 83' lang='lat' dir='ltr'><strong>Nunc</strong></span> <span class='ocrx_word' id='word_1_442' title='bbox 1225 711 1314 738; x_wconf 84' lang='lat' dir='ltr'><strong>anima</strong></span> <span class='ocrx_word' id='word_1_443' title='bbox 1340 718 1399 738; x_wconf 86' lang='lat' dir='ltr'><strong>mea</strong></span> <span class='ocrx_word' id='word_1_444' title='bbox 1431 711 1538 737; x_wconf 86' lang='lat' dir='ltr'><strong>turbata</strong></span> <span class='ocrx_word' id='word_1_445' title='bbox 1556 714 1598 737; x_wconf 90' lang='lat' dir='ltr'><strong>est</strong></span> <span class='ocrx_word' id='word_1_446' title='bbox 1621 710 1664 742; x_wconf 83' lang='lat'><strong>“;</strong></span> <span class='ocrx_word' id='word_1_447' title='bbox 1681 719 1691 735; x_wconf 72' lang='grc' dir='ltr'><strong>ι</strong></span> <span class='ocrx_word' id='word_1_448' title='bbox 1712 714 1741 736; x_wconf 90' lang='lat' dir='ltr'><strong>et</strong></span> <span class='ocrx_word' id='word_1_449' title='bbox 1764 718 1772 736; x_wconf 92' lang='lat'>:</span> 
     </span>
    </p>
   </div>
   <div class='ocr_carea' id='block_1_60' title="bbox 983 753 1776 792">
    <p class='ocr_par' dir='ltr' id='par_1_60' title="bbox 983 753 1776 792">
     <span class='ocr_line' id='line_1_60' title="bbox 983 753 1776 792; baseline -0.006 -7"><span class='ocrx_word' id='word_1_450' title='bbox 983 768 992 784; x_wconf 79' lang='grc' dir='ltr'><strong>ι</strong></span> <span class='ocrx_word' id='word_1_451' title='bbox 1014 758 1064 791; x_wconf 92' lang='lat' dir='ltr'><strong>Qui</strong></span> <span class='ocrx_word' id='word_1_452' title='bbox 1096 758 1179 792; x_wconf 75' lang='lat' dir='ltr'><strong>cmpit</strong></span> <span class='ocrx_word' id='word_1_453' title='bbox 1204 762 1319 784; x_wconf 65' lang='lat' dir='ltr'><strong>maestus</strong></span> <span class='ocrx_word' id='word_1_454' title='bbox 1336 763 1398 783; x_wconf 88' lang='lat' dir='ltr'><strong>esse</strong></span> <span class='ocrx_word' id='word_1_455' title='bbox 1419 759 1446 783; x_wconf 91' lang='lat' dir='ltr'><strong>et</strong></span> <span class='ocrx_word' id='word_1_456' title='bbox 1473 755 1627 782; x_wconf 89' lang='lat' dir='ltr'><strong>contristari</strong></span> <span class='ocrx_word' id='word_1_457' title='bbox 1643 754 1682 787; x_wconf 70' lang='lat'><strong>“,</strong></span> <span class='ocrx_word' id='word_1_458' title='bbox 1704 764 1714 780; x_wconf 71' lang='grc' dir='ltr'><strong>ι</strong></span> <span class='ocrx_word' id='word_1_459' title='bbox 1740 753 1776 781; x_wconf 89' lang='lat' dir='ltr'><strong>de</strong></span> 
     </span>
    </p>
   </div>
   <div class='ocr_carea' id='block_1_61' title="bbox 982 800 1652 838">
    <p class='ocr_par' dir='ltr' id='par_1_61' title="bbox 982 800 1652 838">
     <span class='ocr_line' id='line_1_61' title="bbox 982 800 1652 838; baseline -0.007 -6"><span class='ocrx_word' id='word_1_460' title='bbox 982 806 1102 837; x_wconf 87' lang='lat' dir='ltr'><strong>homine,</strong></span> <span class='ocrx_word' id='word_1_461' title='bbox 1119 811 1198 838; x_wconf 89' lang='lat' dir='ltr'><strong>quem</strong></span> <span class='ocrx_word' id='word_1_462' title='bbox 1213 802 1372 838; x_wconf 87' lang='lat' dir='ltr'><strong>assumpsit,</strong></span> <span class='ocrx_word' id='word_1_463' title='bbox 1390 802 1490 836; x_wconf 85' lang='lat' dir='ltr'><strong>scripta</strong></span> <span class='ocrx_word' id='word_1_464' title='bbox 1506 800 1652 828; x_wconf 84' lang='lat' dir='ltr'><strong>sentimus.</strong></span> 
     </span>
    </p>
   </div>
   <div class='ocr_carea' id='block_1_62' title="bbox 947 843 1777 882">
    <p class='ocr_par' dir='ltr' id='par_1_62' title="bbox 947 843 1777 882">
     <span class='ocr_line' id='line_1_62' title="bbox 947 843 1777 882; baseline -0.008 -4"><span class='ocrx_word' id='word_1_465' title='bbox 947 843 968 871; x_wconf 71' lang='grc' dir='ltr'><strong>Β</strong></span> <span class='ocrx_word' id='word_1_466' title='bbox 1018 850 1094 878; x_wconf 85' lang='lat' dir='ltr'><strong>CAP.</strong></span> <span class='ocrx_word' id='word_1_467' title='bbox 1110 849 1154 882; x_wconf 93' lang='lat' dir='ltr'><strong>Ill,</strong></span> <span class='ocrx_word' id='word_1_468' title='bbox 1171 857 1248 876; x_wconf 74' lang='lat' dir='ltr'><strong>rens.</strong></span> <span class='ocrx_word' id='word_1_469' title='bbox 1267 848 1293 876; x_wconf 83' lang='lat'><strong>6.</strong></span> <span class='ocrx_word' id='word_1_470' title='bbox 1313 857 1323 874; x_wconf 81' lang='grc' dir='ltr'><strong>ι</strong></span> <span class='ocrx_word' id='word_1_471' title='bbox 1344 848 1429 882; x_wconf 81' lang='lat' dir='ltr'><strong>Cujus</strong></span> <span class='ocrx_word' id='word_1_472' title='bbox 1442 847 1507 874; x_wconf 89' lang='lat' dir='ltr'><strong>estis</strong></span> <span class='ocrx_word' id='word_1_473' title='bbox 1523 846 1584 873; x_wconf 66' lang='lat' dir='ltr'><strong>ﬁliae</strong></span> <span class='ocrx_word' id='word_1_474' title='bbox 1599 845 1777 873; x_wconf 88' lang='lat' dir='ltr'><strong>benefacien-</strong></span> 
     </span>
    </p>
   </div>
   <div class='ocr_carea' id='block_1_63' title="bbox 984 893 1621 929">
    <p class='ocr_par' dir='ltr' id='par_1_63' title="bbox 984 893 1621 929">
     <span class='ocr_line' id='line_1_63' title="bbox 984 893 1621 929; baseline -0.006 -6"><span class='ocrx_word' id='word_1_475' title='bbox 984 901 1035 929; x_wconf 88' lang='lat' dir='ltr'><strong>tes,</strong></span> <span class='ocrx_word' id='word_1_476' title='bbox 1051 903 1101 923; x_wconf 92' lang='lat' dir='ltr'><strong>nec</strong></span> <span class='ocrx_word' id='word_1_477' title='bbox 1116 896 1241 922; x_wconf 89' lang='lat' dir='ltr'><strong>timentes</strong></span> <span class='ocrx_word' id='word_1_478' title='bbox 1255 893 1337 921; x_wconf 72' lang='lat' dir='ltr'><strong>ullam</strong></span> <span class='ocrx_word' id='word_1_479' title='bbox 1350 893 1595 928; x_wconf 87' lang='lat' dir='ltr'><strong>perturbationem.</strong></span> <span class='ocrx_word' id='word_1_480' title='bbox 1611 901 1621 918; x_wconf 73' lang='grc' dir='ltr'><strong>ι</strong></span> 
     </span>
    </p>
   </div>
   <div class='ocr_carea' id='block_1_64' title="bbox 1019 937 1778 973">
    <p class='ocr_par' dir='ltr' id='par_1_64' title="bbox 1019 937 1778 973">
     <span class='ocr_line' id='line_1_64' title="bbox 1019 937 1778 973; baseline -0.007 -4"><span class='ocrx_word' id='word_1_481' title='bbox 1019 942 1117 969; x_wconf 88' lang='lat' dir='ltr'><strong>Invitat</strong></span> <span class='ocrx_word' id='word_1_482' title='bbox 1131 941 1255 973; x_wconf 79' lang='lat' dir='ltr'><strong>feminas,</strong></span> <span class='ocrx_word' id='word_1_483' title='bbox 1269 945 1299 967; x_wconf 90' lang='lat' dir='ltr'><strong>ut</strong></span> <span class='ocrx_word' id='word_1_484' title='bbox 1314 940 1454 966; x_wconf 90' lang='lat' dir='ltr'><strong>imitentur</strong></span> <span class='ocrx_word' id='word_1_485' title='bbox 1469 943 1626 970; x_wconf 87' lang='lat' dir='ltr'><strong>sanctas,et</strong></span> <span class='ocrx_word' id='word_1_486' title='bbox 1640 937 1778 972; x_wconf 67' lang='lat' dir='ltr'><strong>prmcipue</strong></span> 
     </span>
    </p>
   </div>
   <div class='ocr_carea' id='block_1_65' title="bbox 985 985 1777 1021">
    <p class='ocr_par' dir='ltr' id='par_1_65' title="bbox 985 985 1777 1021">
     <span class='ocr_line' id='line_1_65' title="bbox 985 985 1777 1021; baseline -0.009 -4"><span class='ocrx_word' id='word_1_487' title='bbox 985 989 1094 1020; x_wconf 87' lang='lat' dir='ltr'><strong>Saram,</strong></span> <span class='ocrx_word' id='word_1_488' title='bbox 1111 988 1230 1016; x_wconf 83' lang='lat' dir='ltr'><strong>suadens</strong></span> <span class='ocrx_word' id='word_1_489' title='bbox 1245 986 1286 1014; x_wconf 92' lang='lat' dir='ltr'><strong>eis</strong></span> <span class='ocrx_word' id='word_1_490' title='bbox 1300 987 1339 1014; x_wconf 90' lang='lat' dir='ltr'><strong>sic</strong></span> <span class='ocrx_word' id='word_1_491' title='bbox 1355 985 1451 1021; x_wconf 87' lang='lat' dir='ltr'><strong>subjici</strong></span> <span class='ocrx_word' id='word_1_492' title='bbox 1466 985 1543 1018; x_wconf 89' lang='lat' dir='ltr'><strong>viris,</strong></span> <span class='ocrx_word' id='word_1_493' title='bbox 1560 985 1630 1012; x_wconf 78' lang='lat' dir='ltr'><strong>sicut</strong></span> <span class='ocrx_word' id='word_1_494' title='bbox 1648 985 1693 1010; x_wconf 89' lang='lat' dir='ltr'><strong>illa</strong></span> <span class='ocrx_word' id='word_1_495' title='bbox 1709 985 1777 1011; x_wconf 84' lang='lat' dir='ltr'><strong>sub-</strong></span> 
     </span>
    </p>
   </div>
   <div class='ocr_carea' id='block_1_66' title="bbox 985 1030 1779 1066">
    <p class='ocr_par' dir='ltr' id='par_1_66' title="bbox 985 1030 1779 1066">
     <span class='ocr_line' id='line_1_66' title="bbox 985 1030 1779 1066; baseline -0.009 -3"><span class='ocrx_word' id='word_1_496' title='bbox 985 1036 1041 1064; x_wconf 91' lang='lat' dir='ltr'><strong>dita</strong></span> <span class='ocrx_word' id='word_1_497' title='bbox 1062 1040 1122 1063; x_wconf 90' lang='lat' dir='ltr'><strong>erat</strong></span> <span class='ocrx_word' id='word_1_498' title='bbox 1137 1035 1274 1061; x_wconf 84' lang='lat' dir='ltr'><strong>Abraham</strong></span> <span class='ocrx_word' id='word_1_499' title='bbox 1287 1054 1294 1066; x_wconf 94' lang='lat'><strong>,</strong></span> <span class='ocrx_word' id='word_1_500' title='bbox 1314 1033 1392 1066; x_wconf 86' lang='lat' dir='ltr'><strong>cujus</strong></span> <span class='ocrx_word' id='word_1_501' title='bbox 1410 1037 1438 1060; x_wconf 92' lang='lat' dir='ltr'><strong>et</strong></span> <span class='ocrx_word' id='word_1_502' title='bbox 1462 1032 1531 1059; x_wconf 90' lang='lat' dir='ltr'><strong>ﬁlias</strong></span> <span class='ocrx_word' id='word_1_503' title='bbox 1546 1039 1593 1060; x_wconf 86' lang='lat' dir='ltr'><strong>eas</strong></span> <span class='ocrx_word' id='word_1_504' title='bbox 1609 1032 1694 1059; x_wconf 87' lang='lat' dir='ltr'><strong>factas</strong></span> <span class='ocrx_word' id='word_1_505' title='bbox 1711 1030 1779 1058; x_wconf 84' lang='lat' dir='ltr'><strong>dicit</strong></span> 
     </span>
    </p>
   </div>
   <div class='ocr_carea' id='block_1_67' title="bbox 985 1076 1778 1114">
    <p class='ocr_par' dir='ltr' id='par_1_67' title="bbox 985 1076 1778 1114">
     <span class='ocr_line' id='line_1_67' title="bbox 985 1076 1778 1114; baseline -0.006 -7"><span class='ocrx_word' id='word_1_506' title='bbox 985 1088 1033 1113; x_wconf 92' lang='lat' dir='ltr'><strong>per</strong></span> <span class='ocrx_word' id='word_1_507' title='bbox 1043 1079 1217 1114; x_wconf 88' lang='lat' dir='ltr'><strong>operationes</strong></span> <span class='ocrx_word' id='word_1_508' title='bbox 1230 1079 1325 1106; x_wconf 86' lang='lat' dir='ltr'><strong>bonas.</strong></span> <span class='ocrx_word' id='word_1_509' title='bbox 1343 1077 1421 1105; x_wconf 86' lang='lat' dir='ltr'><strong>Sicut</strong></span> <span class='ocrx_word' id='word_1_510' title='bbox 1436 1077 1518 1109; x_wconf 87' lang='lat' dir='ltr'><strong>enim,</strong></span> <span class='ocrx_word' id='word_1_511' title='bbox 1532 1077 1577 1111; x_wconf 91' lang='lat' dir='ltr'><strong>qui</strong></span> <span class='ocrx_word' id='word_1_512' title='bbox 1593 1076 1695 1103; x_wconf 88' lang='lat' dir='ltr'><strong>faciens</strong></span> <span class='ocrx_word' id='word_1_513' title='bbox 1708 1083 1778 1109; x_wconf 87' lang='lat' dir='ltr'><strong>opus</strong></span> 
     </span>
    </p>
   </div>
   <div class='ocr_carea' id='block_1_68' title="bbox 986 1122 1779 1159">
    <p class='ocr_par' dir='ltr' id='par_1_68' title="bbox 986 1122 1779 1159">
     <span class='ocr_line' id='line_1_68' title="bbox 986 1122 1779 1159; baseline -0.008 -5"><span class='ocrx_word' id='word_1_514' title='bbox 986 1126 1142 1159; x_wconf 82' lang='lat' dir='ltr'><strong>Abraham,</strong></span> <span class='ocrx_word' id='word_1_515' title='bbox 1159 1131 1186 1153; x_wconf 91' lang='lat' dir='ltr'><strong>et</strong></span> <span class='ocrx_word' id='word_1_516' title='bbox 1202 1126 1304 1152; x_wconf 85' lang='lat' dir='ltr'><strong>habens</strong></span> <span class='ocrx_word' id='word_1_517' title='bbox 1319 1124 1377 1158; x_wconf 89' lang='lat' dir='ltr'><strong>ejus</strong></span> <span class='ocrx_word' id='word_1_518' title='bbox 1395 1123 1485 1155; x_wconf 89' lang='lat' dir='ltr'><strong>ﬁdem,</strong></span> <span class='ocrx_word' id='word_1_519' title='bbox 1507 1123 1578 1150; x_wconf 83' lang='lat' dir='ltr'><strong>ﬁlius</strong></span> <span class='ocrx_word' id='word_1_520' title='bbox 1596 1123 1655 1158; x_wconf 86' lang='lat' dir='ltr'><strong>ejus</strong></span> <span class='ocrx_word' id='word_1_521' title='bbox 1674 1122 1719 1156; x_wconf 79' lang='lat' dir='ltr'><strong>ﬁt,</strong></span> <span class='ocrx_word' id='word_1_522' title='bbox 1741 1122 1779 1149; x_wconf 82' lang='lat' dir='ltr'><strong>ita</strong></span> 
     </span>
    </p>
   </div>
   <div class='ocr_carea' id='block_1_69' title="bbox 987 1167 1777 1201">
    <p class='ocr_par' dir='ltr' id='par_1_69' title="bbox 987 1167 1777 1201">
     <span class='ocr_line' id='line_1_69' title="bbox 987 1167 1777 1201; baseline -0.008 -1"><span class='ocrx_word' id='word_1_523' title='bbox 987 1173 1056 1200; x_wconf 87' lang='lat' dir='ltr'><strong>bona</strong></span> <span class='ocrx_word' id='word_1_524' title='bbox 1063 1171 1193 1199; x_wconf 80' lang='lat' dir='ltr'><strong>facientes</strong></span> <span class='ocrx_word' id='word_1_525' title='bbox 1202 1170 1294 1198; x_wconf 85' lang='lat' dir='ltr'><strong>ﬁdeles</strong></span> <span class='ocrx_word' id='word_1_526' title='bbox 1305 1170 1546 1201; x_wconf 52' lang='lat' dir='ltr'><strong>feminarmatrem</strong></span> <span class='ocrx_word' id='word_1_527' title='bbox 1556 1169 1657 1196; x_wconf 88' lang='lat' dir='ltr'><strong>habent</strong></span> <span class='ocrx_word' id='word_1_528' title='bbox 1668 1167 1777 1195; x_wconf 86' lang='lat' dir='ltr'><strong>Saram.</strong></span> 
     </span>
    </p>
   </div>
   <div class='ocr_carea' id='block_1_70' title="bbox 988 1214 1781 1252">
    <p class='ocr_par' dir='ltr' id='par_1_70' title="bbox 988 1214 1781 1252">
     <span class='ocr_line' id='line_1_70' title="bbox 988 1214 1781 1252; baseline -0.008 -7"><span class='ocrx_word' id='word_1_529' title='bbox 988 1218 1020 1245; x_wconf 85' lang='lat' dir='ltr'><strong>Et</strong></span> <span class='ocrx_word' id='word_1_530' title='bbox 1033 1217 1092 1245; x_wconf 65' lang='lat' dir='ltr'><strong>haec</strong></span> <span class='ocrx_word' id='word_1_531' title='bbox 1105 1217 1213 1252; x_wconf 91' lang='lat' dir='ltr'><strong>quidem</strong></span> <span class='ocrx_word' id='word_1_532' title='bbox 1229 1216 1264 1243; x_wconf 89' lang='lat' dir='ltr'><strong>ad</strong></span> <span class='ocrx_word' id='word_1_533' title='bbox 1278 1221 1392 1243; x_wconf 65' lang='lat' dir='ltr'><strong>lentum.</strong></span> <span class='ocrx_word' id='word_1_534' title='bbox 1407 1215 1558 1250; x_wconf 79' lang='lat' dir='ltr'><strong>Allegorice</strong></span> <span class='ocrx_word' id='word_1_535' title='bbox 1571 1221 1637 1242; x_wconf 86' lang='lat' dir='ltr'><strong>vero</strong></span> <span class='ocrx_word' id='word_1_536' title='bbox 1651 1214 1781 1241; x_wconf 86' lang='lat' dir='ltr'><strong>conside-</strong></span> 
     </span>
    </p>
   </div>
   <div class='ocr_carea' id='block_1_71' title="bbox 988 1259 1779 1297">
    <p class='ocr_par' dir='ltr' id='par_1_71' title="bbox 988 1259 1779 1297">
     <span class='ocr_line' id='line_1_71' title="bbox 988 1259 1779 1297; baseline -0.006 -7"><span class='ocrx_word' id='word_1_537' title='bbox 988 1271 1092 1296; x_wconf 81' lang='lat' dir='ltr'><strong>ramus,</strong></span> <span class='ocrx_word' id='word_1_538' title='bbox 1103 1262 1240 1297; x_wconf 91' lang='lat' dir='ltr'><strong>quomodo</strong></span> <span class='ocrx_word' id='word_1_539' title='bbox 1253 1261 1366 1295; x_wconf 88' lang='lat' dir='ltr'><strong>quilibet</strong></span> <span class='ocrx_word' id='word_1_540' title='bbox 1378 1261 1413 1288; x_wconf 88' lang='lat' dir='ltr'><strong>sit</strong></span> <span class='ocrx_word' id='word_1_541' title='bbox 1424 1260 1495 1288; x_wconf 87' lang='lat' dir='ltr'><strong>ﬁlius</strong></span> <span class='ocrx_word' id='word_1_542' title='bbox 1505 1259 1641 1287; x_wconf 86' lang='lat' dir='ltr'><strong>Abraham</strong></span> <span class='ocrx_word' id='word_1_543' title='bbox 1653 1264 1680 1287; x_wconf 86' lang='lat' dir='ltr'><strong>et</strong></span> <span class='ocrx_word' id='word_1_544' title='bbox 1691 1259 1779 1290; x_wconf 68' lang='lat' dir='ltr'><strong>Sam,</strong></span> 
     </span>
    </p>
   </div>
   <div class='ocr_carea' id='block_1_72' title="bbox 988 1305 1779 1343">
    <p class='ocr_par' dir='ltr' id='par_1_72' title="bbox 988 1305 1779 1343">
     <span class='ocr_line' id='line_1_72' title="bbox 988 1305 1779 1343; baseline -0.009 -6"><span class='ocrx_word' id='word_1_545' title='bbox 988 1310 1039 1337; x_wconf 91' lang='lat' dir='ltr'><strong>hoc</strong></span> <span class='ocrx_word' id='word_1_546' title='bbox 1052 1309 1133 1336; x_wconf 91' lang='lat' dir='ltr'><strong>modo</strong></span> <span class='ocrx_word' id='word_1_547' title='bbox 1147 1313 1177 1335; x_wconf 88' lang='lat' dir='ltr'><strong>ut</strong></span> <span class='ocrx_word' id='word_1_548' title='bbox 1188 1307 1334 1343; x_wconf 91' lang='lat' dir='ltr'><strong>Apostolus</strong></span> <span class='ocrx_word' id='word_1_549' title='bbox 1345 1307 1393 1340; x_wconf 88' lang='lat' dir='ltr'><strong>ait,</strong></span> <span class='ocrx_word' id='word_1_550' title='bbox 1407 1307 1501 1334; x_wconf 88' lang='lat' dir='ltr'><strong>dicens</strong></span> <span class='ocrx_word' id='word_1_551' title='bbox 1515 1315 1522 1333; x_wconf 90' lang='lat'>:</span> <span class='ocrx_word' id='word_1_552' title='bbox 1539 1315 1548 1332; x_wconf 75' lang='grc' dir='ltr'><strong>ι</strong></span> <span class='ocrx_word' id='word_1_553' title='bbox 1561 1306 1628 1339; x_wconf 87' lang='lat' dir='ltr'><strong>Quia</strong></span> <span class='ocrx_word' id='word_1_554' title='bbox 1640 1305 1779 1332; x_wconf 82' lang='lat' dir='ltr'><strong>Abraham</strong></span> 
     </span>
    </p>
   </div>
   <div class='ocr_carea' id='block_1_73' title="bbox 988 1352 1779 1387">
    <p class='ocr_par' dir='ltr' id='par_1_73' title="bbox 988 1352 1779 1387">
     <span class='ocr_line' id='line_1_73' title="bbox 988 1352 1779 1387; baseline -0.008 -4"><span class='ocrx_word' id='word_1_555' title='bbox 988 1356 1056 1384; x_wconf 86' lang='lat' dir='ltr'><strong>duos</strong></span> <span class='ocrx_word' id='word_1_556' title='bbox 1080 1355 1176 1383; x_wconf 86' lang='lat' dir='ltr'><strong>habuit</strong></span> <span class='ocrx_word' id='word_1_557' title='bbox 1200 1354 1287 1387; x_wconf 87' lang='lat' dir='ltr'><strong>ﬁlios,</strong></span> <span class='ocrx_word' id='word_1_558' title='bbox 1309 1361 1393 1381; x_wconf 92' lang='lat' dir='ltr'><strong>unum</strong></span> <span class='ocrx_word' id='word_1_559' title='bbox 1418 1353 1450 1380; x_wconf 89' lang='lat' dir='ltr'><strong>de</strong></span> <span class='ocrx_word' id='word_1_560' title='bbox 1467 1352 1563 1380; x_wconf 89' lang='lat' dir='ltr'><strong>ancilla</strong></span> <span class='ocrx_word' id='word_1_561' title='bbox 1576 1372 1584 1384; x_wconf 90' lang='lat'><strong>,</strong></span> <span class='ocrx_word' id='word_1_562' title='bbox 1600 1357 1628 1379; x_wconf 90' lang='lat' dir='ltr'><strong>et</strong></span> <span class='ocrx_word' id='word_1_563' title='bbox 1648 1358 1730 1378; x_wconf 87' lang='lat' dir='ltr'><strong>unum</strong></span> <span class='ocrx_word' id='word_1_564' title='bbox 1746 1358 1779 1378; x_wconf 79' lang='lat' dir='ltr'><strong>ex</strong></span> 
     </span>
    </p>
   </div>
   <div class='ocr_carea' id='block_1_74' title="bbox 989 1396 1781 1434">
    <p class='ocr_par' dir='ltr' id='par_1_74' title="bbox 989 1396 1781 1434">
     <span class='ocr_line' id='line_1_74' title="bbox 989 1396 1781 1434; baseline -0.008 -6"><span class='ocrx_word' id='word_1_565' title='bbox 989 1402 1073 1428; x_wconf 86' lang='lat' dir='ltr'><strong>libera</strong></span> <span class='ocrx_word' id='word_1_566' title='bbox 1089 1401 1123 1427; x_wconf 92' lang='lat'><strong>&quot;.</strong></span> <span class='ocrx_word' id='word_1_567' title='bbox 1140 1410 1149 1426; x_wconf 80' lang='grc' dir='ltr'><strong>ι</strong></span> <span class='ocrx_word' id='word_1_568' title='bbox 1169 1400 1272 1428; x_wconf 87' lang='lat' dir='ltr'><strong>Deinde</strong></span> <span class='ocrx_word' id='word_1_569' title='bbox 1288 1399 1465 1434; x_wconf 89' lang='lat' dir='ltr'><strong>spiritualiter</strong></span> <span class='ocrx_word' id='word_1_570' title='bbox 1481 1397 1605 1432; x_wconf 77' lang='lat' dir='ltr'><strong>intelligit</strong></span> <span class='ocrx_word' id='word_1_571' title='bbox 1619 1405 1667 1432; x_wconf 89' lang='lat' dir='ltr'><strong>per</strong></span> <span class='ocrx_word' id='word_1_572' title='bbox 1681 1396 1781 1423; x_wconf 89' lang='lat' dir='ltr'><strong>mulie-</strong></span> 
     </span>
    </p>
   </div>
   <div class='ocr_carea' id='block_1_75' title="bbox 990 1441 1781 1480">
    <p class='ocr_par' dir='ltr' id='par_1_75' title="bbox 990 1441 1781 1480">
     <span class='ocr_line' id='line_1_75' title="bbox 990 1441 1781 1480; baseline -0.008 -6"><span class='ocrx_word' id='word_1_573' title='bbox 990 1454 1034 1474; x_wconf 85' lang='lat' dir='ltr'><strong>res</strong></span> <span class='ocrx_word' id='word_1_574' title='bbox 1050 1447 1103 1474; x_wconf 93' lang='lat' dir='ltr'><strong>duo</strong></span> <span class='ocrx_word' id='word_1_575' title='bbox 1124 1450 1303 1479; x_wconf 82' lang='lat' dir='ltr'><strong>testamenta;</strong></span> <span class='ocrx_word' id='word_1_576' title='bbox 1319 1449 1346 1472; x_wconf 90' lang='lat' dir='ltr'><strong>et</strong></span> <span class='ocrx_word' id='word_1_577' title='bbox 1365 1449 1427 1480; x_wconf 90' lang='lat' dir='ltr'><strong>post</strong></span> <span class='ocrx_word' id='word_1_578' title='bbox 1442 1444 1494 1471; x_wconf 82' lang='lat' dir='ltr'><strong>alia</strong></span> <span class='ocrx_word' id='word_1_579' title='bbox 1519 1444 1600 1475; x_wconf 87' lang='lat' dir='ltr'><strong>dicit,</strong></span> <span class='ocrx_word' id='word_1_580' title='bbox 1621 1453 1629 1468; x_wconf 82' lang='grc' dir='ltr'><strong>ι</strong></span> <span class='ocrx_word' id='word_1_581' title='bbox 1649 1443 1717 1470; x_wconf 88' lang='lat' dir='ltr'><strong>Eum</strong></span> <span class='ocrx_word' id='word_1_582' title='bbox 1732 1441 1781 1477; x_wconf 89' lang='lat' dir='ltr'><strong>qui</strong></span> 
     </span>
    </p>
   </div>
   <div class='ocr_carea' id='block_1_76' title="bbox 989 1489 1781 1524">
    <p class='ocr_par' dir='ltr' id='par_1_76' title="bbox 989 1489 1781 1524">
     <span class='ocr_line' id='line_1_76' title="bbox 989 1489 1781 1524; baseline -0.006 -4"><span class='ocrx_word' id='word_1_583' title='bbox 989 1501 1023 1520; x_wconf 80' lang='lat' dir='ltr'><strong>ex</strong></span> <span class='ocrx_word' id='word_1_584' title='bbox 1039 1493 1124 1520; x_wconf 90' lang='lat' dir='ltr'><strong>libera</strong></span> <span class='ocrx_word' id='word_1_585' title='bbox 1147 1497 1228 1519; x_wconf 87' lang='lat' dir='ltr'><strong>natus</strong></span> <span class='ocrx_word' id='word_1_586' title='bbox 1244 1496 1295 1523; x_wconf 91' lang='lat' dir='ltr'><strong>est,</strong></span> <span class='ocrx_word' id='word_1_587' title='bbox 1313 1501 1322 1517; x_wconf 77' lang='grc' dir='ltr'><strong>ι</strong></span> <span class='ocrx_word' id='word_1_588' title='bbox 1341 1491 1489 1519; x_wconf 87' lang='lat' dir='ltr'><strong>secumlum</strong></span> <span class='ocrx_word' id='word_1_589' title='bbox 1514 1489 1642 1524; x_wconf 90' lang='lat' dir='ltr'><strong>Spiritum</strong></span> <span class='ocrx_word' id='word_1_590' title='bbox 1658 1493 1781 1516; x_wconf 79' lang='lat' dir='ltr'><strong>sanctum</strong></span> 
     </span>
    </p>
   </div>
   <div class='ocr_carea' id='block_1_77' title="bbox 990 1533 1784 1571">
    <p class='ocr_par' dir='ltr' id='par_1_77' title="bbox 990 1533 1784 1571">
     <span class='ocr_line' id='line_1_77' title="bbox 990 1533 1784 1571; baseline -0.008 -7"><span class='ocrx_word' id='word_1_591' title='bbox 990 1536 1102 1566; x_wconf 77' lang='lat' dir='ltr'><strong>liberam</strong></span> <span class='ocrx_word' id='word_1_592' title='bbox 1120 1537 1223 1569; x_wconf 87' lang='lat' dir='ltr'><strong>dicens,</strong></span> <span class='ocrx_word' id='word_1_593' title='bbox 1240 1543 1385 1571; x_wconf 88' lang='lat' dir='ltr'><strong>supernam</strong></span> <span class='ocrx_word' id='word_1_594' title='bbox 1407 1534 1556 1562; x_wconf 84' lang='lat' dir='ltr'><strong>Jerusalem</strong></span> <span class='ocrx_word' id='word_1_595' title='bbox 1580 1533 1614 1562; x_wconf 84' lang='lat'><strong>&quot;.</strong></span> <span class='ocrx_word' id='word_1_596' title='bbox 1630 1533 1784 1561; x_wconf 84' lang='lat' dir='ltr'><strong>Concordat</strong></span> 
     </span>
    </p>
   </div>
   <div class='ocr_carea' id='block_1_78' title="bbox 991 1579 1782 1618">
    <p class='ocr_par' dir='ltr' id='par_1_78' title="bbox 991 1579 1782 1618">
     <span class='ocr_line' id='line_1_78' title="bbox 991 1579 1782 1618; baseline -0.009 -6"><span class='ocrx_word' id='word_1_597' title='bbox 991 1584 1034 1612; x_wconf 89' lang='lat' dir='ltr'><strong>his</strong></span> <span class='ocrx_word' id='word_1_598' title='bbox 1055 1583 1145 1611; x_wconf 78' lang='lat' dir='ltr'><strong>verbis</strong></span> <span class='ocrx_word' id='word_1_599' title='bbox 1161 1583 1303 1618; x_wconf 85' lang='lat' dir='ltr'><strong>prophetia</strong></span> <span class='ocrx_word' id='word_1_600' title='bbox 1318 1582 1411 1609; x_wconf 88' lang='lat' dir='ltr'><strong>dicens</strong></span> <span class='ocrx_word' id='word_1_601' title='bbox 1426 1589 1434 1608; x_wconf 87' lang='lat'>:</span> <span class='ocrx_word' id='word_1_602' title='bbox 1461 1589 1470 1606; x_wconf 74' lang='grc' dir='ltr'><strong>ε</strong></span> <span class='ocrx_word' id='word_1_603' title='bbox 1493 1580 1629 1614; x_wconf 81' lang='lat' dir='ltr'><strong>Respicite</strong></span> <span class='ocrx_word' id='word_1_604' title='bbox 1645 1579 1782 1606; x_wconf 78' lang='lat' dir='ltr'><strong>Abraham</strong></span> 
     </span>
    </p>
   </div>
   <div class='ocr_carea' id='block_1_79' title="bbox 991 1625 1781 1666">
    <p class='ocr_par' dir='ltr' id='par_1_79' title="bbox 991 1625 1781 1666">
     <span class='ocr_line' id='line_1_79' title="bbox 991 1625 1781 1666; baseline -0.008 -8"><span class='ocrx_word' id='word_1_605' title='bbox 991 1636 1095 1666; x_wconf 85' lang='lat' dir='ltr'><strong>patrem</strong></span> <span class='ocrx_word' id='word_1_606' title='bbox 1103 1635 1270 1661; x_wconf 86' lang='lat' dir='ltr'><strong>vestrum,et</strong></span> <span class='ocrx_word' id='word_1_607' title='bbox 1281 1629 1316 1656; x_wconf 88' lang='lat' dir='ltr'><strong>Sa</strong></span> <span class='ocrx_word' id='word_1_608' title='bbox 1322 1637 1388 1661; x_wconf 76' lang='lat' dir='ltr'><strong>ram,</strong></span> <span class='ocrx_word' id='word_1_609' title='bbox 1399 1636 1459 1663; x_wconf 70' lang='lat' dir='ltr'><strong>qua:</strong></span> <span class='ocrx_word' id='word_1_610' title='bbox 1470 1635 1518 1655; x_wconf 94' lang='lat' dir='ltr'><strong>vos</strong></span> <span class='ocrx_word' id='word_1_611' title='bbox 1527 1626 1649 1661; x_wconf 87' lang='lat' dir='ltr'><strong>concepit</strong></span> <span class='ocrx_word' id='word_1_612' title='bbox 1657 1626 1690 1652; x_wconf 88' lang='lat'><strong>&quot;.</strong></span> <span class='ocrx_word' id='word_1_613' title='bbox 1698 1635 1708 1652; x_wconf 72' lang='grc' dir='ltr'><strong>ι</strong></span> <span class='ocrx_word' id='word_1_614' title='bbox 1721 1625 1781 1653; x_wconf 84' lang='lat' dir='ltr'><strong>Non</strong></span> 
     </span>
    </p>
   </div>
   <div class='ocr_carea' id='block_1_80' title="bbox 991 1672 1785 1711">
    <p class='ocr_par' dir='ltr' id='par_1_80' title="bbox 991 1672 1785 1711">
     <span class='ocr_line' id='line_1_80' title="bbox 991 1672 1785 1711; baseline -0.009 -7"><span class='ocrx_word' id='word_1_615' title='bbox 991 1678 1063 1705; x_wconf 84' lang='lat' dir='ltr'><strong>enim</strong></span> <span class='ocrx_word' id='word_1_616' title='bbox 1082 1676 1211 1711; x_wconf 89' lang='lat' dir='ltr'><strong>possibile</strong></span> <span class='ocrx_word' id='word_1_617' title='bbox 1226 1681 1279 1708; x_wconf 89' lang='lat' dir='ltr'><strong>est,</strong></span> <span class='ocrx_word' id='word_1_618' title='bbox 1301 1676 1335 1702; x_wconf 93' lang='lat' dir='ltr'><strong>ad</strong></span> <span class='ocrx_word' id='word_1_619' title='bbox 1349 1675 1410 1702; x_wconf 92' lang='lat' dir='ltr'><strong>illos</strong></span> <span class='ocrx_word' id='word_1_620' title='bbox 1432 1675 1567 1705; x_wconf 86' lang='lat' dir='ltr'><strong>homines,</strong></span> <span class='ocrx_word' id='word_1_621' title='bbox 1591 1673 1615 1700; x_wconf 93' lang='lat' dir='ltr'><strong>id</strong></span> <span class='ocrx_word' id='word_1_622' title='bbox 1634 1677 1685 1705; x_wconf 89' lang='lat' dir='ltr'><strong>est,</strong></span> <span class='ocrx_word' id='word_1_623' title='bbox 1697 1672 1785 1698; x_wconf 79' lang='lat' dir='ltr'><strong>Abra-</strong></span> 
     </span>
    </p>
   </div>
   <div class='ocr_carea' id='block_1_81' title="bbox 993 1718 1782 1753">
    <p class='ocr_par' dir='ltr' id='par_1_81' title="bbox 993 1718 1782 1753">
     <span class='ocr_line' id='line_1_81' title="bbox 993 1718 1782 1753; baseline -0.01 -1"><span class='ocrx_word' id='word_1_624' title='bbox 993 1725 1055 1752; x_wconf 88' lang='lat' dir='ltr'><strong>ham</strong></span> <span class='ocrx_word' id='word_1_625' title='bbox 1068 1729 1095 1751; x_wconf 89' lang='lat' dir='ltr'><strong>et</strong></span> <span class='ocrx_word' id='word_1_626' title='bbox 1106 1723 1202 1751; x_wconf 86' lang='lat' dir='ltr'><strong>Saram</strong></span> <span class='ocrx_word' id='word_1_627' title='bbox 1217 1723 1274 1750; x_wconf 62' lang='lat' dir='ltr'><strong>haec</strong></span> <span class='ocrx_word' id='word_1_628' title='bbox 1287 1721 1382 1749; x_wconf 89' lang='lat' dir='ltr'><strong>referri</strong></span> <span class='ocrx_word' id='word_1_629' title='bbox 1395 1721 1552 1748; x_wconf 80' lang='lat' dir='ltr'><strong>carnaliter.</strong></span> <span class='ocrx_word' id='word_1_630' title='bbox 1563 1718 1702 1753; x_wconf 87' lang='lat' dir='ltr'><strong>Quomodo</strong></span> <span class='ocrx_word' id='word_1_631' title='bbox 1710 1718 1782 1745; x_wconf 89' lang='lat' dir='ltr'><strong>enim</strong></span> 
     </span>
    </p>
   </div>
   <div class='ocr_carea' id='block_1_82' title="bbox 992 1767 1784 1803">
    <p class='ocr_par' dir='ltr' id='par_1_82' title="bbox 992 1767 1784 1803">
     <span class='ocr_line' id='line_1_82' title="bbox 992 1767 1784 1803; baseline -0.011 -5"><span class='ocrx_word' id='word_1_632' title='bbox 992 1771 1081 1798; x_wconf 91' lang='lat' dir='ltr'><strong>adhuc</strong></span> <span class='ocrx_word' id='word_1_633' title='bbox 1108 1770 1266 1803; x_wconf 84' lang='lat' dir='ltr'><strong>conciperet</strong></span> <span class='ocrx_word' id='word_1_634' title='bbox 1290 1767 1372 1802; x_wconf 85' lang='lat' dir='ltr'><strong>hujus</strong></span> <span class='ocrx_word' id='word_1_635' title='bbox 1398 1767 1537 1801; x_wconf 63' lang='lat' dir='ltr'><strong>prophetat</strong></span> <span class='ocrx_word' id='word_1_636' title='bbox 1563 1769 1700 1800; x_wconf 87' lang='lat' dir='ltr'><strong>tempore,</strong></span> <span class='ocrx_word' id='word_1_637' title='bbox 1722 1770 1784 1797; x_wconf 64' lang='lat' dir='ltr'><strong>quae</strong></span> 
     </span>
    </p>
   </div>
   <div class='ocr_carea' id='block_1_83' title="bbox 993 1811 1783 1844">
    <p class='ocr_par' dir='ltr' id='par_1_83' title="bbox 993 1811 1783 1844">
     <span class='ocr_line' id='line_1_83' title="bbox 993 1811 1783 1844; baseline -0.011 0"><span class='ocrx_word' id='word_1_638' title='bbox 993 1821 1057 1844; x_wconf 89' lang='lat' dir='ltr'><strong>ante</strong></span> <span class='ocrx_word' id='word_1_639' title='bbox 1073 1815 1173 1843; x_wconf 91' lang='lat' dir='ltr'><strong>multos</strong></span> <span class='ocrx_word' id='word_1_640' title='bbox 1186 1821 1272 1842; x_wconf 91' lang='lat' dir='ltr'><strong>annos</strong></span> <span class='ocrx_word' id='word_1_641' title='bbox 1286 1818 1389 1841; x_wconf 64' lang='lat' dir='ltr'><strong>natura:</strong></span> <span class='ocrx_word' id='word_1_642' title='bbox 1404 1811 1523 1839; x_wconf 85' lang='lat' dir='ltr'><strong>debitam</strong></span> <span class='ocrx_word' id='word_1_643' title='bbox 1539 1814 1696 1844; x_wconf 81' lang='lat' dir='ltr'><strong>susceperat</strong></span> <span class='ocrx_word' id='word_1_644' title='bbox 1709 1816 1783 1836; x_wconf 91' lang='lat' dir='ltr'><strong>mor-</strong></span> 
     </span>
    </p>
   </div>
   <div class='ocr_carea' id='block_1_84' title="bbox 997 1855 1785 1896">
    <p class='ocr_par' dir='ltr' id='par_1_84' title="bbox 997 1855 1785 1896">
     <span class='ocr_line' id='line_1_84' title="bbox 997 1855 1785 1896; baseline -0.011 -5"><span class='ocrx_word' id='word_1_645' title='bbox 997 1863 1074 1891; x_wconf 82' lang='lat' dir='ltr'><strong>tem?</strong></span> <span class='ocrx_word' id='word_1_646' title='bbox 1090 1863 1262 1896; x_wconf 88' lang='lat' dir='ltr'><strong>Quapropter</strong></span> <span class='ocrx_word' id='word_1_647' title='bbox 1275 1865 1301 1888; x_wconf 91' lang='lat' dir='ltr'><strong>et</strong></span> <span class='ocrx_word' id='word_1_648' title='bbox 1317 1860 1376 1887; x_wconf 64' lang='lat' dir='ltr'><strong>bare</strong></span> <span class='ocrx_word' id='word_1_649' title='bbox 1391 1857 1564 1894; x_wconf 87' lang='lat' dir='ltr'><strong>percipienda</strong></span> <span class='ocrx_word' id='word_1_650' title='bbox 1581 1863 1644 1884; x_wconf 87' lang='lat' dir='ltr'><strong>sunt</strong></span> <span class='ocrx_word' id='word_1_651' title='bbox 1661 1855 1785 1890; x_wconf 79' lang='lat' dir='ltr'><strong>proxime</strong></span> 
     </span>
    </p>
   </div>
   <div class='ocr_carea' id='block_1_85' title="bbox 994 1906 1786 1943">
    <p class='ocr_par' dir='ltr' id='par_1_85' title="bbox 994 1906 1786 1943">
     <span class='ocr_line' id='line_1_85' title="bbox 994 1906 1786 1943; baseline -0.014 -6"><span class='ocrx_word' id='word_1_652' title='bbox 994 1909 1086 1937; x_wconf 86' lang='lat' dir='ltr'><strong>verbis</strong></span> <span class='ocrx_word' id='word_1_653' title='bbox 1106 1907 1228 1943; x_wconf 86' lang='lat' dir='ltr'><strong>Apostoli</strong></span> <span class='ocrx_word' id='word_1_654' title='bbox 1245 1906 1362 1934; x_wconf 88' lang='lat' dir='ltr'><strong>dicentis</strong></span> <span class='ocrx_word' id='word_1_655' title='bbox 1378 1914 1385 1932; x_wconf 89' lang='lat'><strong>:</strong></span> <span class='ocrx_word' id='word_1_656' title='bbox 1401 1909 1517 1932; x_wconf 84' lang='lat' dir='ltr'><strong>matrem</strong></span> <span class='ocrx_word' id='word_1_657' title='bbox 1533 1910 1593 1930; x_wconf 88' lang='lat' dir='ltr'><strong>esse</strong></span> <span class='ocrx_word' id='word_1_658' title='bbox 1605 1909 1709 1934; x_wconf 89' lang='lat' dir='ltr'><strong>earum,</strong></span> <span class='ocrx_word' id='word_1_659' title='bbox 1725 1908 1786 1934; x_wconf 72' lang='lat' dir='ltr'><strong>qua:</strong></span> 
     </span>
    </p>
   </div>
   <div class='ocr_carea' id='block_1_86' title="bbox 994 1946 1785 1989">
    <p class='ocr_par' dir='ltr' id='par_1_86' title="bbox 994 1946 1785 1989">
     <span class='ocr_line' id='line_1_86' title="bbox 994 1946 1785 1989; baseline -0.013 -6"><span class='ocrx_word' id='word_1_660' title='bbox 994 1955 1145 1984; x_wconf 90' lang='lat' dir='ltr'><strong>secundum</strong></span> <span class='ocrx_word' id='word_1_661' title='bbox 1163 1954 1287 1989; x_wconf 85' lang='lat' dir='ltr'><strong>spiritum</strong></span> <span class='ocrx_word' id='word_1_662' title='bbox 1312 1955 1488 1988; x_wconf 86' lang='lat' dir='ltr'><strong>generantur,</strong></span> <span class='ocrx_word' id='word_1_663' title='bbox 1507 1958 1560 1977; x_wconf 89' lang='lat' dir='ltr'><strong>non</strong></span> <span class='ocrx_word' id='word_1_664' title='bbox 1579 1948 1720 1979; x_wconf 80' lang='lat' dir='ltr'><strong>feminam,</strong></span> <span class='ocrx_word' id='word_1_665' title='bbox 1736 1946 1785 1974; x_wconf 84' lang='lat' dir='ltr'><strong>sed</strong></span> 
     </span>
    </p>
   </div>
   <div class='ocr_carea' id='block_1_87' title="bbox 996 1997 1785 2028">
    <p class='ocr_par' dir='ltr' id='par_1_87' title="bbox 996 1997 1785 2028">
     <span class='ocr_line' id='line_1_87' title="bbox 996 1997 1785 2028; baseline -0.011 0"><span class='ocrx_word' id='word_1_666' title='bbox 996 2005 1191 2028; x_wconf 87' lang='lat' dir='ltr'><strong>testamentum</strong></span> <span class='ocrx_word' id='word_1_667' title='bbox 1210 2005 1308 2026; x_wconf 91' lang='lat' dir='ltr'><strong>novum</strong></span> <span class='ocrx_word' id='word_1_668' title='bbox 1331 2003 1358 2025; x_wconf 90' lang='lat' dir='ltr'><strong>et</strong></span> <span class='ocrx_word' id='word_1_669' title='bbox 1381 1997 1531 2024; x_wconf 80' lang='lat' dir='ltr'><strong>Jerusalem</strong></span> <span class='ocrx_word' id='word_1_670' title='bbox 1548 2002 1609 2023; x_wconf 89' lang='lat' dir='ltr'><strong>esse</strong></span> <span class='ocrx_word' id='word_1_671' title='bbox 1629 2000 1785 2028; x_wconf 87' lang='lat' dir='ltr'><strong>supernam,</strong></span> 
     </span>
    </p>
   </div>
   <div class='ocr_carea' id='block_1_88' title="bbox 995 2039 1788 2078">
    <p class='ocr_par' dir='ltr' id='par_1_88' title="bbox 995 2039 1788 2078">
     <span class='ocr_line' id='line_1_88' title="bbox 995 2039 1788 2078; baseline -0.01 -5"><span class='ocrx_word' id='word_1_672' title='bbox 995 2051 1023 2073; x_wconf 92' lang='lat' dir='ltr'><strong>ct</strong></span> <span class='ocrx_word' id='word_1_673' title='bbox 1040 2047 1136 2073; x_wconf 89' lang='lat' dir='ltr'><strong>invitat</strong></span> <span class='ocrx_word' id='word_1_674' title='bbox 1151 2045 1291 2076; x_wconf 87' lang='lat' dir='ltr'><strong>mulieres,</strong></span> <span class='ocrx_word' id='word_1_675' title='bbox 1309 2050 1357 2078; x_wconf 89' lang='lat' dir='ltr'><strong>per</strong></span> <span class='ocrx_word' id='word_1_676' title='bbox 1368 2050 1450 2077; x_wconf 86' lang='lat' dir='ltr'><strong>opera</strong></span> <span class='ocrx_word' id='word_1_677' title='bbox 1468 2043 1539 2069; x_wconf 92' lang='lat' dir='ltr'><strong>bona</strong></span> <span class='ocrx_word' id='word_1_678' title='bbox 1553 2046 1668 2067; x_wconf 88' lang='lat' dir='ltr'><strong>matrem</strong></span> <span class='ocrx_word' id='word_1_679' title='bbox 1686 2039 1788 2066; x_wconf 73' lang='lat' dir='ltr'><strong>habere</strong></span> 
     </span>
    </p>
   </div>
   <div class='ocr_carea' id='block_1_89' title="bbox 996 2085 1788 2125">
    <p class='ocr_par' dir='ltr' id='par_1_89' title="bbox 996 2085 1788 2125">
     <span class='ocr_line' id='line_1_89' title="bbox 996 2085 1788 2125; baseline -0.01 -6"><span class='ocrx_word' id='word_1_680' title='bbox 996 2092 1105 2124; x_wconf 87' lang='lat' dir='ltr'><strong>Saram,</strong></span> <span class='ocrx_word' id='word_1_681' title='bbox 1119 2095 1146 2118; x_wconf 91' lang='lat' dir='ltr'><strong>et</strong></span> <span class='ocrx_word' id='word_1_682' title='bbox 1159 2097 1240 2125; x_wconf 86' lang='lat' dir='ltr'><strong>super</strong></span> <span class='ocrx_word' id='word_1_683' title='bbox 1251 2090 1342 2118; x_wconf 88' lang='lat' dir='ltr'><strong>omnia</strong></span> <span class='ocrx_word' id='word_1_684' title='bbox 1354 2089 1516 2120; x_wconf 89' lang='lat' dir='ltr'><strong>consistere,</strong></span> <span class='ocrx_word' id='word_1_685' title='bbox 1532 2094 1582 2114; x_wconf 86' lang='lat' dir='ltr'><strong>nec</strong></span> <span class='ocrx_word' id='word_1_686' title='bbox 1596 2086 1696 2113; x_wconf 86' lang='lat' dir='ltr'><strong>habere</strong></span> <span class='ocrx_word' id='word_1_687' title='bbox 1708 2085 1788 2112; x_wconf 82' lang='lat' dir='ltr'><strong>timo-</strong></span> 
     </span>
    </p>
   </div>
   <div class='ocr_carea' id='block_1_90' title="bbox 997 2132 1787 2170">
    <p class='ocr_par' dir='ltr' id='par_1_90' title="bbox 997 2132 1787 2170">
     <span class='ocr_line' id='line_1_90' title="bbox 997 2132 1787 2170; baseline -0.009 -6"><span class='ocrx_word' id='word_1_688' title='bbox 997 2145 1054 2164; x_wconf 91' lang='lat' dir='ltr'><strong>rem</strong></span> <span class='ocrx_word' id='word_1_689' title='bbox 1070 2137 1157 2169; x_wconf 91' lang='lat' dir='ltr'><strong>illum,</strong></span> <span class='ocrx_word' id='word_1_690' title='bbox 1171 2143 1252 2170; x_wconf 88' lang='lat' dir='ltr'><strong>quem</strong></span> <span class='ocrx_word' id='word_1_691' title='bbox 1269 2143 1354 2170; x_wconf 90' lang='lat' dir='ltr'><strong>pavor</strong></span> <span class='ocrx_word' id='word_1_692' title='bbox 1366 2134 1500 2168; x_wconf 84' lang='lat' dir='ltr'><strong>sequitur,</strong></span> <span class='ocrx_word' id='word_1_693' title='bbox 1512 2138 1539 2160; x_wconf 90' lang='lat' dir='ltr'><strong>et</strong></span> <span class='ocrx_word' id='word_1_694' title='bbox 1552 2132 1694 2162; x_wconf 88' lang='lat' dir='ltr'><strong>tumultus,</strong></span> <span class='ocrx_word' id='word_1_695' title='bbox 1706 2137 1787 2164; x_wconf 87' lang='lat' dir='ltr'><strong>quem</strong></span> 
     </span>
    </p>
   </div>
   <div class='ocr_carea' id='block_1_91' title="bbox 154 2176 1788 2218">
    <p class='ocr_par' dir='ltr' id='par_1_91' title="bbox 154 2176 1788 2218">
     <span class='ocr_line' id='line_1_91' title="bbox 154 2176 1788 2218; baseline 0.001 -15"><span class='ocrx_word' id='word_1_696' title='bbox 154 2184 200 2211; x_wconf 88' lang='lat' dir='ltr'><strong>per</strong></span> <span class='ocrx_word' id='word_1_697' title='bbox 214 2184 273 2212; x_wconf 66' lang='lat' dir='ltr'><strong>qua;</strong></span> <span class='ocrx_word' id='word_1_698' title='bbox 288 2178 371 2204; x_wconf 87' lang='lat' dir='ltr'><strong>verba</strong></span> <span class='ocrx_word' id='word_1_699' title='bbox 390 2185 438 2204; x_wconf 90' lang='lat' dir='ltr'><strong>nos</strong></span> <span class='ocrx_word' id='word_1_700' title='bbox 460 2177 556 2204; x_wconf 86' lang='lat' dir='ltr'><strong>invitat</strong></span> <span class='ocrx_word' id='word_1_701' title='bbox 575 2178 609 2205; x_wconf 88' lang='lat' dir='ltr'><strong>ad</strong></span> <span class='ocrx_word' id='word_1_702' title='bbox 624 2177 731 2205; x_wconf 84' lang='lat' dir='ltr'><strong>laudem</strong></span> <span class='ocrx_word' id='word_1_703' title='bbox 748 2178 817 2212; x_wconf 82' lang='lat' dir='ltr'><strong>ejus,</strong></span> <span class='ocrx_word' id='word_1_704' title='bbox 833 2178 878 2212; x_wconf 89' lang='lat' dir='ltr'><strong>qui</strong></span> <span class='ocrx_word' id='word_1_705' title='bbox 898 2185 946 2204; x_wconf 87' lang='lat' dir='ltr'><strong>na-</strong></span> <span class='ocrx_word' id='word_1_706' title='bbox 960 2190 983 2218; x_wconf 70' lang='grc' dir='ltr'>ῃ</span> <span class='ocrx_word' id='word_1_707' title='bbox 997 2180 1197 2210; x_wconf 76' lang='lat' dir='ltr'><strong>rationabiliter</strong></span> <span class='ocrx_word' id='word_1_708' title='bbox 1212 2179 1332 2215; x_wconf 86' lang='lat' dir='ltr'><strong>perfecta</strong></span> <span class='ocrx_word' id='word_1_709' title='bbox 1344 2179 1466 2206; x_wconf 90' lang='lat' dir='ltr'><strong>charitas</strong></span> <span class='ocrx_word' id='word_1_710' title='bbox 1482 2177 1565 2204; x_wconf 91' lang='lat' dir='ltr'><strong>mittit</strong></span> <span class='ocrx_word' id='word_1_711' title='bbox 1580 2176 1652 2204; x_wconf 86' lang='lat' dir='ltr'><strong>foras</strong></span> <span class='ocrx_word' id='word_1_712' title='bbox 1668 2176 1703 2209; x_wconf 82' lang='grc'><strong>⁸⁸,</strong></span> <span class='ocrx_word' id='word_1_713' title='bbox 1719 2182 1788 2209; x_wconf 83' lang='lat' dir='ltr'><strong>quo-</strong></span> 
     </span>
    </p>
   </div>
   <div class='ocr_carea' id='block_1_92' title="bbox 156 2223 944 2259">
    <p class='ocr_par' dir='ltr' id='par_1_92' title="bbox 156 2223 944 2259">
     <span class='ocr_line' id='line_1_92' title="bbox 156 2223 944 2259; baseline 0.001 -10"><span class='ocrx_word' id='word_1_714' title='bbox 156 2228 243 2250; x_wconf 87' lang='lat' dir='ltr'><strong>turam</strong></span> <span class='ocrx_word' id='word_1_715' title='bbox 260 2231 311 2250; x_wconf 89' lang='lat' dir='ltr'><strong>non</strong></span> <span class='ocrx_word' id='word_1_716' title='bbox 324 2223 417 2251; x_wconf 89' lang='lat' dir='ltr'><strong>habuit</strong></span> <span class='ocrx_word' id='word_1_717' title='bbox 431 2225 464 2251; x_wconf 86' lang='lat' dir='ltr'><strong>ad</strong></span> <span class='ocrx_word' id='word_1_718' title='bbox 478 2224 656 2259; x_wconf 86' lang='lat' dir='ltr'><strong>peccandum,</strong></span> <span class='ocrx_word' id='word_1_719' title='bbox 676 2224 754 2259; x_wconf 90' lang='lat' dir='ltr'><strong>quasi</strong></span> <span class='ocrx_word' id='word_1_720' title='bbox 766 2223 944 2252; x_wconf 88' lang='lat' dir='ltr'><strong>substantiale</strong></span> 
     </span>
    </p>
   </div>
   <div class='ocr_carea' id='block_1_93' title="bbox 154 2269 943 2305">
    <p class='ocr_par' dir='ltr' id='par_1_93' title="bbox 154 2269 943 2305">
     <span class='ocr_line' id='line_1_93' title="bbox 154 2269 943 2305; baseline 0 -8"><span class='ocrx_word' id='word_1_721' title='bbox 154 2270 191 2297; x_wconf 80' lang='lat' dir='ltr'><strong>sit</strong></span> <span class='ocrx_word' id='word_1_722' title='bbox 204 2271 263 2305; x_wconf 90' lang='lat' dir='ltr'><strong>ejus</strong></span> <span class='ocrx_word' id='word_1_723' title='bbox 277 2270 390 2300; x_wconf 91' lang='lat' dir='ltr'><strong>bonum.</strong></span> <span class='ocrx_word' id='word_1_724' title='bbox 407 2270 484 2299; x_wconf 89' lang='lat' dir='ltr'><strong>Unde</strong></span> <span class='ocrx_word' id='word_1_725' title='bbox 503 2271 640 2299; x_wconf 91' lang='lat' dir='ltr'><strong>hominem</strong></span> <span class='ocrx_word' id='word_1_726' title='bbox 667 2270 761 2298; x_wconf 82' lang='lat' dir='ltr'><strong>Jesum</strong></span> <span class='ocrx_word' id='word_1_727' title='bbox 780 2271 883 2301; x_wconf 85' lang='lat' dir='ltr'><strong>laudat,</strong></span> <span class='ocrx_word' id='word_1_728' title='bbox 897 2269 943 2305; x_wconf 91' lang='lat' dir='ltr'><strong>qui</strong></span> 
     </span>
    </p>
   </div>
   <div class='ocr_carea' id='block_1_94' title="bbox 155 2316 947 2350">
    <p class='ocr_par' dir='ltr' id='par_1_94' title="bbox 155 2316 947 2350">
     <span class='ocr_line' id='line_1_94' title="bbox 155 2316 947 2350; baseline 0 -8"><span class='ocrx_word' id='word_1_729' title='bbox 155 2321 294 2350; x_wconf 87' lang='lat' dir='ltr'><strong>peccatum</strong></span> <span class='ocrx_word' id='word_1_730' title='bbox 313 2324 366 2343; x_wconf 90' lang='lat' dir='ltr'><strong>non</strong></span> <span class='ocrx_word' id='word_1_731' title='bbox 390 2316 466 2347; x_wconf 82' lang='lat' dir='ltr'><strong>fecit.</strong></span> <span class='ocrx_word' id='word_1_732' title='bbox 482 2324 532 2344; x_wconf 89' lang='lat' dir='ltr'><strong>nec</strong></span> <span class='ocrx_word' id='word_1_733' title='bbox 552 2316 630 2344; x_wconf 84' lang='lat' dir='ltr'><strong>dolus</strong></span> <span class='ocrx_word' id='word_1_734' title='bbox 645 2317 771 2344; x_wconf 87' lang='lat' dir='ltr'><strong>inventus</strong></span> <span class='ocrx_word' id='word_1_735' title='bbox 791 2321 835 2343; x_wconf 91' lang='lat' dir='ltr'><strong>est</strong></span> <span class='ocrx_word' id='word_1_736' title='bbox 858 2316 884 2342; x_wconf 92' lang='lat' dir='ltr'><strong>in</strong></span> <span class='ocrx_word' id='word_1_737' title='bbox 899 2323 947 2342; x_wconf 91' lang='lat' dir='ltr'><strong>ore</strong></span> 
     </span>
    </p>
   </div>
   <div class='ocr_carea' id='block_1_95' title="bbox 154 2361 945 2396">
    <p class='ocr_par' dir='ltr' id='par_1_95' title="bbox 154 2361 945 2396">
     <span class='ocr_line' id='line_1_95' title="bbox 154 2361 945 2396; baseline 0.001 -9"><span class='ocrx_word' id='word_1_738' title='bbox 154 2361 214 2396; x_wconf 87' lang='lat' dir='ltr'><strong>ejus</strong></span> <span class='ocrx_word' id='word_1_739' title='bbox 229 2361 268 2394; x_wconf 79' lang='lat'><strong>“,</strong></span> <span class='ocrx_word' id='word_1_740' title='bbox 282 2367 309 2389; x_wconf 91' lang='lat' dir='ltr'><strong>et</strong></span> <span class='ocrx_word' id='word_1_741' title='bbox 319 2367 448 2396; x_wconf 81' lang='lat' dir='ltr'><strong>expertus</strong></span> <span class='ocrx_word' id='word_1_742' title='bbox 462 2363 564 2394; x_wconf 86' lang='lat' dir='ltr'><strong>omnia,</strong></span> <span class='ocrx_word' id='word_1_743' title='bbox 578 2362 726 2390; x_wconf 82' lang='lat' dir='ltr'><strong>secundum</strong></span> <span class='ocrx_word' id='word_1_744' title='bbox 740 2361 945 2389; x_wconf 88' lang='lat' dir='ltr'><strong>similitudinem</strong></span> 
     </span>
    </p>
   </div>
   <div class='ocr_carea' id='block_1_96' title="bbox 156 2408 947 2442">
    <p class='ocr_par' dir='ltr' id='par_1_96' title="bbox 156 2408 947 2442">
     <span class='ocr_line' id='line_1_96' title="bbox 156 2408 947 2442; baseline 0 -8"><span class='ocrx_word' id='word_1_745' title='bbox 156 2413 288 2440; x_wconf 85' lang='lat' dir='ltr'><strong>nostram,</strong></span> <span class='ocrx_word' id='word_1_746' title='bbox 307 2413 407 2442; x_wconf 66' lang='lat' dir='ltr'><strong>praeter</strong></span> <span class='ocrx_word' id='word_1_747' title='bbox 433 2412 574 2442; x_wconf 86' lang='lat' dir='ltr'><strong>peccatum</strong></span> <span class='ocrx_word' id='word_1_748' title='bbox 592 2408 626 2435; x_wconf 83' lang='lat'><strong>&quot;.</strong></span> <span class='ocrx_word' id='word_1_749' title='bbox 652 2408 823 2442; x_wconf 87' lang='lat' dir='ltr'><strong>Quapropter</strong></span> <span class='ocrx_word' id='word_1_750' title='bbox 837 2412 865 2435; x_wconf 93' lang='lat' dir='ltr'><strong>et</strong></span> <span class='ocrx_word' id='word_1_751' title='bbox 879 2415 947 2441; x_wconf 71' lang='lat' dir='ltr'><strong>pra:-</strong></span> 
     </span>
    </p>
   </div>
   <div class='ocr_carea' id='block_1_97' title="bbox 155 2453 947 2489">
    <p class='ocr_par' dir='ltr' id='par_1_97' title="bbox 155 2453 947 2489">
     <span class='ocr_line' id='line_1_97' title="bbox 155 2453 947 2489; baseline -0.001 -8"><span class='ocrx_word' id='word_1_752' title='bbox 155 2454 242 2481; x_wconf 85' lang='lat' dir='ltr'><strong>sentia</strong></span> <span class='ocrx_word' id='word_1_753' title='bbox 249 2454 282 2481; x_wconf 89' lang='lat' dir='ltr'><strong>de</strong></span> <span class='ocrx_word' id='word_1_754' title='bbox 289 2461 322 2481; x_wconf 88' lang='lat' dir='ltr'><strong>eo</strong></span> <span class='ocrx_word' id='word_1_755' title='bbox 331 2458 393 2481; x_wconf 90' lang='lat' dir='ltr'><strong>sunt</strong></span> <span class='ocrx_word' id='word_1_756' title='bbox 405 2454 587 2489; x_wconf 86' lang='lat' dir='ltr'><strong>percipienda,</strong></span> <span class='ocrx_word' id='word_1_757' title='bbox 601 2455 646 2489; x_wconf 92' lang='lat' dir='ltr'><strong>qui</strong></span> <span class='ocrx_word' id='word_1_758' title='bbox 658 2454 721 2481; x_wconf 83' lang='lat' dir='ltr'><strong>alibi</strong></span> <span class='ocrx_word' id='word_1_759' title='bbox 737 2454 802 2482; x_wconf 86' lang='lat' dir='ltr'><strong>dicit</strong></span> <span class='ocrx_word' id='word_1_760' title='bbox 818 2463 824 2481; x_wconf 95' lang='lat'>:</span> <span class='ocrx_word' id='word_1_761' title='bbox 843 2463 852 2480; x_wconf 76' lang='grc' dir='ltr'><strong>ι</strong></span> <span class='ocrx_word' id='word_1_762' title='bbox 868 2453 947 2487; x_wconf 75' lang='lat' dir='ltr'><strong>Qua:-</strong></span> 
     </span>
    </p>
   </div>
   <div class='ocr_carea' id='block_1_98' title="bbox 157 2500 944 2536">
    <p class='ocr_par' dir='ltr' id='par_1_98' title="bbox 157 2500 944 2536">
     <span class='ocr_line' id='line_1_98' title="bbox 157 2500 944 2536; baseline 0 -8"><span class='ocrx_word' id='word_1_763' title='bbox 157 2500 217 2528; x_wconf 85' lang='lat' dir='ltr'><strong>rilis</strong></span> <span class='ocrx_word' id='word_1_764' title='bbox 231 2507 272 2527; x_wconf 90' lang='lat' dir='ltr'><strong>me</strong></span> <span class='ocrx_word' id='word_1_765' title='bbox 282 2500 473 2535; x_wconf 91' lang='lat' dir='ltr'><strong>occidere,&#39;qui</strong></span> <span class='ocrx_word' id='word_1_766' title='bbox 482 2501 624 2528; x_wconf 89' lang='lat' dir='ltr'><strong>veritatem</strong></span> <span class='ocrx_word' id='word_1_767' title='bbox 639 2500 735 2536; x_wconf 88' lang='lat' dir='ltr'><strong>loquor</strong></span> <span class='ocrx_word' id='word_1_768' title='bbox 744 2501 821 2528; x_wconf 85' lang='lat' dir='ltr'><strong>vobis</strong></span> <span class='ocrx_word' id='word_1_769' title='bbox 831 2501 864 2528; x_wconf 74' lang='lat'><strong>“.</strong></span> <span class='ocrx_word' id='word_1_770' title='bbox 873 2510 882 2526; x_wconf 78' lang='grc' dir='ltr'><strong>ι</strong></span> <span class='ocrx_word' id='word_1_771' title='bbox 893 2501 944 2534; x_wconf 87' lang='lat' dir='ltr'><strong>Qui</strong></span> 
     </span>
    </p>
   </div>
   <div class='ocr_carea' id='block_1_99' title="bbox 158 2546 948 2580">
    <p class='ocr_par' dir='ltr' id='par_1_99' title="bbox 158 2546 948 2580">
     <span class='ocr_line' id='line_1_99' title="bbox 158 2546 948 2580; baseline 0 -7"><span class='ocrx_word' id='word_1_772' title='bbox 158 2555 219 2574; x_wconf 84' lang='lat' dir='ltr'><strong>eum</strong></span> <span class='ocrx_word' id='word_1_773' title='bbox 235 2546 453 2580; x_wconf 83' lang='lat' dir='ltr'><strong>malediceretur,</strong></span> <span class='ocrx_word' id='word_1_774' title='bbox 472 2554 524 2574; x_wconf 90' lang='lat' dir='ltr'><strong>non</strong></span> <span class='ocrx_word' id='word_1_775' title='bbox 542 2546 734 2579; x_wconf 83' lang='lat' dir='ltr'><strong>maledicebat,</strong></span> <span class='ocrx_word' id='word_1_776' title='bbox 757 2546 822 2574; x_wconf 91' lang='lat' dir='ltr'><strong>nulli</strong></span> <span class='ocrx_word' id='word_1_777' title='bbox 847 2547 948 2574; x_wconf 91' lang='lat' dir='ltr'><strong>malum</strong></span> 
     </span>
    </p>
   </div>
   <div class='ocr_carea' id='block_1_100' title="bbox 194 2616 893 2649">
    <p class='ocr_par' dir='ltr' id='par_1_100' title="bbox 194 2616 893 2649">
     <span class='ocr_line' id='line_1_100' title="bbox 194 2616 893 2649; baseline -0.001 -5"><span class='ocrx_word' id='word_1_778' title='bbox 194 2617 218 2632; x_wconf 62' lang='grc' dir='ltr'><strong>’λ</strong></span> <span class='ocrx_word' id='word_1_779' title='bbox 238 2616 351 2645; x_wconf 65' lang='grc' dir='ltr'>ιιυιπιτ.</span> <span class='ocrx_word' id='word_1_780' title='bbox 367 2623 394 2649; x_wconf 88' lang='lat' dir='ltr'><strong>t,</strong></span> <span class='ocrx_word' id='word_1_781' title='bbox 408 2616 435 2644; x_wconf 83' lang='lat'><strong>6.</strong></span> <span class='ocrx_word' id='word_1_782' title='bbox 474 2616 496 2632; x_wconf 82' lang='lat'><em>“</em></span> <span class='ocrx_word' id='word_1_783' title='bbox 518 2617 582 2644; x_wconf 87' lang='lat' dir='ltr'><strong>ibid.</strong></span> <span class='ocrx_word' id='word_1_784' title='bbox 620 2616 642 2632; x_wconf 76' lang='lat'>&quot;</span> <span class='ocrx_word' id='word_1_785' title='bbox 663 2616 671 2643; x_wconf 89' lang='grc'><strong>1</strong></span> <span class='ocrx_word' id='word_1_786' title='bbox 689 2616 761 2644; x_wconf 82' lang='lat' dir='ltr'><strong>Petr.</strong></span> <span class='ocrx_word' id='word_1_787' title='bbox 791 2625 827 2648; x_wconf 87' lang='lat' dir='ltr'><strong>II,</strong></span> <span class='ocrx_word' id='word_1_788' title='bbox 849 2616 893 2643; x_wconf 72' lang='lat'><strong>‘22.</strong></span> 
     </span>
    </p>
   </div>
   <div class='ocr_carea' id='block_1_101' title="bbox 159 2652 376 2682">
    <p class='ocr_par' dir='ltr' id='par_1_101' title="bbox 159 2652 376 2682">
     <span class='ocr_line' id='line_1_101' title="bbox 159 2652 376 2682; baseline 0.009 -4"><span class='ocrx_word' id='word_1_789' title='bbox 159 2652 183 2668; x_wconf 66' lang='grc' dir='ltr'><strong>’θ</strong></span> <span class='ocrx_word' id='word_1_790' title='bbox 199 2652 276 2679; x_wconf 77' lang='lat' dir='ltr'><strong>Joan.</strong></span> <span class='ocrx_word' id='word_1_791' title='bbox 290 2661 317 2682; x_wconf 74' lang='grc' dir='ltr'>ι,</span> <span class='ocrx_word' id='word_1_792' title='bbox 330 2653 376 2680; x_wconf 79' lang='lat'><strong>50.</strong></span> 
     </span>
    </p>
   </div>
   <div class='ocr_carea' id='block_1_102' title="bbox 160 2686 873 2720">
    <p class='ocr_par' dir='ltr' id='par_1_102' title="bbox 160 2686 873 2720">
     <span class='ocr_line' id='line_1_102' title="bbox 160 2686 873 2720; baseline -0.001 -6"><span class='ocrx_word' id='word_1_793' title='bbox 160 2686 183 2703; x_wconf 79' lang='lat'><strong>&quot;</strong></span> <span class='ocrx_word' id='word_1_794' title='bbox 203 2688 268 2714; x_wconf 85' lang='lat' dir='ltr'><strong>ibid.</strong></span> <span class='ocrx_word' id='word_1_795' title='bbox 288 2688 334 2715; x_wconf 76' lang='lat'><strong>26.</strong></span> <span class='ocrx_word' id='word_1_796' title='bbox 386 2688 408 2704; x_wconf 87' lang='lat'><strong>&quot;</strong></span> <span class='ocrx_word' id='word_1_797' title='bbox 426 2688 478 2715; x_wconf 90' lang='lat' dir='ltr'><strong>lsa.</strong></span> <span class='ocrx_word' id='word_1_798' title='bbox 497 2695 533 2718; x_wconf 83' lang='grc' dir='ltr'><strong>ιι,</strong></span> <span class='ocrx_word' id='word_1_799' title='bbox 546 2687 574 2714; x_wconf 73' lang='lat'><strong>2.</strong></span> <span class='ocrx_word' id='word_1_800' title='bbox 612 2687 635 2703; x_wconf 85' lang='lat'>&quot;</span> <span class='ocrx_word' id='word_1_801' title='bbox 655 2687 758 2716; x_wconf 86' lang='lat' dir='ltr'><strong>Hoan.</strong></span> <span class='ocrx_word' id='word_1_802' title='bbox 775 2695 811 2720; x_wconf 82' lang='lat' dir='ltr'><strong>IV,</strong></span> <span class='ocrx_word' id='word_1_803' title='bbox 831 2688 873 2714; x_wconf 80' lang='lat'><strong>18.</strong></span> 
     </span>
    </p>
   </div>
   <div class='ocr_carea' id='block_1_103' title="bbox 195 2740 705 2777">
    <p class='ocr_par' dir='ltr' id='par_1_103' title="bbox 195 2740 705 2777">
     <span class='ocr_line' id='line_1_103' title="bbox 195 2740 705 2777; baseline 0.002 -8"><span class='ocrx_word' id='word_1_804' title='bbox 195 2740 261 2775; x_wconf 86' lang='lat'><strong>(80‘)</strong></span> <span class='ocrx_word' id='word_1_805' title='bbox 272 2743 397 2771; x_wconf 82' lang='lat' dir='ltr'><strong>Fortasse</strong></span> <span class='ocrx_word' id='word_1_806' title='bbox 408 2765 416 2777; x_wconf 95' lang='lat'><strong>,</strong></span> <span class='ocrx_word' id='word_1_807' title='bbox 432 2744 525 2777; x_wconf 77' lang='lat' dir='ltr'><strong>quibus</strong></span> <span class='ocrx_word' id='word_1_808' title='bbox 539 2744 645 2776; x_wconf 72' lang='lat' dir='ltr'><strong>scribit,</strong></span> <span class='ocrx_word' id='word_1_809' title='bbox 657 2745 705 2770; x_wconf 79' lang='lat' dir='ltr'><strong>ait.</strong></span> 
     </span>
    </p>
   </div>
   <div class='ocr_carea' id='block_1_104' title="bbox 197 2777 950 2815">
    <p class='ocr_par' dir='ltr' id='par_1_104' title="bbox 197 2777 950 2815">
     <span class='ocr_line' id='line_1_104' title="bbox 197 2777 950 2815; baseline 0 -11"><span class='ocrx_word' id='word_1_810' title='bbox 197 2777 253 2812; x_wconf 81' lang='lat'><strong>(81)</strong></span> <span class='ocrx_word' id='word_1_811' title='bbox 274 2779 361 2815; x_wconf 83' lang='lat' dir='ltr'><strong>Locus</strong></span> <span class='ocrx_word' id='word_1_812' title='bbox 383 2779 454 2808; x_wconf 81' lang='lat' dir='ltr'><strong>male</strong></span> <span class='ocrx_word' id='word_1_813' title='bbox 478 2787 571 2815; x_wconf 84' lang='lat' dir='ltr'><strong>sanus,</strong></span> <span class='ocrx_word' id='word_1_814' title='bbox 598 2780 642 2807; x_wconf 89' lang='lat' dir='ltr'><strong>cui</strong></span> <span class='ocrx_word' id='word_1_815' title='bbox 667 2778 799 2807; x_wconf 86' lang='lat' dir='ltr'><strong>medelam</strong></span> <span class='ocrx_word' id='word_1_816' title='bbox 823 2785 873 2814; x_wconf 86' lang='lat' dir='ltr'><strong>ego</strong></span> <span class='ocrx_word' id='word_1_817' title='bbox 888 2778 950 2813; x_wconf 87' lang='lat' dir='ltr'><strong>qui-</strong></span> 
     </span>
    </p>
   </div>
   <div class='ocr_carea' id='block_1_105' title="bbox 163 2812 344 2842">
    <p class='ocr_par' dir='ltr' id='par_1_105' title="bbox 163 2812 344 2842">
     <span class='ocr_line' id='line_1_105' title="bbox 163 2812 344 2842; baseline 0.017 -2"><span class='ocrx_word' id='word_1_818' title='bbox 163 2812 226 2840; x_wconf 86' lang='lat' dir='ltr'><strong>dem</strong></span> <span class='ocrx_word' id='word_1_819' title='bbox 242 2814 344 2842; x_wconf 81' lang='lat' dir='ltr'><strong>nescio.</strong></span> 
     </span>
    </p>
   </div>
   <div class='ocr_carea' id='block_1_106' title="bbox 933 2612 1184 2644">
    <p class='ocr_par' dir='ltr' id='par_1_106' title="bbox 933 2612 1184 2644">
     <span class='ocr_line' id='line_1_106' title="bbox 933 2612 1184 2644; baseline -0.016 -2"><span class='ocrx_word' id='word_1_820' title='bbox 933 2616 954 2631; x_wconf 78' lang='lat'><strong>&quot;</strong></span> <span class='ocrx_word' id='word_1_821' title='bbox 976 2614 1059 2641; x_wconf 80' lang='lat' dir='ltr'><strong>Hebr.</strong></span> <span class='ocrx_word' id='word_1_822' title='bbox 1079 2620 1116 2644; x_wconf 78' lang='grc' dir='ltr'><strong>ιν,</strong></span> <span class='ocrx_word' id='word_1_823' title='bbox 1140 2612 1184 2639; x_wconf 76' lang='lat'><strong>15.</strong></span> 
     </span>
    </p>
   </div>
   <div class='ocr_carea' id='block_1_107' title="bbox 424 2647 1164 2684">
    <p class='ocr_par' dir='ltr' id='par_1_107' title="bbox 424 2647 1164 2684">
     <span class='ocr_line' id='line_1_107' title="bbox 424 2647 1164 2684; baseline -0.007 -5"><span class='ocrx_word' id='word_1_824' title='bbox 424 2653 445 2668; x_wconf 88' lang='lat'><strong>&quot;</strong></span> <span class='ocrx_word' id='word_1_825' title='bbox 463 2651 541 2679; x_wconf 79' lang='lat' dir='ltr'><strong>Joan.</strong></span> <span class='ocrx_word' id='word_1_826' title='bbox 560 2659 614 2684; x_wconf 59' lang='grc' dir='ltr'>λιν,</span> <span class='ocrx_word' id='word_1_827' title='bbox 638 2652 681 2679; x_wconf 89' lang='lat'><strong>10.</strong></span> <span class='ocrx_word' id='word_1_828' title='bbox 719 2653 741 2668; x_wconf 83' lang='lat'>&quot;</span> <span class='ocrx_word' id='word_1_829' title='bbox 764 2651 828 2679; x_wconf 85' lang='lat' dir='ltr'><strong>ibid.</strong></span> <span class='ocrx_word' id='word_1_830' title='bbox 847 2652 873 2679; x_wconf 90' lang='lat'><strong>9.</strong></span> <span class='ocrx_word' id='word_1_831' title='bbox 913 2652 936 2667; x_wconf 82' lang='grc'><strong>⁵³</strong></span> <span class='ocrx_word' id='word_1_832' title='bbox 956 2650 1033 2676; x_wconf 80' lang='lat' dir='ltr'><strong>Joan.</strong></span> <span class='ocrx_word' id='word_1_833' title='bbox 1054 2647 1164 2684; x_wconf 37' lang='lat'><strong>“5‘27.</strong></span> 
     </span>
    </p>
   </div>
   <div class='ocr_carea' id='block_1_108' title="bbox 920 2683 1130 2715">
    <p class='ocr_par' dir='ltr' id='par_1_108' title="bbox 920 2683 1130 2715">
     <span class='ocr_line' id='line_1_108' title="bbox 920 2683 1130 2715; baseline -0.019 -2"><span class='ocrx_word' id='word_1_834' title='bbox 920 2687 942 2702; x_wconf 83' lang='lat'><strong><em>&quot;</em></strong></span> <span class='ocrx_word' id='word_1_835' title='bbox 960 2686 1011 2713; x_wconf 86' lang='lat' dir='ltr'><strong>lsa.</strong></span> <span class='ocrx_word' id='word_1_836' title='bbox 1030 2692 1065 2715; x_wconf 84' lang='lat' dir='ltr'><strong>LI,</strong></span> <span class='ocrx_word' id='word_1_837' title='bbox 1086 2683 1130 2710; x_wconf 67' lang='lat'><strong>12.</strong></span> 
     </span>
    </p>
   </div>
   <div class='ocr_carea' id='block_1_109' title="bbox 999 2221 1789 2259">
    <p class='ocr_par' dir='ltr' id='par_1_109' title="bbox 999 2221 1789 2259">
     <span class='ocr_line' id='line_1_109' title="bbox 999 2221 1789 2259; baseline -0.008 -7"><span class='ocrx_word' id='word_1_838' title='bbox 999 2226 1071 2253; x_wconf 90' lang='lat' dir='ltr'><strong>niam</strong></span> <span class='ocrx_word' id='word_1_839' title='bbox 1083 2232 1173 2259; x_wconf 62' lang='lat' dir='ltr'><strong>paenae</strong></span> <span class='ocrx_word' id='word_1_840' title='bbox 1187 2224 1272 2258; x_wconf 86' lang='lat' dir='ltr'><strong>magis</strong></span> <span class='ocrx_word' id='word_1_841' title='bbox 1284 2228 1336 2254; x_wconf 83' lang='lat' dir='ltr'><strong>est,</strong></span> <span class='ocrx_word' id='word_1_842' title='bbox 1352 2230 1405 2250; x_wconf 92' lang='lat' dir='ltr'><strong>non</strong></span> <span class='ocrx_word' id='word_1_843' title='bbox 1419 2222 1476 2249; x_wconf 89' lang='lat' dir='ltr'><strong>Dei.</strong></span> <span class='ocrx_word' id='word_1_844' title='bbox 1492 2221 1569 2249; x_wconf 89' lang='lat' dir='ltr'><strong>Ilunc</strong></span> <span class='ocrx_word' id='word_1_845' title='bbox 1582 2222 1654 2249; x_wconf 90' lang='lat' dir='ltr'><strong>enim</strong></span> <span class='ocrx_word' id='word_1_846' title='bbox 1669 2229 1717 2255; x_wconf 79' lang='lat' dir='ltr'><strong>per</strong></span> <span class='ocrx_word' id='word_1_847' title='bbox 1729 2228 1789 2247; x_wconf 88' lang='lat' dir='ltr'><strong>om-</strong></span> 
     </span>
    </p>
   </div>
   <div class='ocr_carea' id='block_1_110' title="bbox 1000 2267 1790 2301">
    <p class='ocr_par' dir='ltr' id='par_1_110' title="bbox 1000 2267 1790 2301">
     <span class='ocr_line' id='line_1_110' title="bbox 1000 2267 1790 2301; baseline -0.008 -3"><span class='ocrx_word' id='word_1_848' title='bbox 1000 2271 1044 2298; x_wconf 87' lang='lat' dir='ltr'><strong>nia</strong></span> <span class='ocrx_word' id='word_1_849' title='bbox 1056 2271 1164 2298; x_wconf 89' lang='lat' dir='ltr'><strong>divinus</strong></span> <span class='ocrx_word' id='word_1_850' title='bbox 1180 2269 1318 2296; x_wconf 86' lang='lat' dir='ltr'><strong>interdicit</strong></span> <span class='ocrx_word' id='word_1_851' title='bbox 1329 2275 1429 2301; x_wconf 89' lang='lat' dir='ltr'><strong>sermo,</strong></span> <span class='ocrx_word' id='word_1_852' title='bbox 1445 2268 1543 2295; x_wconf 90' lang='lat' dir='ltr'><strong>alicubi</strong></span> <span class='ocrx_word' id='word_1_853' title='bbox 1557 2267 1664 2301; x_wconf 88' lang='lat' dir='ltr'><strong>quidem</strong></span> <span class='ocrx_word' id='word_1_854' title='bbox 1678 2267 1770 2293; x_wconf 88' lang='lat' dir='ltr'><strong>dicens</strong></span> <span class='ocrx_word' id='word_1_855' title='bbox 1783 2275 1790 2292; x_wconf 83' lang='lat'><strong><em>:</em></strong></span> 
     </span>
    </p>
   </div>
   <div class='ocr_carea' id='block_1_111' title="bbox 1003 2312 1789 2351">
    <p class='ocr_par' dir='ltr' id='par_1_111' title="bbox 1003 2312 1789 2351">
     <span class='ocr_line' id='line_1_111' title="bbox 1003 2312 1789 2351; baseline -0.008 -7"><span class='ocrx_word' id='word_1_856' title='bbox 1003 2327 1012 2344; x_wconf 76' lang='grc' dir='ltr'><strong>ι</strong></span> <span class='ocrx_word' id='word_1_857' title='bbox 1032 2318 1102 2351; x_wconf 88' lang='lat' dir='ltr'><strong>Quid</strong></span> <span class='ocrx_word' id='word_1_858' title='bbox 1116 2321 1167 2350; x_wconf 90' lang='lat' dir='ltr'><strong>est,</strong></span> <span class='ocrx_word' id='word_1_859' title='bbox 1181 2321 1209 2343; x_wconf 94' lang='lat' dir='ltr'><strong>ut</strong></span> <span class='ocrx_word' id='word_1_860' title='bbox 1222 2316 1319 2343; x_wconf 89' lang='lat' dir='ltr'><strong>timeas</strong></span> <span class='ocrx_word' id='word_1_861' title='bbox 1332 2315 1470 2342; x_wconf 89' lang='lat' dir='ltr'><strong>hominem</strong></span> <span class='ocrx_word' id='word_1_862' title='bbox 1489 2314 1632 2341; x_wconf 89' lang='lat' dir='ltr'><strong>mortalem</strong></span> <span class='ocrx_word' id='word_1_863' title='bbox 1647 2312 1688 2337; x_wconf 71' lang='lat'><strong>&quot;‘3</strong></span> <span class='ocrx_word' id='word_1_864' title='bbox 1703 2320 1712 2336; x_wconf 78' lang='grc' dir='ltr'><strong>ι</strong></span> <span class='ocrx_word' id='word_1_865' title='bbox 1732 2312 1789 2338; x_wconf 78' lang='grc' dir='ltr'><strong>Α1ἱ‹</strong></span> 
     </span>
    </p>
   </div>
   <div class='ocr_carea' id='block_1_112' title="bbox 1000 2357 1790 2394">
    <p class='ocr_par' dir='ltr' id='par_1_112' title="bbox 1000 2357 1790 2394">
     <span class='ocr_line' id='line_1_112' title="bbox 1000 2357 1790 2394; baseline -0.008 -3"><span class='ocrx_word' id='word_1_866' title='bbox 1000 2364 1061 2392; x_wconf 91' lang='lat' dir='ltr'><strong>cuhi</strong></span> <span class='ocrx_word' id='word_1_867' title='bbox 1084 2368 1175 2391; x_wconf 90' lang='lat' dir='ltr'><strong>autem</strong></span> <span class='ocrx_word' id='word_1_868' title='bbox 1200 2371 1207 2389; x_wconf 91' lang='lat'>:</span> <span class='ocrx_word' id='word_1_869' title='bbox 1236 2371 1245 2388; x_wconf 75' lang='grc' dir='ltr'><strong>ι</strong></span> <span class='ocrx_word' id='word_1_870' title='bbox 1274 2361 1363 2389; x_wconf 88' lang='lat' dir='ltr'><strong>Nolite</strong></span> <span class='ocrx_word' id='word_1_871' title='bbox 1391 2362 1489 2389; x_wconf 87' lang='lat' dir='ltr'><strong>timere</strong></span> <span class='ocrx_word' id='word_1_872' title='bbox 1508 2367 1565 2393; x_wconf 83' lang='lat' dir='ltr'><strong>eos,</strong></span> <span class='ocrx_word' id='word_1_873' title='bbox 1588 2359 1634 2394; x_wconf 89' lang='lat' dir='ltr'><strong>qui</strong></span> <span class='ocrx_word' id='word_1_874' title='bbox 1661 2357 1790 2386; x_wconf 87' lang='lat' dir='ltr'><strong>occidunt</strong></span> 
     </span>
    </p>
   </div>
   <div class='ocr_carea' id='block_1_113' title="bbox 1000 2407 1459 2444">
    <p class='ocr_par' dir='ltr' id='par_1_113' title="bbox 1000 2407 1459 2444">
     <span class='ocr_line' id='line_1_113' title="bbox 1000 2407 1459 2444; baseline -0.009 -6"><span class='ocrx_word' id='word_1_875' title='bbox 1000 2417 1099 2444; x_wconf 85' lang='lat' dir='ltr'><strong>corpus</strong></span> <span class='ocrx_word' id='word_1_876' title='bbox 1111 2409 1147 2440; x_wconf 67' lang='grc' dir='ltr'><strong>θ’),</strong></span> <span class='ocrx_word' id='word_1_877' title='bbox 1165 2419 1174 2435; x_wconf 71' lang='grc' dir='ltr'><strong>ι</strong></span> <span class='ocrx_word' id='word_1_878' title='bbox 1191 2414 1216 2436; x_wconf 92' lang='lat' dir='ltr'><strong>et</strong></span> <span class='ocrx_word' id='word_1_879' title='bbox 1233 2409 1285 2435; x_wconf 91' lang='lat' dir='ltr'><strong>alia</strong></span> <span class='ocrx_word' id='word_1_880' title='bbox 1301 2407 1343 2435; x_wconf 90' lang='lat' dir='ltr'><strong>his</strong></span> <span class='ocrx_word' id='word_1_881' title='bbox 1358 2407 1459 2435; x_wconf 85' lang='lat' dir='ltr'><strong>vicina.</strong></span> 
     </span>
    </p>
   </div>
   <div class='ocr_carea' id='block_1_114' title="bbox 1035 2449 1791 2482">
    <p class='ocr_par' dir='ltr' id='par_1_114' title="bbox 1035 2449 1791 2482">
     <span class='ocr_line' id='line_1_114' title="bbox 1035 2449 1791 2482; baseline -0.008 0"><span class='ocrx_word' id='word_1_882' title='bbox 1035 2454 1118 2482; x_wconf 70' lang='lat' dir='ltr'><strong>Vens.</strong></span> <span class='ocrx_word' id='word_1_883' title='bbox 1138 2454 1182 2482; x_wconf 83' lang='lat'><strong>15.</strong></span> <span class='ocrx_word' id='word_1_884' title='bbox 1204 2463 1214 2480; x_wconf 73' lang='grc' dir='ltr'><strong>ι</strong></span> <span class='ocrx_word' id='word_1_885' title='bbox 1229 2453 1372 2481; x_wconf 87' lang='lat' dir='ltr'><strong>Dominum</strong></span> <span class='ocrx_word' id='word_1_886' title='bbox 1390 2460 1455 2480; x_wconf 80' lang='lat' dir='ltr'><strong>vero</strong></span> <span class='ocrx_word' id='word_1_887' title='bbox 1470 2451 1607 2479; x_wconf 88' lang='lat' dir='ltr'><strong>Christum</strong></span> <span class='ocrx_word' id='word_1_888' title='bbox 1622 2449 1791 2478; x_wconf 79' lang='lat' dir='ltr'><strong>sanctiﬁcate</strong></span> 
     </span>
    </p>
   </div>
   <div class='ocr_carea' id='block_1_115' title="bbox 1001 2501 1325 2530">
    <p class='ocr_par' dir='ltr' id='par_1_115' title="bbox 1001 2501 1325 2530">
     <span class='ocr_line' id='line_1_115' title="bbox 1001 2501 1325 2530; baseline -0.015 0"><span class='ocrx_word' id='word_1_889' title='bbox 1001 2502 1028 2530; x_wconf 87' lang='lat' dir='ltr'><strong>in</strong></span> <span class='ocrx_word' id='word_1_890' title='bbox 1044 2501 1172 2528; x_wconf 84' lang='lat' dir='ltr'><strong>cordibus</strong></span> <span class='ocrx_word' id='word_1_891' title='bbox 1186 2501 1297 2527; x_wconf 83' lang='lat' dir='ltr'><strong>vestris.</strong></span> <span class='ocrx_word' id='word_1_892' title='bbox 1315 2509 1325 2525; x_wconf 75' lang='grc' dir='ltr'><strong>ι</strong></span> 
     </span>
    </p>
   </div>
   <div class='ocr_carea' id='block_1_116' title="bbox 1047 2543 1796 2581">
    <p class='ocr_par' dir='ltr' id='par_1_116' title="bbox 1047 2543 1796 2581">
     <span class='ocr_line' id='line_1_116' title="bbox 1047 2543 1796 2581; baseline -0.011 -8"><span class='ocrx_word' id='word_1_893' title='bbox 1047 2545 1133 2574; x_wconf 78' lang='lat' dir='ltr'><strong>Sicuti</strong></span> <span class='ocrx_word' id='word_1_894' title='bbox 1150 2553 1203 2573; x_wconf 90' lang='lat' dir='ltr'><strong>non</strong></span> <span class='ocrx_word' id='word_1_895' title='bbox 1220 2545 1277 2581; x_wconf 83' lang='grc'><strong>(85)</strong></span> <span class='ocrx_word' id='word_1_896' title='bbox 1295 2544 1482 2580; x_wconf 81' lang='lat' dir='ltr'><strong>magniﬁcatur</strong></span> <span class='ocrx_word' id='word_1_897' title='bbox 1497 2543 1578 2571; x_wconf 82' lang='lat' dir='ltr'><strong>Deus.</strong></span> <span class='ocrx_word' id='word_1_898' title='bbox 1593 2549 1645 2568; x_wconf 89' lang='lat' dir='ltr'><strong>non</strong></span> <span class='ocrx_word' id='word_1_899' title='bbox 1664 2548 1796 2575; x_wconf 77' lang='lat' dir='ltr'><strong>augmen-</strong></span> 
     </span>
    </p>
   </div>
   <div class='ocr_carea' id='block_1_117' title="bbox 1224 2606 1792 2642">
    <p class='ocr_par' dir='ltr' id='par_1_117' title="bbox 1224 2606 1792 2642">
     <span class='ocr_line' id='line_1_117' title="bbox 1224 2606 1792 2642; baseline -0.009 -5"><span class='ocrx_word' id='word_1_900' title='bbox 1224 2611 1246 2627; x_wconf 72' lang='grc'><strong>⁸⁸</strong></span> <span class='ocrx_word' id='word_1_901' title='bbox 1265 2611 1341 2638; x_wconf 90' lang='lat' dir='ltr'><strong>Joan.</strong></span> <span class='ocrx_word' id='word_1_902' title='bbox 1368 2618 1414 2637; x_wconf 78' lang='lat' dir='ltr'><strong>\‘III</strong></span> <span class='ocrx_word' id='word_1_903' title='bbox 1427 2629 1435 2642; x_wconf 82' lang='lat'><strong>,</strong></span> <span class='ocrx_word' id='word_1_904' title='bbox 1467 2609 1511 2635; x_wconf 74' lang='grc'><strong>40.</strong></span> <span class='ocrx_word' id='word_1_905' title='bbox 1550 2609 1572 2624; x_wconf 75' lang='grc'>⁸³</span> <span class='ocrx_word' id='word_1_906' title='bbox 1591 2608 1598 2634; x_wconf 97' lang='lat' dir='ltr'><strong>l</strong></span> <span class='ocrx_word' id='word_1_907' title='bbox 1616 2606 1688 2633; x_wconf 86' lang='lat' dir='ltr'><strong>Petr.</strong></span> <span class='ocrx_word' id='word_1_908' title='bbox 1706 2606 1792 2642; x_wconf 20' lang='lat'><strong>&quot;1,79.</strong></span> 
     </span>
    </p>
   </div>
   <div class='ocr_carea' id='block_1_118' title="bbox 1206 2641 1793 2676">
    <p class='ocr_par' dir='ltr' id='par_1_118' title="bbox 1206 2641 1793 2676">
     <span class='ocr_line' id='line_1_118' title="bbox 1206 2641 1793 2676; baseline -0.01 -2"><span class='ocrx_word' id='word_1_909' title='bbox 1206 2647 1229 2662; x_wconf 77' lang='lat'>”</span> <span class='ocrx_word' id='word_1_910' title='bbox 1249 2647 1342 2673; x_wconf 85' lang='lat' dir='ltr'><strong>Matth.</strong></span> <span class='ocrx_word' id='word_1_911' title='bbox 1357 2653 1431 2676; x_wconf 78' lang='lat' dir='ltr'><strong>xxvi,</strong></span> <span class='ocrx_word' id='word_1_912' title='bbox 1460 2645 1504 2671; x_wconf 78' lang='lat'><strong>37.</strong></span> <span class='ocrx_word' id='word_1_913' title='bbox 1541 2644 1564 2659; x_wconf 92' lang='lat'><em>&quot;</em></span> <span class='ocrx_word' id='word_1_914' title='bbox 1583 2642 1670 2670; x_wconf 73' lang='lat' dir='ltr'><strong>Galnt.</strong></span> <span class='ocrx_word' id='word_1_915' title='bbox 1688 2649 1726 2674; x_wconf 74' lang='grc' dir='ltr'><strong>ιν,</strong></span> <span class='ocrx_word' id='word_1_916' title='bbox 1746 2641 1793 2669; x_wconf 60' lang='lat'><strong>‘22.</strong></span> 
     </span>
    </p>
   </div>
   <div class='ocr_carea' id='block_1_119' title="bbox 1180 2680 1423 2714">
    <p class='ocr_par' dir='ltr' id='par_1_119' title="bbox 1180 2680 1423 2714">
     <span class='ocr_line' id='line_1_119' title="bbox 1180 2680 1423 2714; baseline -0.012 -5"><span class='ocrx_word' id='word_1_917' title='bbox 1180 2683 1202 2697; x_wconf 82' lang='lat'><strong><em>“</em></strong></span> <span class='ocrx_word' id='word_1_918' title='bbox 1216 2682 1309 2709; x_wconf 81' lang='lat' dir='ltr'><strong>Matth.</strong></span> <span class='ocrx_word' id='word_1_919' title='bbox 1331 2689 1358 2714; x_wconf 71' lang='grc' dir='ltr'>ι,</span> <span class='ocrx_word' id='word_1_920' title='bbox 1378 2680 1423 2707; x_wconf 75' lang='lat'><strong>28.</strong></span> 
     </span>
    </p>
   </div>
   <div class='ocr_carea' id='block_1_120' title="bbox 1040 2737 1490 2774">
    <p class='ocr_par' dir='ltr' id='par_1_120' title="bbox 1040 2737 1490 2774">
     <span class='ocr_line' id='line_1_120' title="bbox 1040 2737 1490 2774; baseline -0.013 -6"><span class='ocrx_word' id='word_1_921' title='bbox 1040 2739 1097 2774; x_wconf 63' lang='grc' dir='ltr'><strong>(εξ)</strong></span> <span class='ocrx_word' id='word_1_922' title='bbox 1118 2738 1272 2774; x_wconf 84' lang='lat' dir='ltr'><strong>Legendum</strong></span> <span class='ocrx_word' id='word_1_923' title='bbox 1297 2741 1355 2774; x_wconf 71' lang='lat' dir='ltr'><strong>est,</strong></span> <span class='ocrx_word' id='word_1_924' title='bbox 1368 2737 1490 2774; x_wconf 14' lang='lat' dir='ltr'><strong>yide‘tur.</strong></span> 
     </span>
    </p>
   </div>
   <div class='ocr_carea' id='block_1_121' title="bbox 1042 2766 1798 2810">
    <p class='ocr_par' dir='ltr' id='par_1_121' title="bbox 1042 2766 1798 2810">
     <span class='ocr_line' id='line_1_121' title="bbox 1042 2766 1798 2810; baseline -0.011 -7"><span class='ocrx_word' id='word_1_925' title='bbox 1042 2766 1100 2810; x_wconf 40' lang='lat'><strong>(85&#39;)</strong></span> <span class='ocrx_word' id='word_1_926' title='bbox 1121 2766 1238 2810; x_wconf 59' lang='lat' dir='ltr'><strong>ilztvetiil.</strong></span> <span class='ocrx_word' id='word_1_927' title='bbox 1252 2777 1314 2810; x_wconf 86' lang='lat' dir='ltr'><strong>ante</strong></span> <span class='ocrx_word' id='word_1_928' title='bbox 1326 2766 1508 2810; x_wconf 70' lang='lat' dir='ltr'><strong>Gallandlnm,</strong></span> <span class='ocrx_word' id='word_1_929' title='bbox 1523 2769 1582 2798; x_wconf 87' lang='lat' dir='ltr'><strong>sine</strong></span> <span class='ocrx_word' id='word_1_930' title='bbox 1595 2774 1687 2796; x_wconf 75' lang='lat' dir='ltr'><strong>sensu.</strong></span> <span class='ocrx_word' id='word_1_931' title='bbox 1701 2766 1798 2795; x_wconf 74' lang='lat' dir='ltr'><strong>Veris-</strong></span> 
     </span>
    </p>
   </div>
   <div class='ocr_carea' id='block_1_122' title="bbox 1007 2807 1485 2841">
    <p class='ocr_par' dir='ltr' id='par_1_122' title="bbox 1007 2807 1485 2841">
     <span class='ocr_line' id='line_1_122' title="bbox 1007 2807 1485 2841; baseline -0.015 -2"><span class='ocrx_word' id='word_1_932' title='bbox 1007 2807 1075 2839; x_wconf 82' lang='lat' dir='ltr'><strong>sima</strong></span> <span class='ocrx_word' id='word_1_933' title='bbox 1090 2807 1130 2839; x_wconf 78' lang='lat' dir='ltr'><strong>est</strong></span> <span class='ocrx_word' id='word_1_934' title='bbox 1141 2809 1211 2837; x_wconf 84' lang='lat' dir='ltr'><strong>Gall.</strong></span> <span class='ocrx_word' id='word_1_935' title='bbox 1227 2809 1394 2841; x_wconf 79' lang='lat' dir='ltr'><strong>conjectura,</strong></span> <span class='ocrx_word' id='word_1_936' title='bbox 1412 2807 1485 2833; x_wconf 84' lang='lat' dir='ltr'><strong>dum.</strong></span> 
     </span>
    </p>
   </div>
  </div>
