1913 3071
78 169 144 197 I769

545 162 745 190 ENARRA'I‘IO
765 162 798 190 IN
819 161 1015 192 EPISTOLAM
1037 161 1046 189 I
1068 161 1098 189 S.
1116 160 1230 188 PETRI.

1638 157 1707 186 I770

76 236 134 258 tum
147 227 344 262 magnitudinis
355 226 380 253 ei
390 226 504 261 proferri
516 227 694 261 signiﬁcatur,
707 227 753 254 sed
766 233 862 261 neque,
879 232 901 259 Α
916 225 1049 253 bitt-antes
1070 224 1176 250 actibus
1193 222 1258 249 solis
1275 222 1405 253 iucumbi,
1420 228 1480 247 cum
1497 227 1583 255 neque
1599 219 1650 254 ipsi
1667 219 1709 246 itt-

75 277 138 304 dum
153 273 331 309 gloriﬁcatur,
347 273 371 299 ei
386 272 557 301 extrinsecus
571 273 678 300 culmen
690 273 864 300 sublimitatis

77 321 201 353 affertur,
217 319 256 347 sic
274 325 362 353 neque
379 320 443 345 dttm
461 319 648 347 sanctiﬁcatur
674 318 817 350 Dominus,
839 318 863 345 ei

77 367 173 394 titulus
198 365 351 393 sanctitatis
376 369 501 400 augetur.
529 364 607 393 Unde
633 369 661 393 et
686 365 712 392 itt
737 364 866 392 cordibus

75 413 178 442 nostris
191 413 244 442 hoc
258 412 350 440 facere
363 411 502 448 jubemur.
516 411 544 440 Si
557 413 629 441 enim
640 411 794 439 sanctitatis
807 411 866 446 ejus

76 460 208 493 integram
222 459 418 494 perfectionem
435 459 622 491 habuerimus,
635 465 687 485 non
700 462 804 485 tantum
818 464 866 484 ore

74 514 135 534 eum
153 506 368 538 sanctillcamus,
382 505 430 533 sed
445 505 472 532 in
496 505 626 534 cordibus
646 504 758 532 nostris.
780 503 864 531 Deum

73 551 146 578 cnim
169 551 221 578 hoc
243 549 359 578 facimus
383 549 521 577 intellectu
544 554 653 583 nostro,
669 549 715 576 Doi
736 548 867 576 sanctitas

75 596 162 632 magis
188 600 312 631 augetur.
337 595 471 624 Similiter
494 599 521 622 et
543 595 588 630 qtti
615 594 770 630 magniﬁcat
792 601 865 624 cum.

76 642 268 676 magnitudinis
288 641 347 675 ejus
373 641 544 676 participium
579 640 693 674 suscipit
716 640 741 668 in
768 643 868 668 semct-

76 689 173 722 ipsmn.
197 688 274 717 Unde
293 688 395 715 dictum
415 692 457 716 est
478 696 485 714 :
507 696 516 714 (
533 687 686 722 lllagnilieat
703 686 791 714 anima
807 693 866 712 mea

75 735 217 761 Dominqu
239 734 277 767 “;
299 744 308 760 ›
326 739 350 761 ct
367 735 463 762 iterum
489 742 496 760 :
511 743 520 760 ‹
539 733 709 769 Magnilicate
724 732 866 759 Domintttn

81 788 188 808 meeum
214 781 247 807 θ’.
267 790 276 806 ι
297 780 429 808 Similiter
443 785 470 806 et
485 780 517 806 dc
540 780 624 814 gloria
642 777 700 812 ejus
723 777 867 806 dicendum

78 830 133 853 est.
149 825 212 853 Ilazc
228 831 318 854 autem
336 833 388 853 non
407 825 551 852 videantur
565 832 626 853 esse
640 825 719 855 mira,
733 822 869 851 subtiliter

77 870 231 897 advertenti
252 878 258 896 :
277 870 348 904 quod
367 869 466 897 dicitttr
480 877 494 897 a
511 869 601 900 nobis,
626 869 694 895 bona
714 875 765 894 non
783 866 869 895 διιεςὶ-

915 270 1086 304 culpabiliter
1117 268 1236 303 poterint
1262 266 1427 302 apprehendi
1454 265 1487 292 ab
1513 271 1545 292 eo
1571 264 1618 300 qtti
1644 264 1705 291 sine

916 315 1046 343 doctrinae
1062 314 1169 341 ratione
1179 313 1271 340 vivere
1281 311 1458 346 concupiscit.
1472 309 1611 344 Quomodo
1627 308 1709 336 etiarn

917 361 967 396 ipsi
984 366 1039 388 tum
1055 359 1199 389 claudendi
1213 363 1286 390 sunt,
1299 357 1364 384 dum
1377 365 1438 384 cttm
1452 356 1556 383 ratione
1569 354 1709 383 celebran-

918 408 981 435 tur?
997 407 1074 441 Quod
1090 413 1157 441 ergo
1176 404 1328 440 petulantes
1344 401 1591 431 inexaminabilitcr
1607 398 1709 434 aliquid

917 454 1009 481 dicere
1032 456 1216 488 praesumunt.
1234 450 1347 479 audiant
1373 448 1543 483 Scripturatn
1570 450 1708 477 sanctam,

917 507 998 535 quam
1017 499 1075 527 sine
1094 498 1235 526 intellectu
1252 502 1280 525 et
1296 495 1496 524 exntninatioue
1513 492 1597 520 videri
1613 498 1710 527 quem-

918 553 999 581 quam
1017 552 1100 573 nosse
1123 544 1276 581 scripturas
1291 541 1423 577 culpabile
1445 540 1531 575 magis
1546 543 1599 567 est.
1615 539 1711 566 Scien-

919 592 956 620 tia
981 592 1064 625 enim,
1089 591 1187 626 inquit,
1208 598 1260 617 tton
1285 587 1510 625 intelligentiam,
1529 587 1710 614 iuexaminata

919 643 981 667 sunt
996 638 1088 671 vetba,
1107 642 1134 664 ct
1150 635 1294 673 disciplina
1310 635 1368 662 sine
1386 633 1546 668 prubatimte
1563 637 1623 659 erat
1640 631 1673 658 “.

956 684 1038 713 Vsus.
1059 683 1105 712 2:2.
1130 691 1140 711 t
1167 682 1216 716 Qui
1238 686 1280 710 est
1305 681 1330 709 in
1355 680 1450 709 dextra
1474 679 1536 711 Dei,
1560 677 1712 712 deglutiens

920 737 1048 763 mortem,
1067 735 1096 757 ut
1113 729 1175 756 vita:
1191 733 1299 756 aeterna:
1316 727 1437 756 lncredcs
1454 724 1634 757 elﬁcaremur,
1650 731 1713 758 pro-

920 779 1007 806 fecms
1024 777 1050 804 in
1067 775 1168 807 ctelos,
1187 774 1316 809 subjectis
1332 773 1383 804 sibi
1400 772 1502 808 angelis
1518 776 1546 798 et
1570 770 1712 806 potestati-

922 825 972 852 bus
989 828 1016 851 et
1032 823 1188 850 virtutibus.
1208 831 1216 847 ι

960 869 1037 899 Sicut
1054 877 1102 904 per
1120 868 1216 896 Filium
1235 866 1292 898 Dei,
1310 865 1381 900 quod
1399 864 1518 892 Verbttm
1533 869 1575 892 est
1592 871 1637 891 seu
1657 863 1711 890 Ra-

78 918 129 951 pit,
147 917 195 944 Sed
217 916 352 944 ministra.
371 915 419 944 His
436 915 507 943 enim
525 915 650 943 similiter
666 913 868 950 intelligendum
886 915 906 942 Β
923 917 970 948 tio,
989 915 1135 943 essentiam
1152 918 1250 942 cuttcta
1269 910 1410 940 rationalia
1422 931 1429 943 ,
1445 915 1472 937 et
1491 915 1519 937 ut
1533 913 1639 940 essent,
1660 909 1708 935 ha-

78 967 132 996 οδι,
153 967 180 990 et
199 962 264 989 illud
288 971 293 988 :
315 971 324 988 ι
353 961 547 989 Sanctiﬁcctur
572 968 671 989 nomen
698 964 770 988 ttttun
797 959 829 985 ".
856 967 866 984 ι

79 1008 271 1036 8.ιηειίῐίείιιηι·
293 1008 366 1036 enim
385 1015 485 1036 nomen
509 1006 574 1039 Dei,
590 1005 698 1042 quando
719 1004 803 1033 induti
826 1011 869 1037 co,

82 1062 125 1086 ca,
138 1062 198 1088 quae
212 1058 275 1082 sunt
287 1054 450 1086 sanctitatis,
463 1053 618 1089 itnplemus.
631 1052 727 1081 Adhuc
741 1051 871 1087 accipien-

82 1100 144 1126 dtnn
163 1105 202 1128 est
217 1105 244 1126 et
261 1099 325 1128 illud
344 1108 351 1126 :
371 1109 380 1125 ι
401 1100 485 1127 Dcuut
501 1100 682 1131 sanctiﬁcata,
699 1103 727 1126 et
747 1098 803 1133 ipse
820 1098 872 1125 erit

80 1146 162 1173 timor
180 1151 286 1179 vester;
306 1155 315 1172 ι
336 1149 363 1173 et
379 1146 502 1174 iterum".
520 1155 529 1171 t
550 1145 578 1172 Si
594 1145 618 1172 in
632 1153 665 1173 eo
679 1145 804 1177 conﬁdis,
820 1144 874 1172 erit

79 1194 127 1220 tibi
153 1194 179 1220 itt
204 1193 360 1220 sanctitate.
388 1202 397 1218 ι
419 1193 485 1220 Vide
508 1192 659 1226 siquidem,
685 1191 821 1227 quomodo
846 1191 871 1219 itt

79 1239 224 1265 sanctitate
247 1238 303 1273 ipse
320 1238 450 1266 Dominus
466 1238 496 1264 ﬁt
512 1237 548 1270 ci,
565 1237 611 1274 qui
629 1237 784 1264 sanctificat
799 1243 871 1264 eum.

80 1285 126 1313 Sic
143 1285 228 1318 enim,
250 1288 278 1311 ut
296 1284 484 1312 sanctiﬁcatur
500 1283 625 1310 Christus
642 1283 675 1310 ab
690 1291 732 1315 cu,
749 1282 794 1316 qui
812 1282 873 1309 inti-

81 1335 151 1357 tatur
166 1337 228 1357 eutn
244 1338 251 1356 :
265 1329 305 1357 sic
317 1328 588 1358 animadvertendum
603 1332 656 1361 est,
672 1327 811 1361 quoniam,
826 1326 871 1361 qui

85 1375 254 1404 transcendit
275 1376 432 1403 mamlatttm
451 1381 582 1410 pra:scns,
599 1373 735 1408 quomodo
754 1373 873 1399 tnacttlet

79 1422 229 1454 Christum,
242 1422 287 1457 qui
297 1424 444 1450 coulttctur
457 1429 518 1448 cum
532 1427 589 1453 ore,
604 1425 631 1446 et
644 1424 723 1454 negat
734 1419 871 1453 operibus.

81 1468 128 1496 Sic
151 1471 222 1495 enim
242 1468 274 1495 ad
297 1468 428 1502 quosdam
452 1467 537 1493 dicit:
556 1475 565 1491 ‹
585 1464 754 1492 Profanastis
775 1472 873 1490 nomen

82 1520 172 1540 meum
186 1513 211 1540 in
230 1513 355 1548 gentibus
369 1511 402 1538 “.
419 1521 428 1537 ι
447 1511 499 1538 I‘cr
515 1518 562 1538 vos
580 1511 652 1538 enim
670 1509 875 1544 blasphematur

83 1567 180 1586 nomen
198 1567 298 1591 meum,
315 1566 376 1586 eum
391 1558 484 1585 vivitis
501 1558 528 1583 itt
547 1561 669 1592 peccato.

119 1605 201 1634 Vens.
223 1605 267 1633 I5.
285 1614 294 1630 ι
311 1605 401 1632 Parati
414 1611 521 1638 semper
534 1603 567 1629 ad
583 1602 786 1637 responsionem
801 1602 873 1629 omni

83 1653 205 1689 poscenti
221 1660 268 1679 vos
284 1651 417 1678 rationem
433 1651 466 1678 de
484 1650 536 1677 ﬁde
552 1653 579 1677 et
603 1657 661 1685 spe,
678 1657 736 1685 quae
754 1649 780 1676 itt
800 1649 876 1676 vobis

83 1704 136 1728 est.
155 1709 164 1725 ι

121 1745 207 1772 Sicuti
231 1744 360 1772 contlttue
376 1745 431 1780 agi,
455 1743 525 1778 quod
543 1744 641 1771 bonum
659 1747 712 1775 est,
726 1743 814 1770 divina
830 1743 877 1771 do-

83 1793 171 1820 ctrina
187 1793 255 1824 vult,
270 1791 307 1818 ita
319 1796 346 1818 et
359 1791 506 1818 instructos
519 1798 578 1817 esse
594 1789 686 1817 ﬁdeles
700 1790 834 1822 hortatur,
849 1795 878 1817 ut

84 1839 173 1874 parati
187 1839 242 1865 sint
260 1839 294 1865 ad
311 1837 563 1872 comprobationem
581 1845 671 1863 rerum
687 1836 877 1870 sapiendarum

84 1885 154 1922 (Si).
174 1885 241 1918 Quia
267 1885 340 1911 euint
362 1884 450 1916 multi,
474 1883 620 1916 Evangeiio
643 1882 879 1916 disciplinabiliter

85 1934 276 1966 intendentcs,
304 1932 417 1967 exigunt
438 1939 487 1958 nos
504 1930 560 1966 (85)
587 1930 801 1957 satisfactionem
822 1929 878 1963 spei

86 1981 185 2012 beatas,
202 1986 254 2005 non
267 1982 373 2013 oportet
390 1984 486 2011 segnes
497 1984 568 2008 esse,
582 1980 608 2002 et
621 1976 653 2002 ad
665 1975 878 2002 satisfactionem

85 2025 194 2053 deferre
211 2025 380 2058 requirentes
397 2023 464 2056 t86),
483 2023 529 2049 Sed
545 2023 630 2057 magis
643 2029 702 2049 esse
715 2025 880 2056 praeparatos

91 2072 192 2100 Christi
208 2071 365 2105 discipulos,
379 2074 513 2104 quatenus
525 2068 622 2095 volenti
636 2072 728 2094 tnutuo
742 2067 881 2101 percipere

91 2119 240 2147 rationales
257 2117 387 2152 pecunias
405 2125 457 2143 non
478 2120 602 2150 negatur,
618 2123 670 2140 llUll
687 2114 759 2140 enim
774 2113 806 2140 de
819 2120 880 2139 scn-

86 2166 210 2194 sibilibus
228 2163 352 2199 pecuniis
367 2163 418 2189 hoc
433 2161 564 2196 apostolis
578 2166 619 2187 est
636 2164 813 2194 prmceptunt,
833 2166 881 2185 au-

89 2220 149 2239 runt
175 2219 228 2239 non
246 2210 408 2238 habentibus
432 2213 459 2234 et
483 2213 633 2242 argentum.
658 2206 698 2233 Ad
722 2206 773 2232 hoc
798 2206 879 2232 etiam

923 963 1038 990 hucrttnt
1056 969 1062 988 :
1079 961 1118 989 sic
1135 967 1181 997 per
1197 967 1258 988 eum
1281 957 1402 986 omnium
1417 964 1510 985 eorum
1531 955 1604 984 salus
1618 954 1714 982 tlIccta

922 1014 974 1037 est.
993 1007 1043 1041 Qui
1065 1007 1137 1035 cuitu
1164 1014 1217 1036 non
1242 1003 1468 1037 substantialiter,
1487 1002 1534 1030 sed
1555 1001 1715 1036 aequisitiie

923 1055 1096 1083 sanctitatem
1111 1053 1222 1086 habent,
1241 1059 1301 1079 cuin
1318 1055 1449 1078 creaturae
1463 1049 1528 1083 sint,
1542 1048 1604 1084 jure
1617 1055 1716 1084 purga-

925 1103 961 1130 tio
976 1101 1047 1129 facta
1066 1105 1107 1128 est
1123 1100 1194 1129 circa
1210 1102 1319 1132 cuncta,
1335 1097 1386 1124 hoc
1397 1096 1478 1124 modo
1492 1095 1618 1123 habentia
1635 1093 1715 1121 boni-

926 1153 1020 1176 tatem.
1040 1146 1114 1174 Umle
1130 1146 1211 1173 etiam
1228 1144 1337 1172 sublimi
1355 1150 1403 1171 ore
1419 1141 1617 1170 correctionem
1631 1139 1718 1168 susci-

924 1195 1011 1230 piunt.
1027 1193 1188 1222 Paciﬁcavit
1202 1192 1274 1219 cnim
1293 1189 1372 1218 Iesus
1385 1198 1434 1225 per
1450 1188 1611 1224 sanguinem
1627 1187 1717 1215 crucis

924 1249 990 1272 suae,
1009 1247 1068 1275 quzc
1087 1239 1112 1267 in
1130 1239 1208 1267 caelis
1234 1243 1262 1265 et
1281 1244 1341 1272 qum
1362 1236 1388 1263 in
1412 1240 1482 1263 terra
1502 1239 1567 1262 sunt
1582 1233 1615 1267 ",
1637 1240 1718 1259 omne

925 1287 1024 1316 bellum
1042 1287 1187 1313 destructis
1206 1288 1233 1311 et
1262 1283 1418 1310 tumultum.
1445 1281 1504 1309 Mox
1525 1280 1596 1308 enim
1618 1279 1645 1307 itt
1670 1278 1719 1305 dc—

928 1341 1025 1362 scensu
1043 1332 1101 1366 ejus
1120 1337 1146 1359 et
1166 1331 1323 1364 ,nativitale,
1342 1329 1412 1356 facta
1429 1328 1463 1356 de
1484 1327 1592 1363 Virgine
1616 1326 1718 1353 dictum

926 1386 966 1409 est
982 1389 988 1408 :
1007 1388 1016 1405 t
1035 1379 1126 1407 Gloria
1146 1379 1172 1407 in
1188 1377 1307 1407 excelsis
1329 1375 1383 1403 Deo
1402 1378 1429 1402 et
1447 1375 1473 1401 in
1491 1378 1562 1401 terra
1583 1379 1634 1407 pax
1653 1371 1686 1399 ⁸⁸.
1707 1380 1717 1397 ι

926 1426 1105 1455 Concorditer
1132 1429 1222 1451 autem
1243 1428 1269 1449 ct
1291 1423 1316 1449 in
1342 1421 1521 1457 prmsentibus
1538 1419 1641 1446 dictum
1662 1423 1716 1457 est,

926 1472 999 1508 quia,
1027 1478 1088 1498 cum
1110 1468 1308 1496 resuta-exisset
1328 1474 1342 1493 a
1364 1465 1497 1497 mortuis,
1515 1468 1541 1491 ct
1560 1463 1664 1491 sederet
1692 1462 1720 1488 itt

927 1507 1050 1550 dextera,
1069 1516 1095 1543 in
1114 1514 1240 1546 excelsis,
1264 1513 1400 1549 profectus
1418 1511 1445 1538 in
1472 1510 1581 1541 cmlum,
1603 1507 1721 1542 subjecti

929 1569 990 1593 Sunt
1006 1562 1093 1597 angeli
1108 1562 1143 1593 ei,
1160 1565 1307 1598 potestates
1323 1563 1405 1593 atque
1419 1558 1542 1584 virtutes.
1559 1555 1635 1582 Sicut
1648 1554 1721 1581 enint

931 1612 1068 1641 homines,
1087 1608 1255 1636 abstinentes
1272 1613 1286 1632 a
1307 1604 1425 1641 pet-catis
1447 1601 1560 1636 sttbjecti
1583 1605 1666 1627 sunt:
1684 1599 1721 1626 ita

931 1662 959 1685 et
977 1656 1115 1691 superiora
1135 1653 1279 1681 rationalia
1301 1654 1424 1678 correcta
1446 1646 1604 1682 spontaneis
1622 1644 1721 1680 culpis,

931 1711 994 1738 quae
1009 1702 1123 1728 l'orsitan
1139 1700 1301 1730 habuerunt,
1318 1697 1341 1724 ei
1359 1695 1479 1729 subjecta
1495 1698 1569 1725 sunt,
1587 1691 1722 1727 completa

933 1735 1136 1783 dispensatione
1153 1744 1254 1776 habita,
1274 1750 1324 1777 pro
1338 1741 1425 1769 salute
1439 1743 1607 1774 cunctorum.
1626 1735 1720 1763 Possi-

931 1795 985 1822 bile
999 1799 1041 1821 cst
1055 1797 1157 1823 autent,
1181 1791 1287 1824 aliquos
1308 1786 1460 1822 lmjusmodi
1486 1783 1642 1820 spontaneis
1657 1789 1722 1818 pas-

933 1841 1022 1870 sionis
1049 1837 1233 1868 voluntatibus
1257 1835 1427 1863 abstinentes
1450 1833 1551 1863 dicere,
1576 1830 1640 1865 quia
1669 1836 1722 1856 non

930 1888 1044 1923 omnino
1062 1885 1176 1912 tntttatio
1195 1882 1265 1910 facta
1284 1880 1454 1915 signiﬁcatur
1475 1877 1644 1905 subditorum
1663 1874 1723 1901 ani-

918 1921 1044 1962 'malium
1057 1926 1323 1965 supernorum.Cum
1338 1925 1382 1952 tali
1394 1923 1540 1954 intellectu,
1554 1928 1613 1955 qua:
1623 1920 1722 1955 scripta

937 1983 1013 2010 sunt,
1030 1976 1224 2011 suscipittntttr,
1243 1973 1297 2000 Deo
1316 1972 1404 2000 Verbo
1418 1969 1568 1997 exsisteute
1582 1966 1650 1994 Filio
1666 1965 1723 1997 Dei,

933 2026 1022 2055 omnis
1041 2028 1165 2052 creatura
1184 2027 1311 2056 tanquam
1335 2017 1390 2052 regi
1414 2013 1594 2049 omnipotenti
1618 2011 1724 2040 subdita

935 2077 986 2100 est.
1016 2071 1049 2097 Et
1075 2069 1203 2104 quoniam
1227 2066 1272 2094 hic
1289 2066 1360 2092 Deus
1384 2062 1501 2090 Verbum
1528 2059 1664 2089 hominem
1682 2065 1726 2083 as-

936 2117 1064 2152 sumpsit,
1078 2121 1195 2149 eutnque
1211 2112 1347 2140 suscitans
1363 2113 1423 2145 post
1439 2110 1553 2135 mortem
1569 2111 1650 2139 super
1663 2111 1724 2131 om-

936 2166 980 2192 nia
1001 2151 1145 2197 principia,
1173 2163 1331 2195 potestates,
1354 2156 1467 2183 virtutes
1480 2159 1508 2181 et
1525 2151 1725 2181 dominationes

938 2196 1155 2237 essercottstituit
1172 2215 1178 2232 :
1197 2205 1258 2232 huic
1279 2209 1376 2231 omnes
1391 2199 1478 2235 angeli
1505 2197 1562 2229 Dei,
1577 2196 1643 2232 jussi
1661 2202 1723 2222 etntt
1769 2218 1771 2220 .

88 2259 190 2286 Paulus
211 2258 317 2289 invitat,
339 2256 486 2283 scribens:
507 2264 515 2280 t
535 2255 564 2281 In
581 2254 713 2287 sapientia
731 2251 872 2279 ambulate

938 2256 1063 2286 adorare,
1083 2252 1195 2287 subjecti
1212 2255 1285 2282 sunt,
1300 2249 1417 2276 scientes
1432 2253 1492 2272 eum
1510 2243 1580 2270 uuiri
1596 2249 1657 2268 cum
1671 2239 1726 2267 Deo

88 2311 202 2342 propter
212 2312 270 2336 eos,
282 2304 327 2338 qtti
345 2303 411 2330 foris
423 2307 498 2332 sunt,
511 2300 640 2333 scientes,
650 2297 786 2339 quomodo
800 2305 881 2332 opor-

89 2359 146 2382 teat
159 2351 273 2387 singulis
291 2349 455 2384 respottdere
470 2348 514 2379 ‘5;
536 2355 546 2373 ›
564 2346 629 2374 toris
648 2347 742 2372 dicens
759 2351 815 2376 eos,
835 2344 881 2378 qui

91 2401 209 2428 nomltnu
236 2397 330 2425 ﬁdeles
354 2397 500 2423 chislunl.
517 2393 564 2420 Isti
586 2399 702 2426 namque
727 2391 881 2426 requirunt,

89 2448 212 2474 volentes
226 2451 376 2480 agnoscere
391 2442 492 2477 aliquid
508 2441 541 2467 dc
552 2447 611 2474 spe,
623 2447 682 2473 qua:
696 2438 721 2464 itt
739 2437 816 2464 nobis
829 2441 879 2464 est.

90 2495 125 2522 I‘r
137 2498 238 2527 ipterea
252 2491 297 2525 qui
310 2491 456 2526 praesidere
467 2486 653 2515 ecclesiastico
665 2484 822 2519 magisterio
836 2484 881 2510 de-

90 2545 211 2576 putatur,
236 2545 319 2573 super
335 2537 398 2568 hoc,
414 2535 486 2570 quod
501 2535 578 2562 debet
597 2533 698 2560 habere
718 2532 880 2562 doctrinam,

87 2585 169 2614 debet
193 2585 276 2612 etiam
304 2582 467 2611 resultantes
489 2581 642 2608 obstrttcre.
665 2577 733 2605 Cum
751 2584 817 2612 ergo
841 2577 881 2604 sic

89 2634 186 2662 invitet
211 2632 302 2659 divina
323 2630 448 2658 doctrina
474 2627 620 2663 pra‘parari
646 2625 754 2653 ﬁdelem
780 2625 880 2656 virum,

89 2680 183 2709 nescio
200 2678 272 2706 unde
287 2678 352 2706 moti
368 2677 478 2712 qttidam
494 2675 564 2702 sicut
579 2674 702 2707 jutnenta
720 2672 824 2705 vivunt,
840 2679 883 2698 ar-

125 2749 147 2766 “
166 2748 232 2776 Luc.
256 2756 275 2778 ι.
299 2745 344 2774 46.

89 2787 111 2806 ⁶⁶
129 2785 211 2813 Eccli.
236 2792 291 2816 nx,
311 2782 354 2815 I8,
372 2782 412 2808 19.

395 2747 417 2761 ⁶²
438 2743 509 2772 ΡμειΙ.
534 2749 630 2773 xum,
659 2741 685 2767 Δ.

462 2780 484 2795 ⁵⁷
504 2779 524 2805 U
536 2784 608 2805 ηυδε.
622 2785 641 2809 1,
656 2777 699 2804 it).
738 2776 761 2792 ³⁸⁵
783 2775 848 2803 Luc.

124 2857 182 2893 (8i)
203 2855 272 2893 Gali.
297 2852 499 2890 speraudunmt.
522 2849 585 2881 Qllae
607 2843 878 2893 copje‘ct-urama‘baiis

90 2879 446 2927 qttiavtqstavtim‘sequuntur,
464 2879 587 2920 magnam
607 2879 688 2909 habet
703 2879 884 2908 commenda--

92 2930 202 2956 tionem.

250 2978 387 3007 Pnnot.
409 2975 464 3004 lin.
491 2969 641 3002 XXXIX.

737 2740 760 2756 ”
779 2739 870 2766 Matth.
893 2746 929 2771 vt,
944 2738 982 2765 9.Δ

888 2773 980 2807 tt,Il.

936 2301 1039 2332 Verbo,
1057 2306 1118 2326 cum
1134 2286 1162 2324 in
1182 2298 1292 2323 dextera
1310 2291 1460 2321 divinitatis
1471 2291 1515 2323 sit,
1534 2293 1560 2316 et
1576 2289 1600 2314 itt
1617 2286 1726 2314 nomine

935 2348 994 2382 ejus
1013 2353 1065 2373 non
1082 2345 1171 2372 solum
1190 2348 1296 2370 terrcna
1317 2345 1344 2368 et
1361 2338 1479 2368 inferna,
1502 2335 1547 2363 sed
1563 2334 1645 2361 ctiatn
1669 2338 1726 2359 cm-

936 2378 1013 2421 Icstia
1039 2399 1107 2427 genu
1131 2390 1260 2421 ﬂectant,
1282 2392 1310 2414 ct
1328 2384 1416 2413 omnis
1434 2383 1524 2417 lingua
1553 2380 1586 2407 ad
1611 2378 1726 2413 gloriam

935 2439 982 2466 Dci
1002 2422 1092 2465 Pairis
1104 2436 1196 2463 Jesum
1211 2433 1354 2461 Dominum
1368 2436 1428 2457 esse
1444 2428 1605 2454 corditcatur
1616 2422 1725 2450 “.Cum

934 2489 1024 2511 autem
1048 2491 1157 2510 Omnem
1172 2481 1291 2515 linguam
1308 2477 1404 2507 audis,
1428 2482 1481 2502 non
1498 2474 1615 2500 humana
1639 2469 1725 2496 solum

935 2533 1017 2558 debes
1040 2535 1183 2557 munerare
1203 2525 1322 2561 eloqttia,
1335 2524 1382 2551 sed
1398 2522 1479 2550 etiam
1493 2526 1586 2547 eorum
1602 2516 1648 2551 qui
1664 2519 1727 2542 sunt

935 2576 961 2603 itt
977 2575 1065 2604 emlis.
1083 2574 1166 2602 Dicta:
1190 2572 1263 2600 enim
1284 2573 1346 2598 sunt
1363 2572 1391 2595 et
1410 2567 1516 2594 illoruttt
1540 2563 1648 2596 linguaa,
1664 2567 1725 2585 cum

937 2623 973 2649 ait
988 2630 996 2648 :
1016 2630 1026 2648 ‹
1043 2621 1071 2649 Si
1088 2619 1187 2655 linguis
1198 2618 1337 2646 hominum
1348 2611 1543 2647 etangelorum
1557 2608 1651 2641 loquar
1664 2604 1698 2631 ⁷ο.
1714 2612 1725 2629 ι

971 2667 1048 2696 CAP.
1072 2650 1210 2699 ινξὲ-ειις.
1228 2664 1272 2691 l7.
1296 2671 1304 2688 ‹
1329 2660 1358 2689 Si
1375 2664 1465 2686 autem
1483 2654 1589 2683 initium
1604 2659 1619 2678 a
1636 2650 1727 2682 nobis,

1035 2737 1057 2752 “
1077 2736 1175 2763 Ezerh.
1202 2740 1296 2763 xxxvi,
1326 2729 1371 2757 22.
1420 2727 1449 2763 “‘7
1463 2725 1567 2754 Coloss.
1592 2731 1635 2763 tv,_
1649 2721 1677 2755 5,
1698 2720 1726 2749 6.

1034 2773 1056 2788 εν
1321 2767 1362 2794 II.
1399 2763 1422 2778 "
1444 2762 1530 2789 lCor.
1547 2766 1607 2791 χιιι,
1625 2757 1650 2785 1.

969 2841 1025 2877 (85)
1045 2838 1278 2877 Interponendum
1292 2835 1408 2877 videtur,
1424 2833 1469 2860 ad.

970 2873 1025 2913 (86)
1048 2873 1185 2906 Fortasse,
1203 2873 1364 2908 ncquicntes.

1532 2949 1570 2979 56
