  <div class='ocr_page' id='page_1' title='image "/cluster/home/n/w/nwhite01/storage/ocr_20150623/39/njp.32101010943528/891.png"; bbox 0 0 1913 3071; ppageno 0'>
   <div class='ocr_carea' id='block_1_1' title="bbox 166 150 230 180">
    <p class='ocr_par' dir='ltr' id='par_1_1' title="bbox 166 150 230 180">
     <span class='ocr_line' id='line_1_1' title="bbox 166 150 230 180; baseline -0.031 0"><span class='ocrx_word' id='word_1_1' title='bbox 166 150 230 180; x_wconf 69' lang='grc'><strong>1771</strong></span> 
     </span>
    </p>
   </div>
   <div class='ocr_carea' id='block_1_2' title="bbox 163 249 575 287">
    <p class='ocr_par' dir='ltr' id='par_1_2' title="bbox 163 249 575 287">
     <span class='ocr_line' id='line_1_2' title="bbox 163 249 575 287; baseline -0.015 -6"><span class='ocrx_word' id='word_1_2' title='bbox 163 259 190 281; x_wconf 82' lang='lat' dir='ltr'><strong>et</strong></span> <span class='ocrx_word' id='word_1_3' title='bbox 210 254 232 280; x_wconf 83' lang='lat' dir='ltr'><strong>si</strong></span> <span class='ocrx_word' id='word_1_4' title='bbox 247 252 337 287; x_wconf 80' lang='lat' dir='ltr'><strong>justus</strong></span> <span class='ocrx_word' id='word_1_5' title='bbox 352 251 459 284; x_wconf 75' lang='lat' dir='ltr'><strong>quidem</strong></span> <span class='ocrx_word' id='word_1_6' title='bbox 476 249 526 276; x_wconf 68' lang='grc' dir='ltr'><strong>νὴ·</strong></span> <span class='ocrx_word' id='word_1_7' title='bbox 536 250 575 276; x_wconf 87' lang='lat' dir='ltr'><strong>sal</strong></span> 
     </span>
    </p>
   </div>
   <div class='ocr_carea' id='block_1_3' title="bbox 165 297 454 335">
    <p class='ocr_par' dir='ltr' id='par_1_3' title="bbox 165 297 454 335">
     <span class='ocr_line' id='line_1_3' title="bbox 165 297 454 335; baseline -0.014 -9"><span class='ocrx_word' id='word_1_8' title='bbox 165 301 225 335; x_wconf 85' lang='lat' dir='ltr'><strong>pius</strong></span> <span class='ocrx_word' id='word_1_9' title='bbox 239 299 282 325; x_wconf 85' lang='lat' dir='ltr'><strong>ubi</strong></span> <span class='ocrx_word' id='word_1_10' title='bbox 298 297 425 332; x_wconf 75' lang='lat' dir='ltr'><strong>pari-hit?</strong></span> <span class='ocrx_word' id='word_1_11' title='bbox 445 306 454 322; x_wconf 71' lang='grc' dir='ltr'><strong>ι</strong></span> 
     </span>
    </p>
   </div>
   <div class='ocr_carea' id='block_1_4' title="bbox 202 353 547 390">
    <p class='ocr_par' dir='ltr' id='par_1_4' title="bbox 202 353 547 390">
     <span class='ocr_line' id='line_1_4' title="bbox 202 353 547 390; baseline -0.012 -7"><span class='ocrx_word' id='word_1_12' title='bbox 202 357 262 383; x_wconf 84' lang='grc' dir='ltr'>Ὀτι</span> <span class='ocrx_word' id='word_1_13' title='bbox 284 356 297 382; x_wconf 81' lang='grc' dir='ltr'><strong>ὁ</strong></span> <span class='ocrx_word' id='word_1_14' title='bbox 319 354 415 390; x_wconf 73' lang='grc' dir='ltr'>καιρὸς</span> <span class='ocrx_word' id='word_1_15' title='bbox 432 353 478 380; x_wconf 79' lang='grc' dir='ltr'><strong>τοῦ</strong></span> <span class='ocrx_word' id='word_1_16' title='bbox 501 353 547 389; x_wconf 76' lang='grc' dir='ltr'><strong>ἄρ-</strong></span> 
     </span>
    </p>
   </div>
   <div class='ocr_carea' id='block_1_5' title="bbox 165 398 546 437">
    <p class='ocr_par' dir='ltr' id='par_1_5' title="bbox 165 398 546 437">
     <span class='ocr_line' id='line_1_5' title="bbox 165 398 546 437; baseline -0.008 -9"><span class='ocrx_word' id='word_1_17' title='bbox 165 402 261 434; x_wconf 71' lang='grc' dir='ltr'>ξασθαι</span> <span class='ocrx_word' id='word_1_18' title='bbox 279 400 319 437; x_wconf 76' lang='grc' dir='ltr'><strong>(τὸ</strong></span> <span class='ocrx_word' id='word_1_19' title='bbox 333 402 421 436; x_wconf 82' lang='grc' dir='ltr'>κρῖμα</span> <span class='ocrx_word' id='word_1_20' title='bbox 435 400 488 427; x_wconf 81' lang='grc' dir='ltr'><strong>ἀπὸ</strong></span> <span class='ocrx_word' id='word_1_21' title='bbox 500 398 546 426; x_wconf 76' lang='grc' dir='ltr'><strong>τοῦ</strong></span> 
     </span>
    </p>
   </div>
   <div class='ocr_carea' id='block_1_6' title="bbox 164 446 549 481">
    <p class='ocr_par' dir='ltr' id='par_1_6' title="bbox 164 446 549 481">
     <span class='ocr_line' id='line_1_6' title="bbox 164 446 549 481; baseline -0.005 -7"><span class='ocrx_word' id='word_1_22' title='bbox 164 448 259 481; x_wconf 72' lang='grc' dir='ltr'><strong>Θεοῦ).</strong></span> <span class='ocrx_word' id='word_1_23' title='bbox 280 446 418 474; x_wconf 71' lang='grc' dir='ltr'><strong>τουτέστιν</strong></span> <span class='ocrx_word' id='word_1_24' title='bbox 440 446 549 478; x_wconf 80' lang='grc' dir='ltr'>ἐνστάν-</span> 
     </span>
    </p>
   </div>
   <div class='ocr_carea' id='block_1_7' title="bbox 163 492 548 528">
    <p class='ocr_par' dir='ltr' id='par_1_7' title="bbox 163 492 548 528">
     <span class='ocr_line' id='line_1_7' title="bbox 163 492 548 528; baseline -0.005 -8"><span class='ocrx_word' id='word_1_25' title='bbox 163 502 209 526; x_wconf 77' lang='grc' dir='ltr'>τος</span> <span class='ocrx_word' id='word_1_26' title='bbox 229 493 277 520; x_wconf 77' lang='grc' dir='ltr'><strong>τοῦ</strong></span> <span class='ocrx_word' id='word_1_27' title='bbox 298 492 411 528; x_wconf 77' lang='grc' dir='ltr'>καιροῦ,</span> <span class='ocrx_word' id='word_1_28' title='bbox 435 492 480 519; x_wconf 74' lang='grc' dir='ltr'>τοῦ</span> <span class='ocrx_word' id='word_1_29' title='bbox 500 492 548 518; x_wconf 83' lang='grc' dir='ltr'><strong>λα-</strong></span> 
     </span>
    </p>
   </div>
   <div class='ocr_carea' id='block_1_8' title="bbox 165 539 548 577">
    <p class='ocr_par' dir='ltr' id='par_1_8' title="bbox 165 539 548 577">
     <span class='ocr_line' id='line_1_8' title="bbox 165 539 548 577; baseline -0.008 -9"><span class='ocrx_word' id='word_1_30' title='bbox 165 543 222 568; x_wconf 74' lang='grc' dir='ltr'>ῦεῖν</span> <span class='ocrx_word' id='word_1_31' title='bbox 237 541 322 577; x_wconf 80' lang='grc' dir='ltr'>ἀρχὴν</span> <span class='ocrx_word' id='word_1_32' title='bbox 336 541 366 567; x_wconf 77' lang='grc' dir='ltr'>τὸ</span> <span class='ocrx_word' id='word_1_33' title='bbox 384 549 393 566; x_wconf 81' lang='lat' dir='ltr'><strong>t</strong></span> <span class='ocrx_word' id='word_1_34' title='bbox 415 540 462 566; x_wconf 78' lang='grc' dir='ltr'>τοῦ</span> <span class='ocrx_word' id='word_1_35' title='bbox 480 539 548 566; x_wconf 77' lang='grc' dir='ltr'><strong>Θεοῦ</strong></span> 
     </span>
    </p>
   </div>
   <div class='ocr_carea' id='block_1_9' title="bbox 165 585 550 624">
    <p class='ocr_par' dir='ltr' id='par_1_9' title="bbox 165 585 550 624">
     <span class='ocr_line' id='line_1_9' title="bbox 165 585 550 624; baseline -0.005 -10"><span class='ocrx_word' id='word_1_36' title='bbox 165 589 261 624; x_wconf 84' lang='grc' dir='ltr'>κρῖμα,</span> <span class='ocrx_word' id='word_1_37' title='bbox 274 587 327 614; x_wconf 76' lang='grc' dir='ltr'>ἀπὸ</span> <span class='ocrx_word' id='word_1_38' title='bbox 335 586 381 613; x_wconf 72' lang='grc' dir='ltr'><strong>τοῦ</strong></span> <span class='ocrx_word' id='word_1_39' title='bbox 390 585 458 612; x_wconf 79' lang='grc' dir='ltr'><strong>Θεοῦ</strong></span> <span class='ocrx_word' id='word_1_40' title='bbox 473 596 482 612; x_wconf 77' lang='grc' dir='ltr'><strong>ι</strong></span> <span class='ocrx_word' id='word_1_41' title='bbox 493 586 550 612; x_wconf 80' lang='grc' dir='ltr'><strong>δια-</strong></span> 
     </span>
    </p>
   </div>
   <div class='ocr_carea' id='block_1_10' title="bbox 165 633 550 670">
    <p class='ocr_par' dir='ltr' id='par_1_10' title="bbox 165 633 550 670">
     <span class='ocr_line' id='line_1_10' title="bbox 165 633 550 670; baseline -0.003 -10"><span class='ocrx_word' id='word_1_42' title='bbox 165 635 268 662; x_wconf 77' lang='grc' dir='ltr'>ϐαίνειν</span> <span class='ocrx_word' id='word_1_43' title='bbox 279 634 402 670; x_wconf 78' lang='grc' dir='ltr'>ἄρχεται,</span> <span class='ocrx_word' id='word_1_44' title='bbox 411 633 550 659; x_wconf 78' lang='grc' dir='ltr'><strong>τουτέστιν</strong></span> 
     </span>
    </p>
   </div>
   <div class='ocr_carea' id='block_1_11' title="bbox 165 681 549 716">
    <p class='ocr_par' dir='ltr' id='par_1_11' title="bbox 165 681 549 716">
     <span class='ocr_line' id='line_1_11' title="bbox 165 681 549 716; baseline -0.005 -7"><span class='ocrx_word' id='word_1_45' title='bbox 165 683 219 709; x_wconf 81' lang='grc' dir='ltr'><strong>ἀπὸ</strong></span> <span class='ocrx_word' id='word_1_46' title='bbox 257 682 311 709; x_wconf 80' lang='grc' dir='ltr'><strong>τῶν</strong></span> <span class='ocrx_word' id='word_1_47' title='bbox 347 681 479 716; x_wconf 79' lang='grc' dir='ltr'><strong>μειζόνων</strong></span> <span class='ocrx_word' id='word_1_48' title='bbox 510 681 549 712; x_wconf 78' lang='grc' dir='ltr'><strong>εις</strong></span> 
     </span>
    </p>
   </div>
   <div class='ocr_carea' id='block_1_12' title="bbox 165 727 550 763">
    <p class='ocr_par' dir='ltr' id='par_1_12' title="bbox 165 727 550 763">
     <span class='ocr_line' id='line_1_12' title="bbox 165 727 550 763; baseline -0.008 -7"><span class='ocrx_word' id='word_1_49' title='bbox 165 728 228 761; x_wconf 77' lang='grc' dir='ltr'><strong>τοὺς</strong></span> <span class='ocrx_word' id='word_1_50' title='bbox 249 728 472 763; x_wconf 80' lang='grc' dir='ltr'>ὑποδεεστέρους,</span> <span class='ocrx_word' id='word_1_51' title='bbox 490 727 550 763; x_wconf 67' lang='grc' dir='ltr'>ἦτοι</span> 
     </span>
    </p>
   </div>
   <div class='ocr_carea' id='block_1_13' title="bbox 167 775 550 809">
    <p class='ocr_par' dir='ltr' id='par_1_13' title="bbox 167 775 550 809">
     <span class='ocr_line' id='line_1_13' title="bbox 167 775 550 809; baseline -0.01 -5"><span class='ocrx_word' id='word_1_52' title='bbox 167 776 222 804; x_wconf 75' lang='grc' dir='ltr'><strong>ἀπὸ</strong></span> <span class='ocrx_word' id='word_1_53' title='bbox 234 776 290 803; x_wconf 85' lang='grc' dir='ltr'><strong>τῶν</strong></span> <span class='ocrx_word' id='word_1_54' title='bbox 306 775 410 802; x_wconf 78' lang='grc' dir='ltr'>πιστῶν</span> <span class='ocrx_word' id='word_1_55' title='bbox 425 775 472 801; x_wconf 79' lang='grc' dir='ltr'>καὶ</span> <span class='ocrx_word' id='word_1_56' title='bbox 485 783 550 809; x_wconf 80' lang='grc' dir='ltr'>συμ-</span> 
     </span>
    </p>
   </div>
   <div class='ocr_carea' id='block_1_14' title="bbox 168 819 550 858">
    <p class='ocr_par' dir='ltr' id='par_1_14' title="bbox 168 819 550 858">
     <span class='ocr_line' id='line_1_14' title="bbox 168 819 550 858; baseline -0.008 -9"><span class='ocrx_word' id='word_1_57' title='bbox 168 822 343 858; x_wconf 75' lang='grc' dir='ltr'>πληρούντων</span> <span class='ocrx_word' id='word_1_58' title='bbox 356 821 406 857; x_wconf 80' lang='grc' dir='ltr'>τὴν</span> <span class='ocrx_word' id='word_1_59' title='bbox 422 820 468 847; x_wconf 85' lang='grc' dir='ltr'>τοῦ</span> <span class='ocrx_word' id='word_1_60' title='bbox 482 819 550 847; x_wconf 84' lang='grc' dir='ltr'>Θεοῦ</span> 
     </span>
    </p>
   </div>
   <div class='ocr_carea' id='block_1_15' title="bbox 172 867 552 905">
    <p class='ocr_par' dir='ltr' id='par_1_15' title="bbox 172 867 552 905">
     <span class='ocr_line' id='line_1_15' title="bbox 172 867 552 905; baseline -0.008 -8"><span class='ocrx_word' id='word_1_61' title='bbox 172 869 394 905; x_wconf 72' lang='grc' dir='ltr'>ἘκκλησίανΔιὸ</span> <span class='ocrx_word' id='word_1_62' title='bbox 403 870 448 899; x_wconf 73' lang='grc' dir='ltr'><strong>καὶ</strong></span> <span class='ocrx_word' id='word_1_63' title='bbox 460 867 552 903; x_wconf 79' lang='grc' dir='ltr'>ἐπιφέ-</span> 
     </span>
    </p>
   </div>
   <div class='ocr_carea' id='block_1_16' title="bbox 169 913 550 951">
    <p class='ocr_par' dir='ltr' id='par_1_16' title="bbox 169 913 550 951">
     <span class='ocr_line' id='line_1_16' title="bbox 169 913 550 951; baseline -0.008 -9"><span class='ocrx_word' id='word_1_64' title='bbox 169 924 221 951; x_wconf 85' lang='grc' dir='ltr'>ρει,</span> <span class='ocrx_word' id='word_1_65' title='bbox 237 916 261 942; x_wconf 82' lang='grc' dir='ltr'>εἰ</span> <span class='ocrx_word' id='word_1_66' title='bbox 274 915 382 951; x_wconf 84' lang='grc' dir='ltr'>πρῶτον</span> <span class='ocrx_word' id='word_1_67' title='bbox 400 915 446 949; x_wconf 77' lang='grc' dir='ltr'><strong>ἀφ’</strong></span> <span class='ocrx_word' id='word_1_68' title='bbox 461 913 550 950; x_wconf 81' lang='grc' dir='ltr'>ἡμῶν,</span> 
     </span>
    </p>
   </div>
   <div class='ocr_carea' id='block_1_17' title="bbox 168 962 554 999">
    <p class='ocr_par' dir='ltr' id='par_1_17' title="bbox 168 962 554 999">
     <span class='ocr_line' id='line_1_17' title="bbox 168 962 554 999; baseline -0.008 -8"><span class='ocrx_word' id='word_1_69' title='bbox 168 965 253 991; x_wconf 77' lang='grc' dir='ltr'>ὄντων</span> <span class='ocrx_word' id='word_1_70' title='bbox 264 963 332 990; x_wconf 80' lang='grc' dir='ltr'>Θεοῦ</span> <span class='ocrx_word' id='word_1_71' title='bbox 345 963 433 993; x_wconf 73' lang='grc' dir='ltr'><strong>οἴκου.</strong></span> <span class='ocrx_word' id='word_1_72' title='bbox 445 963 484 999; x_wconf 79' lang='grc' dir='ltr'><strong>(ἡ)</strong></span> <span class='ocrx_word' id='word_1_73' title='bbox 501 962 554 994; x_wconf 77' lang='grc' dir='ltr'><strong>ἐξέ-</strong></span> 
     </span>
    </p>
   </div>
   <div class='ocr_carea' id='block_1_18' title="bbox 169 1009 554 1045">
    <p class='ocr_par' dir='ltr' id='par_1_18' title="bbox 169 1009 554 1045">
     <span class='ocr_line' id='line_1_18' title="bbox 169 1009 554 1045; baseline -0.005 -8"><span class='ocrx_word' id='word_1_74' title='bbox 169 1019 249 1042; x_wconf 81' lang='grc' dir='ltr'>τασις</span> <span class='ocrx_word' id='word_1_75' title='bbox 264 1009 318 1036; x_wconf 85' lang='grc' dir='ltr'><strong>τῶν</strong></span> <span class='ocrx_word' id='word_1_76' title='bbox 330 1009 504 1045; x_wconf 82' lang='grc' dir='ltr'>βεϐιωμένων</span> <span class='ocrx_word' id='word_1_77' title='bbox 515 1009 554 1042; x_wconf 82' lang='grc' dir='ltr'><strong>γί-</strong></span> 
     </span>
    </p>
   </div>
   <div class='ocr_carea' id='block_1_19' title="bbox 169 1053 554 1091">
    <p class='ocr_par' dir='ltr' id='par_1_19' title="bbox 169 1053 554 1091">
     <span class='ocr_line' id='line_1_19' title="bbox 169 1053 554 1091; baseline -0.003 -9"><span class='ocrx_word' id='word_1_78' title='bbox 169 1065 255 1088; x_wconf 77' lang='grc' dir='ltr'>νεται,</span> <span class='ocrx_word' id='word_1_79' title='bbox 267 1056 294 1082; x_wconf 81' lang='grc' dir='ltr'>τί</span> <span class='ocrx_word' id='word_1_80' title='bbox 310 1055 363 1091; x_wconf 83' lang='grc' dir='ltr'><strong>χρὴ</strong></span> <span class='ocrx_word' id='word_1_81' title='bbox 378 1053 499 1090; x_wconf 81' lang='grc' dir='ltr'>νομίζειν</span> <span class='ocrx_word' id='word_1_82' title='bbox 511 1054 554 1081; x_wconf 79' lang='grc' dir='ltr'><strong>τέ-</strong></span> 
     </span>
    </p>
   </div>
   <div class='ocr_carea' id='block_1_20' title="bbox 169 1100 554 1136">
    <p class='ocr_par' dir='ltr' id='par_1_20' title="bbox 169 1100 554 1136">
     <span class='ocr_line' id='line_1_20' title="bbox 169 1100 554 1136; baseline -0.008 -7"><span class='ocrx_word' id='word_1_83' title='bbox 169 1102 214 1134; x_wconf 83' lang='grc' dir='ltr'><strong>λος</strong></span> <span class='ocrx_word' id='word_1_84' title='bbox 235 1103 293 1134; x_wconf 83' lang='grc' dir='ltr'>τοῖς</span> <span class='ocrx_word' id='word_1_85' title='bbox 315 1101 482 1136; x_wconf 81' lang='grc' dir='ltr'><strong>ἀπειθήσασι</strong></span> <span class='ocrx_word' id='word_1_86' title='bbox 507 1100 554 1127; x_wconf 74' lang='grc' dir='ltr'>τοῦ</span> 
     </span>
    </p>
   </div>
   <div class='ocr_carea' id='block_1_21' title="bbox 170 1145 556 1182">
    <p class='ocr_par' dir='ltr' id='par_1_21' title="bbox 170 1145 556 1182">
     <span class='ocr_line' id='line_1_21' title="bbox 170 1145 556 1182; baseline -0.008 -7"><span class='ocrx_word' id='word_1_87' title='bbox 170 1147 338 1182; x_wconf 74' lang='grc' dir='ltr'>Εὑαγγελὶου</span> <span class='ocrx_word' id='word_1_88' title='bbox 358 1145 409 1182; x_wconf 83' lang='grc' dir='ltr'><strong>(τῷ</strong></span> <span class='ocrx_word' id='word_1_89' title='bbox 433 1146 556 1181; x_wconf 82' lang='grc' dir='ltr'>Εὐαγγε-</span> 
     </span>
    </p>
   </div>
   <div class='ocr_carea' id='block_1_22' title="bbox 171 1194 554 1230">
    <p class='ocr_par' dir='ltr' id='par_1_22' title="bbox 171 1194 554 1230">
     <span class='ocr_line' id='line_1_22' title="bbox 171 1194 554 1230; baseline -0.003 -9"><span class='ocrx_word' id='word_1_90' title='bbox 171 1194 285 1230; x_wconf 72' lang='grc' dir='ltr'>λίῳ)τοῦ</span> <span class='ocrx_word' id='word_1_91' title='bbox 300 1194 369 1221; x_wconf 75' lang='grc' dir='ltr'>Θεοῦ</span> <span class='ocrx_word' id='word_1_92' title='bbox 382 1202 389 1227; x_wconf 92' lang='grc'>;</span> <span class='ocrx_word' id='word_1_93' title='bbox 406 1209 440 1214; x_wconf 93' lang='grc'><strong>--</strong></span> <span class='ocrx_word' id='word_1_94' title='bbox 450 1209 485 1213; x_wconf 93' lang='grc'><strong>-</strong></span> <span class='ocrx_word' id='word_1_95' title='bbox 500 1194 554 1220; x_wconf 79' lang='grc' dir='ltr'><strong>Φά-</strong></span> 
     </span>
    </p>
   </div>
   <div class='ocr_carea' id='block_1_23' title="bbox 174 1238 557 1274">
    <p class='ocr_par' dir='ltr' id='par_1_23' title="bbox 174 1238 557 1274">
     <span class='ocr_line' id='line_1_23' title="bbox 174 1238 557 1274; baseline -0.003 -8"><span class='ocrx_word' id='word_1_96' title='bbox 174 1249 245 1267; x_wconf 83' lang='grc' dir='ltr'>σκων</span> <span class='ocrx_word' id='word_1_97' title='bbox 262 1238 309 1268; x_wconf 84' lang='grc' dir='ltr'><strong>οὖν</strong></span> <span class='ocrx_word' id='word_1_98' title='bbox 322 1240 459 1274; x_wconf 72' lang='grc' dir='ltr'>ἆφευκτον</span> <span class='ocrx_word' id='word_1_99' title='bbox 473 1239 557 1266; x_wconf 85' lang='grc' dir='ltr'>ἁπαν-</span> 
     </span>
    </p>
   </div>
   <div class='ocr_carea' id='block_1_24' title="bbox 171 1285 555 1322">
    <p class='ocr_par' dir='ltr' id='par_1_24' title="bbox 171 1285 555 1322">
     <span class='ocr_line' id='line_1_24' title="bbox 171 1285 555 1322; baseline -0.003 -9"><span class='ocrx_word' id='word_1_100' title='bbox 171 1286 304 1322; x_wconf 68' lang='grc' dir='ltr'>τήσεσοαι</span> <span class='ocrx_word' id='word_1_101' title='bbox 330 1287 387 1318; x_wconf 82' lang='grc' dir='ltr'>τοῖς</span> <span class='ocrx_word' id='word_1_102' title='bbox 421 1285 555 1317; x_wconf 78' lang='grc' dir='ltr'><strong>τοιούτοις</strong></span> 
     </span>
    </p>
   </div>
   <div class='ocr_carea' id='block_1_25' title="bbox 174 1333 557 1368">
    <p class='ocr_par' dir='ltr' id='par_1_25' title="bbox 174 1333 557 1368">
     <span class='ocr_line' id='line_1_25' title="bbox 174 1333 557 1368; baseline -0.003 -8"><span class='ocrx_word' id='word_1_103' title='bbox 174 1334 300 1364; x_wconf 75' lang='grc' dir='ltr'>κόλασιν,</span> <span class='ocrx_word' id='word_1_104' title='bbox 318 1333 352 1368; x_wconf 80' lang='grc' dir='ltr'>ἢν</span> <span class='ocrx_word' id='word_1_105' title='bbox 366 1333 444 1364; x_wconf 79' lang='grc' dir='ltr'><strong>τέλος</strong></span> <span class='ocrx_word' id='word_1_106' title='bbox 467 1333 557 1359; x_wconf 78' lang='grc' dir='ltr'>αὐτῶν</span> 
     </span>
    </p>
   </div>
   <div class='ocr_carea' id='block_1_26' title="bbox 173 1374 559 1417">
    <p class='ocr_par' dir='ltr' id='par_1_26' title="bbox 173 1374 559 1417">
     <span class='ocr_line' id='line_1_26' title="bbox 173 1374 559 1417; baseline 0 -10"><span class='ocrx_word' id='word_1_107' title='bbox 173 1381 311 1416; x_wconf 80' lang='grc' dir='ltr'>ὠνόμασε,</span> <span class='ocrx_word' id='word_1_108' title='bbox 327 1374 507 1417; x_wconf 68' lang='grc' dir='ltr'>περιγράφων</span> <span class='ocrx_word' id='word_1_109' title='bbox 527 1380 559 1415; x_wconf 75' lang='grc' dir='ltr'>ἣν</span> 
     </span>
    </p>
   </div>
   <div class='ocr_carea' id='block_1_27' title="bbox 176 1424 560 1462">
    <p class='ocr_par' dir='ltr' id='par_1_27' title="bbox 176 1424 560 1462">
     <span class='ocr_line' id='line_1_27' title="bbox 176 1424 560 1462; baseline -0.003 -9"><span class='ocrx_word' id='word_1_110' title='bbox 176 1424 249 1462; x_wconf 70' lang='grc' dir='ltr'>εἶχον</span> <span class='ocrx_word' id='word_1_111' title='bbox 265 1427 418 1459; x_wconf 74' lang='grc' dir='ltr'><strong>ἀπείθειαν,</strong></span> <span class='ocrx_word' id='word_1_112' title='bbox 431 1426 560 1460; x_wconf 74' lang='grc' dir='ltr'><strong>διεγείρει</strong></span> 
     </span>
    </p>
   </div>
   <div class='ocr_carea' id='block_1_28' title="bbox 174 1473 561 1508">
    <p class='ocr_par' dir='ltr' id='par_1_28' title="bbox 174 1473 561 1508">
     <span class='ocr_line' id='line_1_28' title="bbox 174 1473 561 1508; baseline -0.005 -7"><span class='ocrx_word' id='word_1_113' title='bbox 174 1474 285 1507; x_wconf 76' lang='grc' dir='ltr'><strong>τούτους</strong></span> <span class='ocrx_word' id='word_1_114' title='bbox 306 1475 346 1506; x_wconf 82' lang='grc' dir='ltr'>εἰς</span> <span class='ocrx_word' id='word_1_115' title='bbox 369 1473 463 1508; x_wconf 76' lang='grc' dir='ltr'>φόὸον,</span> <span class='ocrx_word' id='word_1_116' title='bbox 480 1481 561 1500; x_wconf 85' lang='grc' dir='ltr'>τουτ-</span> 
     </span>
    </p>
   </div>
   <div class='ocr_carea' id='block_1_29' title="bbox 177 1522 562 1557">
    <p class='ocr_par' dir='ltr' id='par_1_29' title="bbox 177 1522 562 1557">
     <span class='ocr_line' id='line_1_29' title="bbox 177 1522 562 1557; baseline -0.008 -7"><span class='ocrx_word' id='word_1_117' title='bbox 177 1523 236 1550; x_wconf 83' lang='grc' dir='ltr'>έστι</span> <span class='ocrx_word' id='word_1_118' title='bbox 257 1523 321 1555; x_wconf 75' lang='grc' dir='ltr'>τοὺς</span> <span class='ocrx_word' id='word_1_119' title='bbox 335 1522 516 1554; x_wconf 79' lang='grc' dir='ltr'><strong>ἀπειθοῦντας</strong></span> <span class='ocrx_word' id='word_1_120' title='bbox 529 1523 562 1557; x_wconf 86' lang='grc' dir='ltr'>τῇ</span> 
     </span>
    </p>
   </div>
   <div class='ocr_carea' id='block_1_30' title="bbox 815 140 1190 170">
    <p class='ocr_par' dir='ltr' id='par_1_30' title="bbox 815 140 1190 170">
     <span class='ocr_line' id='line_1_30' title="bbox 815 140 1190 170; baseline -0.005 0"><span class='ocrx_word' id='word_1_121' title='bbox 815 141 935 170; x_wconf 72' lang='grc' dir='ltr'><strong>ὒΙΙ)ἵΜ1</strong></span> <span class='ocrx_word' id='word_1_122' title='bbox 956 140 1190 169; x_wconf 68' lang='lat' dir='ltr'><strong>ALEXANDRINI</strong></span> 
     </span>
    </p>
   </div>
   <div class='ocr_carea' id='block_1_31' title="bbox 163 195 1817 242">
    <p class='ocr_par' dir='ltr' id='par_1_31' title="bbox 163 195 1817 242">
     <span class='ocr_line' id='line_1_31' title="bbox 163 195 1817 242; baseline -0.007 -8"><span class='ocrx_word' id='word_1_123' title='bbox 163 208 224 242; x_wconf 89' lang='lat' dir='ltr'><strong>quis</strong></span> <span class='ocrx_word' id='word_1_124' title='bbox 243 206 304 234; x_wconf 80' lang='lat' dir='ltr'><strong>ﬁnis</strong></span> <span class='ocrx_word' id='word_1_125' title='bbox 322 211 432 237; x_wconf 78' lang='lat' dir='ltr'><strong>eorum,</strong></span> <span class='ocrx_word' id='word_1_126' title='bbox 449 203 495 238; x_wconf 88' lang='lat' dir='ltr'><strong>qtti</strong></span> <span class='ocrx_word' id='word_1_127' title='bbox 518 211 574 230; x_wconf 68' lang='grc' dir='ltr'>ιιιοη</span> <span class='ocrx_word' id='word_1_128' title='bbox 602 203 716 230; x_wconf 66' lang='lat' dir='ltr'><strong>credunt</strong></span> <span class='ocrx_word' id='word_1_129' title='bbox 738 202 783 229; x_wconf 77' lang='lat' dir='ltr'><strong>Dei</strong></span> <span class='ocrx_word' id='word_1_130' title='bbox 801 201 964 235; x_wconf 76' lang='lat' dir='ltr'><strong>Evangelia&quot;</strong></span> <span class='ocrx_word' id='word_1_131' title='bbox 980 208 1001 235; x_wconf 76' lang='grc' dir='ltr'><strong>Α</strong></span> <span class='ocrx_word' id='word_1_132' title='bbox 1019 205 1092 232; x_wconf 83' lang='lat' dir='ltr'><strong>runt,</strong></span> <span class='ocrx_word' id='word_1_133' title='bbox 1106 200 1138 226; x_wconf 88' lang='lat' dir='ltr'><strong>ad</strong></span> <span class='ocrx_word' id='word_1_134' title='bbox 1152 198 1379 226; x_wconf 79' lang='lat' dir='ltr'><strong>resurrectionem</strong></span> <span class='ocrx_word' id='word_1_135' title='bbox 1393 196 1454 222; x_wconf 67' lang='lat' dir='ltr'><strong>vita:</strong></span> <span class='ocrx_word' id='word_1_136' title='bbox 1467 195 1652 228; x_wconf 68' lang='lat' dir='ltr'><strong>venientibus,</strong></span> <span class='ocrx_word' id='word_1_137' title='bbox 1666 196 1711 230; x_wconf 86' lang='lat' dir='ltr'><strong>qui</strong></span> <span class='ocrx_word' id='word_1_138' title='bbox 1726 204 1817 230; x_wconf 79' lang='lat' dir='ltr'><strong>prava</strong></span> 
     </span>
    </p>
   </div>
   <div class='ocr_carea' id='block_1_32' title="bbox 1015 242 1795 277">
    <p class='ocr_par' dir='ltr' id='par_1_32' title="bbox 1015 242 1795 277">
     <span class='ocr_line' id='line_1_32' title="bbox 1015 242 1795 277; baseline -0.004 -4"><span class='ocrx_word' id='word_1_139' title='bbox 1015 246 1148 277; x_wconf 80' lang='lat' dir='ltr'><strong>fecerunt,</strong></span> <span class='ocrx_word' id='word_1_140' title='bbox 1165 245 1197 272; x_wconf 87' lang='lat' dir='ltr'><strong>ad</strong></span> <span class='ocrx_word' id='word_1_141' title='bbox 1215 244 1439 271; x_wconf 82' lang='lat' dir='ltr'><strong>resurrectionem</strong></span> <span class='ocrx_word' id='word_1_142' title='bbox 1454 243 1548 276; x_wconf 82' lang='lat' dir='ltr'><strong>iudicii</strong></span> <span class='ocrx_word' id='word_1_143' title='bbox 1576 242 1744 269; x_wconf 77' lang='lat' dir='ltr'><strong>SllScllanllll‘</strong></span> <span class='ocrx_word' id='word_1_144' title='bbox 1758 242 1795 270; x_wconf 84' lang='lat'><em>&quot;.</em></span> 
     </span>
    </p>
   </div>
   <div class='ocr_carea' id='block_1_33' title="bbox 579 247 962 282">
    <p class='ocr_par' dir='ltr' id='par_1_33' title="bbox 579 247 962 282">
     <span class='ocr_line' id='line_1_33' title="bbox 579 247 962 282; baseline -0.008 -7"><span class='ocrx_word' id='word_1_145' title='bbox 579 257 628 275; x_wconf 74' lang='lat' dir='ltr'><strong>vus</strong></span> <span class='ocrx_word' id='word_1_146' title='bbox 643 248 689 279; x_wconf 85' lang='lat' dir='ltr'><strong>sit,</strong></span> <span class='ocrx_word' id='word_1_147' title='bbox 705 252 832 282; x_wconf 81' lang='lat' dir='ltr'><strong>peccator</strong></span> <span class='ocrx_word' id='word_1_148' title='bbox 858 251 884 273; x_wconf 87' lang='lat' dir='ltr'><strong>et</strong></span> <span class='ocrx_word' id='word_1_149' title='bbox 912 247 962 272; x_wconf 90' lang='lat' dir='ltr'><strong>im-</strong></span> 
     </span>
    </p>
   </div>
   <div class='ocr_carea' id='block_1_34' title="bbox 621 353 961 387">
    <p class='ocr_par' dir='ltr' id='par_1_34' title="bbox 621 353 961 387">
     <span class='ocr_line' id='line_1_34' title="bbox 621 353 961 387; baseline -0.009 -8"><span class='ocrx_word' id='word_1_150' title='bbox 621 353 739 380; x_wconf 86' lang='lat' dir='ltr'><strong>lnstante</strong></span> <span class='ocrx_word' id='word_1_151' title='bbox 752 353 806 387; x_wconf 84' lang='lat' dir='ltr'><strong>iam</strong></span> <span class='ocrx_word' id='word_1_152' title='bbox 829 356 961 386; x_wconf 70' lang='lat' dir='ltr'><strong>tempore,</strong></span> 
     </span>
    </p>
   </div>
   <div class='ocr_carea' id='block_1_35' title="bbox 585 396 962 426">
    <p class='ocr_par' dir='ltr' id='par_1_35' title="bbox 585 396 962 426">
     <span class='ocr_line' id='line_1_35' title="bbox 585 396 962 426; baseline -0.011 0"><span class='ocrx_word' id='word_1_153' title='bbox 585 404 612 426; x_wconf 86' lang='lat' dir='ltr'><strong>ut</strong></span> <span class='ocrx_word' id='word_1_154' title='bbox 640 399 744 426; x_wconf 88' lang='lat' dir='ltr'><strong>initium</strong></span> <span class='ocrx_word' id='word_1_155' title='bbox 773 400 894 425; x_wconf 76' lang='lat' dir='ltr'><strong>Slllllel‘el</strong></span> <span class='ocrx_word' id='word_1_156' title='bbox 918 396 962 423; x_wconf 82' lang='lat' dir='ltr'><strong>Dei</strong></span> 
     </span>
    </p>
   </div>
   <div class='ocr_carea' id='block_1_36' title="bbox 582 443 964 481">
    <p class='ocr_par' dir='ltr' id='par_1_36' title="bbox 582 443 964 481">
     <span class='ocr_line' id='line_1_36' title="bbox 582 443 964 481; baseline -0.005 -10"><span class='ocrx_word' id='word_1_157' title='bbox 582 446 731 481; x_wconf 82' lang='lat' dir='ltr'><strong>judicium,</strong></span> <span class='ocrx_word' id='word_1_158' title='bbox 759 444 854 478; x_wconf 89' lang='lat' dir='ltr'><strong>incipit</strong></span> <span class='ocrx_word' id='word_1_159' title='bbox 875 443 964 470; x_wconf 82' lang='lat' dir='ltr'><strong>faccre</strong></span> 
     </span>
    </p>
   </div>
   <div class='ocr_carea' id='block_1_37' title="bbox 587 488 964 524">
    <p class='ocr_par' dir='ltr' id='par_1_37' title="bbox 587 488 964 524">
     <span class='ocr_line' id='line_1_37' title="bbox 587 488 964 524; baseline -0.008 -6"><span class='ocrx_word' id='word_1_160' title='bbox 587 491 729 518; x_wconf 87' lang='lat' dir='ltr'><strong>trausitutn</strong></span> <span class='ocrx_word' id='word_1_161' title='bbox 743 499 756 516; x_wconf 88' lang='lat' dir='ltr'><strong>a</strong></span> <span class='ocrx_word' id='word_1_162' title='bbox 769 489 916 524; x_wconf 90' lang='lat' dir='ltr'><strong>majoribus</strong></span> <span class='ocrx_word' id='word_1_163' title='bbox 932 488 964 515; x_wconf 91' lang='lat' dir='ltr'><strong>ad</strong></span> 
     </span>
    </p>
   </div>
   <div class='ocr_carea' id='block_1_38' title="bbox 587 536 962 572">
    <p class='ocr_par' dir='ltr' id='par_1_38' title="bbox 587 536 962 572">
     <span class='ocr_line' id='line_1_38' title="bbox 587 536 962 572; baseline -0.008 -7"><span class='ocrx_word' id='word_1_164' title='bbox 587 539 715 566; x_wconf 86' lang='lat' dir='ltr'><strong>minores.</strong></span> <span class='ocrx_word' id='word_1_165' title='bbox 730 538 898 572; x_wconf 78' lang='lat' dir='ltr'><strong>Quapropter</strong></span> <span class='ocrx_word' id='word_1_166' title='bbox 910 536 962 563; x_wconf 87' lang='lat' dir='ltr'><strong>ait:</strong></span> 
     </span>
    </p>
   </div>
   <div class='ocr_carea' id='block_1_39' title="bbox 588 581 965 618">
    <p class='ocr_par' dir='ltr' id='par_1_39' title="bbox 588 581 965 618">
     <span class='ocr_line' id='line_1_39' title="bbox 588 581 965 618; baseline -0.011 -7"><span class='ocrx_word' id='word_1_167' title='bbox 588 594 598 610; x_wconf 85' lang='grc'><strong><em>‹</em></strong></span> <span class='ocrx_word' id='word_1_168' title='bbox 631 583 750 618; x_wconf 85' lang='lat' dir='ltr'><strong>Tempus</strong></span> <span class='ocrx_word' id='word_1_169' title='bbox 785 581 965 609; x_wconf 83' lang='lat' dir='ltr'><strong>inchoatiouis</strong></span> 
     </span>
    </p>
   </div>
   <div class='ocr_carea' id='block_1_40' title="bbox 583 627 962 665">
    <p class='ocr_par' dir='ltr' id='par_1_40' title="bbox 583 627 962 665">
     <span class='ocr_line' id='line_1_40' title="bbox 583 627 962 665; baseline -0.013 -7"><span class='ocrx_word' id='word_1_170' title='bbox 583 630 676 665; x_wconf 89' lang='lat' dir='ltr'><strong>iudicii</strong></span> <span class='ocrx_word' id='word_1_171' title='bbox 702 637 735 656; x_wconf 80' lang='lat' dir='ltr'><strong>ex</strong></span> <span class='ocrx_word' id='word_1_172' title='bbox 760 629 840 656; x_wconf 90' lang='lat' dir='ltr'><strong>domo</strong></span> <span class='ocrx_word' id='word_1_173' title='bbox 866 627 929 659; x_wconf 84' lang='lat' dir='ltr'><strong>Dei,</strong></span> <span class='ocrx_word' id='word_1_174' title='bbox 953 636 962 653; x_wconf 75' lang='grc' dir='ltr'><strong>ι</strong></span> 
     </span>
    </p>
   </div>
   <div class='ocr_carea' id='block_1_41' title="bbox 587 674 967 709">
    <p class='ocr_par' dir='ltr' id='par_1_41' title="bbox 587 674 967 709">
     <span class='ocr_line' id='line_1_41' title="bbox 587 674 967 709; baseline -0.011 -5"><span class='ocrx_word' id='word_1_175' title='bbox 587 678 639 705; x_wconf 83' lang='grc' dir='ltr'>Ιιοο</span> <span class='ocrx_word' id='word_1_176' title='bbox 662 681 722 709; x_wconf 82' lang='lat' dir='ltr'><strong>est,</strong></span> <span class='ocrx_word' id='word_1_177' title='bbox 749 683 764 703; x_wconf 82' lang='lat' dir='ltr'><strong>a</strong></span> <span class='ocrx_word' id='word_1_178' title='bbox 795 674 918 702; x_wconf 81' lang='lat' dir='ltr'><strong>ﬁdelibus</strong></span> <span class='ocrx_word' id='word_1_179' title='bbox 941 678 967 701; x_wconf 90' lang='lat' dir='ltr'><strong>et</strong></span> 
     </span>
    </p>
   </div>
   <div class='ocr_carea' id='block_1_42' title="bbox 586 719 967 758">
    <p class='ocr_par' dir='ltr' id='par_1_42' title="bbox 586 719 967 758">
     <span class='ocr_line' id='line_1_42' title="bbox 586 719 967 758; baseline -0.013 -7"><span class='ocrx_word' id='word_1_180' title='bbox 586 722 783 758; x_wconf 85' lang='lat' dir='ltr'><strong>complentibus</strong></span> <span class='ocrx_word' id='word_1_181' title='bbox 793 721 839 748; x_wconf 86' lang='lat' dir='ltr'><strong>Dei</strong></span> <span class='ocrx_word' id='word_1_182' title='bbox 853 719 967 748; x_wconf 77' lang='lat' dir='ltr'><strong>viventis</strong></span> 
     </span>
    </p>
   </div>
   <div class='ocr_carea' id='block_1_43' title="bbox 587 766 967 796">
    <p class='ocr_par' dir='ltr' id='par_1_43' title="bbox 587 766 967 796">
     <span class='ocr_line' id='line_1_43' title="bbox 587 766 967 796; baseline -0.011 0"><span class='ocrx_word' id='word_1_183' title='bbox 587 769 746 796; x_wconf 87' lang='lat' dir='ltr'><strong>Ecclesiam.</strong></span> <span class='ocrx_word' id='word_1_184' title='bbox 781 766 856 794; x_wconf 87' lang='lat' dir='ltr'><strong>Unde</strong></span> <span class='ocrx_word' id='word_1_185' title='bbox 885 766 967 794; x_wconf 89' lang='lat' dir='ltr'><strong>etiam</strong></span> 
     </span>
    </p>
   </div>
   <div class='ocr_carea' id='block_1_44' title="bbox 588 814 968 849">
    <p class='ocr_par' dir='ltr' id='par_1_44' title="bbox 588 814 968 849">
     <span class='ocr_line' id='line_1_44' title="bbox 588 814 968 849; baseline -0.013 -6"><span class='ocrx_word' id='word_1_186' title='bbox 588 815 678 847; x_wconf 81' lang='lat' dir='ltr'><strong>infert,</strong></span> <span class='ocrx_word' id='word_1_187' title='bbox 696 815 717 842; x_wconf 94' lang='lat' dir='ltr'><strong>si</strong></span> <span class='ocrx_word' id='word_1_188' title='bbox 743 814 858 849; x_wconf 86' lang='lat' dir='ltr'><strong>primunt</strong></span> <span class='ocrx_word' id='word_1_189' title='bbox 881 821 895 838; x_wconf 88' lang='lat' dir='ltr'><strong>a</strong></span> <span class='ocrx_word' id='word_1_190' title='bbox 919 821 968 839; x_wconf 88' lang='lat' dir='ltr'><strong>no-</strong></span> 
     </span>
    </p>
   </div>
   <div class='ocr_carea' id='block_1_45' title="bbox 588 860 966 898">
    <p class='ocr_par' dir='ltr' id='par_1_45' title="bbox 588 860 966 898">
     <span class='ocr_line' id='line_1_45' title="bbox 588 860 966 898; baseline -0.005 -8"><span class='ocrx_word' id='word_1_191' title='bbox 588 863 639 896; x_wconf 90' lang='lat' dir='ltr'><strong>bis,</strong></span> <span class='ocrx_word' id='word_1_192' title='bbox 649 862 694 898; x_wconf 90' lang='lat' dir='ltr'><strong>qui</strong></span> <span class='ocrx_word' id='word_1_193' title='bbox 705 869 798 889; x_wconf 84' lang='lat' dir='ltr'><strong>sumus</strong></span> <span class='ocrx_word' id='word_1_194' title='bbox 807 860 966 888; x_wconf 84' lang='lat' dir='ltr'><strong>Dcidomus.</strong></span> 
     </span>
    </p>
   </div>
   <div class='ocr_carea' id='block_1_46' title="bbox 589 906 968 941">
    <p class='ocr_par' dir='ltr' id='par_1_46' title="bbox 589 906 968 941">
     <span class='ocr_line' id='line_1_46' title="bbox 589 906 968 941; baseline -0.013 -4"><span class='ocrx_word' id='word_1_195' title='bbox 589 907 754 937; x_wconf 71' lang='lat' dir='ltr'><strong>examinatio</strong></span> <span class='ocrx_word' id='word_1_196' title='bbox 774 912 880 935; x_wconf 84' lang='lat' dir='ltr'><strong>actuum</strong></span> <span class='ocrx_word' id='word_1_197' title='bbox 895 906 968 941; x_wconf 76' lang='lat' dir='ltr'><strong>cogi-</strong></span> 
     </span>
    </p>
   </div>
   <div class='ocr_carea' id='block_1_47' title="bbox 590 953 968 990">
    <p class='ocr_par' dir='ltr' id='par_1_47' title="bbox 590 953 968 990">
     <span class='ocr_line' id='line_1_47' title="bbox 590 953 968 990; baseline -0.013 -6"><span class='ocrx_word' id='word_1_198' title='bbox 590 955 775 990; x_wconf 88' lang='lat' dir='ltr'><strong>tationumque</strong></span> <span class='ocrx_word' id='word_1_199' title='bbox 811 953 840 980; x_wconf 86' lang='lat' dir='ltr'><strong>tit</strong></span> <span class='ocrx_word' id='word_1_200' title='bbox 848 972 856 986; x_wconf 89' lang='lat'><strong>,</strong></span> <span class='ocrx_word' id='word_1_201' title='bbox 888 959 968 987; x_wconf 87' lang='lat' dir='ltr'><strong>quem</strong></span> 
     </span>
    </p>
   </div>
   <div class='ocr_carea' id='block_1_48' title="bbox 589 1003 969 1032">
    <p class='ocr_par' dir='ltr' id='par_1_48' title="bbox 589 1003 969 1032">
     <span class='ocr_line' id='line_1_48' title="bbox 589 1003 969 1032; baseline -0.013 0"><span class='ocrx_word' id='word_1_202' title='bbox 589 1004 701 1032; x_wconf 89' lang='lat' dir='ltr'><strong>creditis</strong></span> <span class='ocrx_word' id='word_1_203' title='bbox 734 1003 878 1030; x_wconf 90' lang='lat' dir='ltr'><strong>terminum</strong></span> <span class='ocrx_word' id='word_1_204' title='bbox 915 1007 969 1028; x_wconf 91' lang='lat' dir='ltr'><strong>non</strong></span> 
     </span>
    </p>
   </div>
   <div class='ocr_carea' id='block_1_49' title="bbox 590 1050 970 1084">
    <p class='ocr_par' dir='ltr' id='par_1_49' title="bbox 590 1050 970 1084">
     <span class='ocr_line' id='line_1_49' title="bbox 590 1050 970 1084; baseline -0.013 -4"><span class='ocrx_word' id='word_1_205' title='bbox 590 1052 763 1080; x_wconf 80' lang='lat' dir='ltr'><strong>credentibus</strong></span> <span class='ocrx_word' id='word_1_206' title='bbox 784 1050 829 1078; x_wconf 86' lang='lat' dir='ltr'><strong>Dei</strong></span> <span class='ocrx_word' id='word_1_207' title='bbox 849 1050 970 1084; x_wconf 77' lang='lat' dir='ltr'><strong>Evange-</strong></span> 
     </span>
    </p>
   </div>
   <div class='ocr_carea' id='block_1_50' title="bbox 592 1095 972 1134">
    <p class='ocr_par' dir='ltr' id='par_1_50' title="bbox 592 1095 972 1134">
     <span class='ocr_line' id='line_1_50' title="bbox 592 1095 972 1134; baseline -0.016 -7"><span class='ocrx_word' id='word_1_208' title='bbox 592 1099 628 1127; x_wconf 93' lang='lat' dir='ltr'><strong>lio</strong></span> <span class='ocrx_word' id='word_1_209' title='bbox 659 1096 819 1134; x_wconf 78' lang='lat' dir='ltr'><strong>pervenire?</strong></span> <span class='ocrx_word' id='word_1_210' title='bbox 843 1095 895 1123; x_wconf 79' lang='lat' dir='ltr'><strong>Per</strong></span> <span class='ocrx_word' id='word_1_211' title='bbox 921 1095 972 1122; x_wconf 85' lang='lat' dir='ltr'><strong>hoc</strong></span> 
     </span>
    </p>
   </div>
   <div class='ocr_carea' id='block_1_51' title="bbox 592 1142 971 1178">
    <p class='ocr_par' dir='ltr' id='par_1_51' title="bbox 592 1142 971 1178">
     <span class='ocr_line' id='line_1_51' title="bbox 592 1142 971 1178; baseline -0.016 -4"><span class='ocrx_word' id='word_1_212' title='bbox 592 1151 728 1175; x_wconf 87' lang='lat' dir='ltr'><strong>certamen</strong></span> <span class='ocrx_word' id='word_1_213' title='bbox 750 1143 918 1178; x_wconf 80' lang='lat' dir='ltr'><strong>multumque</strong></span> <span class='ocrx_word' id='word_1_214' title='bbox 937 1142 971 1169; x_wconf 91' lang='lat' dir='ltr'><strong>ti-</strong></span> 
     </span>
    </p>
   </div>
   <div class='ocr_carea' id='block_1_52' title="bbox 594 1189 971 1221">
    <p class='ocr_par' dir='ltr' id='par_1_52' title="bbox 594 1189 971 1221">
     <span class='ocr_line' id='line_1_52' title="bbox 594 1189 971 1221; baseline -0.013 -1"><span class='ocrx_word' id='word_1_215' title='bbox 594 1200 696 1221; x_wconf 90' lang='lat' dir='ltr'><strong>morem</strong></span> <span class='ocrx_word' id='word_1_216' title='bbox 726 1191 849 1219; x_wconf 79' lang='lat' dir='ltr'><strong>lldelibus</strong></span> <span class='ocrx_word' id='word_1_217' title='bbox 874 1189 971 1221; x_wconf 80' lang='lat' dir='ltr'><strong>infert,</strong></span> 
     </span>
    </p>
   </div>
   <div class='ocr_carea' id='block_1_53' title="bbox 593 1237 975 1276">
    <p class='ocr_par' dir='ltr' id='par_1_53' title="bbox 593 1237 975 1276">
     <span class='ocr_line' id='line_1_53' title="bbox 593 1237 975 1276; baseline -0.013 -9"><span class='ocrx_word' id='word_1_218' title='bbox 593 1245 726 1276; x_wconf 84' lang='lat' dir='ltr'><strong>quatenus</strong></span> <span class='ocrx_word' id='word_1_219' title='bbox 757 1243 836 1266; x_wconf 88' lang='lat' dir='ltr'><strong>caute</strong></span> <span class='ocrx_word' id='word_1_220' title='bbox 869 1237 975 1264; x_wconf 89' lang='lat' dir='ltr'><strong>discant</strong></span> 
     </span>
    </p>
   </div>
   <div class='ocr_carea' id='block_1_54' title="bbox 589 1282 975 1320">
    <p class='ocr_par' dir='ltr' id='par_1_54' title="bbox 589 1282 975 1320">
     <span class='ocr_line' id='line_1_54' title="bbox 589 1282 975 1320; baseline -0.016 -6"><span class='ocrx_word' id='word_1_221' title='bbox 589 1286 718 1320; x_wconf 87' lang='lat' dir='ltr'><strong>iudicem,</strong></span> <span class='ocrx_word' id='word_1_222' title='bbox 732 1285 764 1311; x_wconf 88' lang='lat' dir='ltr'><strong>ad</strong></span> <span class='ocrx_word' id='word_1_223' title='bbox 781 1291 859 1318; x_wconf 88' lang='lat' dir='ltr'><strong>quem</strong></span> <span class='ocrx_word' id='word_1_224' title='bbox 875 1282 975 1309; x_wconf 82' lang='lat' dir='ltr'><strong>habere</strong></span> 
     </span>
    </p>
   </div>
   <div class='ocr_carea' id='block_1_55' title="bbox 595 1328 976 1367">
    <p class='ocr_par' dir='ltr' id='par_1_55' title="bbox 595 1328 976 1367">
     <span class='ocr_line' id='line_1_55' title="bbox 595 1328 976 1367; baseline -0.018 -7"><span class='ocrx_word' id='word_1_225' title='bbox 595 1335 719 1367; x_wconf 89' lang='lat' dir='ltr'><strong>poterunt</strong></span> <span class='ocrx_word' id='word_1_226' title='bbox 731 1331 789 1358; x_wconf 88' lang='lat' dir='ltr'><strong>sine</strong></span> <span class='ocrx_word' id='word_1_227' title='bbox 801 1329 881 1357; x_wconf 88' lang='lat' dir='ltr'><strong>dubio</strong></span> <span class='ocrx_word' id='word_1_228' title='bbox 894 1328 976 1355; x_wconf 79' lang='lat' dir='ltr'><strong>ratio-</strong></span> 
     </span>
    </p>
   </div>
   <div class='ocr_carea' id='block_1_56' title="bbox 598 1375 976 1411">
    <p class='ocr_par' dir='ltr' id='par_1_56' title="bbox 598 1375 976 1411">
     <span class='ocr_line' id='line_1_56' title="bbox 598 1375 976 1411; baseline -0.016 -5"><span class='ocrx_word' id='word_1_229' title='bbox 598 1386 668 1406; x_wconf 88' lang='lat' dir='ltr'><strong>nem.</strong></span> <span class='ocrx_word' id='word_1_230' title='bbox 687 1376 741 1405; x_wconf 82' lang='lat' dir='ltr'><strong>llos</strong></span> <span class='ocrx_word' id='word_1_231' title='bbox 763 1383 827 1411; x_wconf 77' lang='lat' dir='ltr'><strong>ergo</strong></span> <span class='ocrx_word' id='word_1_232' title='bbox 844 1375 976 1407; x_wconf 77' lang='lat' dir='ltr'><strong>excitans,</strong></span> 
     </span>
    </p>
   </div>
   <div class='ocr_carea' id='block_1_57' title="bbox 598 1422 977 1458">
    <p class='ocr_par' dir='ltr' id='par_1_57' title="bbox 598 1422 977 1458">
     <span class='ocr_line' id='line_1_57' title="bbox 598 1422 977 1458; baseline -0.016 -5"><span class='ocrx_word' id='word_1_233' title='bbox 598 1426 631 1453; x_wconf 93' lang='lat' dir='ltr'><strong>ad</strong></span> <span class='ocrx_word' id='word_1_234' title='bbox 650 1425 772 1452; x_wconf 90' lang='lat' dir='ltr'><strong>timorem</strong></span> <span class='ocrx_word' id='word_1_235' title='bbox 794 1423 852 1458; x_wconf 82' lang='lat' dir='ltr'><strong>eius</strong></span> <span class='ocrx_word' id='word_1_236' title='bbox 871 1422 977 1453; x_wconf 89' lang='lat' dir='ltr'><strong>invitat,</strong></span> 
     </span>
    </p>
   </div>
   <div class='ocr_carea' id='block_1_58' title="bbox 599 1469 979 1505">
    <p class='ocr_par' dir='ltr' id='par_1_58' title="bbox 599 1469 979 1505">
     <span class='ocr_line' id='line_1_58' title="bbox 599 1469 979 1505; baseline -0.011 -5"><span class='ocrx_word' id='word_1_237' title='bbox 599 1473 702 1505; x_wconf 90' lang='lat' dir='ltr'><strong>dicens,</strong></span> <span class='ocrx_word' id='word_1_238' title='bbox 714 1479 767 1499; x_wconf 88' lang='lat' dir='ltr'><strong>non</strong></span> <span class='ocrx_word' id='word_1_239' title='bbox 781 1470 924 1498; x_wconf 78' lang='lat' dir='ltr'><strong>erodentcs</strong></span> <span class='ocrx_word' id='word_1_240' title='bbox 938 1469 979 1496; x_wconf 88' lang='lat' dir='ltr'><strong>di-</strong></span> 
     </span>
    </p>
   </div>
   <div class='ocr_carea' id='block_1_59' title="bbox 601 1515 980 1545">
    <p class='ocr_par' dir='ltr' id='par_1_59' title="bbox 601 1515 980 1545">
     <span class='ocr_line' id='line_1_59' title="bbox 601 1515 980 1545; baseline -0.011 0"><span class='ocrx_word' id='word_1_241' title='bbox 601 1519 669 1545; x_wconf 77' lang='lat' dir='ltr'><strong>vina:</strong></span> <span class='ocrx_word' id='word_1_242' title='bbox 688 1516 817 1545; x_wconf 63' lang='lat' dir='ltr'><strong>doctrinae</strong></span> <span class='ocrx_word' id='word_1_243' title='bbox 839 1515 980 1543; x_wconf 88' lang='lat' dir='ltr'><strong>inevitabi-</strong></span> 
     </span>
    </p>
   </div>
   <div class='ocr_carea' id='block_1_60' title="bbox 1013 300 1395 338">
    <p class='ocr_par' dir='ltr' id='par_1_60' title="bbox 1013 300 1395 338">
     <span class='ocr_line' id='line_1_60' title="bbox 1013 300 1395 338; baseline -0.008 -9"><span class='ocrx_word' id='word_1_244' title='bbox 1013 303 1099 334; x_wconf 76' lang='grc' dir='ltr'>Μόλις</span> <span class='ocrx_word' id='word_1_245' title='bbox 1130 302 1185 338; x_wconf 73' lang='grc' dir='ltr'><strong>γὰρ</strong></span> <span class='ocrx_word' id='word_1_246' title='bbox 1215 301 1262 329; x_wconf 83' lang='grc' dir='ltr'><strong>τοῦ</strong></span> <span class='ocrx_word' id='word_1_247' title='bbox 1291 300 1395 328; x_wconf 69' lang='grc' dir='ltr'>δικαίου</span> 
     </span>
    </p>
   </div>
   <div class='ocr_carea' id='block_1_61' title="bbox 1015 347 1398 384">
    <p class='ocr_par' dir='ltr' id='par_1_61' title="bbox 1015 347 1398 384">
     <span class='ocr_line' id='line_1_61' title="bbox 1015 347 1398 384; baseline -0.003 -10"><span class='ocrx_word' id='word_1_248' title='bbox 1015 348 1171 384; x_wconf 81' lang='grc' dir='ltr'><strong>σωζομένου</strong></span> <span class='ocrx_word' id='word_1_249' title='bbox 1183 369 1190 380; x_wconf 88' lang='grc'><strong>,</strong></span> <span class='ocrx_word' id='word_1_250' title='bbox 1209 347 1332 374; x_wconf 77' lang='grc' dir='ltr'>τουτέστι</span> <span class='ocrx_word' id='word_1_251' title='bbox 1347 355 1398 373; x_wconf 81' lang='grc' dir='ltr'><strong>κα-</strong></span> 
     </span>
    </p>
   </div>
   <div class='ocr_carea' id='block_1_62' title="bbox 1016 395 1395 432">
    <p class='ocr_par' dir='ltr' id='par_1_62' title="bbox 1016 395 1395 432">
     <span class='ocr_line' id='line_1_62' title="bbox 1016 395 1395 432; baseline -0.008 -9"><span class='ocrx_word' id='word_1_252' title='bbox 1016 397 1094 432; x_wconf 82' lang='grc' dir='ltr'><strong>μάτῳ</strong></span> <span class='ocrx_word' id='word_1_253' title='bbox 1117 396 1165 423; x_wconf 77' lang='grc' dir='ltr'>καὶ</span> <span class='ocrx_word' id='word_1_254' title='bbox 1196 395 1284 430; x_wconf 74' lang='grc' dir='ltr'>θλίψει</span> <span class='ocrx_word' id='word_1_255' title='bbox 1311 395 1395 430; x_wconf 85' lang='grc' dir='ltr'><strong>πολλῇ</strong></span> 
     </span>
    </p>
   </div>
   <div class='ocr_carea' id='block_1_63' title="bbox 1015 442 1397 477">
    <p class='ocr_par' dir='ltr' id='par_1_63' title="bbox 1015 442 1397 477">
     <span class='ocr_line' id='line_1_63' title="bbox 1015 442 1397 477; baseline -0.005 -7"><span class='ocrx_word' id='word_1_256' title='bbox 1015 443 1197 477; x_wconf 80' lang='grc' dir='ltr'>ἀγωνιῶντος,</span> <span class='ocrx_word' id='word_1_257' title='bbox 1213 442 1272 474; x_wconf 85' lang='grc' dir='ltr'><strong>πῶς</strong></span> <span class='ocrx_word' id='word_1_258' title='bbox 1290 442 1320 468; x_wconf 89' lang='grc' dir='ltr'>τδ</span> <span class='ocrx_word' id='word_1_259' title='bbox 1338 442 1397 468; x_wconf 77' lang='grc' dir='ltr'>κατ’</span> 
     </span>
    </p>
   </div>
   <div class='ocr_carea' id='block_1_64' title="bbox 1745 138 1820 165">
    <p class='ocr_par' dir='ltr' id='par_1_64' title="bbox 1745 138 1820 165">
     <span class='ocr_line' id='line_1_64' title="bbox 1745 138 1820 165; baseline 0 0"><span class='ocrx_word' id='word_1_260' title='bbox 1745 138 1820 165; x_wconf 66' lang='grc'><strong>1772</strong></span> 
     </span>
    </p>
   </div>
   <div class='ocr_carea' id='block_1_65' title="bbox 1434 300 1818 335">
    <p class='ocr_par' dir='ltr' id='par_1_65' title="bbox 1434 300 1818 335">
     <span class='ocr_line' id='line_1_65' title="bbox 1434 300 1818 335; baseline 0.003 -9"><span class='ocrx_word' id='word_1_261' title='bbox 1434 300 1606 335; x_wconf 80' lang='lat' dir='ltr'><strong>Quapropter</strong></span> <span class='ocrx_word' id='word_1_262' title='bbox 1639 307 1818 335; x_wconf 77' lang='lat' dir='ltr'><strong>nequaquam</strong></span> 
     </span>
    </p>
   </div>
   <div class='ocr_carea' id='block_1_66' title="bbox 1434 348 1818 382">
    <p class='ocr_par' dir='ltr' id='par_1_66' title="bbox 1434 348 1818 382">
     <span class='ocr_line' id='line_1_66' title="bbox 1434 348 1818 382; baseline 0 -8"><span class='ocrx_word' id='word_1_263' title='bbox 1434 348 1503 375; x_wconf 92' lang='lat' dir='ltr'><strong>inter</strong></span> <span class='ocrx_word' id='word_1_264' title='bbox 1527 348 1612 374; x_wconf 87' lang='lat' dir='ltr'><strong>bonos</strong></span> <span class='ocrx_word' id='word_1_265' title='bbox 1635 353 1765 382; x_wconf 84' lang='lat' dir='ltr'><strong>peccator</strong></span> <span class='ocrx_word' id='word_1_266' title='bbox 1789 352 1818 374; x_wconf 86' lang='lat' dir='ltr'><strong>et</strong></span> 
     </span>
    </p>
   </div>
   <div class='ocr_carea' id='block_1_67' title="bbox 1434 395 1816 430">
    <p class='ocr_par' dir='ltr' id='par_1_67' title="bbox 1434 395 1816 430">
     <span class='ocr_line' id='line_1_67' title="bbox 1434 395 1816 430; baseline 0 -8"><span class='ocrx_word' id='word_1_267' title='bbox 1434 395 1532 430; x_wconf 84' lang='lat' dir='ltr'><strong>impius</strong></span> <span class='ocrx_word' id='word_1_268' title='bbox 1566 395 1722 430; x_wconf 72' lang='lat' dir='ltr'><strong>apparebit,</strong></span> <span class='ocrx_word' id='word_1_269' title='bbox 1752 402 1816 423; x_wconf 89' lang='lat' dir='ltr'><strong>cum</strong></span> 
     </span>
    </p>
   </div>
   <div class='ocr_carea' id='block_1_68' title="bbox 1432 441 1817 476">
    <p class='ocr_par' dir='ltr' id='par_1_68' title="bbox 1432 441 1817 476">
     <span class='ocr_line' id='line_1_68' title="bbox 1432 441 1817 476; baseline 0.005 -9"><span class='ocrx_word' id='word_1_270' title='bbox 1432 441 1522 476; x_wconf 82' lang='lat' dir='ltr'><strong>iustus</strong></span> <span class='ocrx_word' id='word_1_271' title='bbox 1547 442 1591 468; x_wconf 81' lang='lat' dir='ltr'><strong>vix</strong></span> <span class='ocrx_word' id='word_1_272' title='bbox 1618 441 1736 469; x_wconf 88' lang='lat' dir='ltr'><strong>salvetur</strong></span> <span class='ocrx_word' id='word_1_273' title='bbox 1763 449 1817 469; x_wconf 64' lang='lat' dir='ltr'><strong>as—</strong></span> 
     </span>
    </p>
   </div>
   <div class='ocr_carea' id='block_1_69' title="bbox 1016 486 1819 524">
    <p class='ocr_par' dir='ltr' id='par_1_69' title="bbox 1016 486 1819 524">
     <span class='ocr_line' id='line_1_69' title="bbox 1016 486 1819 524; baseline -0.004 -9"><span class='ocrx_word' id='word_1_274' title='bbox 1016 488 1106 516; x_wconf 71' lang='grc' dir='ltr'>αὐτῶν</span> <span class='ocrx_word' id='word_1_275' title='bbox 1118 488 1286 520; x_wconf 68' lang='grc' dir='ltr'>ἐξελεύσεται</span> <span class='ocrx_word' id='word_1_276' title='bbox 1300 488 1398 524; x_wconf 81' lang='grc' dir='ltr'>κρῖμα,</span> <span class='ocrx_word' id='word_1_277' title='bbox 1437 487 1539 514; x_wconf 89' lang='lat' dir='ltr'><strong>tuando</strong></span> <span class='ocrx_word' id='word_1_278' title='bbox 1571 490 1600 513; x_wconf 90' lang='lat' dir='ltr'><strong>et</strong></span> <span class='ocrx_word' id='word_1_279' title='bbox 1635 486 1819 517; x_wconf 79' lang='lat' dir='ltr'><strong>decertando.</strong></span> 
     </span>
    </p>
   </div>
   <div class='ocr_carea' id='block_1_70' title="bbox 1016 531 1818 570">
    <p class='ocr_par' dir='ltr' id='par_1_70' title="bbox 1016 531 1818 570">
     <span class='ocr_line' id='line_1_70' title="bbox 1016 531 1818 570; baseline -0.004 -9"><span class='ocrx_word' id='word_1_280' title='bbox 1016 535 1068 567; x_wconf 79' lang='grc' dir='ltr'><strong>’ἐως</strong></span> <span class='ocrx_word' id='word_1_281' title='bbox 1085 535 1098 560; x_wconf 84' lang='grc' dir='ltr'><strong>ὁ</strong></span> <span class='ocrx_word' id='word_1_282' title='bbox 1123 534 1219 570; x_wconf 72' lang='grc' dir='ltr'>κριτὴς</span> <span class='ocrx_word' id='word_1_283' title='bbox 1242 534 1342 565; x_wconf 79' lang='grc' dir='ltr'><strong>αὐτοὺς</strong></span> <span class='ocrx_word' id='word_1_284' title='bbox 1361 533 1399 560; x_wconf 81' lang='grc' dir='ltr'>δι-</span> <span class='ocrx_word' id='word_1_285' title='bbox 1435 533 1570 567; x_wconf 89' lang='lat' dir='ltr'><strong>quomodo</strong></span> <span class='ocrx_word' id='word_1_286' title='bbox 1601 532 1659 567; x_wconf 69' lang='lat' dir='ltr'><strong>eius</strong></span> <span class='ocrx_word' id='word_1_287' title='bbox 1684 531 1818 566; x_wconf 70' lang='lat' dir='ltr'><strong>judicium</strong></span> 
     </span>
    </p>
   </div>
   <div class='ocr_carea' id='block_1_71' title="bbox 1017 580 1820 617">
    <p class='ocr_par' dir='ltr' id='par_1_71' title="bbox 1017 580 1820 617">
     <span class='ocr_line' id='line_1_71' title="bbox 1017 580 1820 617; baseline -0.002 -9"><span class='ocrx_word' id='word_1_288' title='bbox 1017 581 1142 617; x_wconf 82' lang='grc' dir='ltr'>καιώσῃ;</span> <span class='ocrx_word' id='word_1_289' title='bbox 1437 580 1620 615; x_wconf 77' lang='lat' dir='ltr'><strong>transigatur?</strong></span> <span class='ocrx_word' id='word_1_290' title='bbox 1655 580 1723 607; x_wconf 86' lang='lat' dir='ltr'><strong>Nam</strong></span> <span class='ocrx_word' id='word_1_291' title='bbox 1756 581 1820 607; x_wconf 77' lang='lat' dir='ltr'><strong>licet</strong></span> 
     </span>
    </p>
   </div>
   <div class='ocr_carea' id='block_1_72' title="bbox 1019 626 1820 662">
    <p class='ocr_par' dir='ltr' id='par_1_72' title="bbox 1019 626 1820 662">
     <span class='ocr_line' id='line_1_72' title="bbox 1019 626 1820 662; baseline -0.002 -8"><span class='ocrx_word' id='word_1_292' title='bbox 1019 628 1084 655; x_wconf 85' lang='lat' dir='ltr'><strong>nihil</strong></span> <span class='ocrx_word' id='word_1_293' title='bbox 1107 627 1182 662; x_wconf 87' lang='lat' dir='ltr'><strong>pravi</strong></span> <span class='ocrx_word' id='word_1_294' title='bbox 1204 627 1254 654; x_wconf 88' lang='lat' dir='ltr'><strong>sibi</strong></span> <span class='ocrx_word' id='word_1_295' title='bbox 1276 626 1312 654; x_wconf 78' lang='lat' dir='ltr'><strong>sit</strong></span> <span class='ocrx_word' id='word_1_296' title='bbox 1345 626 1481 660; x_wconf 86' lang='lat' dir='ltr'><strong>conscius,</strong></span> <span class='ocrx_word' id='word_1_297' title='bbox 1509 632 1692 654; x_wconf 79' lang='lat' dir='ltr'><strong>verumtamen</strong></span> <span class='ocrx_word' id='word_1_298' title='bbox 1715 626 1820 656; x_wconf 82' lang='lat' dir='ltr'><strong>sciens.</strong></span> 
     </span>
    </p>
   </div>
   <div class='ocr_carea' id='block_1_73' title="bbox 1018 672 1822 708">
    <p class='ocr_par' dir='ltr' id='par_1_73' title="bbox 1018 672 1822 708">
     <span class='ocr_line' id='line_1_73' title="bbox 1018 672 1822 708; baseline -0.004 -9"><span class='ocrx_word' id='word_1_299' title='bbox 1018 673 1145 708; x_wconf 77' lang='lat' dir='ltr'><strong>quoniam</strong></span> <span class='ocrx_word' id='word_1_300' title='bbox 1173 680 1224 700; x_wconf 89' lang='lat' dir='ltr'><strong>non</strong></span> <span class='ocrx_word' id='word_1_301' title='bbox 1243 672 1269 700; x_wconf 93' lang='lat' dir='ltr'><strong>in</strong></span> <span class='ocrx_word' id='word_1_302' title='bbox 1293 672 1345 700; x_wconf 84' lang='lat' dir='ltr'><strong>hoc</strong></span> <span class='ocrx_word' id='word_1_303' title='bbox 1366 672 1542 706; x_wconf 79' lang='lat' dir='ltr'><strong>justiﬁcatur,</strong></span> <span class='ocrx_word' id='word_1_304' title='bbox 1572 673 1657 700; x_wconf 88' lang='lat' dir='ltr'><strong>donec</strong></span> <span class='ocrx_word' id='word_1_305' title='bbox 1691 679 1754 699; x_wconf 87' lang='lat' dir='ltr'><strong>eum</strong></span> <span class='ocrx_word' id='word_1_306' title='bbox 1775 672 1822 707; x_wconf 87' lang='lat' dir='ltr'><strong>ju-</strong></span> 
     </span>
    </p>
   </div>
   <div class='ocr_carea' id='block_1_74' title="bbox 1019 719 1567 753">
    <p class='ocr_par' dir='ltr' id='par_1_74' title="bbox 1019 719 1567 753">
     <span class='ocr_line' id='line_1_74' title="bbox 1019 719 1567 753; baseline -0.005 -4"><span class='ocrx_word' id='word_1_307' title='bbox 1019 721 1117 749; x_wconf 80' lang='lat' dir='ltr'><strong>stiticet</strong></span> <span class='ocrx_word' id='word_1_308' title='bbox 1140 719 1233 753; x_wconf 81' lang='lat' dir='ltr'><strong>iudex,</strong></span> <span class='ocrx_word' id='word_1_309' title='bbox 1255 723 1352 747; x_wconf 80' lang='lat' dir='ltr'><strong>aestuat</strong></span> <span class='ocrx_word' id='word_1_310' title='bbox 1372 724 1399 747; x_wconf 85' lang='lat' dir='ltr'><strong>et</strong></span> <span class='ocrx_word' id='word_1_311' title='bbox 1437 720 1567 747; x_wconf 78' lang='lat' dir='ltr'><strong>decertat.</strong></span> 
     </span>
    </p>
   </div>
   <div class='ocr_carea' id='block_1_75' title="bbox 1056 764 1824 800">
    <p class='ocr_par' dir='ltr' id='par_1_75' title="bbox 1056 764 1824 800">
     <span class='ocr_line' id='line_1_75' title="bbox 1056 764 1824 800; baseline -0.003 -8"><span class='ocrx_word' id='word_1_312' title='bbox 1056 766 1186 800; x_wconf 76' lang='lat' dir='ltr'><strong>Qnmstio,</strong></span> <span class='ocrx_word' id='word_1_313' title='bbox 1201 772 1291 792; x_wconf 88' lang='lat' dir='ltr'><strong>utrum</strong></span> <span class='ocrx_word' id='word_1_314' title='bbox 1308 765 1379 793; x_wconf 81' lang='lat' dir='ltr'><strong>aliud</strong></span> <span class='ocrx_word' id='word_1_315' title='bbox 1397 765 1431 792; x_wconf 91' lang='lat' dir='ltr'><strong>sit</strong></span> <span class='ocrx_word' id='word_1_316' title='bbox 1441 770 1576 800; x_wconf 80' lang='lat' dir='ltr'><strong>peccator,</strong></span> <span class='ocrx_word' id='word_1_317' title='bbox 1585 765 1692 792; x_wconf 88' lang='lat' dir='ltr'><strong>etaliud</strong></span> <span class='ocrx_word' id='word_1_318' title='bbox 1703 764 1824 798; x_wconf 77' lang='lat' dir='ltr'><strong>impius?</strong></span> 
     </span>
    </p>
   </div>
   <div class='ocr_carea' id='block_1_76' title="bbox 1020 811 1822 846">
    <p class='ocr_par' dir='ltr' id='par_1_76' title="bbox 1020 811 1822 846">
     <span class='ocr_line' id='line_1_76' title="bbox 1020 811 1822 846; baseline -0.002 -7"><span class='ocrx_word' id='word_1_319' title='bbox 1020 812 1088 846; x_wconf 70' lang='lat' dir='ltr'><strong>Quia</strong></span> <span class='ocrx_word' id='word_1_320' title='bbox 1106 812 1150 839; x_wconf 92' lang='lat' dir='ltr'><strong>hic</strong></span> <span class='ocrx_word' id='word_1_321' title='bbox 1167 812 1245 845; x_wconf 86' lang='lat' dir='ltr'><strong>dicit,</strong></span> <span class='ocrx_word' id='word_1_322' title='bbox 1264 812 1334 839; x_wconf 86' lang='lat' dir='ltr'><strong>sicut</strong></span> <span class='ocrx_word' id='word_1_323' title='bbox 1347 816 1375 839; x_wconf 90' lang='lat' dir='ltr'><strong>et</strong></span> <span class='ocrx_word' id='word_1_324' title='bbox 1390 811 1416 838; x_wconf 85' lang='lat' dir='ltr'><strong>in</strong></span> <span class='ocrx_word' id='word_1_325' title='bbox 1433 811 1493 839; x_wconf 89' lang='lat' dir='ltr'><strong>aliis</strong></span> <span class='ocrx_word' id='word_1_326' title='bbox 1507 811 1655 846; x_wconf 70' lang='lat' dir='ltr'><strong>Scriptura:</strong></span> <span class='ocrx_word' id='word_1_327' title='bbox 1674 811 1754 842; x_wconf 84' lang='lat' dir='ltr'><strong>locis,</strong></span> <span class='ocrx_word' id='word_1_328' title='bbox 1774 811 1822 837; x_wconf 89' lang='lat' dir='ltr'><strong>ubi</strong></span> 
     </span>
    </p>
   </div>
   <div class='ocr_carea' id='block_1_77' title="bbox 1021 857 1823 893">
    <p class='ocr_par' dir='ltr' id='par_1_77' title="bbox 1021 857 1823 893">
     <span class='ocr_line' id='line_1_77' title="bbox 1021 857 1823 893; baseline -0.004 -7"><span class='ocrx_word' id='word_1_329' title='bbox 1021 861 1058 886; x_wconf 87' lang='lat' dir='ltr'><strong>ait</strong></span> <span class='ocrx_word' id='word_1_330' title='bbox 1075 868 1081 887; x_wconf 73' lang='grc' dir='ltr'>ε</span> <span class='ocrx_word' id='word_1_331' title='bbox 1100 867 1109 884; x_wconf 80' lang='lat' dir='ltr'><strong>t</strong></span> <span class='ocrx_word' id='word_1_332' title='bbox 1126 859 1187 886; x_wconf 87' lang='lat' dir='ltr'><strong>Ideo</strong></span> <span class='ocrx_word' id='word_1_333' title='bbox 1209 866 1261 885; x_wconf 92' lang='lat' dir='ltr'><strong>non</strong></span> <span class='ocrx_word' id='word_1_334' title='bbox 1285 862 1428 893; x_wconf 76' lang='lat' dir='ltr'><strong>resurgcnt</strong></span> <span class='ocrx_word' id='word_1_335' title='bbox 1449 858 1524 893; x_wconf 91' lang='lat' dir='ltr'><strong>impii</strong></span> <span class='ocrx_word' id='word_1_336' title='bbox 1546 858 1573 885; x_wconf 89' lang='lat' dir='ltr'><strong>in</strong></span> <span class='ocrx_word' id='word_1_337' title='bbox 1593 857 1706 893; x_wconf 85' lang='lat' dir='ltr'><strong>judicio,</strong></span> <span class='ocrx_word' id='word_1_338' title='bbox 1732 865 1823 891; x_wconf 82' lang='lat' dir='ltr'><strong>neque</strong></span> 
     </span>
    </p>
   </div>
   <div class='ocr_carea' id='block_1_78' title="bbox 1021 903 1824 940">
    <p class='ocr_par' dir='ltr' id='par_1_78' title="bbox 1021 903 1824 940">
     <span class='ocr_line' id='line_1_78' title="bbox 1021 903 1824 940; baseline -0.002 -8"><span class='ocrx_word' id='word_1_339' title='bbox 1021 909 1181 940; x_wconf 87' lang='lat' dir='ltr'><strong>peccatores</strong></span> <span class='ocrx_word' id='word_1_340' title='bbox 1204 904 1230 931; x_wconf 89' lang='lat' dir='ltr'><strong>in</strong></span> <span class='ocrx_word' id='word_1_341' title='bbox 1248 903 1364 932; x_wconf 91' lang='lat' dir='ltr'><strong>concilio</strong></span> <span class='ocrx_word' id='word_1_342' title='bbox 1383 903 1517 938; x_wconf 87' lang='lat' dir='ltr'><strong>iustorum</strong></span> <span class='ocrx_word' id='word_1_343' title='bbox 1540 904 1572 931; x_wconf 88' lang='lat'><strong>&quot;.</strong></span> <span class='ocrx_word' id='word_1_344' title='bbox 1590 913 1599 930; x_wconf 79' lang='grc' dir='ltr'><strong>ι</strong></span> <span class='ocrx_word' id='word_1_345' title='bbox 1628 904 1666 930; x_wconf 78' lang='lat' dir='ltr'><strong>Ex</strong></span> <span class='ocrx_word' id='word_1_346' title='bbox 1689 904 1740 931; x_wconf 88' lang='lat' dir='ltr'><strong>hoc</strong></span> <span class='ocrx_word' id='word_1_347' title='bbox 1760 903 1824 938; x_wconf 87' lang='lat' dir='ltr'><strong>qui-</strong></span> 
     </span>
    </p>
   </div>
   <div class='ocr_carea' id='block_1_79' title="bbox 1026 948 1823 979">
    <p class='ocr_par' dir='ltr' id='par_1_79' title="bbox 1026 948 1823 979">
     <span class='ocr_line' id='line_1_79' title="bbox 1026 948 1823 979; baseline -0.004 0"><span class='ocrx_word' id='word_1_348' title='bbox 1026 951 1088 979; x_wconf 87' lang='lat' dir='ltr'><strong>dem</strong></span> <span class='ocrx_word' id='word_1_349' title='bbox 1118 950 1270 978; x_wconf 87' lang='lat' dir='ltr'><strong>ostenditur</strong></span> <span class='ocrx_word' id='word_1_350' title='bbox 1293 949 1445 977; x_wconf 79' lang='lat' dir='ltr'><strong>diil‘erentia</strong></span> <span class='ocrx_word' id='word_1_351' title='bbox 1472 949 1588 977; x_wconf 89' lang='lat' dir='ltr'><strong>duorum</strong></span> <span class='ocrx_word' id='word_1_352' title='bbox 1619 950 1759 977; x_wconf 84' lang='lat' dir='ltr'><strong>ordinum.</strong></span> <span class='ocrx_word' id='word_1_353' title='bbox 1793 948 1823 976; x_wconf 90' lang='lat' dir='ltr'><strong>In</strong></span> 
     </span>
    </p>
   </div>
   <div class='ocr_carea' id='block_1_80' title="bbox 1022 995 1824 1030">
    <p class='ocr_par' dir='ltr' id='par_1_80' title="bbox 1022 995 1824 1030">
     <span class='ocr_line' id='line_1_80' title="bbox 1022 995 1824 1030; baseline -0.002 -7"><span class='ocrx_word' id='word_1_354' title='bbox 1022 995 1085 1023; x_wconf 85' lang='lat' dir='ltr'><strong>aliis</strong></span> <span class='ocrx_word' id='word_1_355' title='bbox 1101 999 1193 1023; x_wconf 88' lang='lat' dir='ltr'><strong>autem</strong></span> <span class='ocrx_word' id='word_1_356' title='bbox 1216 996 1342 1022; x_wconf 88' lang='lat' dir='ltr'><strong>eumdem</strong></span> <span class='ocrx_word' id='word_1_357' title='bbox 1362 1000 1534 1030; x_wconf 81' lang='lat' dir='ltr'><strong>peccatorem</strong></span> <span class='ocrx_word' id='word_1_358' title='bbox 1558 995 1623 1023; x_wconf 87' lang='lat' dir='ltr'><strong>dicit</strong></span> <span class='ocrx_word' id='word_1_359' title='bbox 1642 1000 1669 1022; x_wconf 90' lang='lat' dir='ltr'><strong>et</strong></span> <span class='ocrx_word' id='word_1_360' title='bbox 1694 995 1824 1030; x_wconf 82' lang='lat' dir='ltr'><strong>impium,</strong></span> 
     </span>
    </p>
   </div>
   <div class='ocr_carea' id='block_1_81' title="bbox 1021 1041 1825 1070">
    <p class='ocr_par' dir='ltr' id='par_1_81' title="bbox 1021 1041 1825 1070">
     <span class='ocr_line' id='line_1_81' title="bbox 1021 1041 1825 1070; baseline -0.004 0"><span class='ocrx_word' id='word_1_361' title='bbox 1021 1049 1082 1070; x_wconf 89' lang='lat' dir='ltr'><strong>cum</strong></span> <span class='ocrx_word' id='word_1_362' title='bbox 1098 1042 1135 1069; x_wconf 90' lang='lat' dir='ltr'><strong>ait</strong></span> <span class='ocrx_word' id='word_1_363' title='bbox 1150 1051 1157 1069; x_wconf 88' lang='lat'><strong>:</strong></span> <span class='ocrx_word' id='word_1_364' title='bbox 1179 1050 1188 1067; x_wconf 79' lang='grc' dir='ltr'><strong>ι</strong></span> <span class='ocrx_word' id='word_1_365' title='bbox 1202 1041 1304 1070; x_wconf 87' lang='lat' dir='ltr'><strong>Statuit</strong></span> <span class='ocrx_word' id='word_1_366' title='bbox 1320 1045 1410 1069; x_wconf 88' lang='lat' dir='ltr'><strong>autent</strong></span> <span class='ocrx_word' id='word_1_367' title='bbox 1430 1049 1506 1070; x_wconf 87' lang='lat' dir='ltr'><strong>suam</strong></span> <span class='ocrx_word' id='word_1_368' title='bbox 1521 1042 1682 1069; x_wconf 78' lang='lat' dir='ltr'><strong>charitalem</strong></span> <span class='ocrx_word' id='word_1_369' title='bbox 1698 1042 1725 1068; x_wconf 90' lang='lat' dir='ltr'><strong>in</strong></span> <span class='ocrx_word' id='word_1_370' title='bbox 1743 1043 1825 1069; x_wconf 67' lang='lat' dir='ltr'><strong>nobis</strong></span> 
     </span>
    </p>
   </div>
   <div class='ocr_carea' id='block_1_82' title="bbox 1024 1088 1825 1123">
    <p class='ocr_par' dir='ltr' id='par_1_82' title="bbox 1024 1088 1825 1123">
     <span class='ocr_line' id='line_1_82' title="bbox 1024 1088 1825 1123; baseline -0.001 -7"><span class='ocrx_word' id='word_1_371' title='bbox 1024 1089 1106 1121; x_wconf 85' lang='lat' dir='ltr'><strong>Deus,</strong></span> <span class='ocrx_word' id='word_1_372' title='bbox 1119 1088 1194 1123; x_wconf 86' lang='lat' dir='ltr'><strong>quia,</strong></span> <span class='ocrx_word' id='word_1_373' title='bbox 1211 1096 1272 1115; x_wconf 92' lang='lat' dir='ltr'><strong>cum</strong></span> <span class='ocrx_word' id='word_1_374' title='bbox 1291 1093 1448 1123; x_wconf 87' lang='lat' dir='ltr'><strong>peccatores</strong></span> <span class='ocrx_word' id='word_1_375' title='bbox 1466 1096 1600 1121; x_wconf 83' lang='lat' dir='ltr'><strong>essemus,</strong></span> <span class='ocrx_word' id='word_1_376' title='bbox 1624 1088 1751 1116; x_wconf 85' lang='lat' dir='ltr'><strong>Christus</strong></span> <span class='ocrx_word' id='word_1_377' title='bbox 1774 1096 1825 1123; x_wconf 87' lang='lat' dir='ltr'><strong>pro</strong></span> 
     </span>
    </p>
   </div>
   <div class='ocr_carea' id='block_1_83' title="bbox 1024 1133 1822 1170">
    <p class='ocr_par' dir='ltr' id='par_1_83' title="bbox 1024 1133 1822 1170">
     <span class='ocr_line' id='line_1_83' title="bbox 1024 1133 1822 1170; baseline -0.004 -8"><span class='ocrx_word' id='word_1_378' title='bbox 1024 1135 1102 1162; x_wconf 89' lang='lat' dir='ltr'><strong>nobis</strong></span> <span class='ocrx_word' id='word_1_379' title='bbox 1118 1139 1241 1162; x_wconf 90' lang='lat' dir='ltr'><strong>mortuus</strong></span> <span class='ocrx_word' id='word_1_380' title='bbox 1256 1139 1298 1162; x_wconf 87' lang='lat' dir='ltr'><strong>est</strong></span> <span class='ocrx_word' id='word_1_381' title='bbox 1315 1133 1349 1166; x_wconf 74' lang='grc'><strong>⁷⁸,</strong></span> <span class='ocrx_word' id='word_1_382' title='bbox 1364 1137 1391 1161; x_wconf 92' lang='lat' dir='ltr'><strong>et</strong></span> <span class='ocrx_word' id='word_1_383' title='bbox 1408 1142 1469 1161; x_wconf 75' lang='lat' dir='ltr'><strong>mox</strong></span> <span class='ocrx_word' id='word_1_384' title='bbox 1485 1135 1523 1162; x_wconf 88' lang='lat' dir='ltr'><strong>ait</strong></span> <span class='ocrx_word' id='word_1_385' title='bbox 1537 1143 1544 1161; x_wconf 87' lang='lat'><strong>:</strong></span> <span class='ocrx_word' id='word_1_386' title='bbox 1567 1144 1575 1160; x_wconf 77' lang='grc' dir='ltr'><strong>ι</strong></span> <span class='ocrx_word' id='word_1_387' title='bbox 1587 1142 1636 1170; x_wconf 89' lang='lat' dir='ltr'><strong>pro</strong></span> <span class='ocrx_word' id='word_1_388' title='bbox 1665 1135 1756 1170; x_wconf 88' lang='lat' dir='ltr'><strong>impiis</strong></span> <span class='ocrx_word' id='word_1_389' title='bbox 1770 1135 1822 1161; x_wconf 73' lang='lat'><strong>&quot;.-</strong></span> 
     </span>
    </p>
   </div>
   <div class='ocr_carea' id='block_1_84' title="bbox 1027 1190 1824 1226">
    <p class='ocr_par' dir='ltr' id='par_1_84' title="bbox 1027 1190 1824 1226">
     <span class='ocr_line' id='line_1_84' title="bbox 1027 1190 1824 1226; baseline -0.001 -8"><span class='ocrx_word' id='word_1_390' title='bbox 1027 1192 1104 1218; x_wconf 84' lang='grc' dir='ltr'>’Έστι</span> <span class='ocrx_word' id='word_1_391' title='bbox 1131 1191 1159 1217; x_wconf 80' lang='grc' dir='ltr'><strong>δὲ</strong></span> <span class='ocrx_word' id='word_1_392' title='bbox 1186 1190 1305 1223; x_wconf 84' lang='grc' dir='ltr'>δίκαιος,</span> <span class='ocrx_word' id='word_1_393' title='bbox 1332 1192 1346 1218; x_wconf 91' lang='grc' dir='ltr'>ὁ</span> <span class='ocrx_word' id='word_1_394' title='bbox 1367 1192 1396 1218; x_wconf 76' lang='grc' dir='ltr'>ἐν</span> <span class='ocrx_word' id='word_1_395' title='bbox 1437 1191 1486 1219; x_wconf 86' lang='lat' dir='ltr'><strong>Est</strong></span> <span class='ocrx_word' id='word_1_396' title='bbox 1535 1191 1663 1226; x_wconf 86' lang='lat' dir='ltr'><strong>equidem</strong></span> <span class='ocrx_word' id='word_1_397' title='bbox 1711 1191 1824 1226; x_wconf 81' lang='lat' dir='ltr'><strong>iustus.</strong></span> 
     </span>
    </p>
   </div>
   <div class='ocr_carea' id='block_1_85' title="bbox 1025 1237 1396 1274">
    <p class='ocr_par' dir='ltr' id='par_1_85' title="bbox 1025 1237 1396 1274">
     <span class='ocr_line' id='line_1_85' title="bbox 1025 1237 1396 1274; baseline -0.003 -9"><span class='ocrx_word' id='word_1_398' title='bbox 1025 1238 1124 1274; x_wconf 76' lang='grc' dir='ltr'>πράξει</span> <span class='ocrx_word' id='word_1_399' title='bbox 1153 1237 1222 1264; x_wconf 74' lang='grc' dir='ltr'><strong>Θεοῦ</strong></span> <span class='ocrx_word' id='word_1_400' title='bbox 1250 1237 1396 1273; x_wconf 78' lang='grc' dir='ltr'>καθήκων·</span> 
     </span>
    </p>
   </div>
   <div class='ocr_carea' id='block_1_86' title="bbox 1026 1283 1400 1319">
    <p class='ocr_par' dir='ltr' id='par_1_86' title="bbox 1026 1283 1400 1319">
     <span class='ocr_line' id='line_1_86' title="bbox 1026 1283 1400 1319; baseline 0 -9"><span class='ocrx_word' id='word_1_401' title='bbox 1026 1284 1128 1319; x_wconf 77' lang='grc' dir='ltr'>ἀσεϐὴς</span> <span class='ocrx_word' id='word_1_402' title='bbox 1149 1283 1177 1310; x_wconf 79' lang='grc' dir='ltr'><strong>δὲ</strong></span> <span class='ocrx_word' id='word_1_403' title='bbox 1202 1285 1291 1319; x_wconf 82' lang='grc' dir='ltr'><strong>πάντη</strong></span> <span class='ocrx_word' id='word_1_404' title='bbox 1314 1283 1328 1309; x_wconf 85' lang='grc' dir='ltr'>ὁ</span> <span class='ocrx_word' id='word_1_405' title='bbox 1347 1283 1400 1316; x_wconf 74' lang='grc' dir='ltr'>ἔξω</span> 
     </span>
    </p>
   </div>
   <div class='ocr_carea' id='block_1_87' title="bbox 1027 1330 1401 1366">
    <p class='ocr_par' dir='ltr' id='par_1_87' title="bbox 1027 1330 1401 1366">
     <span class='ocr_line' id='line_1_87' title="bbox 1027 1330 1401 1366; baseline -0.003 -8"><span class='ocrx_word' id='word_1_406' title='bbox 1027 1331 1095 1358; x_wconf 82' lang='grc' dir='ltr'>Θεοῦ</span> <span class='ocrx_word' id='word_1_407' title='bbox 1105 1330 1258 1366; x_wconf 77' lang='grc' dir='ltr'>τυγχάνων,</span> <span class='ocrx_word' id='word_1_408' title='bbox 1274 1331 1401 1366; x_wconf 84' lang='grc' dir='ltr'>ἀμαρτω-</span> 
     </span>
    </p>
   </div>
   <div class='ocr_carea' id='block_1_88' title="bbox 1028 1378 1403 1414">
    <p class='ocr_par' dir='ltr' id='par_1_88' title="bbox 1028 1378 1403 1414">
     <span class='ocr_line' id='line_1_88' title="bbox 1028 1378 1403 1414; baseline -0.005 -8"><span class='ocrx_word' id='word_1_409' title='bbox 1028 1379 1073 1411; x_wconf 81' lang='grc' dir='ltr'><strong>λὺς</strong></span> <span class='ocrx_word' id='word_1_410' title='bbox 1104 1379 1132 1405; x_wconf 76' lang='grc' dir='ltr'>δὲ</span> <span class='ocrx_word' id='word_1_411' title='bbox 1161 1379 1175 1404; x_wconf 85' lang='grc' dir='ltr'><strong>ό</strong></span> <span class='ocrx_word' id='word_1_412' title='bbox 1208 1378 1403 1414; x_wconf 79' lang='grc' dir='ltr'>περιεχόμενος</span> 
     </span>
    </p>
   </div>
   <div class='ocr_carea' id='block_1_89' title="bbox 1032 1425 1407 1463">
    <p class='ocr_par' dir='ltr' id='par_1_89' title="bbox 1032 1425 1407 1463">
     <span class='ocr_line' id='line_1_89' title="bbox 1032 1425 1407 1463; baseline -0.005 -9"><span class='ocrx_word' id='word_1_413' title='bbox 1032 1427 1081 1463; x_wconf 84' lang='grc' dir='ltr'>μὲν</span> <span class='ocrx_word' id='word_1_414' title='bbox 1104 1426 1184 1457; x_wconf 83' lang='grc' dir='ltr'>Θεοῦ,</span> <span class='ocrx_word' id='word_1_415' title='bbox 1206 1426 1292 1458; x_wconf 82' lang='grc' dir='ltr'>ἄλλως</span> <span class='ocrx_word' id='word_1_416' title='bbox 1311 1425 1339 1452; x_wconf 85' lang='grc' dir='ltr'><strong>δὲ</strong></span> <span class='ocrx_word' id='word_1_417' title='bbox 1357 1434 1407 1452; x_wconf 87' lang='grc' dir='ltr'>κα-</span> 
     </span>
    </p>
   </div>
   <div class='ocr_carea' id='block_1_90' title="bbox 1030 1476 1409 1513">
    <p class='ocr_par' dir='ltr' id='par_1_90' title="bbox 1030 1476 1409 1513">
     <span class='ocr_line' id='line_1_90' title="bbox 1030 1476 1409 1513; baseline -0.005 -9"><span class='ocrx_word' id='word_1_418' title='bbox 1030 1476 1174 1513; x_wconf 81' lang='grc' dir='ltr'>ταφρονῶν</span> <span class='ocrx_word' id='word_1_419' title='bbox 1201 1476 1246 1503; x_wconf 76' lang='grc' dir='ltr'><strong>καὶ</strong></span> <span class='ocrx_word' id='word_1_420' title='bbox 1273 1476 1409 1512; x_wconf 80' lang='grc' dir='ltr'><strong>παρασαὶ-</strong></span> 
     </span>
    </p>
   </div>
   <div class='ocr_carea' id='block_1_91' title="bbox 1032 1522 1406 1558">
    <p class='ocr_par' dir='ltr' id='par_1_91' title="bbox 1032 1522 1406 1558">
     <span class='ocr_line' id='line_1_91' title="bbox 1032 1522 1406 1558; baseline -0.003 -9"><span class='ocrx_word' id='word_1_421' title='bbox 1032 1531 1086 1550; x_wconf 89' lang='grc' dir='ltr'><strong>νων</strong></span> <span class='ocrx_word' id='word_1_422' title='bbox 1107 1522 1190 1549; x_wconf 82' lang='grc' dir='ltr'><strong>αὑτοῦ</strong></span> <span class='ocrx_word' id='word_1_423' title='bbox 1212 1523 1275 1554; x_wconf 79' lang='grc' dir='ltr'>τοὺς</span> <span class='ocrx_word' id='word_1_424' title='bbox 1299 1522 1406 1558; x_wconf 79' lang='grc' dir='ltr'>νόμους.</span> 
     </span>
    </p>
   </div>
   <div class='ocr_carea' id='block_1_92' title="bbox 1443 1235 1824 1271">
    <p class='ocr_par' dir='ltr' id='par_1_92' title="bbox 1443 1235 1824 1271">
     <span class='ocr_line' id='line_1_92' title="bbox 1443 1235 1824 1271; baseline -0.003 -8"><span class='ocrx_word' id='word_1_425' title='bbox 1443 1237 1488 1271; x_wconf 85' lang='lat' dir='ltr'><strong>qui</strong></span> <span class='ocrx_word' id='word_1_426' title='bbox 1519 1237 1545 1263; x_wconf 92' lang='lat' dir='ltr'><strong>in</strong></span> <span class='ocrx_word' id='word_1_427' title='bbox 1570 1236 1677 1264; x_wconf 80' lang='lat' dir='ltr'><strong>actione</strong></span> <span class='ocrx_word' id='word_1_428' title='bbox 1697 1235 1745 1263; x_wconf 78' lang='lat' dir='ltr'><strong>Dci</strong></span> <span class='ocrx_word' id='word_1_429' title='bbox 1783 1244 1824 1262; x_wconf 77' lang='lat' dir='ltr'><strong>sc-</strong></span> 
     </span>
    </p>
   </div>
   <div class='ocr_carea' id='block_1_93' title="bbox 1439 1281 1825 1317">
    <p class='ocr_par' dir='ltr' id='par_1_93' title="bbox 1439 1281 1825 1317">
     <span class='ocr_line' id='line_1_93' title="bbox 1439 1281 1825 1317; baseline -0.01 -7"><span class='ocrx_word' id='word_1_430' title='bbox 1439 1283 1501 1315; x_wconf 85' lang='lat' dir='ltr'><strong>det;</strong></span> <span class='ocrx_word' id='word_1_431' title='bbox 1514 1287 1603 1317; x_wconf 86' lang='lat' dir='ltr'><strong>potest</strong></span> <span class='ocrx_word' id='word_1_432' title='bbox 1618 1287 1707 1309; x_wconf 84' lang='lat' dir='ltr'><strong>autem</strong></span> <span class='ocrx_word' id='word_1_433' title='bbox 1724 1281 1825 1315; x_wconf 73' lang='lat' dir='ltr'><strong>impius</strong></span> 
     </span>
    </p>
   </div>
   <div class='ocr_carea' id='block_1_94' title="bbox 1439 1327 1824 1363">
    <p class='ocr_par' dir='ltr' id='par_1_94' title="bbox 1439 1327 1824 1363">
     <span class='ocr_line' id='line_1_94' title="bbox 1439 1327 1824 1363; baseline -0.008 -6"><span class='ocrx_word' id='word_1_434' title='bbox 1439 1336 1510 1360; x_wconf 86' lang='lat' dir='ltr'><strong>esse,</strong></span> <span class='ocrx_word' id='word_1_435' title='bbox 1543 1328 1588 1363; x_wconf 88' lang='lat' dir='ltr'><strong>qui</strong></span> <span class='ocrx_word' id='word_1_436' title='bbox 1610 1327 1720 1354; x_wconf 88' lang='lat' dir='ltr'><strong>omnino</strong></span> <span class='ocrx_word' id='word_1_437' title='bbox 1743 1331 1824 1354; x_wconf 75' lang='lat' dir='ltr'><strong>extra</strong></span> 
     </span>
    </p>
   </div>
   <div class='ocr_carea' id='block_1_95' title="bbox 1440 1377 1824 1410">
    <p class='ocr_par' dir='ltr' id='par_1_95' title="bbox 1440 1377 1824 1410">
     <span class='ocr_line' id='line_1_95' title="bbox 1440 1377 1824 1410; baseline -0.01 -6"><span class='ocrx_word' id='word_1_438' title='bbox 1440 1377 1584 1404; x_wconf 89' lang='lat' dir='ltr'><strong>Dominum</strong></span> <span class='ocrx_word' id='word_1_439' title='bbox 1606 1381 1658 1407; x_wconf 85' lang='lat' dir='ltr'><strong>est,</strong></span> <span class='ocrx_word' id='word_1_440' title='bbox 1693 1379 1824 1410; x_wconf 84' lang='lat' dir='ltr'><strong>peccator</strong></span> 
     </span>
    </p>
   </div>
   <div class='ocr_carea' id='block_1_96' title="bbox 1443 1422 1825 1458">
    <p class='ocr_par' dir='ltr' id='par_1_96' title="bbox 1443 1422 1825 1458">
     <span class='ocr_line' id='line_1_96' title="bbox 1443 1422 1825 1458; baseline -0.01 -7"><span class='ocrx_word' id='word_1_441' title='bbox 1443 1428 1544 1455; x_wconf 85' lang='lat' dir='ltr'><strong>autem.</strong></span> <span class='ocrx_word' id='word_1_442' title='bbox 1565 1430 1644 1458; x_wconf 87' lang='lat' dir='ltr'><strong>quem</strong></span> <span class='ocrx_word' id='word_1_443' title='bbox 1661 1422 1732 1449; x_wconf 80' lang='lat' dir='ltr'><strong>Deus</strong></span> <span class='ocrx_word' id='word_1_444' title='bbox 1762 1423 1825 1456; x_wconf 89' lang='lat' dir='ltr'><strong>qui-</strong></span> 
     </span>
    </p>
   </div>
   <div class='ocr_carea' id='block_1_97' title="bbox 1445 1469 1826 1503">
    <p class='ocr_par' dir='ltr' id='par_1_97' title="bbox 1445 1469 1826 1503">
     <span class='ocr_line' id='line_1_97' title="bbox 1445 1469 1826 1503; baseline -0.003 -6"><span class='ocrx_word' id='word_1_445' title='bbox 1445 1471 1506 1498; x_wconf 86' lang='lat' dir='ltr'><strong>dem</strong></span> <span class='ocrx_word' id='word_1_446' title='bbox 1535 1470 1667 1503; x_wconf 85' lang='lat' dir='ltr'><strong>continet,</strong></span> <span class='ocrx_word' id='word_1_447' title='bbox 1696 1469 1744 1497; x_wconf 85' lang='lat' dir='ltr'><strong>sed</strong></span> <span class='ocrx_word' id='word_1_448' title='bbox 1779 1469 1826 1496; x_wconf 83' lang='lat' dir='ltr'><strong>ille</strong></span> 
     </span>
    </p>
   </div>
   <div class='ocr_carea' id='block_1_98' title="bbox 1447 1517 1825 1548">
    <p class='ocr_par' dir='ltr' id='par_1_98' title="bbox 1447 1517 1825 1548">
     <span class='ocr_line' id='line_1_98' title="bbox 1447 1517 1825 1548; baseline -0.008 -2"><span class='ocrx_word' id='word_1_449' title='bbox 1447 1519 1598 1547; x_wconf 86' lang='lat' dir='ltr'><strong>contemnit</strong></span> <span class='ocrx_word' id='word_1_450' title='bbox 1630 1525 1715 1548; x_wconf 91' lang='lat' dir='ltr'><strong>eum,</strong></span> <span class='ocrx_word' id='word_1_451' title='bbox 1757 1517 1825 1544; x_wconf 89' lang='lat' dir='ltr'><strong>dum</strong></span> 
     </span>
    </p>
   </div>
   <div class='ocr_carea' id='block_1_99' title="bbox 177 1562 1039 1606">
    <p class='ocr_par' dir='ltr' id='par_1_99' title="bbox 177 1562 1039 1605">
     <span class='ocr_line' id='line_1_99' title="bbox 177 1562 1039 1605; baseline -0.01 -9"><span class='ocrx_word' id='word_1_452' title='bbox 177 1569 237 1605; x_wconf 65' lang='grc' dir='ltr'>Οείᾳ</span> <span class='ocrx_word' id='word_1_453' title='bbox 254 1569 424 1605; x_wconf 77' lang='grc' dir='ltr'>διδασκαλίᾳ.</span> <span class='ocrx_word' id='word_1_454' title='bbox 604 1566 655 1592; x_wconf 86' lang='lat' dir='ltr'><strong>lem</strong></span> <span class='ocrx_word' id='word_1_455' title='bbox 678 1568 852 1598; x_wconf 80' lang='lat' dir='ltr'><strong>suscepturus</strong></span> <span class='ocrx_word' id='word_1_456' title='bbox 874 1562 981 1589; x_wconf 82' lang='lat' dir='ltr'><strong>scilicet</strong></span> <span class='ocrx_word' id='word_1_457' title='bbox 996 1574 1016 1603; x_wconf 67' lang='grc' dir='ltr'>ο</span> <span class='ocrx_word' id='word_1_458' title='bbox 1035 1571 1039 1596; x_wconf 71' lang='grc' dir='ltr'><strong>ι</strong></span> 
     </span>
    </p>
   </div>
   <div class='ocr_carea' id='block_1_100' title="bbox 1043 1562 1818 1606">
    <p class='ocr_par' dir='ltr' id='par_1_100' title="bbox 1043 1562 1818 1606">
     <span class='ocr_line' id='line_1_100' title="bbox 1043 1562 1818 1606; baseline -0.009 -10"><span class='ocrx_word' id='word_1_459' title='bbox 1043 1571 1066 1597; x_wconf 69' lang='lat' dir='ltr'><strong>Et</strong></span> <span class='ocrx_word' id='word_1_460' title='bbox 1082 1570 1111 1597; x_wconf 81' lang='grc' dir='ltr'><strong>δὲ</strong></span> <span class='ocrx_word' id='word_1_461' title='bbox 1132 1570 1235 1605; x_wconf 79' lang='grc' dir='ltr'><strong>ἀσεϐὴς</strong></span> <span class='ocrx_word' id='word_1_462' title='bbox 1252 1570 1300 1596; x_wconf 77' lang='grc' dir='ltr'><strong>καὶ</strong></span> <span class='ocrx_word' id='word_1_463' title='bbox 1319 1571 1410 1606; x_wconf 83' lang='grc' dir='ltr'>ἁμαρ-</span> <span class='ocrx_word' id='word_1_464' title='bbox 1446 1565 1642 1600; x_wconf 83' lang='lat' dir='ltr'><strong>transgreditur</strong></span> <span class='ocrx_word' id='word_1_465' title='bbox 1656 1564 1730 1599; x_wconf 72' lang='lat' dir='ltr'><strong>lego‘s</strong></span> <span class='ocrx_word' id='word_1_466' title='bbox 1746 1562 1818 1597; x_wconf 88' lang='lat' dir='ltr'><strong>eius.</strong></span> 
     </span>
    </p>
   </div>
   <div class='ocr_carea' id='block_1_101' title="bbox 159 1608 979 1650">
    <p class='ocr_par' dir='ltr' id='par_1_101' title="bbox 159 1608 979 1650">
     <span class='ocr_line' id='line_1_101' title="bbox 159 1608 979 1650; baseline -0.011 -7"><span class='ocrx_word' id='word_1_467' title='bbox 159 1616 412 1650; x_wconf 80' lang='lat' dir='ltr'><strong>-ultioucm,quam</strong></span> <span class='ocrx_word' id='word_1_468' title='bbox 439 1615 519 1642; x_wconf 83' lang='lat' dir='ltr'><strong>linem</strong></span> <span class='ocrx_word' id='word_1_469' title='bbox 547 1620 640 1641; x_wconf 88' lang='lat' dir='ltr'><strong>eorum</strong></span> <span class='ocrx_word' id='word_1_470' title='bbox 672 1609 837 1641; x_wconf 83' lang='lat' dir='ltr'><strong>nominavit,</strong></span> <span class='ocrx_word' id='word_1_471' title='bbox 860 1608 979 1636; x_wconf 85' lang='lat' dir='ltr'><strong>cireum-</strong></span> 
     </span>
    </p>
   </div>
   <div class='ocr_carea' id='block_1_102' title="bbox 180 1659 792 1696">
    <p class='ocr_par' dir='ltr' id='par_1_102' title="bbox 180 1659 792 1696">
     <span class='ocr_line' id='line_1_102' title="bbox 180 1659 792 1696; baseline -0.01 -8"><span class='ocrx_word' id='word_1_472' title='bbox 180 1661 343 1689; x_wconf 79' lang='lat' dir='ltr'><strong>seribentem</strong></span> <span class='ocrx_word' id='word_1_473' title='bbox 359 1660 414 1696; x_wconf 84' lang='lat'><strong>(87)</strong></span> <span class='ocrx_word' id='word_1_474' title='bbox 441 1659 656 1687; x_wconf 85' lang='lat' dir='ltr'><strong>incredulitatem</strong></span> <span class='ocrx_word' id='word_1_475' title='bbox 688 1663 792 1684; x_wconf 89' lang='lat' dir='ltr'><strong>eorum.</strong></span> 
     </span>
    </p>
   </div>
   <div class='ocr_carea' id='block_1_103' title="bbox 222 1713 980 1749">
    <p class='ocr_par' dir='ltr' id='par_1_103' title="bbox 222 1713 980 1749">
     <span class='ocr_line' id='line_1_103' title="bbox 222 1713 980 1749; baseline -0.011 -3"><span class='ocrx_word' id='word_1_476' title='bbox 222 1719 327 1746; x_wconf 88' lang='lat' dir='ltr'><strong>Doeens</strong></span> <span class='ocrx_word' id='word_1_477' title='bbox 341 1718 412 1745; x_wconf 90' lang='lat' dir='ltr'><strong>enim</strong></span> <span class='ocrx_word' id='word_1_478' title='bbox 424 1717 482 1744; x_wconf 89' lang='lat' dir='ltr'><strong>istis</strong></span> <span class='ocrx_word' id='word_1_479' title='bbox 494 1717 584 1744; x_wconf 79' lang='lat' dir='ltr'><strong>verbis</strong></span> <span class='ocrx_word' id='word_1_480' title='bbox 597 1720 625 1743; x_wconf 87' lang='lat' dir='ltr'><strong>et</strong></span> <span class='ocrx_word' id='word_1_481' title='bbox 639 1715 761 1742; x_wconf 83' lang='lat' dir='ltr'><strong>excitans</strong></span> <span class='ocrx_word' id='word_1_482' title='bbox 775 1713 864 1749; x_wconf 82' lang='lat' dir='ltr'><strong>potius</strong></span> <span class='ocrx_word' id='word_1_483' title='bbox 877 1719 924 1739; x_wconf 85' lang='lat' dir='ltr'><strong>eos</strong></span> <span class='ocrx_word' id='word_1_484' title='bbox 938 1719 980 1739; x_wconf 90' lang='lat' dir='ltr'><strong>m-</strong></span> 
     </span>
    </p>
   </div>
   <div class='ocr_carea' id='block_1_104' title="bbox 187 1754 977 1798">
    <p class='ocr_par' dir='ltr' id='par_1_104' title="bbox 187 1754 977 1798">
     <span class='ocr_line' id='line_1_104' title="bbox 187 1754 977 1798; baseline -0.01 -8"><span class='ocrx_word' id='word_1_485' title='bbox 187 1764 269 1798; x_wconf 85' lang='lat' dir='ltr'><strong>quit:</strong></span> <span class='ocrx_word' id='word_1_486' title='bbox 289 1754 468 1797; x_wconf 36' lang='lat' dir='ltr'><strong>Cum&#39;iustus</strong></span> <span class='ocrx_word' id='word_1_487' title='bbox 494 1762 536 1788; x_wconf 79' lang='lat' dir='ltr'><strong>vix</strong></span> <span class='ocrx_word' id='word_1_488' title='bbox 561 1767 588 1788; x_wconf 90' lang='lat' dir='ltr'><strong>et</strong></span> <span class='ocrx_word' id='word_1_489' title='bbox 614 1768 675 1787; x_wconf 89' lang='lat' dir='ltr'><strong>cutn</strong></span> <span class='ocrx_word' id='word_1_490' title='bbox 698 1759 797 1794; x_wconf 87' lang='lat' dir='ltr'><strong>potiori</strong></span> <span class='ocrx_word' id='word_1_491' title='bbox 826 1757 977 1797; x_wconf 75' lang='lat' dir='ltr'><strong>certamine</strong></span> 
     </span>
    </p>
   </div>
   <div class='ocr_carea' id='block_1_105' title="bbox 186 1803 978 1845">
    <p class='ocr_par' dir='ltr' id='par_1_105' title="bbox 186 1803 978 1845">
     <span class='ocr_line' id='line_1_105' title="bbox 186 1803 978 1845; baseline -0.01 -8"><span class='ocrx_word' id='word_1_492' title='bbox 186 1813 268 1845; x_wconf 82' lang='lat' dir='ltr'><strong>queat</strong></span> <span class='ocrx_word' id='word_1_493' title='bbox 283 1808 395 1844; x_wconf 85' lang='lat' dir='ltr'><strong>adipisci</strong></span> <span class='ocrx_word' id='word_1_494' title='bbox 410 1808 535 1840; x_wconf 82' lang='lat' dir='ltr'><strong>salutem,</strong></span> <span class='ocrx_word' id='word_1_495' title='bbox 549 1807 613 1842; x_wconf 89' lang='lat' dir='ltr'><strong>quid</strong></span> <span class='ocrx_word' id='word_1_496' title='bbox 628 1809 737 1841; x_wconf 88' lang='lat' dir='ltr'><strong>oportet</strong></span> <span class='ocrx_word' id='word_1_497' title='bbox 756 1805 858 1833; x_wconf 85' lang='lat' dir='ltr'><strong>sentire</strong></span> <span class='ocrx_word' id='word_1_498' title='bbox 878 1804 911 1831; x_wconf 89' lang='lat' dir='ltr'><strong>de</strong></span> <span class='ocrx_word' id='word_1_499' title='bbox 928 1803 978 1830; x_wconf 88' lang='lat' dir='ltr'><strong>im-</strong></span> 
     </span>
    </p>
   </div>
   <div class='ocr_carea' id='block_1_106' title="bbox 181 1850 977 1889">
    <p class='ocr_par' dir='ltr' id='par_1_106' title="bbox 181 1850 977 1889">
     <span class='ocr_line' id='line_1_106' title="bbox 181 1850 977 1889; baseline -0.01 -7"><span class='ocrx_word' id='word_1_500' title='bbox 181 1854 253 1889; x_wconf 83' lang='lat' dir='ltr'><strong>piis,</strong></span> <span class='ocrx_word' id='word_1_501' title='bbox 277 1854 424 1889; x_wconf 89' lang='lat' dir='ltr'><strong>quoniam,</strong></span> <span class='ocrx_word' id='word_1_502' title='bbox 446 1860 494 1888; x_wconf 83' lang='lat' dir='ltr'><strong>per</strong></span> <span class='ocrx_word' id='word_1_503' title='bbox 516 1860 545 1880; x_wconf 86' lang='lat' dir='ltr'><strong>se</strong></span> <span class='ocrx_word' id='word_1_504' title='bbox 569 1851 694 1886; x_wconf 80' lang='lat' dir='ltr'><strong>iudicati.</strong></span> <span class='ocrx_word' id='word_1_505' title='bbox 718 1851 752 1878; x_wconf 88' lang='lat' dir='ltr'><strong>ad</strong></span> <span class='ocrx_word' id='word_1_506' title='bbox 769 1850 900 1885; x_wconf 85' lang='lat' dir='ltr'><strong>judicium</strong></span> <span class='ocrx_word' id='word_1_507' title='bbox 925 1856 977 1875; x_wconf 87' lang='lat' dir='ltr'><strong>non</strong></span> 
     </span>
    </p>
   </div>
   <div class='ocr_carea' id='block_1_107' title="bbox 1036 1617 1409 1652">
    <p class='ocr_par' dir='ltr' id='par_1_107' title="bbox 1036 1617 1409 1652">
     <span class='ocr_line' id='line_1_107' title="bbox 1036 1617 1409 1652; baseline 0 -8"><span class='ocrx_word' id='word_1_508' title='bbox 1036 1617 1123 1649; x_wconf 60' lang='lat' dir='ltr'><strong>me;</strong></span> <span class='ocrx_word' id='word_1_509' title='bbox 1148 1618 1162 1644; x_wconf 81' lang='grc' dir='ltr'><strong>ὁ</strong></span> <span class='ocrx_word' id='word_1_510' title='bbox 1189 1617 1271 1648; x_wconf 73' lang='grc' dir='ltr'>αὐτὸς</span> <span class='ocrx_word' id='word_1_511' title='bbox 1292 1617 1409 1652; x_wconf 79' lang='grc' dir='ltr'>λέγοιτο,</span> 
     </span>
    </p>
   </div>
   <div class='ocr_carea' id='block_1_108' title="bbox 1036 1663 1410 1699">
    <p class='ocr_par' dir='ltr' id='par_1_108' title="bbox 1036 1663 1410 1699">
     <span class='ocr_line' id='line_1_108' title="bbox 1036 1663 1410 1699; baseline -0.003 -10"><span class='ocrx_word' id='word_1_512' title='bbox 1036 1664 1085 1699; x_wconf 79' lang='grc' dir='ltr'>τὴν</span> <span class='ocrx_word' id='word_1_513' title='bbox 1114 1663 1246 1699; x_wconf 69' lang='grc' dir='ltr'>διαφορὰν</span> <span class='ocrx_word' id='word_1_514' title='bbox 1268 1663 1328 1690; x_wconf 73' lang='grc' dir='ltr'>κατ’</span> <span class='ocrx_word' id='word_1_515' title='bbox 1351 1663 1410 1689; x_wconf 73' lang='grc' dir='ltr'>επί-</span> 
     </span>
    </p>
   </div>
   <div class='ocr_carea' id='block_1_109' title="bbox 1035 1710 1410 1745">
    <p class='ocr_par' dir='ltr' id='par_1_109' title="bbox 1035 1710 1410 1745">
     <span class='ocr_line' id='line_1_109' title="bbox 1035 1710 1410 1745; baseline -0.003 -8"><span class='ocrx_word' id='word_1_516' title='bbox 1035 1719 1109 1737; x_wconf 73' lang='grc' dir='ltr'>νοιαν</span> <span class='ocrx_word' id='word_1_517' title='bbox 1134 1710 1206 1744; x_wconf 72' lang='grc' dir='ltr'>ἔξει·</span> <span class='ocrx_word' id='word_1_518' title='bbox 1228 1711 1340 1737; x_wconf 78' lang='grc' dir='ltr'>δυνατὸν</span> <span class='ocrx_word' id='word_1_519' title='bbox 1355 1710 1410 1745; x_wconf 78' lang='grc' dir='ltr'>γὰρ</span> 
     </span>
    </p>
   </div>
   <div class='ocr_carea' id='block_1_110' title="bbox 1035 1755 1410 1792">
    <p class='ocr_par' dir='ltr' id='par_1_110' title="bbox 1035 1755 1410 1792">
     <span class='ocr_line' id='line_1_110' title="bbox 1035 1755 1410 1792; baseline -0.005 -10"><span class='ocrx_word' id='word_1_520' title='bbox 1035 1756 1080 1782; x_wconf 74' lang='grc' dir='ltr'><strong>τὺν</strong></span> <span class='ocrx_word' id='word_1_521' title='bbox 1097 1755 1290 1792; x_wconf 72' lang='grc' dir='ltr'>ἁμαρτάνοντα.</span> <span class='ocrx_word' id='word_1_522' title='bbox 1308 1755 1410 1785; x_wconf 77' lang='grc' dir='ltr'>εὐθέως</span> 
     </span>
    </p>
   </div>
   <div class='ocr_carea' id='block_1_111' title="bbox 1033 1800 1407 1838">
    <p class='ocr_par' dir='ltr' id='par_1_111' title="bbox 1033 1800 1407 1838">
     <span class='ocr_line' id='line_1_111' title="bbox 1033 1800 1407 1838; baseline -0.003 -10"><span class='ocrx_word' id='word_1_523' title='bbox 1033 1801 1080 1828; x_wconf 70' lang='grc' dir='ltr'><strong>καὶ</strong></span> <span class='ocrx_word' id='word_1_524' title='bbox 1102 1802 1187 1838; x_wconf 75' lang='grc' dir='ltr'>ἀσεϐῆ</span> <span class='ocrx_word' id='word_1_525' title='bbox 1212 1800 1291 1832; x_wconf 76' lang='grc' dir='ltr'>εἶναι.</span> <span class='ocrx_word' id='word_1_526' title='bbox 1311 1801 1341 1828; x_wconf 83' lang='grc' dir='ltr'>τὺ</span> <span class='ocrx_word' id='word_1_527' title='bbox 1363 1800 1407 1827; x_wconf 74' lang='grc' dir='ltr'>διὰ</span> 
     </span>
    </p>
   </div>
   <div class='ocr_carea' id='block_1_112' title="bbox 1031 1849 1408 1886">
    <p class='ocr_par' dir='ltr' id='par_1_112' title="bbox 1031 1849 1408 1886">
     <span class='ocr_line' id='line_1_112' title="bbox 1031 1849 1408 1886; baseline -0.005 -10"><span class='ocrx_word' id='word_1_528' title='bbox 1031 1850 1263 1886; x_wconf 69' lang='grc' dir='ltr'>καταφρονήσεως</span> <span class='ocrx_word' id='word_1_529' title='bbox 1300 1849 1408 1876; x_wconf 75' lang='grc' dir='ltr'>ἀσεϐεῖν</span> 
     </span>
    </p>
   </div>
   <div class='ocr_carea' id='block_1_113' title="bbox 1447 1609 1821 1644">
    <p class='ocr_par' dir='ltr' id='par_1_113' title="bbox 1447 1609 1821 1644">
     <span class='ocr_line' id='line_1_113' title="bbox 1447 1609 1821 1644; baseline -0.008 -7"><span class='ocrx_word' id='word_1_530' title='bbox 1447 1610 1475 1637; x_wconf 86' lang='lat' dir='ltr'><strong>Si</strong></span> <span class='ocrx_word' id='word_1_531' title='bbox 1512 1617 1576 1637; x_wconf 88' lang='lat' dir='ltr'><strong>vero</strong></span> <span class='ocrx_word' id='word_1_532' title='bbox 1610 1609 1757 1644; x_wconf 87' lang='lat' dir='ltr'><strong>aliquando</strong></span> <span class='ocrx_word' id='word_1_533' title='bbox 1793 1609 1821 1635; x_wconf 94' lang='lat' dir='ltr'><strong>in</strong></span> 
     </span>
    </p>
   </div>
   <div class='ocr_carea' id='block_1_114' title="bbox 1448 1657 1820 1690">
    <p class='ocr_par' dir='ltr' id='par_1_114' title="bbox 1448 1657 1820 1690">
     <span class='ocr_line' id='line_1_114' title="bbox 1448 1657 1820 1690; baseline -0.005 -7"><span class='ocrx_word' id='word_1_534' title='bbox 1448 1661 1521 1684; x_wconf 82' lang='lat' dir='ltr'><strong>textu</strong></span> <span class='ocrx_word' id='word_1_535' title='bbox 1544 1657 1614 1683; x_wconf 88' lang='lat' dir='ltr'><strong>idem</strong></span> <span class='ocrx_word' id='word_1_536' title='bbox 1639 1660 1769 1690; x_wconf 84' lang='lat' dir='ltr'><strong>peccator</strong></span> <span class='ocrx_word' id='word_1_537' title='bbox 1790 1659 1820 1681; x_wconf 90' lang='lat' dir='ltr'><strong>et</strong></span> 
     </span>
    </p>
   </div>
   <div class='ocr_carea' id='block_1_115' title="bbox 1447 1700 1820 1738">
    <p class='ocr_par' dir='ltr' id='par_1_115' title="bbox 1447 1700 1820 1738">
     <span class='ocr_line' id='line_1_115' title="bbox 1447 1700 1820 1738; baseline -0.005 -8"><span class='ocrx_word' id='word_1_538' title='bbox 1447 1703 1546 1738; x_wconf 88' lang='lat' dir='ltr'><strong>impius</strong></span> <span class='ocrx_word' id='word_1_539' title='bbox 1560 1702 1722 1735; x_wconf 84' lang='lat' dir='ltr'><strong>inveniatur,</strong></span> <span class='ocrx_word' id='word_1_540' title='bbox 1737 1700 1820 1728; x_wconf 66' lang='lat' dir='ltr'><strong>diﬁc-</strong></span> 
     </span>
    </p>
   </div>
   <div class='ocr_carea' id='block_1_116' title="bbox 1448 1749 1822 1779">
    <p class='ocr_par' dir='ltr' id='par_1_116' title="bbox 1448 1749 1822 1779">
     <span class='ocr_line' id='line_1_116' title="bbox 1448 1749 1822 1779; baseline -0.011 0"><span class='ocrx_word' id='word_1_541' title='bbox 1448 1752 1563 1779; x_wconf 90' lang='lat' dir='ltr'><strong>rentiatn</strong></span> <span class='ocrx_word' id='word_1_542' title='bbox 1589 1755 1678 1777; x_wconf 87' lang='lat' dir='ltr'><strong>tamett</strong></span> <span class='ocrx_word' id='word_1_543' title='bbox 1707 1749 1822 1776; x_wconf 80' lang='lat' dir='ltr'><strong>habebit</strong></span> 
     </span>
    </p>
   </div>
   <div class='ocr_carea' id='block_1_117' title="bbox 1448 1795 1823 1826">
    <p class='ocr_par' dir='ltr' id='par_1_117' title="bbox 1448 1795 1823 1826">
     <span class='ocr_line' id='line_1_117' title="bbox 1448 1795 1823 1826; baseline -0.011 -1"><span class='ocrx_word' id='word_1_544' title='bbox 1448 1799 1474 1826; x_wconf 89' lang='lat' dir='ltr'><strong>in</strong></span> <span class='ocrx_word' id='word_1_545' title='bbox 1509 1796 1656 1825; x_wconf 80' lang='lat' dir='ltr'><strong>intellectu.</strong></span> <span class='ocrx_word' id='word_1_546' title='bbox 1686 1795 1823 1822; x_wconf 74' lang='lat' dir='ltr'><strong>Possihtle</strong></span> 
     </span>
    </p>
   </div>
   <div class='ocr_carea' id='block_1_118' title="bbox 1450 1842 1829 1876">
    <p class='ocr_par' dir='ltr' id='par_1_118' title="bbox 1450 1842 1829 1876">
     <span class='ocr_line' id='line_1_118' title="bbox 1450 1842 1829 1876; baseline -0.011 -4"><span class='ocrx_word' id='word_1_547' title='bbox 1450 1849 1491 1872; x_wconf 85' lang='lat' dir='ltr'><strong>est</strong></span> <span class='ocrx_word' id='word_1_548' title='bbox 1507 1849 1597 1871; x_wconf 90' lang='lat' dir='ltr'><strong>autem</strong></span> <span class='ocrx_word' id='word_1_549' title='bbox 1606 1844 1672 1870; x_wconf 79' lang='lat' dir='ltr'><strong>&#39;eum</strong></span> <span class='ocrx_word' id='word_1_550' title='bbox 1695 1842 1740 1876; x_wconf 88' lang='lat' dir='ltr'><strong>qui</strong></span> <span class='ocrx_word' id='word_1_551' title='bbox 1759 1849 1829 1876; x_wconf 55' lang='lat' dir='ltr'><strong>peC¢</strong></span> 
     </span>
    </p>
   </div>
   <div class='ocr_carea' id='block_1_119' title="bbox 184 1895 978 1936">
    <p class='ocr_par' dir='ltr' id='par_1_119' title="bbox 184 1895 978 1936">
     <span class='ocr_line' id='line_1_119' title="bbox 184 1895 978 1936; baseline -0.01 -7"><span class='ocrx_word' id='word_1_552' title='bbox 184 1904 339 1936; x_wconf 80' lang='lat' dir='ltr'><strong>resurgunt,</strong></span> <span class='ocrx_word' id='word_1_553' title='bbox 352 1904 379 1928; x_wconf 91' lang='lat' dir='ltr'><strong>et</strong></span> <span class='ocrx_word' id='word_1_554' title='bbox 393 1901 426 1928; x_wconf 90' lang='lat' dir='ltr'><strong>de</strong></span> <span class='ocrx_word' id='word_1_555' title='bbox 440 1899 639 1935; x_wconf 87' lang='lat' dir='ltr'><strong>peccatoribus,</strong></span> <span class='ocrx_word' id='word_1_556' title='bbox 656 1897 702 1932; x_wconf 84' lang='lat' dir='ltr'><strong>qui</strong></span> <span class='ocrx_word' id='word_1_557' title='bbox 718 1898 744 1924; x_wconf 93' lang='lat' dir='ltr'><strong>in</strong></span> <span class='ocrx_word' id='word_1_558' title='bbox 765 1895 978 1931; x_wconf 86' lang='lat' dir='ltr'><strong>eonciliojusto-</strong></span> 
     </span>
    </p>
   </div>
   <div class='ocr_carea' id='block_1_120' title="bbox 182 1943 974 1982">
    <p class='ocr_par' dir='ltr' id='par_1_120' title="bbox 182 1943 974 1982">
     <span class='ocr_line' id='line_1_120' title="bbox 182 1943 974 1982; baseline -0.011 -5"><span class='ocrx_word' id='word_1_559' title='bbox 182 1956 243 1976; x_wconf 90' lang='lat' dir='ltr'><strong>t&#39;um</strong></span> <span class='ocrx_word' id='word_1_560' title='bbox 258 1956 312 1976; x_wconf 87' lang='lat' dir='ltr'><strong>non</strong></span> <span class='ocrx_word' id='word_1_561' title='bbox 341 1951 485 1982; x_wconf 79' lang='lat' dir='ltr'><strong>resurgunt</strong></span> <span class='ocrx_word' id='word_1_562' title='bbox 499 1947 520 1962; x_wconf 90' lang='lat'><strong>&#39;“</strong></span> <span class='ocrx_word' id='word_1_563' title='bbox 532 1946 543 1972; x_wconf 90' lang='lat'><strong>?</strong></span> <span class='ocrx_word' id='word_1_564' title='bbox 557 1945 605 1973; x_wconf 86' lang='lat' dir='ltr'><strong>His</strong></span> <span class='ocrx_word' id='word_1_565' title='bbox 627 1945 710 1977; x_wconf 80' lang='lat' dir='ltr'><strong>cuitu,</strong></span> <span class='ocrx_word' id='word_1_566' title='bbox 732 1952 778 1979; x_wconf 87' lang='lat' dir='ltr'><strong>qut</strong></span> <span class='ocrx_word' id='word_1_567' title='bbox 801 1943 869 1970; x_wconf 81' lang='lat' dir='ltr'><strong>bona</strong></span> <span class='ocrx_word' id='word_1_568' title='bbox 884 1949 974 1977; x_wconf 79' lang='lat' dir='ltr'><strong>gesse-</strong></span> 
     </span>
    </p>
   </div>
   <div class='ocr_carea' id='block_1_121' title="bbox 1030 1890 1828 1928">
    <p class='ocr_par' dir='ltr' id='par_1_121' title="bbox 1030 1890 1828 1928">
     <span class='ocr_line' id='line_1_121' title="bbox 1030 1890 1828 1928; baseline -0.01 -5"><span class='ocrx_word' id='word_1_569' title='bbox 1030 1896 1070 1928; x_wconf 78' lang='grc' dir='ltr'><strong>εζς</strong></span> <span class='ocrx_word' id='word_1_570' title='bbox 1086 1896 1163 1923; x_wconf 80' lang='grc' dir='ltr'>Θεόν.</span> <span class='ocrx_word' id='word_1_571' title='bbox 1446 1898 1500 1924; x_wconf 84' lang='lat' dir='ltr'><strong>cat.</strong></span> <span class='ocrx_word' id='word_1_572' title='bbox 1517 1899 1577 1919; x_wconf 80' lang='lat' dir='ltr'><strong>mox</strong></span> <span class='ocrx_word' id='word_1_573' title='bbox 1589 1896 1615 1918; x_wconf 92' lang='lat' dir='ltr'><strong>et</strong></span> <span class='ocrx_word' id='word_1_574' title='bbox 1625 1890 1738 1924; x_wconf 91' lang='lat' dir='ltr'><strong>impium</strong></span> <span class='ocrx_word' id='word_1_575' title='bbox 1752 1896 1828 1920; x_wconf 75' lang='lat' dir='ltr'><strong>esse,</strong></span> 
     </span>
    </p>
   </div>
   <div class='ocr_carea' id='block_1_122' title="bbox 1030 1935 1765 1977">
    <p class='ocr_par' dir='ltr' id='par_1_122' title="bbox 1030 1935 1765 1977">
     <span class='ocr_line' id='line_1_122' title="bbox 1030 1935 1765 1977; baseline -0.01 -9"><span class='ocrx_word' id='word_1_576' title='bbox 1030 1942 1137 1977; x_wconf 86' lang='lat' dir='ltr'><strong>quando</strong></span> <span class='ocrx_word' id='word_1_577' title='bbox 1169 1949 1216 1976; x_wconf 90' lang='lat' dir='ltr'><strong>per</strong></span> <span class='ocrx_word' id='word_1_578' title='bbox 1243 1946 1424 1976; x_wconf 76' lang='lat' dir='ltr'><strong>contemptum</strong></span> <span class='ocrx_word' id='word_1_579' title='bbox 1454 1937 1535 1973; x_wconf 90' lang='lat' dir='ltr'><strong>impie</strong></span> <span class='ocrx_word' id='word_1_580' title='bbox 1549 1937 1604 1972; x_wconf 77' lang='lat' dir='ltr'><strong>agit</strong></span> <span class='ocrx_word' id='word_1_581' title='bbox 1621 1935 1647 1962; x_wconf 93' lang='lat' dir='ltr'><strong>in</strong></span> <span class='ocrx_word' id='word_1_582' title='bbox 1667 1935 1765 1962; x_wconf 87' lang='lat' dir='ltr'><strong>Deum.</strong></span> 
     </span>
    </p>
   </div>
   <div class='ocr_carea' id='block_1_123' title="bbox 217 2040 1382 2084">
    <p class='ocr_par' dir='ltr' id='par_1_123' title="bbox 217 2040 1382 2084">
     <span class='ocr_line' id='line_1_123' title="bbox 217 2040 1382 2084; baseline -0.012 -4"><span class='ocrx_word' id='word_1_583' title='bbox 217 2052 239 2068; x_wconf 85' lang='lat'>“</span> <span class='ocrx_word' id='word_1_584' title='bbox 260 2051 331 2080; x_wconf 84' lang='lat' dir='ltr'><strong>Psal.</strong></span> <span class='ocrx_word' id='word_1_585' title='bbox 345 2059 364 2084; x_wconf 81' lang='grc' dir='ltr'><strong>ι,</strong></span> <span class='ocrx_word' id='word_1_586' title='bbox 379 2051 406 2078; x_wconf 84' lang='lat'><strong>5.</strong></span> <span class='ocrx_word' id='word_1_587' title='bbox 445 2050 467 2066; x_wconf 85' lang='lat'>&quot;</span> <span class='ocrx_word' id='word_1_588' title='bbox 485 2048 562 2076; x_wconf 74' lang='lat' dir='ltr'><strong>Joan.</strong></span> <span class='ocrx_word' id='word_1_589' title='bbox 580 2056 604 2080; x_wconf 87' lang='lat' dir='ltr'><strong>v,</strong></span> <span class='ocrx_word' id='word_1_590' title='bbox 619 2047 665 2074; x_wconf 73' lang='lat'><strong>‘29.</strong></span> <span class='ocrx_word' id='word_1_591' title='bbox 704 2047 726 2062; x_wconf 83' lang='lat'><strong>&#39;”</strong></span> <span class='ocrx_word' id='word_1_592' title='bbox 744 2045 816 2072; x_wconf 76' lang='lat' dir='ltr'><strong>Psal.</strong></span> <span class='ocrx_word' id='word_1_593' title='bbox 832 2053 850 2077; x_wconf 90' lang='lat' dir='ltr'><strong>I,</strong></span> <span class='ocrx_word' id='word_1_594' title='bbox 869 2045 895 2072; x_wconf 80' lang='grc'><strong>5.</strong></span> <span class='ocrx_word' id='word_1_595' title='bbox 934 2044 957 2058; x_wconf 81' lang='grc'><strong>⁷⁴</strong></span> <span class='ocrx_word' id='word_1_596' title='bbox 976 2043 1054 2069; x_wconf 77' lang='lat' dir='ltr'><strong>Itum.</strong></span> <span class='ocrx_word' id='word_1_597' title='bbox 1071 2050 1097 2075; x_wconf 83' lang='lat' dir='ltr'><strong>v,</strong></span> <span class='ocrx_word' id='word_1_598' title='bbox 1116 2042 1142 2073; x_wconf 87' lang='grc'>8,</span> <span class='ocrx_word' id='word_1_599' title='bbox 1164 2042 1190 2069; x_wconf 85' lang='lat'><strong>9.</strong></span> <span class='ocrx_word' id='word_1_600' title='bbox 1229 2041 1251 2056; x_wconf 75' lang='grc'><strong>⁷³</strong></span> <span class='ocrx_word' id='word_1_601' title='bbox 1277 2041 1342 2067; x_wconf 85' lang='lat' dir='ltr'><strong>ihid.</strong></span> <span class='ocrx_word' id='word_1_602' title='bbox 1360 2040 1382 2066; x_wconf 82' lang='lat'><strong>6.</strong></span> 
     </span>
    </p>
   </div>
   <div class='ocr_carea' id='block_1_124' title="bbox 220 2133 1297 2181">
    <p class='ocr_par' dir='ltr' id='par_1_124' title="bbox 220 2133 1297 2181">
     <span class='ocr_line' id='line_1_124' title="bbox 220 2133 1297 2181; baseline -0.013 -8"><span class='ocrx_word' id='word_1_603' title='bbox 220 2144 276 2181; x_wconf 84' lang='grc'><strong>(87)</strong></span> <span class='ocrx_word' id='word_1_604' title='bbox 296 2143 334 2172; x_wconf 83' lang='lat' dir='ltr'><strong>Ex</strong></span> <span class='ocrx_word' id='word_1_605' title='bbox 349 2141 436 2170; x_wconf 62' lang='lat' dir='ltr'><strong>Graeci</strong></span> <span class='ocrx_word' id='word_1_606' title='bbox 448 2141 566 2176; x_wconf 77' lang='lat' dir='ltr'><strong>exempli</strong></span> <span class='ocrx_word' id='word_1_607' title='bbox 577 2140 738 2167; x_wconf 82' lang='lat' dir='ltr'><strong>auctoritate</strong></span> <span class='ocrx_word' id='word_1_608' title='bbox 751 2136 923 2164; x_wconf 82' lang='lat' dir='ltr'><strong>scribendum</strong></span> <span class='ocrx_word' id='word_1_609' title='bbox 938 2134 1055 2166; x_wconf 87' lang='lat' dir='ltr'><strong>videtur,</strong></span> <span class='ocrx_word' id='word_1_610' title='bbox 1070 2133 1297 2160; x_wconf 69' lang='lat' dir='ltr'><strong>circunm’ribena.</strong></span> 
     </span>
    </p>
   </div>
   <div class='ocr_carea' id='block_1_125' title="bbox 189 2267 456 2278">
    <p class='ocr_par' dir='ltr' id='par_1_125' title="bbox 189 2267 456 2278">
     <span class='ocr_line' id='line_1_125' title="bbox 189 2267 456 2278; baseline -0.022 -1"><span class='ocrx_word' id='word_1_611' title='bbox 189 2267 456 2278; x_wconf 67' lang='lat'><strong>.__.___.___._—</strong></span> 
     </span>
    </p>
   </div>
   <div class='ocr_carea' id='block_1_126' title="bbox 614 2342 1401 2428">
    <p class='ocr_par' dir='ltr' id='par_1_126' title="bbox 614 2342 1401 2428">
     <span class='ocr_line' id='line_1_126' title="bbox 614 2342 1401 2428; baseline -0.015 0"><span class='ocrx_word' id='word_1_612' title='bbox 614 2342 878 2428; x_wconf 74' lang='lat' dir='ltr'><strong>DIDYMI</strong></span> <span class='ocrx_word' id='word_1_613' title='bbox 912 2363 1401 2423; x_wconf 83' lang='lat' dir='ltr'><strong>ALEXANDRlNi</strong></span> 
     </span>
    </p>
   </div>
   <div class='ocr_carea' id='block_1_127' title="bbox 995 2485 1020 2504">
    <p class='ocr_par' dir='ltr' id='par_1_127' title="bbox 995 2485 1020 2504">
     <span class='ocr_line' id='line_1_127' title="bbox 995 2485 1020 2504; baseline 0 0"><span class='ocrx_word' id='word_1_614' title='bbox 995 2485 1020 2504; x_wconf 79' lang='lat' dir='ltr'><strong>1N</strong></span> 
     </span>
    </p>
   </div>
   <div class='ocr_carea' id='block_1_128' title="bbox 303 2568 1714 2630">
    <p class='ocr_par' dir='ltr' id='par_1_128' title="bbox 303 2568 1714 2630">
     <span class='ocr_line' id='line_1_128' title="bbox 303 2568 1714 2630; baseline -0.013 0"><span class='ocrx_word' id='word_1_615' title='bbox 303 2580 642 2630; x_wconf 82' lang='lat' dir='ltr'><strong>EPISTOLAM</strong></span> <span class='ocrx_word' id='word_1_616' title='bbox 680 2579 727 2622; x_wconf 91' lang='lat' dir='ltr'><strong>S.</strong></span> <span class='ocrx_word' id='word_1_617' title='bbox 768 2575 945 2621; x_wconf 79' lang='lat' dir='ltr'>PETRI</span> <span class='ocrx_word' id='word_1_618' title='bbox 986 2571 1302 2618; x_wconf 81' lang='lat' dir='ltr'><strong>SECUNDAM</strong></span> <span class='ocrx_word' id='word_1_619' title='bbox 1342 2568 1714 2615; x_wconf 77' lang='lat' dir='ltr'><strong>ENARRATIO.</strong></span> 
     </span>
    </p>
   </div>
   <div class='ocr_carea' id='block_1_129' title="bbox 226 2761 982 2804">
    <p class='ocr_par' dir='ltr' id='par_1_129' title="bbox 226 2761 982 2804">
     <span class='ocr_line' id='line_1_129' title="bbox 226 2761 982 2804; baseline -0.017 -5"><span class='ocrx_word' id='word_1_620' title='bbox 226 2770 303 2798; x_wconf 78' lang='lat' dir='ltr'><strong>CAP.</strong></span> <span class='ocrx_word' id='word_1_621' title='bbox 324 2770 363 2804; x_wconf 95' lang='lat' dir='ltr'><strong>ll,</strong></span> <span class='ocrx_word' id='word_1_622' title='bbox 385 2776 460 2796; x_wconf 72' lang='lat' dir='ltr'><strong>uatis.</strong></span> <span class='ocrx_word' id='word_1_623' title='bbox 481 2767 525 2794; x_wconf 72' lang='lat' dir='ltr'><strong>ll.</strong></span> <span class='ocrx_word' id='word_1_624' title='bbox 549 2774 558 2791; x_wconf 87' lang='grc'><strong><em>‹</em></strong></span> <span class='ocrx_word' id='word_1_625' title='bbox 577 2764 625 2792; x_wconf 89' lang='lat' dir='ltr'><strong>Ubi</strong></span> <span class='ocrx_word' id='word_1_626' title='bbox 643 2763 742 2798; x_wconf 70' lang='lat' dir='ltr'><strong>angeli,</strong></span> <span class='ocrx_word' id='word_1_627' title='bbox 775 2761 932 2789; x_wconf 80' lang='lat' dir='ltr'><strong>fortitudine</strong></span> <span class='ocrx_word' id='word_1_628' title='bbox 955 2763 982 2787; x_wconf 92' lang='lat' dir='ltr'><strong>et</strong></span> 
     </span>
    </p>
   </div>
   <div class='ocr_carea' id='block_1_130' title="bbox 193 2806 982 2846">
    <p class='ocr_par' dir='ltr' id='par_1_130' title="bbox 193 2806 982 2846">
     <span class='ocr_line' id='line_1_130' title="bbox 193 2806 982 2846; baseline -0.008 -7"><span class='ocrx_word' id='word_1_629' title='bbox 193 2815 293 2843; x_wconf 82' lang='lat' dir='ltr'><strong>virtute</strong></span> <span class='ocrx_word' id='word_1_630' title='bbox 309 2823 369 2843; x_wconf 91' lang='lat' dir='ltr'><strong>cum</strong></span> <span class='ocrx_word' id='word_1_631' title='bbox 390 2815 443 2842; x_wconf 89' lang='lat' dir='ltr'><strong>sint</strong></span> <span class='ocrx_word' id='word_1_632' title='bbox 466 2811 594 2846; x_wconf 84' lang='lat' dir='ltr'><strong>majores,</strong></span> <span class='ocrx_word' id='word_1_633' title='bbox 619 2816 671 2837; x_wconf 89' lang='lat' dir='ltr'><strong>non</strong></span> <span class='ocrx_word' id='word_1_634' title='bbox 695 2808 834 2844; x_wconf 77' lang='lat' dir='ltr'><strong>perferunt</strong></span> <span class='ocrx_word' id='word_1_635' title='bbox 854 2806 982 2835; x_wconf 78' lang='lat' dir='ltr'><strong>adversus</strong></span> 
     </span>
    </p>
   </div>
   <div class='ocr_carea' id='block_1_131' title="bbox 192 2856 601 2891">
    <p class='ocr_par' dir='ltr' id='par_1_131' title="bbox 192 2856 601 2891">
     <span class='ocr_line' id='line_1_131' title="bbox 192 2856 601 2891; baseline -0.007 -7"><span class='ocrx_word' id='word_1_636' title='bbox 192 2863 239 2884; x_wconf 80' lang='lat' dir='ltr'><strong>eos</strong></span> <span class='ocrx_word' id='word_1_637' title='bbox 254 2857 421 2886; x_wconf 77' lang='lat' dir='ltr'><strong>exsecrabile</strong></span> <span class='ocrx_word' id='word_1_638' title='bbox 436 2856 576 2891; x_wconf 90' lang='lat' dir='ltr'><strong>iudicium.</strong></span> <span class='ocrx_word' id='word_1_639' title='bbox 591 2863 601 2880; x_wconf 69' lang='grc' dir='ltr'><strong>ι</strong></span> 
     </span>
    </p>
   </div>
   <div class='ocr_carea' id='block_1_132' title="bbox 1072 2755 1838 2795">
    <p class='ocr_par' dir='ltr' id='par_1_132' title="bbox 1072 2755 1838 2795">
     <span class='ocr_line' id='line_1_132' title="bbox 1072 2755 1838 2795; baseline -0.008 -7"><span class='ocrx_word' id='word_1_640' title='bbox 1072 2759 1165 2795; x_wconf 77' lang='lat' dir='ltr'><strong>Angeli</strong></span> <span class='ocrx_word' id='word_1_641' title='bbox 1188 2761 1329 2784; x_wconf 83' lang='lat' dir='ltr'><strong>manentes</strong></span> <span class='ocrx_word' id='word_1_642' title='bbox 1349 2755 1374 2782; x_wconf 92' lang='lat' dir='ltr'><strong>in</strong></span> <span class='ocrx_word' id='word_1_643' title='bbox 1399 2756 1564 2787; x_wconf 85' lang='lat' dir='ltr'><strong>sanctitate,</strong></span> <span class='ocrx_word' id='word_1_644' title='bbox 1590 2762 1672 2791; x_wconf 88' lang='lat' dir='ltr'><strong>quam</strong></span> <span class='ocrx_word' id='word_1_645' title='bbox 1692 2755 1799 2782; x_wconf 77' lang='lat' dir='ltr'><strong>habent</strong></span> <span class='ocrx_word' id='word_1_646' title='bbox 1825 2763 1838 2781; x_wconf 69' lang='grc' dir='ltr'>ιι</span> 
     </span>
    </p>
   </div>
   <div class='ocr_carea' id='block_1_133' title="bbox 1039 2800 1839 2838">
    <p class='ocr_par' dir='ltr' id='par_1_133' title="bbox 1039 2800 1839 2838">
     <span class='ocr_line' id='line_1_133' title="bbox 1039 2800 1839 2838; baseline -0.01 -4"><span class='ocrx_word' id='word_1_647' title='bbox 1039 2807 1102 2838; x_wconf 82' lang='lat' dir='ltr'><strong>Deo,</strong></span> <span class='ocrx_word' id='word_1_648' title='bbox 1118 2809 1181 2833; x_wconf 87' lang='lat' dir='ltr'><strong>sunt</strong></span> <span class='ocrx_word' id='word_1_649' title='bbox 1194 2803 1312 2838; x_wconf 87' lang='lat' dir='ltr'><strong>potiores</strong></span> <span class='ocrx_word' id='word_1_650' title='bbox 1325 2801 1490 2835; x_wconf 86' lang='lat' dir='ltr'><strong>hominibus,</strong></span> <span class='ocrx_word' id='word_1_651' title='bbox 1505 2801 1567 2828; x_wconf 86' lang='lat' dir='ltr'><strong>licet</strong></span> <span class='ocrx_word' id='word_1_652' title='bbox 1581 2800 1752 2828; x_wconf 69' lang='lat' dir='ltr'><strong>excellenter</strong></span> <span class='ocrx_word' id='word_1_653' title='bbox 1763 2800 1839 2827; x_wconf 74' lang='lat' dir='ltr'><strong>beati</strong></span> 
     </span>
    </p>
   </div>
   <div class='ocr_carea' id='block_1_134' title="bbox 1037 2847 1840 2882">
    <p class='ocr_par' dir='ltr' id='par_1_134' title="bbox 1037 2847 1840 2882">
     <span class='ocr_line' id='line_1_134' title="bbox 1037 2847 1840 2882; baseline -0.009 -2"><span class='ocrx_word' id='word_1_654' title='bbox 1037 2853 1092 2880; x_wconf 81' lang='lat' dir='ltr'><strong>siut</strong></span> <span class='ocrx_word' id='word_1_655' title='bbox 1119 2849 1240 2878; x_wconf 87' lang='lat' dir='ltr'><strong>homines</strong></span> <span class='ocrx_word' id='word_1_656' title='bbox 1257 2855 1263 2875; x_wconf 95' lang='lat'>:</span> <span class='ocrx_word' id='word_1_657' title='bbox 1279 2847 1365 2882; x_wconf 69' lang='lat' dir='ltr'><strong>angeli</strong></span> <span class='ocrx_word' id='word_1_658' title='bbox 1389 2847 1521 2882; x_wconf 85' lang='lat' dir='ltr'><strong>siquidem</strong></span> <span class='ocrx_word' id='word_1_659' title='bbox 1546 2847 1702 2875; x_wconf 81' lang='lat' dir='ltr'><strong>custodiunt</strong></span> <span class='ocrx_word' id='word_1_660' title='bbox 1723 2852 1840 2874; x_wconf 73' lang='lat' dir='ltr'><strong>sanctus</strong></span> 
     </span>
    </p>
   </div>
  </div>
