1913 3071
87 182 156 211 17τό

550 179 749 208 ENARRATIO
769 179 800 207 IN
822 180 1018 209 EPISTOLAM
1040 181 1060 209 11
1081 182 1109 210 5.
1132 181 1247 210 PETRI.

1651 185 1719 214 1774

85 242 168 274 viros,
185 245 211 268 et
226 247 264 268 eis
283 239 458 268 auxiliantur.
474 238 536 265 dum
558 238 682 265 homines
706 245 874 273 nequaquam
891 240 911 268 A
928 240 1000 267 enim
1019 240 1111 268 venire
1133 240 1228 275 judieii
1246 239 1316 268 diem
1335 239 1459 273 latenter,
1485 246 1511 268 ιιι
1534 242 1586 274 fur,
1613 243 1638 271 in
1665 252 1719 279 quo

85 288 190 314 valeant
209 285 310 320 augt-lis
329 285 448 320 praebere
465 283 570 311 solatia.
586 282 631 310 Sic
645 283 736 317 utique
753 287 779 309 et
796 283 873 315 illud,

84 334 155 369 quod
180 333 204 359 in
231 331 378 365 Evangelio
403 330 436 357 de
451 329 556 357 Joanne
582 329 680 357 tlictum
702 333 766 356 est:
785 329 872 362 «Quia

85 379 172 406 nullus
190 376 259 405 inter
280 383 356 404 natos
377 376 518 402 mulierum
533 375 619 409 major
634 376 668 402 sit
682 383 715 402 eo
732 375 765 408 ",
780 385 789 401 ι
812 384 872 402 eum

84 426 171 461 potior
185 424 229 451 illo
246 423 408 455 inveniatur,
424 423 468 456 qni
484 422 509 448 in
523 429 604 457 regno
619 422 653 448 sit
667 422 773 454 minor;
791 422 874 448 inter-

84 471 180 505 pretati
200 474 263 497 sunt
281 470 417 504 sapientes
433 468 493 500 viri,
516 467 647 499 dicentes,
670 467 733 502 quia
754 474 814 494 eum
837 467 874 494 sit

83 517 218 552 perfectus
239 516 309 542 inter
336 515 469 545 homines,
499 513 572 540 nullo
603 512 756 540 mortalium
785 512 873 540 minor

82 567 134 594 e‘t,
155 562 272 597 quando,
295 561 340 595 qui
357 559 468 586 inferior
491 565 533 585 est
552 559 672 585 omnintn
694 565 872 592 supernorum

82 608 265 639 rationaliutn,
287 605 370 639 major
383 611 422 632 est
443 613 474 632 eo
489 614 495 631 :
512 605 575 640 quia
591 612 641 631 non
662 604 747 631 solum
765 604 872 631 virtutis

82 653 256 688 scientia‘que
285 651 436 678 tlill‘erentia
465 651 584 685 potiores
609 654 672 676 sunt
701 649 800 684 angeli,
824 650 871 677 sed

82 701 164 726 etiam
189 698 259 733 quod
277 705 329 724 non
353 697 407 724 sint
430 697 557 732 gravibus
575 700 600 723 et
619 695 794 731 passibilibus
811 703 870 730 per-

82 745 150 780 plexi
170 745 338 779 corporibus.
356 743 432 770 Alter
450 750 513 770 vero
529 743 636 778 quidem
663 743 745 775 dit-it,
771 750 872 777 nequa-

81 799 162 826 quam
180 791 294 826 majores
311 790 448 816 hominum
473 789 582 824 angelos
598 797 669 820 esse,
687 797 740 815 non
765 788 872 815 fortitu-

81 838 144 864 dine
160 842 188 864 et
207 827 316 868 virute,
334 843 366 862 eo
383 836 453 870 quod
471 835 575 862 mortali
601 835 655 861 vita
681 835 778 869 privati
796 839 869 861 sunt.

81 883 157 911 Unus
173 883 290 918 denique
309 883 420 918 angelus
434 882 565 917 percussit
592 882 663 917 regis
686 882 869 916 Assyriorum,

81 931 131 957 sub
146 937 199 957 uno
214 929 340 956 utomenti
356 933 485 963 tempore,
503 928 664 960 exercitum,
677 933 785 956 centum
800 933 871 955 octo-
887 921 907 948 Β

82 976 156 1012 ginta
172 976 291 1011 quinque
305 975 388 1002 millia
401 975 434 1001 ⁷⁷.
449 974 482 1002 Et
495 975 565 1002 alter
579 983 646 1009 pene
663 982 770 1002 omnem
786 983 871 1010 popu-

81 1023 135 1050 lum
161 1021 340 1049 lsraelitarum
368 1022 504 1052 vastavit;
538 1021 587 1047 nisi
621 1021 675 1048 cito
708 1020 789 1047 David
825 1028 870 1048 rex

79 1076 172 1096 eormn
190 1072 295 1103 rogaret
314 1067 407 1100 Deum,
427 1072 454 1094 ut
471 1067 617 1093 iracundia:
639 1067 719 1093 linem
741 1066 826 1097 daret.
845 1072 872 1094 et

80 1114 225 1142 terminum
242 1114 359 1146 ultionis,
381 1121 441 1148 qua:
459 1113 531 1140 illata
552 1113 641 1139 luerat
656 1117 766 1146 propter
781 1120 872 1147 pet-ca-

80 1165 148 1194 tum,
163 1161 196 1187 de
211 1160 307 1194 populo
323 1164 464 1186 tutu-erato
479 1163 650 1185 contractum
668 1159 702 1185 ⁷⁵.

114 1205 190 1234 CAP.
206 1206 248 1238 111,
271 1214 346 1233 rens.
367 1207 392 1233 5.
417 1215 426 1231 ι
445 1206 521 1233 Latet
536 1207 607 1233 enim
623 1207 682 1234 illos
695 1228 701 1237 ,
716 1207 764 1233 hoc
780 1207 871 1233 volen-

80 1257 129 1285 tes,
146 1253 207 1288 quia
223 1252 283 1279 cadi
306 1257 382 1279 erant
396 1252 471 1283 oliui,
495 1256 522 1279 et
543 1257 612 1278 terra
627 1261 658 1279 ex
676 1261 743 1287 aqua
755 1273 762 1283 ,
781 1259 805 1279 et
824 1261 872 1287 per

79 1306 176 1333 aquam
194 1299 337 1325 constituta
356 1298 454 1329 verbo,
472 1302 497 1324 et
520 1306 568 1332 per
589 1305 648 1332 qua!
673 1303 735 1324 tunc
756 1299 871 1325 umndus

79 1353 147 1379 aqua
164 1345 307 1372 inuudatus
324 1345 439 1379 deperiit
456 1353 463 1371 :
481 1345 525 1379 qui
545 1352 616 1371 nttue
630 1350 719 1371 autem
734 1344 794 1371 cmli
808 1348 871 1371 sunt

78 1397 105 1418 et
117 1396 200 1422 terra,
214 1392 307 1418 eodem
323 1392 404 1418 verbo
420 1391 528 1424 repositi
545 1396 617 1419 sunt.
633 1390 687 1425 igni
703 1390 869 1422 reservandi,

79 1436 107 1462 in
133 1437 202 1463 diem
231 1436 324 1471 judicii
356 1441 383 1463 et
410 1436 569 1470 perditionis
602 1436 741 1462 hominum
772 1436 869 1470 impio—

80 1490 149 1509 rum.
173 1492 181 1508 ι

116 1529 205 1555 Multis
221 1528 316 1554 mirum
335 1532 395 1559 est,
415 1532 441 1554 et
465 1534 496 1553 ex
519 1526 578 1554 istis
606 1526 696 1553 verbis
724 1527 870 1560 signiﬁcari

81 1574 229 1601 mundanus
248 1572 428 1599 revolutiones
451 1578 533 1607 atque
549 1572 718 1599 mutationes.
739 1572 783 1598 Sic
798 1573 868 1598 enim
884 1588 906 1618 Ο

81 1621 180 1648 habent
197 1629 202 1646 :
217 1619 315 1646 coelum
330 1619 401 1645 enim
418 1624 476 1645 erat
493 1619 556 1646 olim
571 1624 595 1646 et
612 1624 682 1645 terra
697 1626 729 1645 ex
751 1626 830 1653 aqua,
843 1623 870 1645 et

81 1675 127 1701 per
140 1674 236 1700 aquam
253 1665 399 1693 constituta
415 1665 495 1692 verbo
511 1665 568 1696 Dei,
594 1672 641 1700 per
661 1672 720 1699 qua:
738 1665 782 1699 qui
809 1670 871 1692 tum:

78 1717 138 1740 erat
163 1712 277 1739 tuuudus
295 1720 363 1746 aqua
389 1711 533 1738 inumiatns
554 1711 683 1745 deperiit;
710 1712 754 1746 qui
781 1717 869 1738 autent

78 1767 149 1787 nunc
164 1764 228 1787 sttnt
246 1759 308 1786 ouili
325 1763 352 1785 et
375 1763 454 1789 terra,
474 1758 556 1784 verbo
583 1758 691 1793 repositi
717 1762 790 1791 sunt,
816 1759 869 1792 igni

77 1803 244 1832 reservandi.
273 1804 306 1830 Et
331 1809 391 1838 post
415 1804 465 1829 alia
484 1811 489 1828 :
508 1803 617 1828 (Novus
646 1810 709 1829 vero
736 1803 819 1829 cretes
844 1808 870 1828 et

79 1857 177 1877 terrain
199 1858 298 1877 novatn
316 1851 463 1877 secundum
480 1849 613 1883 promisa
627 1849 711 1883 ipsius
726 1854 869 1884 exspecta-

77 1905 146 1924 mus.
163 1907 172 1922 ι
195 1897 277 1923 Aiunt
298 1897 369 1923 enim
392 1896 436 1930 qui
459 1896 509 1923 hac
529 1896 663 1922 sententia
691 1896 868 1922 detinentur:

82 1944 219 1970 Simulum
232 1947 291 1969 erat
309 1942 383 1973 olitn,
397 1946 423 1968 et
441 1947 511 1968 terra
527 1942 629 1975 absque
643 1941 728 1972 cwlis,
746 1946 771 1968 ct
784 1946 867 1972 terra,

77 1996 137 2023 qua:
151 1996 221 2015 nunc
237 1993 289 2018 est,
311 1993 336 2014 et
352 1992 427 2014 extra
449 1987 527 2019 istos,
545 1989 589 2022 qui
616 1995 687 2014 nunc
708 1992 782 2020 sunt,
807 1989 868 2014 novi

76 2035 138 2062 coeli
158 2039 185 2061 et
200 2038 271 2060 terra
286 2041 352 2060 nova
373 2038 463 2060 erunt.
481 2032 612 2059 Omnibus
629 2032 802 2059 manifestum
817 2038 868 2066 est,

78 2087 134 2109 tres
147 2081 261 2107 mundos
285 2088 332 2114 per
346 2079 544 2106 successionem
564 2079 724 2111 consistere,
740 2079 867 2113 quoniam

77 2130 207 2164 scriptum
223 2131 264 2154 est
279 2134 285 2152 ι
303 2135 312 2151 ι
325 2126 374 2169 Qui
393 2133 464 2152 nunc
483 2130 547 2152 sunt
564 2124 625 2152 coeli
646 2129 673 2152 et
689 2129 759 2151 terra
774 2125 867 2152 eodem

77 2177 158 2202 verbo
175 2173 285 2208 repositi
303 2178 383 2203 sunt;
401 2181 410 2198 ι
429 2176 454 2198 et
468 2170 581 2198 mutatio
599 2171 686 2198 denuo
701 2170 799 2198 similis
813 2171 867 2197 erit

76 2222 116 2249 cis
129 2222 174 2256 qni
194 2221 242 2247 sub
263 2219 362 2246 diluvio
386 2217 532 2252 perierant,
560 2217 677 2252 Agnovit
695 2222 784 2243 autem
810 2217 868 2244 hac

928 286 987 314 ρωΙί
1013 294 1109 321 magno
1138 288 1237 322 impetu
1266 291 1293 314 et
1317 287 1376 315 sine
1399 287 1529 316 dilatione
1553 289 1718 323 transibunt,

927 332 1068 360 elementis
1095 333 1187 368 utique
1213 332 1358 360 tabefactis
1386 333 1419 360 ab
1449 333 1510 367 igne
1539 333 1630 368 illato;
1660 342 1721 370 post

929 378 1000 413 qttod
1016 378 1092 406 cmlis
1109 379 1238 406 radicitus
1263 379 1409 414 amputatis
1435 387 1518 407 novos
1543 380 1643 412 eteius,
1671 387 1720 408 no-

927 431 1043 459 vamque
1058 430 1157 452 terram
1175 424 1306 456 futuram,
1325 426 1350 452 in
1363 425 1603 460 quibusjustitiam
1618 431 1644 453 ct
1659 434 1720 460 pro-

928 469 1071 497 ntissiones
1093 469 1137 497 Dei
1156 470 1182 496 in
1201 477 1248 497 sua
1264 469 1432 497 habitatione
1463 471 1619 505 passideant
1642 471 1718 506 justi.

927 514 984 541 Non
1000 515 1081 549 igitur
1095 515 1286 550 ignorandum,
1312 521 1473 551 praesentem
1488 516 1636 552 Epistolaut
1658 524 1719 545 esse

926 560 1062 595 falsatum,
1080 570 1138 596 qua:
1151 562 1213 590 licet
1227 563 1390 598 publicetur,
1408 568 1560 591 nontamen
1578 565 1603 591 in
1616 572 1720 592 canone

926 613 967 636 est
988 608 1054 644 (89).

963 654 1026 687 Qum
1040 655 1171 681 hactenus
1185 656 1299 690 egimus,
1319 663 1371 682 non
1385 663 1415 682 ea
1432 657 1539 691 quidem
1556 664 1615 684 esse
1628 657 1720 685 viden-

927 706 980 734 tur,
996 709 1055 736 quae
1070 701 1104 728 ad
1121 709 1197 728 sacra
1220 701 1427 735 Prnlccnsralta,
1439 703 1538 737 quibus
1554 703 1610 730 haec
1619 704 1719 738 scripta

925 750 997 778 sunt,
1025 746 1123 773 dueere
1148 746 1251 773 animos
1277 753 1309 773 ac
1336 747 1401 774 satis
1426 755 1579 782 purpur-are
1607 749 1717 783 proprie

926 793 1185 826 possintzattumen
1221 800 1272 819 non
1306 792 1341 819 ita
1367 793 1452 820 aliena
1481 798 1555 826 sunt,
1587 799 1615 822 ut
1643 794 1717 822 nulla

925 845 1036 873 prorsus
1054 837 1117 864 inde
1139 838 1192 872 peti
1207 839 1292 873 possit
1308 840 1415 867 occasio
1430 839 1463 866 ad
1479 840 1658 868 instituendas
1672 848 1719 868 eas

925 882 1126 914 meditationes,
1147 891 1214 917 quas
1228 883 1345 917 Spiritus
1362 884 1459 917 sancti,
1475 884 1603 912 Ecclesia).
1616 885 1642 912 in
1660 886 1718 920 ipsa

923 928 1014 956 statim
1035 928 1140 963 origine
1159 929 1239 963 largis
1255 929 1386 957 imbribus
1402 930 1505 964 donati,
1524 930 1581 958 lmta
1603 932 1720 958 sanctis-

924 974 1046 1009 simaque
1058 974 1186 1002 memoria
1203 975 1278 1008 quasi
1301 975 1425 1010 proprias
1445 976 1494 1003 sibi
1515 977 1611 1011 poscit.
1629 977 1668 1004 Ae
1692 979 1715 1005 si

923 1020 965 1047 vel
982 1020 1098 1047 maxime
1113 1021 1271 1054 concedam,
1291 1021 1493 1049 Enarraliottem
1513 1022 1631 1058 Didymi,
1645 1031 1718 1058 pra:-

927 1070 1051 1101 terquatn
1073 1066 1144 1100 quod
1163 1074 1233 1093 nunc
1247 1071 1349 1095 mterno
1371 1067 1426 1095 fere
1449 1068 1584 1096 barbarici
1605 1070 1659 1097 situ
1683 1077 1716 1095 ac.

923 1112 1049 1147 squalore
1074 1113 1143 1139 victa
1171 1112 1329 1147 sepultaque
1351 1113 1450 1148 jaceat,
1476 1115 1511 1141 ila
1533 1123 1582 1142 suo
1610 1115 1718 1150 ingenio

923 1163 1108 1194 comparatam
1122 1166 1192 1191 esse,
1217 1163 1246 1186 ut
1266 1158 1329 1194 jure
1357 1164 1402 1187 tuo
1425 1161 1472 1188 tibi
1496 1161 1636 1196 displiceat
1662 1160 1719 1188 fere

924 1209 990 1236 tota,
1009 1212 1058 1232 nec
1071 1205 1137 1232 satis
1154 1205 1240 1240 possis
1255 1209 1355 1233 nostra:
1374 1206 1462 1234 mtalis
1476 1206 1632 1234 felicitatem
1649 1215 1718 1242 prte-

922 1250 1024 1280 dit-arc.
1052 1258 1111 1284 quae
1140 1252 1172 1277 de
1203 1251 1336 1284 veritate,
1365 1252 1554 1287 simplicitate,
1584 1253 1718 1288 elegantia

922 1296 1037 1330 denique
1051 1297 1247 1330 interpretandi
1271 1297 1350 1325 unice
1371 1298 1421 1325 sibi
1439 1299 1556 1332 gaudeat
1576 1306 1606 1326 ac
1622 1304 1718 1334 gratu-

922 1342 991 1369 letur
1008 1352 1014 1369 :
1033 1347 1121 1370 tamen
1139 1344 1164 1370 in
1178 1343 1228 1370 hoc
1243 1344 1311 1378 ipso,
1331 1344 1402 1379 quod
1421 1344 1613 1380 Didymianum
1631 1352 1718 1380 genus

923 1389 1139 1423 interpretandi,
1177 1389 1283 1417 scilicet
1321 1390 1498 1423 iujucundnm
1535 1391 1600 1418 illud
1637 1396 1718 1425 atque

924 1434 1131 1466 infructuosum,
1157 1434 1274 1461 alienum
1294 1443 1307 1461 a
1332 1439 1357 1462 te
1379 1435 1481 1463 habeas
1508 1444 1539 1463 ac
1569 1437 1640 1463 tzolii
1663 1436 1717 1470 ple-

923 1488 998 1512 nmn,
1027 1486 1119 1514 parata
1147 1480 1194 1507 tibi
1215 1485 1255 1507 est
1280 1480 1350 1508 haud
1374 1481 1483 1515 indigna
1511 1482 1717 1509 meditationtun

923 1533 986 1553 vere
1011 1525 1237 1552 Pentecoslalium
1272 1526 1380 1554 occasio
1406 1531 1488 1561 atque
1518 1529 1641 1555 materia.
1671 1527 1718 1554 Et-

923 1571 1005 1604 enim,
1018 1571 1132 1605 .quibus
1160 1577 1253 1599 nostra
1282 1580 1336 1606 pra:
1352 1572 1412 1600 aliis
1430 1580 1479 1599 suo
1494 1572 1556 1607 jure
1583 1573 1717 1608 gloriatur

923 1615 1027 1642 felicior
1042 1621 1116 1647 :etas,
1138 1616 1276 1643 cccuinam
1297 1617 1428 1644 debentur
1452 1617 1514 1644 illa?
1528 1617 1622 1645 Nonne
1637 1626 1717 1646 omne.

922 1662 992 1695 quod
1012 1661 1108 1688 bonum
1127 1656 1197 1689 inter
1222 1662 1345 1689 homines
1369 1662 1540 1690 Christianos
1557 1663 1670 1690 habetur
1690 1670 1718 1690 et

924 1707 1088 1742 gloriosum?
1102 1716 1190 1734 tlottm‘.
1208 1716 1288 1736 omne
1307 1708 1416 1736 virtutis
1430 1709 1570 1744 laudisque
1594 1710 1715 1737 honesta:

922 1756 1054 1788 studium,
1079 1756 1222 1790 omnisque
1246 1756 1361 1790 drnique
1383 1757 1416 1783 ad
1439 1757 1580 1784 veritatem
1601 1757 1718 1784 alacrior

921 1809 1099 1835 progressus,
1122 1802 1166 1828 uni
1192 1802 1325 1828 debentur
1351 1802 1461 1836 Spiritui
1487 1809 1592 1835 sancto,
1622 1803 1716 1830 divino

922 1847 958 1874 illi
971 1851 1053 1881 atque
1068 1847 1210 1882 magniﬁco
1226 1847 1352 1875 Ecclesia:
1371 1849 1488 1880 auctori,
1513 1849 1631 1881 ductori,
1654 1857 1718 1884 pro-

924 1894 1032 1926 motori,
1056 1893 1132 1927 cujus
1154 1893 1343 1928 largitionibus
1368 1894 1429 1921 inde
1443 1902 1457 1921 a
1475 1895 1562 1928 prima
1583 1895 1714 1922 donorum

921 1940 1052 1968 ellusione
1064 1947 1112 1967 nec
1121 1939 1295 1972 intermissis,
1308 1948 1357 1968 nec
1371 1941 1584 1968 intermittendis
1597 1950 1714 1977 unquam

921 1987 946 2013 hi
965 1987 1015 2020 ipsi
1031 1986 1088 2014 dies
1102 1986 1173 2013 sacri
1191 1986 1390 2013 habcnlur'IAt
1410 1994 1483 2020 vero,
1502 1987 1565 2014 tium
1584 1988 1642 2014 hzee
1659 1995 1716 2014 me-

921 2033 1026 2064 ditaris,
1051 2033 1187 2065 attendas,
1212 2040 1321 2066 qua-so,
1346 2032 1476 2067 Spiritum
1498 2033 1578 2061 istum
1595 2034 1714 2061 divintun

921 2079 1022 2106 nemini
1049 2079 1134 2106 invito
1159 2086 1190 2106 ac
1215 2081 1374 2114 repugnanti
1402 2087 1520 2114 unquam
1544 2081 1713 2116 contigisse.

923 2126 969 2152 sed
994 2133 1054 2152 cum
1075 2125 1107 2152 iis
1127 2130 1229 2152 tantum
1261 2125 1419 2153 hominibus
1447 2127 1656 2161 communicari,
1686 2127 1712 2155 in

920 2170 1006 2205 iisque
1021 2175 1126 2198 tantum
1149 2171 1292 2204 delectari,
1309 2171 1354 2205 qtti
1372 2172 1446 2206 puris
1461 2172 1598 2206 cordibus,
1617 2172 1714 2200 studiis

919 2215 1051 2249 honestis,
1080 2216 1224 2243 indefessis
1251 2216 1409 2250 laboribus,
1441 2218 1567 2259 precibus
1597 2218 1714 2253 denique

77 2267 247 2300 ronseriptor
260 2265 388 2299 Epistula:
406 2272 438 2291 ex
452 2264 542 2291 verbis
558 2263 621 2291 Jesu
637 2264 670 2290 de
692 2271 866 2291 consumma-
885 2262 907 2290 D
922 2261 1081 2289 ardentibus
1095 2262 1119 2289 id
1134 2268 1223 2297 agant,
1239 2267 1268 2289 ut
1284 2263 1354 2298 digni
1372 2263 1534 2295 habeantur,
1549 2264 1709 2298 quibuscum

77 2313 149 2342 tione
165 2312 254 2340 smeuli
269 2311 308 2338 sic
322 2311 441 2345 probatis
457 2310 524 2345 (88).
552 2319 561 2336 ‹
575 2310 651 2337 Sicut
666 2310 738 2337 enim
759 2309 785 2336 in
809 2309 867 2337 die-

76 2359 127 2386 bus
141 2359 197 2386 Noe
211 2358 387 2385 comedebant
402 2362 428 2384 et
440 2357 567 2385 bibebant
581 2357 715 2388 homines,
729 2356 868 2383 nubebant

76 2412 103 2433 et
128 2405 221 2440 nuptni
243 2405 387 2435 dabantur,
406 2405 579 2442 vendebant,
604 2404 741 2436 emebant,
762 2403 868 2436 planta-

76 2451 150 2484 bant,
172 2451 352 2483 aedificabant,
377 2457 463 2484 usque
483 2449 515 2476 ad
537 2450 626 2481 diem,
651 2456 704 2484 qua
729 2448 867 2482 ingressus

75 2502 116 2525 (κει
131 2497 186 2525 Noe
202 2497 228 2524 in
243 2504 347 2529 aream,
366 2503 393 2524 et
409 2498 483 2524 venit
494 2496 623 2522 diluvium
636 2500 663 2522 et
685 2494 745 2521 tulit
760 2495 863 2527 omnia,

75 2545 115 2571 sic
126 2544 177 2570 erit
187 2543 213 2570 in
226 2543 369 2578 praesentia
382 2541 442 2570 Filii
455 2541 572 2569 hominis
581 2541 614 2567 ".
623 2551 632 2567 ι
643 2540 764 2573 Amplius
774 2545 863 2567 autem

75 2589 252 2616 concionatur
280 2589 322 2616 his
352 2588 462 2621 verbis,
487 2594 547 2614 eum
567 2586 651 2618 dicit,
677 2586 739 2621 igne
756 2586 866 2613 solven-

74 2636 135 2662 dam
158 2635 248 2667 hanc,
272 2641 331 2669 quae
357 2641 428 2661 nunc
451 2634 606 2669 inspicitur,
628 2638 792 2660 creaturam.
813 2633 866 2660 ,Ait

109 2757 131 2772 ⁷⁸
147 2756 211 2785 Luc.
231 2765 278 2790 vn,
295 2756 339 2784 28.

72 2800 109 2825 tv,
131 2791 174 2820 50.

393 2757 414 2773 ⁷⁷
432 2757 463 2784 iV
478 2757 541 2792 licg.
574 2764 628 2790 nx,

107 2872 164 2905 (88)
186 2871 267 2898 Recte
281 2870 363 2903 Gnil.,
376 2871 498 2905 prolatis.

728 2756 750 2772 τ’
782 2755 800 2782 11
817 2756 883 2793 Reg.
900 2765 971 2790 ΠΝ,
1005 2759 1036 2786 16
1064 2767 1123 2795 sqq.
1161 2760 1262 2788 "Lac.
1297 2769 1362 2794 xvti,
1399 2761 1444 2795 26,
1474 2762 1517 2790 ‘27.

922 2307 1041 2340 habitet,
1064 2315 1165 2342 suaque
1187 2309 1256 2335 dona
1282 2309 1384 2344 integra
1412 2311 1603 2337 communicet.
1631 2310 1714 2343 Igitur

919 2353 970 2380 hoc
984 2353 1154 2386 meditemur,
1171 2355 1221 2381 hoc
1236 2355 1398 2382 inihibantus
1410 2356 1536 2390 penitius,
1553 2356 1624 2390 quod
1652 2364 1714 2392 gra-

920 2401 989 2426 viter
1009 2401 1149 2427 admonuit
1176 2400 1275 2428 Paulus
1299 2401 1436 2436 apostolus
1455 2410 1462 2428 :
1478 2402 1524 2437 Μὴ
1543 2401 1654 2429 λυπεῖτε
1681 2403 1714 2429 τὸ

917 2445 1030 2481 Πνεῦμα
1051 2446 1081 2472 τὸ
1099 2446 1176 2480 ἆγιον
1198 2446 1245 2473 τοῦ
1262 2446 1340 2479 Θεοῦ,
1362 2448 1391 2474 ὲν
1410 2444 1433 2482 ᾧ
1451 2448 1654 2484 ἐσφραγίσθητε
1672 2450 1713 2481 εις

919 2491 1024 2527 ἡμέραν
1039 2491 1268 2527 ἀπολυτρώσεως.
1285 2492 1312 2520 id
1334 2497 1395 2521 est:
1418 2502 1428 2519 ί
1441 2493 1528 2521 Nolite
1550 2495 1713 2522 contristare

918 2537 1049 2572 Spiritum
1067 2543 1189 2565 sanctum
1212 2538 1266 2572 Dei,
1285 2539 1314 2566 in
1330 2546 1384 2574 quo
1399 2539 1499 2574 signati
1520 2541 1587 2568 estis
1600 2541 1626 2567 in
1640 2541 1712 2568 diem

919 2583 1111 2618 redemptionis
1124 2583 1157 2610 ⁸ο.
1176 2593 1184 2609 ι

1568 2763 1591 2779 "°
1613 2762 1713 2798 Ephes.

107 2904 163 2941 (89}
183 2906 362 2935 Conlerautur
376 2915 434 2942 quas
448 2907 480 2934 de
495 2907 542 2934 hoc
555 2906 611 2934 loco
623 2906 732 2933 uberius
745 2905 855 2941 exposui
873 2905 975 2939 Quam.
996 2916 1026 2935 ac
1051 2907 1128 2935 l‘lnd.
1150 2909 1200 2936 col.
1220 2908 1299 2938 l576.
