1913 3071
170 170 242 199 1775

791 169 910 197 ΒΙΒΥΜΙ
931 168 1164 197 ALEXANDRINI

601 377 860 435 DlDYMl
893 378 1385 437 ALEXANDRINI

1746 168 1818 197 ιτιδ

1401 273 1696 279 .____—_—.._..-
1705 272 1807 279 _._..

246 575 591 622 EPISTOLAM
632 575 759 622 DIVI
800 573 1061 620 JOANNIS
1098 575 1333 621 PRIMAM
1373 577 1752 627 ENARRATIO.

204 751 280 780 CAP.
304 751 324 783 I,
351 757 427 777 rens.
461 750 487 777 1.
513 748 609 781 «Quod
635 753 695 776 erat
719 748 752 776 ab
779 749 866 782 initio,
895 750 964 783 quod
980 753 1003 781 Α

1045 750 1081 786 ερὶ
1095 751 1142 778 τοῦ
1158 751 1246 786 Λόγου
1258 752 1306 787 τῆς
1315 751 1388 786 ζωῆς

168 798 339 829 audivimus,
367 795 438 830 quod
473 794 591 822 vidimus
622 794 708 821 oculis
740 795 860 827 ttostris,
891 796 962 830 quod

168 844 344 880 inspeximus,
371 847 399 870 et
424 848 520 869 manus
538 846 637 869 nostra:
660 845 908 874 conlrcclaverunt,
931 843 963 869 de

169 889 256 917 Verbo
276 889 348 916 vitar.
364 897 373 915 ι

204 935 277 963 Multi
292 943 339 971 per
359 935 417 962 hzcc
442 934 522 961 verba
549 937 644 968 putant
669 932 840 968 praesentiam
864 933 960 960 Salva-

168 982 246 1013 toris,
261 985 322 1016 post
335 979 565 1008 resurrectionem
582 978 692 1010 lactant,
705 978 844 1012 discipulis
854 978 962 1005 demon-

167 1026 258 1058 strari,
284 1029 440 1053 asserentes
460 1025 524 1060 quia
550 1024 650 1050 dixerit
672 1023 791 1050 Joannes
811 1023 867 1050 haec
883 1024 916 1050 de
933 1031 962 1051 se

166 1072 327 1106 ueterisque
351 1070 500 1106 discipulis,
521 1070 583 1105 quia
611 1069 686 1104 prius
710 1069 865 1102 audierint,
893 1076 961 1104 quo-

167 1119 240 1146 niam
275 1118 403 1146 Dominus
429 1115 628 1148 resurrexcrit,
661 1120 754 1151 postea
781 1123 845 1143 vero
875 1115 961 1143 oculis

167 1163 344 1198 inspexerint,
364 1163 401 1190 ita
418 1167 447 1189 ut
465 1165 669 1189 contrectarent
684 1162 764 1196 pedes
784 1166 811 1188 et
826 1168 921 1188 manus
934 1166 961 1188 et

167 1211 239 1238 latus
255 1210 325 1245 ejus,
338 1216 364 1237 et
378 1217 458 1236 sensu
473 1213 603 1243 caperent
617 1208 718 1235 fixurus
734 1207 873 1235 clavorum
890 1208 958 1242 ejus,

165 1262 220 1283 etc.
240 1256 308 1282 Nam
323 1255 386 1282 licet
400 1255 475 1282 solus
489 1253 609 1281 Thomas
621 1253 744 1288 palparet
759 1261 820 1280 etnn
839 1252 873 1286 ⁸¹,
890 1258 960 1281 atta-

167 1310 227 1330 tnen
247 1302 298 1329 hoc
312 1301 439 1328 ontuibus
459 1304 693 1335 repraesentantur,
712 1307 773 1326 cum
791 1299 848 1334 ipse
868 1299 960 1327 Salva-

167 1353 209 1376 tor
221 1348 320 1375 dixerit
335 1346 471 1374 universis
491 1355 498 1373 :
519 1354 528 1371 ι
542 1344 654 1380 Palpate
670 1353 712 1372 me
733 1350 760 1372 et
775 1345 874 1379 videte,
893 1353 961 1381 quo-

167 1395 238 1422 niam
260 1393 370 1428 spiritus
387 1399 498 1420 carnetn
514 1397 542 1419 et
563 1399 624 1419 ossa
646 1398 700 1419 non
716 1391 805 1423 habet,
828 1392 899 1419 sient
917 1399 960 1419 me

167 1439 263 1466 videtis
279 1439 377 1466 habere
389 1437 423 1465 ⁸¹.
439 1446 448 1463 ι
466 1437 518 1464 Alii
542 1444 605 1465 vero
626 1436 788 1472 profundius
807 1438 864 1465 haec
879 1437 958 1465 verba
980 1440 999 1468 Β
1015 1436 1022 1472 ξ

167 1485 329 1520 suscipiunt,
343 1492 375 1512 eo
393 1484 464 1519 quod
482 1491 536 1511 non
552 1483 713 1518 simpliciter
735 1484 846 1516 dixerit,
875 1493 884 1509 ι
902 1492 962 1511 ma-

167 1541 218 1560 nus
245 1537 346 1559 nostra:
367 1535 614 1563 eoutrectaverunt,
630 1540 640 1557 ι
669 1531 715 1558 sed
737 1531 881 1566 adjecerit,
905 1540 914 1556 ι
931 1530 965 1558 de

168 1579 256 1607 Verbo
271 1580 374 1610 vitmn
395 1578 505 1612 insuper
525 1582 551 1604 et
573 1577 655 1609 illud,
675 1577 768 1612 «quod
785 1582 843 1605 erat
865 1575 898 1604 tib
911 1577 964 1604 ini-

168 1625 215 1651 tio.
230 1633 239 1650 ι
257 1623 329 1651 idem
345 1631 408 1651 vero
425 1623 578 1658 signiﬁcant
600 1623 656 1649 lucc
671 1625 764 1655 Verba,
788 1623 886 1658 quibus
908 1623 964 1656 ait,

169 1680 178 1696 ι
195 1670 240 1704 qui
260 1675 320 1697 erat
348 1671 381 1697 ab
404 1669 490 1700 initio,
506 1678 515 1694 ι
543 1669 615 1703 quod
642 1668 699 1704 (90)
725 1668 804 1701 illud,
827 1668 871 1696 ubi
900 1669 938 1695 ait
958 1677 964 1695 :

171 1726 180 1742 ι
197 1716 251 1750 Ego
265 1724 336 1748 sum,
353 1715 399 1750 qui
418 1723 477 1743 stnn
497 1715 531 1741 ⁸³.
548 1725 558 1741 ι
578 1715 719 1748 Quomodo
737 1704 819 1747 enim,
831 1714 877 1748 qui
893 1714 966 1742 exsi-

168 1763 266 1790 st‘entia
290 1767 319 1789 ut
339 1762 405 1794 sint,
430 1766 580 1796 prmparat,
598 1768 650 1788 tton
669 1760 868 1788 rationabiliter
890 1761 966 1787 dica-

171 1815 226 1842 tur,
239 1809 310 1844 quod
326 1813 396 1841 erat,
412 1809 475 1836 dum
492 1808 543 1835 hoc
557 1807 592 1835 de
611 1807 684 1834 nullo
701 1807 754 1835 alio
772 1815 851 1842 quam
865 1807 898 1834 de
912 1807 967 1835 Deo

1018 798 1124 833 εἴρηται
1134 818 1141 831 ,
1167 798 1217 832 τῆς
1246 797 1392 832 εἰπούσης,Δ

1015 842 1055 868 ὅτι
1075 852 1083 868 ι
1102 842 1172 877 Ἐγώ
1185 844 1242 878 εἰμι
1259 844 1358 880 ὴζωή·
1373 854 1382 871 ι

1016 889 1154 922 λελέξεται
1177 891 1204 917 δὲ
1230 893 1276 918 καὶ
1291 892 1363 919 οὕτω
1375 901 1382 907 ·

1017 937 1084 972 Περὶ
1106 937 1153 964 τοῦ
1171 938 1199 965 ὲν
1214 939 1285 975 ἀρχῇ
1308 940 1384 973 ὄντος

1016 982 1174 1018 ἀκηκόαμεν
1186 984 1230 1011 διὰ
1243 985 1289 1011 τοῦ
1302 986 1384 1021 νόμου

1016 1031 1063 1057 καὶ
1089 1030 1142 1057 τῶν
1170 1031 1326 1067 προφητῶν,
1350 1032 1386 1064 ὡς

1015 1078 1164 1112 ἐλεύσεται,
1172 1078 1265 1106 τοῦτον
1276 1080 1387 1106 ἐλθόντα

1015 1124 1144 1160 ἐμφανῶς
1164 1126 1220 1157 τοῖς
1236 1126 1385 1162 ὀφθαλμοῖς

1015 1171 1132 1207 εἴδομεν,
1155 1172 1203 1208 οὐχ
1233 1172 1270 1204 ὡς
1291 1172 1385 1208 ἔτυχε,

1016 1218 1249 1254 συγκαταθέμενοι
1276 1218 1314 1254 τῷ
1339 1220 1387 1254 όφ-

1015 1263 1089 1290 θέντι
1110 1265 1206 1300 σαρκὶ,
1231 1265 1298 1293 ἀλλὰ
1319 1266 1387 1301 μετὰ

1015 1310 1115 1345 πολλὴν
1131 1311 1297 1347 ψηλάφησιν,
1313 1314 1387 1349 ὲρευ-

1013 1357 1114 1391 νῶντες
1134 1360 1184 1392 τὰς
1211 1361 1277 1397 περὶ
1303 1362 1386 1389 αὐτοῦ

1016 1407 1209 1444 μαρτυρούσας
1249 1409 1360 1445 Γραφὰς
1377 1431 1384 1442 ,

1014 1456 1216 1491 ἐπιστεύσαμεν
1249 1456 1288 1492 τῷ
1321 1457 1385 1492 περὶ

1015 1503 1065 1539 τῆς
1079 1503 1152 1538 ζωῆς
1167 1503 1257 1539 Λόγῳ.

1448 757 1491 780 cet
1506 752 1739 784 exercitationem,
1756 761 1820 789 qum

1447 800 1625 826 contrectatio
1658 799 1691 827 de
1729 799 1820 828 Verbo

1447 845 1508 872 vitm
1523 852 1642 874 vocatur.
1658 846 1708 880 Qui
1723 846 1820 880 utique

1447 899 1509 919 vere
1537 892 1604 919 dixit
1623 902 1628 919 :
1649 902 1657 918 ι
1672 892 1728 925 Ego
1756 900 1817 919 sum

1446 940 1500 966 vita
1521 939 1553 966 “.
1567 949 1575 965 ι
1596 939 1746 972 Exponitur
1770 947 1820 967 att-

1448 991 1499 1013 Iem
1522 986 1603 1012 etiam
1628 985 1666 1012 sic
1693 983 1819 1021 (91);1)ε

1445 1040 1487 1064 eo.
1502 1033 1546 1067 qui
1562 1038 1619 1060 erat
1635 1032 1660 1058 in
1673 1032 1818 1067 principio,

1447 1088 1492 1115 per
1511 1080 1596 1115 iugem
1619 1079 1772 1105 audivimus
1790 1084 1819 1104 et

1446 1127 1601 1162 prophetas,
1612 1125 1672 1160 quia
1686 1129 1820 1152 venturus

1446 1178 1538 1203 esset,
1562 1173 1633 1198 hunc
1662 1170 1817 1197 venientem

1446 1226 1537 1256 aperte
1548 1219 1632 1246 oculis
1645 1220 1743 1245 nostris
1752 1217 1820 1244 vidi-

1447 1275 1517 1300 mus,
1531 1274 1582 1293 non
1597 1265 1689 1292 l’atuite
1702 1271 1819 1291 consen-

1449 1318 1545 1342 tientes
1566 1314 1590 1341 ei
1612 1313 1656 1348 qui
1682 1312 1706 1339 in
1732 1318 1818 1338 carne

1447 1364 1520 1390 τῖμος
1532 1367 1582 1395 est,
1597 1362 1645 1390 sed
1657 1368 1717 1388 cum
1731 1360 1818 1386 tuul.a

1447 1409 1659 1437 t‘onlrcclalione
1686 1413 1818 1441 perscru-

1447 1462 1534 1483 tantes
1572 1455 1747 1489 Scripturas,
1785 1453 1819 1479 de

1446 1505 1502 1539 ipso
1535 1502 1687 1531 testimonia
1722 1501 1819 1535 perhi-

1445 1551 1549 1582 bentrs,
1561 1554 1588 1576 et
1599 1550 1636 1576 ita
1650 1547 1819 1575 credidimus

1443 1599 1475 1626 de
1489 1597 1578 1626 Verbo
1592 1597 1662 1624 viite.

167 1855 256 1883 Verbo
271 1862 365 1883 verum
383 1854 470 1890 pOSsit
481 1853 634 1881 exsistere?

168 1913 304 1940 Ἕκαστον
323 1912 376 1939 τῶν
399 1911 538 1948 γεννητῶν

166 1950 193 1985 τι
210 1957 280 1986 εἶναι
295 1958 414 1993 λέγεται.
427 1955 483 1985 οἷον
498 1955 537 1984 εἷ-

167 2014 211 2032 ναι
224 2004 350 2040 ἄγγελος,
367 2002 437 2031 εἶναι
452 2004 537 2040 ἥλιος,

165 2050 377 2086 εἷναιοὺρανὸς,
403 2050 482 2086 μόνος
509 2050 538 2076 δὲ

165 2099 180 2124 ό
209 2097 305 2133 Σωτὴρ
338 2096 466 2129 καθάπαξ
500 2096 538 2123 ὢν

165 2145 310 2180 τυγχάνει,
333 2141 365 2170 οἷο
390 2143 538 2179 μετέχοντα

164 2190 200 2218 τὰ
232 2190 322 2218 πάντα
352 2190 393 2222 εἰς
421 2188 538 2225 ὕπαρξιν

166 2238 286 2274 ἔρχεται.
308 2238 410 2265 Τούτου
433 2237 537 2273 ἀκρόα-

167 2293 210 2312 σιν
236 2285 368 2320 πρότερον
392 2283 464 2311 κατὰ
483 2283 538 2310 εἱσ-

167 2331 308 2367 αγωγικὴν
316 2331 489 2359 διδασκαλίαν
497 2330 538 2358 δε-

167 2378 281 2414 ξάμενος
297 2387 338 2411 τις
354 2378 463 2415 ἔρχεται
497 2380 535 2410 εἰς

165 2427 196 2451 τι
213 2425 276 2451 ἰδεῖν
293 2425 374 2451 αὑτὸν
389 2427 537 2461 ἐπιστημο-

166 2470 248 2502 νικῶς
273 2471 342 2506 μετὰ
367 2471 467 2507 πολλὴν
488 2481 535 2505 γυ-

168 2517 294 2552 μνασίαν,
303 2517 364 2552 ἥτις
378 2517 536 2553 ψηλάφησις

214 2630 234 2646 ⁸¹
253 2630 330 2658 John.
346 2639 391 2660 xx.
410 2631 454 2658 ‘27.

507 2631 608 2659 "Luc.
636 2641 710 2666 xxtv,
738 2634 778 2661 '59.

598 1909 711 1946 Singula
727 1917 846 1945 namque
862 1914 968 1937 creatu-

597 1964 687 1983 rarum
696 1956 797 1991 aliquid
804 1964 864 1984 esse
873 1956 967 1983 dicun-

597 2009 652 2039 tur,
667 2010 697 2032 ut
711 2009 738 2032 et
756 2011 817 2032 esse
834 2005 968 2040 angelum,

597 2053 695 2083 solem,
708 2051 806 2079 cadum
818 2060 825 2078 :
836 2051 909 2078 solus
923 2059 970 2079 au-

1023 1681 1134 1717 Mystice
1153 1688 1216 1709 vero
1230 1681 1287 1709 haec
1303 1681 1417 1716 quilibet
1439 1681 1583 1708 advertens
1600 1678 1690 1705 dicere
1703 1676 1817 1712 poterit,

1018 1735 1070 1755 non
1107 1727 1256 1763 incongrue
1284 1729 1400 1762 positum
1427 1727 1586 1755 «vidimus:
1618 1729 1643 1752 et
1667 1733 1676 1750 ‹
1692 1723 1816 1757 inspexi-

1019 1782 1089 1807 ηιιιεν
1104 1783 1113 1800 ³
1136 1775 1183 1801 sed
1201 1775 1347 1810 unicuique
1363 1775 1445 1803 verbo
1465 1773 1609 1808 subiacere
1624 1769 1817 1806 signiﬁcantia;

1018 1821 1137 1855 propria:
1157 1821 1299 1848 rationem.
1315 1821 1382 1849 Cum
1401 1821 1472 1848 enim
1494 1820 1629 1851 Salvator,
1649 1818 1682 1845 de
1694 1825 1747 1852 quo
1762 1817 1816 1844 ista

1023 1867 1177 1902 conscripta
1199 1872 1277 1900 sunt,
1296 1867 1366 1895 Deus
1389 1866 1508 1895 Verbum
1535 1866 1621 1893 factus
1641 1865 1676 1892 sit
1697 1870 1762 1891 caro
1780 1862 1817 1895 ",

1021 1911 1138 1940 Verbum
1170 1913 1375 1948 dispensatione
1408 1916 1533 1947 suscepta
1562 1911 1711 1948 respiciens
1745 1910 1817 1946 (99.),

1022 1960 1068 1994 qui
1090 1959 1147 1996 (95)
1175 1960 1199 1987 itt
1218 1960 1388 1988 humanitate
1402 1959 1504 1987 Christi
1521 1959 1594 1986 videt.
1613 1966 1673 1986 eum
1697 1957 1818 1984 sensibi-

1021 2006 1094 2040 liter,
1111 2007 1310 2042 perceptionem
1323 2006 1425 2035 habens
1440 2006 1554 2034 visibilis
1567 2013 1704 2041 personae,
1721 2004 1819 2031 adver-

1024 2057 1085 2081 tens
1097 2059 1186 2081 autem
1198 2053 1378 2087 divinitatem,
1391 2052 1499 2088 inspicit
1511 2059 1571 2080 eum
1583 2051 1695 2087 gloriam
1713 2050 1820 2077 haben-

600 2103 654 2126 tem
667 2097 792 2125 Salvator
805 2102 847 2124 est
859 2098 969 2126 omnino
983 2114 1005 2144 α
1023 2104 1088 2133 tem,
1108 2104 1236 2135 tanquam
1261 2099 1398 2135 Unigeniti
1419 2107 1433 2126 a
1454 2098 1545 2131 Patre,
1561 2099 1667 2133 plenum
1686 2097 1773 2131 gratia
1791 2102 1819 2123 ct

597 2148 668 2184 qttod
678 2153 729 2182 est,
743 2155 797 2183 quo
808 2147 969 2182 participan-

598 2195 634 2222 tia
662 2195 786 2222 universa
806 2193 919 2221 veniunt
934 2194 967 2221 ad

595 2243 752 2270 essentiam.
777 2241 862 2276 Hujus
876 2246 965 2269 autem

596 2288 709 2324 quilibet.
740 2287 861 2315 auditunt
892 2288 967 2322 prius

597 2341 644 2369 per
667 2333 894 2361 introductionem
912 2333 964 2360 do—

596 2380 691 2408 ctrinae
728 2379 879 2413 suscipiens
887 2399 895 2411 ,
931 2379 965 2406 ad

596 2426 647 2453 hoc
663 2425 746 2457 venit,
763 2429 792 2451 ut
809 2432 870 2452 eum
886 2424 966 2452 disci-

595 2471 760 2506 plinabilitor
778 2470 864 2504 possit
883 2471 964 2505 inspi-

594 2523 668 2549 cere,
686 2521 746 2552 post
768 2517 878 2543 ntttltatn
894 2516 966 2544 scili-

166 2666 188 2681 "
202 2665 221 2692 ll
234 2666 298 2693 Cor.
316 2675 342 2699 ν,
364 2667 406 2694 16.
444 2667 467 2683 ⁸⁸
484 2667 576 2695 Matth.
598 2676 623 2701 v,
638 2669 664 2695 8.

204 2756 259 2790 (90)
280 2757 319 2797 _E_x
347 2757 482 2787 Gallaudii
507 2760 686 2789 correctione.
712 2761 799 2788 Antea
827 2767 958 2797 scriptum

167 2790 227 2820 fuit,
244 2793 318 2825 quid.

205 2826 260 2860 (9t)
281 2828 319 2855 Ita
343 2829 434 2857 verius
457 2831 606 2858 orationem
636 2831 761 2858 distinxit
786 2831 955 2859 Gallandlus.

203 2862 258 2895 (9‘2)
280 2862 343 2890 Haec
356 2863 445 2898 aliquo
462 2866 528 2894 vitio
548 2867 672 2894 laborare
686 2866 822 2894 videntur.
839 2866 867 2894 Si
881 2867 958 2894 exci-

167 2896 264 2935 derunt
295 2899 382 2932 aliqua
395 2896 408 2930 ,⁷
439 2902 588 2935 putaverint
626 2901 684 2929 haec
709 2900 767 2929 fere
797 2902 956 2929 excidisse:

167 2933 284 2960 Joanne:
297 2935 344 2960 hoc
358 2934 434 2962 dixit.

834 2633 856 2649 ⁸³
874 2632 959 2661 Exod.
989 2641 1031 2665 ιιι,
1053 2632 1094 2659 14.

1024 2147 1137 2174 veritate
1153 2146 1187 2173 ⁸⁸.
1200 2146 1255 2174 llas
1268 2147 1334 2174 duas
1349 2146 1554 2181 perceptiones,
1578 2145 1604 2172 id
1621 2149 1673 2176 est,
1698 2144 1819 2170 sensibi—

1021 2192 1073 2221 lem
1089 2199 1117 2220 et
1131 2193 1336 2229 intelligentiam
1353 2193 1410 2228 (94)
1428 2193 1597 2220 demoustrat
1613 2192 1694 2219 etiam
1709 2191 1753 2218 ille
1769 2191 1818 2225 qui

1021 2239 1110 2266 dicit:
1132 2249 1140 2263 α
1162 2238 1218 2266 Etsi
1235 2238 1410 2273 cognovimus
1432 2238 1581 2266 secundum
1606 2245 1715 2264 carnem
1735 2235 1820 2263 Citri-

1021 2289 1104 2318 stum,
1121 2284 1168 2312 sed
1194 2292 1266 2312 nunc
1289 2284 1344 2319 iam
1371 2291 1425 2311 non
1446 2283 1635 2318 cognoscimus
1660 2283 1692 2310 ⁸⁷.
1711 2292 1720 2308 ι
1745 2281 1817 2315 Quia

1021 2338 1086 2358 vero
1112 2330 1274 2365 inspiciendi
1307 2337 1398 2357 sermo
1430 2328 1642 2357 intellecutalem
1679 2327 1819 2362 signilicat

1020 2376 1234 2412 perceptionem,
1261 2375 1439 2404 manifestam
1462 2376 1545 2403 etiam
1569 2376 1620 2402 hoc
1641 2373 1685 2400 illa
1703 2375 1785 2400 verba
1808 2385 1816 2401 ;

1024 2423 1127 2451 «Beati
1159 2423 1259 2450 mundo
1297 2422 1400 2455 corde,
1437 2421 1563 2458 quoniam
1601 2420 1650 2456 ipsi
1685 2419 1819 2447 videbunt

1022 2471 1104 2498 Deum
1128 2469 1185 2497 ⁸³.»
1214 2468 1277 2497 "ac
1298 2470 1391 2505 itaque
1413 2468 1564 2497 diﬂ'erentia
1580 2467 1687 2496 videndi
1712 2467 1770 2502 (93-)
1788 2473 1819 2495 ct

1021 2517 1178 2553 inspiciendi
1206 2517 1247 2545 sic
1275 2521 1402 2550 maneat,
1435 2515 1570 2551 quomodo
1601 2521 1717 2550 utraque
1749 2520 1818 2542 sunt

1147 2630 1261 2659 “Joan.
1280 2639 1336 2664 XIV,
1350 2631 1376 2658 6.
1428 2631 1451 2646 ⁸⁸
1466 2630 1545 2658 Joan.
1564 2637 1582 2662 I,
1607 2630 1651 2666 14ἶ
1698 2629 1722 2644 ¹⁶
1743 2629 1814 2657 ibid.

1045 2761 1101 2797 (95)
1121 2762 1192 2788 Ante
1206 2759 1391 2797 Gallandium,
1405 2759 1477 2794 quis.

1045 2795 1102 2832 (94')
1123 2796 1361 2832 Muettt'ltttteiertts
1396 2803 1492 2832 meus,
1512 2795 1588 2832 cujus
1614 2801 1695 2828 opera
1725 2799 1813 2829 atque

1009 2830 1119 2867 ingenio
1147 2833 1173 2859 in
1201 2831 1244 2858 Itis
1266 2830 1377 2858 edendis
1402 2830 1511 2867 egregie
1533 2831 1653 2867 adjutnm
1673 2837 1718 2867 me
1733 2838 1812 2867 resse

1008 2865 1264 2909 gt'atus'eonliteor,
1284 2871 1368 2898 recte,
1386 2865 1409 2893 si
1423 2865 1487 2900 quid
1506 2867 1591 2899 rideo,
1613 2865 1812 2901 intelligibilem

1007 2908 1136 2936 conjec“.

1044 2935 1098 2974 (95)
1120 2937 1187 2965 M.dc
1201 2941 1263 2965 ante
1275 2937 1356 2972 Gall.,
1373 2935 1482 2964 riveudi.
