1913 3071
96 157 160 184 1731

563 152 762 181 ιίΝΑιιιιΑτιο
782 152 814 180 IN
836 152 1029 182 EPISTOLAM
1050 155 1058 182 l
1079 155 1107 182 S.
1129 153 1282 182 JUANNIS.

1647 155 1658 182 1
1665 154 1716 182 ἷὸξ

93 222 168 242 versa
186 213 330 241 accusabili
348 214 464 240 ostendit
478 220 587 239 causam
601 211 771 247 probatione,
789 211 876 238 mani-
892 213 914 241 Δ
929 219 994 239 Vens
1019 213 1074 248 (l2)
1099 214 1135 240 ait
1151 223 1156 239 :
1177 222 1186 238 ι
1204 212 1312 243 Omnia,
1329 219 1494 246 quaecunque
1514 211 1605 244 vultis,
1629 216 1656 239 nt
1673 212 1710 239 fa-

94 263 158 289 teste
183 265 350 288 monstratur
377 267 409 287 ex
439 267 482 291 eo,
501 259 571 294 quod
588 259 688 286 dictutn
708 263 748 286 cst
765 266 772 285 :
788 268 798 285 ι
826 258 877 291 Qui

94 308 173 335 habet
188 307 313 335 mandata
332 314 390 334 utea
412 311 439 333 et
462 311 553 333 servat
568 314 611 338 ea,
639 306 684 333 hic
699 310 752 338 est,
770 305 815 340 qui
835 312 878 332 me

92 353 178 388 diligit
200 352 234 385 “,
266 362 276 379 ι
295 352 375 380 simul
403 356 430 378 et
449 359 481 378 ex
500 351 625 386 praesenti
651 357 788 382 sermone,
806 350 877 384 quod

93 398 194 424 dictum
211 401 269 425 est:
285 406 294 423 t
313 397 364 430 Qui
385 397 502 424 custodit
520 396 632 424 verbum
661 395 738 431 ejus,
774 395 800 422 in
827 395 878 422 hoc

92 444 210 471 eharitas
233 443 281 470 Dei
303 442 422 477 perfecta
450 447 501 471 est.
518 452 527 469 ι
546 442 616 470 Vere
631 443 779 478 perfectam
811 443 878 470 dile-

93 490 207 517 ctionem
233 489 336 522 dicens,
365 497 412 524 per
432 497 513 524 quam
541 488 608 516 nihil
636 489 770 516 malorum
794 494 878 524 atque

93 537 224 563 tallacium
242 544 332 564 rerum
351 536 412 572 quis
431 535 464 563 ab
490 536 540 563 hac
552 535 696 563 dilectione
711 535 811 570 poterit
833 543 877 563 se-

91 582 194 617 gregari
212 582 259 618 (8).

128 628 208 656 Vsus.
221 628 248 655 7.
276 638 284 654 ι
307 627 486 661 Charissimi,
514 635 567 655 non
596 635 695 655 novum
722 629 876 655 mandatum

91 675 180 702 scribo
196 675 283 708 vobis,
300 675 347 702 sed
375 673 530 701 mandatum
545 678 631 708 vetus,
658 674 729 709 quod
746 674 878 702 habuistis

91 722 123 748 ab
143 720 232 753 initio,
248 730 257 746 ι
275 725 331 748 etc.

125 766 192 800 Quia
213 767 283 794 forte
296 767 464 801 derogabant
477 766 560 801 aliqui
573 765 745 801 evangelista:
759 765 797 801 (9)
815 769 878 793 tunc

94 812 233 844 doctrinze,
263 817 392 847 tanquam
421 813 478 839 beri
495 817 522 839 et
536 819 622 847 nuper
643 812 768 845 inceptae,
788 811 875 843 docet,

90 858 152 891 quia
166 857 322 884 mandatum
337 857 444 890 scribit,
459 865 511 884 non
528 861 593 884 tunc
611 856 737 891 primitus
758 855 877 883 hornini-

929 259 1003 286 ciant
1021 259 1094 286 vobis
1112 259 1243 291 homines,
1275 263 1301 286 et
1328 265 1374 285 vos
1401 258 1480 286 facite
1509 258 1634 286 similiter
1650 258 1683 286 ".
1705 267 1715 284 ι

933 303 999 331 Cum
1020 305 1095 337 dicit,
1123 309 1200 332 vetns
1227 312 1287 331 esse
1313 304 1481 334 mandatum.
1514 303 1633 330 ostendit
1665 311 1717 331 non

931 350 1006 383 illud,
1030 351 1100 385 quod
1121 351 1179 386 ejus
1198 351 1250 377 alio
1270 358 1299 378 se
1316 350 1476 378 succedente
1499 349 1567 385 (15),
1585 349 1654 376 sicut
1678 353 1718 377 est

932 398 1079 425 secundum
1105 398 1223 426 litteram
1253 401 1442 425 testamentum
1458 397 1533 432 legis.
1552 396 1616 430 Qua:
1637 396 1718 431 igitur

929 445 979 472 ista
999 449 1062 472 sunt
1077 445 1186 472 vetera?
1202 444 1258 472 Non
1282 448 1390 479 propter
1408 448 1525 478 tempus,
1546 447 1572 470 et
1593 442 1662 476 quod
1678 443 1718 469 eis

917 491 962 520 .ab
985 490 1045 518 aliis
1068 491 1240 520 succedatur,
1258 495 1348 517 vetera
1366 489 1406 516 sic
1420 489 1556 519 dicuntur.
1582 488 1628 516 sed
1645 489 1715 523 quod

929 537 1040 571 antiqua
1062 537 1116 564 sint
1137 542 1164 563 et
1188 544 1240 562 nou
1259 535 1339 562 modo
1359 535 1446 570 pritno
1473 539 1572 568 cccpta.
1590 534 1629 561 Ad
1647 535 1717 561 hanc

928 582 1152 617 signiﬁcationem
1174 581 1330 609 referendus
1342 586 1383 608 est
1401 585 1427 608 et
1439 580 1573 615 Antiquus
1591 580 1695 607 dierum
1709 601 1716 612 ,

928 628 973 663 qui
988 628 1126 663 prophetae
1149 631 1316 655 monstratus
1336 631 1377 654 est
1391 626 1425 654 ‘9.
1454 626 1507 653 Sed
1532 630 1560 653 et
1585 626 1640 660 jam
1663 626 1716 660 his,

928 673 973 708 qtti
994 673 1050 708 (14)
1062 673 1231 708 propositum
1247 672 1328 699 habet
1341 670 1546 699 comtnemlandi
1562 674 1715 704 pra-sentia,

929 721 961 746 de
977 719 1124 747 dilectione
1137 718 1264 754 proximi.
1282 718 1433 753 antiquitus
1449 725 1463 743 a
1478 717 1576 752 Moysis
1589 716 1717 751 tempori-

929 765 979 792 bus
996 765 1150 793 inchoatutn
1170 765 1247 796 dicit,
1263 772 1325 791 cmn
1340 764 1497 791 mandatum
1509 770 1532 790 et
1550 769 1660 798 propter
1673 771 1718 789 an-

931 811 1091 844 tiquitatem,
1111 819 1164 838 non
1182 816 1292 846 propter
1306 810 1507 838 successionem
1527 814 1604 837 vetus
1623 810 1719 847 luisset

929 855 1042 883 dictutn.
1056 856 1114 884 Non
1135 857 1206 884 enim
1224 857 1315 883 omnia
1344 856 1479 888 mandata,
1497 863 1556 890 quae
1568 855 1594 882 in
1606 856 1716 890 antiqua

91 904 139 930 bus
150 903 253 936 datum,
268 903 315 930 sed
332 907 456 935 vetus,et
467 903 537 938 qttod
553 902 703 937 antiquitus
714 901 875 928 habuerunt.
892 892 914 919 Β
930 901 1071 936 Scriptura
1088 903 1254 936 referuntur,
1271 902 1471 937 praeterierunt,
1496 902 1556 929 aliis
1570 901 1717 929 succeden-

90 947 210 975 Priscum
230 955 347 983 namque
361 949 518 974 mandatum
536 952 577 975 est
601 956 608 973 :
636 956 645 972 ‹
667 946 766 981 Diliges
786 946 877 973 Domi-

91 1003 153 1021 num
168 996 251 1022 Dcunt
265 1000 338 1021 tuum
353 995 420 1026 ",et
432 993 596 1029 proximum,
609 994 714 1021 sicutte
729 994 814 1028 ipsum
824 993 873 1025 ¹⁶;›

89 1039 216 1073 quoniam
235 1039 356 1066 auditum
379 1038 467 1065 fuerat
490 1039 542 1066 hoc
565 1039 720 1066 mandatutn
738 1038 800 1065 olitn
817 1044 843 1066 et
860 1046 874 1065 a

91 1086 170 1120 longo
186 1086 240 1119 jam
256 1091 387 1120 tempore,
402 1087 540 1121 sapienter
552 1087 692 1121 antiquum
713 1090 741 1113 et
764 1085 791 1112 itt
806 1085 877 1113 noti-

91 1132 155 1158 tiam
174 1131 310 1159 hominum
324 1133 380 1166 jam
393 1133 499 1160 veniSse
514 1133 686 1167 praedicatur.

91 1177 171 1208 Ἴσως
188 1178 247 1212 spat
257 1186 308 1209 τις·
325 1177 388 1210 Πῶς
402 1176 457 1204 οἷόν
498 1178 602 1205 Poterit
615 1183 704 1205 autem
719 1177 776 1214 (l0)
796 1177 876 1204 aliter

88 1231 119 1248 τε
140 1224 197 1250 ἐστι
210 1225 279 1250 νοεῖν
298 1224 345 1259 τὴν
356 1233 459 1260 γραφο-

90 1269 175 1304 μένην
199 1270 262 1305 περὶ
287 1270 396 1305 ἀγάπης
416 1271 458 1296 ἐν·

88 1315 168 1350 ’τολὴν
198 1316 245 1342 ἀπ’
274 1315 361 1352 ἀρχῆς
387 1313 457 1342 εἶναι

89 1363 135 1389 καὶ
149 1362 281 1397 ὴκοῦσθειι
295 1363 409 1395 τούτοις,
417 1360 458 1394 οἷς

88 1408 105 1442 ἡ
138 1408 283 1443 Ἐπιστολὴ
298 1408 434 1444 γράφεται
449 1417 456 1441 ;

88 1455 139 1490 [Εἰ
164 1458 212 1491 μὲν
237 1457 291 1492 γὰρ
321 1458 458 1489 Ἰουδαίοις

87 1503 175 1530 ταῦτα
201 1504 311 1539 γράψει,
345 1504 458 1537 εἰκότως

87 1549 136 1584 τὴν
148 1551 212 1585 περὶ
226 1550 336 1585 ἀγάπης
350 1550 458 1586 ἐντολὴν

87 1594 118 1620 οὺ
149 1594 245 1630 καινὴν
273 1593 341 1622 εἶναι
369 1605 457 1632 φησι,

88 1641 172 1668 πάλαι
189 1642 243 1678 γὰρ
254 1642 338 1678 αὐτὴν
349 1642 394 1669 διὰ
404 1644 458 1670 τῶν

88 1685 236 1721 προφητῶν
273 1687 459 1722 ἐπηγγείλατο

87 1731 111 1767 (1
180 1733 210 1759 El
223 1732 252 1759 δὲ
266 1733 316 1760 οὐκ
339 1734 459 1761 Ἰουδαῖοι

86 1775 168 1813 ἦσαν,
193 1779 232 1811 ὡς
259 1779 408 1815 παρίστησι
430 1781 460 1809 τὸ

87 1824 166 1856 τέλος
200 1825 252 1860 τῆς
282 1826 444 1862 Ἐπιστολῆς
453 1847 461 1861 ,

90 1871 191 1906 μήποτ’
208 1869 255 1898 οὖν
282 1873 376 1908 ἐντολὴ
409 1882 461 1899 πα-

86 1916 153 1943 λαιὰ
161 1916 207 1943 κα).
217 1918 265 1944 ἀπ’
273 1918 361 1953 ἀρχῆς
374 1918 463 1954 ὑπάρ-

90 1969 177 1996 χουσα
215 1963 261 1989 καὶ
296 1963 362 1990 ἁκου
367 1963 460 1991 σθείσα

87 2009 171 2035 πᾶσιν
198 2009 352 2043 ἀνθρώποις
385 2011 459 2039 ἐστὶν

87 2056 103 2088 ἡ
120 2055 190 2081 κατὰ
207 2055 256 2086 τὰς
276 2056 394 2090 φυσικὰς
414 2057 458 2083 ὲν-

86 2101 161 2133 νοίας
198 2102 292 2138 φιλικὴ
326 2103 457 2137 διάθεσις,

87 2148 193 2180 Πάντες
206 2149 260 2185 γὰρ
277 2149 357 2184 φύσει
366 2150 460 2186 ἥμερα

87 2193 135 2219 καὶ
150 2194 297 2221 κοινωνικὰ
309 2195 367 2226 ζῶα
381 2195 458 2227 ὀντες

86 2239 217 2272 ἀγαπῶσι
232 2241 294 2273 τοὺς
305 2241 429 2276 πληιξίον.

495 1225 586 1252 dicere
605 1233 612 1252 :
628 1224 767 1258 Quomodo
789 1225 875 1259 pOssit

496 1270 609 1304 intelligi
629 1271 680 1297 huc
705 1271 871 1304 matttlatum,

494 1317 565 1350 quo]
579 1316 710 1343 scribitur
728 1316 761 1343 de
783 1317 873 1343 chari~

496 1366 550 1388 tate
583 1361 710 1396 proximi,
739 1361 772 1388 ab
796 1361 872 1389 initio

494 1415 564 1440 esse,
587 1412 614 1434 et
633 1408 667 1434 ab
692 1407 751 1440 eis,
774 1408 873 1442 quibus

496 1460 567 1479 nunc
598 1452 704 1485 scribit,
727 1453 873 1479 auditum?

495 1505 555 1524 cum
571 1505 623 1523 non
639 1496 736 1529 Judaei,
755 1497 801 1524 sed
811 1505 873 1532 gen-

498 1543 561 1570 tiles
573 1547 674 1573 essent.
693 1543 765 1570 sicut
779 1548 872 1570 osten-

927 948 1009 976 tibus.
1031 948 1144 983 Semper
1160 949 1260 976 etenitn
1278 953 1398 980 manent,
1415 948 1493 976 sicuti
1507 955 1634 983 prmsens,
1648 949 1718 975 etde

928 996 1029 1022 honore
1046 1000 1201 1030 parentum,
1219 1000 1246 1023 et
1263 994 1416 1029 huiusmodi
1448 994 1576 1021 mandata
1604 992 1716 1023 similia,

927 1041 990 1068 dum
1006 1041 1147 1076 ﬁgurativa
1169 1041 1349 1073 solummodo,
1364 1046 1391 1068 et
1408 1049 1468 1076 qua:
1482 1045 1545 1067 sunt
1563 1040 1716 1067 futurorum

928 1087 1031 1115 umbra:
1045 1087 1219 1115 transierunt.

964 1133 1047 1161 Vens.
1064 1133 1108 1166 15,
1124 1133 1168 1161 16.
1193 1144 1202 1160 ι
1223 1133 1310 1161 Nolite
1325 1133 1437 1168 diligere
1460 1132 1599 1165 nmudnm,
1618 1141 1668 1160 nec
1684 1140 1717 1160 ea

926 1187 985 1214 qum
1002 1184 1065 1207 sunt
1081 1179 1107 1207 in
1125 1179 1234 1207 mttndo.
1256 1179 1284 1206 Si
1314 1179 1375 1214 quis
1393 1179 1481 1214 diligit
1505 1179 1645 1211 mundum,
1663 1186 1716 1205 tton

926 1231 968 1253 est
987 1226 1106 1253 Charitas
1120 1225 1209 1253 Patris
1224 1227 1250 1253 in
1263 1233 1305 1253 eo.
1324 1226 1459 1259 Quoniam
1481 1233 1572 1258 omne,
1591 1226 1662 1260 quod
1675 1230 1717 1253 est

926 1271 953 1298 in
971 1271 1079 1304 mtmdo,
1094 1271 1310 1306 concupiscentia
1326 1271 1416 1298 carnis
1437 1275 1488 1303 est,
1506 1281 1516 1297 υ
1531 1276 1582 1298 etc.

962 1315 1094 1348 Quoniam
1112 1316 1237 1343 amicitia:
1255 1321 1317 1343 sunt
1334 1323 1397 1350 erga
1420 1317 1513 1347 Deum,
1533 1316 1568 1343 ita
1593 1321 1618 1344 ut
1634 1335 1640 1347 .
1671 1317 1717 1351 qui

927 1361 1046 1388 voluerit
1060 1368 1122 1388 esse
1146 1362 1249 1393 tnttndi,
1275 1362 1400 1388 inimicus
1417 1362 1598 1389 constituatur
1621 1362 1666 1389 ltei
1683 1363 1716 1394 ",

927 1413 1099 1439 consequens
1115 1410 1155 1433 est
1169 1414 1244 1440 ergo,
1258 1407 1302 1441 qui
1323 1406 1439 1433 voluerit
1456 1407 1561 1434 amicus
1579 1415 1638 1434 esse
1657 1408 1715 1440 Dei,

926 1452 961 1478 ita
975 1457 1004 1478 ut
1022 1452 1119 1479 habeat
1137 1453 1164 1478 in
1182 1453 1328 1487 semetipso
1343 1453 1505 1480 charitatem
1524 1453 1593 1487 ejus,
1608 1455 1716 1481 recedat

925 1504 940 1523 a
951 1497 1083 1524 charitate
1097 1497 1201 1529 mundi,
1211 1502 1238 1524 et
1250 1505 1309 1531 qua:
1322 1498 1348 1524 in
1364 1506 1396 1526 eo
1411 1503 1483 1526 sunt.

930 1558 964 1562 —
977 1541 1044 1569 Εἶτα
1063 1543 1100 1578 μὴ
1122 1543 1177 1578 (15)
1203 1544 1300 1579 νομίσῃ

495 1589 535 1616 dit
555 1589 617 1616 ﬁnis
646 1589 791 1623 Epistolm;
822 1581 907 1617 hocc
924 1599 965 1622 τις
987 1590 1017 1617 τὸ
1047 1590 1190 1627 σύστημα,
1217 1591 1247 1618 τὸ
1270 1591 1299 1623 ἐξ

495 1635 568 1661 enim
593 1641 720 1662 sermone
741 1635 872 1662 termina-

500 1685 543 1707 tur
559 1688 565 1706 :
581 1690 589 1706 ι
615 1680 716 1712 Filioli,
738 1681 874 1710 custodite

497 1734 544 1753 vos
575 1727 608 1753 ab
635 1727 723 1755 idolis.
751 1737 760 1753 ι
797 1727 874 1756 Unde

497 1772 722 1801 considerandum
754 1778 808 1806 est,
842 1782 874 1802 tte

497 1819 568 1846 forte
599 1824 675 1847 vetns
716 1821 872 1848 mandatum

498 1865 571 1893 dicat
593 1871 619 1894 et
643 1867 678 1894 ab
704 1867 780 1894 initio
802 1868 873 1895 εκεί-

499 1914 662 1948 stcns,quod
676 1914 757 1940 etiam
771 1914 804 1940 ab
817 1921 874 1941 om-

501 1960 579 1988 nibus
596 1961 752 1988 hotninibtts
766 1966 807 1988 est
825 1970 874 1988 att-

496 2006 593 2039 ditum,
622 2007 648 2034 id
674 2013 732 2041 est,
758 2009 874 2036 amabile

497 2055 623 2083 effectum
648 2065 697 2092 per
722 2058 872 2086 naturalem

495 2102 668 2130 accedentem
679 2111 800 2131 sensum.
810 2104 874 2132 0m-

497 2155 544 2175 nes
571 2149 642 2175 enim
672 2150 797 2177 homines
811 2159 872 2178 ctttn

495 2195 720 2224 sintnaturaliter
734 2204 873 2226 mansueta

925 1637 1040 1673 οὔροινοῦ
1055 1638 1103 1665 καὶ
1119 1638 1170 1674 τῆς
1187 1639 1238 1674 γῆς
1252 1639 1299 1666 καὶ

924 1686 979 1712 τῶν
1000 1687 1028 1713 ἐν
1049 1687 1141 1718 αὐτοῖς
1163 1687 1298 1721 παρίστα-

926 1737 987 1764 σθαι
1019 1736 1155 1769 ἐνταῦθα,
1187 1738 1219 1764 ὲκ
1248 1738 1299 1773 τῆς

925 1786 1028 1820 κόσμου
1048 1785 1140 1820 φωνῆς
1161 1786 1299 1821 ἡρμήνευ-

927 1841 966 1864 σε,
978 1833 1038 1859 τίνα.
1051 1833 1086 1859 τὰ
1099 1834 1128 1860 ἐν
1143 1833 1218 1868 αὑτῷ
1232 1842 1298 1867 τυγ-

925 1882 1011 1916 χάνει,
1030 1881 1074 1908 ἴνα
1089 1882 1230 1917 ἑπομένως
1252 1883 1298 1910 καὶ

926 1928 1002 1954 αὐτοὶ
1032 1928 1088 1964 (l6)
1120 1928 1294 1964 ἐκλὰϐωμεν.

928 1974 1005 2000 Ἐςτι
1017 1973 1105 2000 τοίνυν
1120 1974 1155 2001 τὰ
1177 1975 1206 2001 ἐν
1223 1974 1296 2010 αὐτῷ

925 2019 1052 2055 ἐμπαθὴς
1068 2020 1115 2046 καὶ
1137 2020 1217 2056 ὑλικὴ
1238 2021 1298 2047 διά.-

927 2065 1010 2098 θεσις,
1045 2074 1077 2101 ση
1083 2066 1235 2102 μαινομένη
1264 2067 1297 2093 δι’

925 2110 1074 2146 ἐπιθυμίας
1102 2111 1204 2147 σαρκὸς
1213 2133 1220 2145 ,
1250 2112 1298 2147 τῆς

927 2157 1145 2193 στρατευομένης
1163 2158 1235 2184 κατὰ
1249 2158 1298 2194 τῆς

925 2203 1014 2238 ψυχῆς
1028 2217 1063 2223 --
1078 2205 1124 2230 καὶ
1150 2204 1298 2239 ὀφθαλμῶν

495 2247 523 2270 et
548 2244 701 2271 communia
729 2245 871 2279 animalia,
889 2259 912 2288 Ι)
926 2249 1028 2284 ὄρεξις.

1337 1544 1375 1572 Ne
1391 1545 1452 1579 quis
1468 1550 1557 1573 autem
1575 1552 1658 1581 putet,
1682 1556 1716 1576 ex

1337 1600 1368 1619 eo
1382 1594 1452 1628 qttod
1471 1593 1550 1626 dixit,
1574 1596 1714 1629 ntuudum,

1337 1640 1539 1668 universitatem
1579 1642 1642 1669 εαξη
1689 1649 1716 1671 et

1342 1689 1420 1713 terra:
1438 1691 1464 1713 (ιι
1478 1695 1536 1721 qua:
1548 1687 1573 1714 in
1589 1688 1628 1715 cis
1639 1696 1715 1722 sunt,

1336 1731 1470 1765 indicari,
1522 1733 1716 1768 interpretatus

1335 1785 1376 1806 cst
1405 1788 1435 1807 ea
1466 1789 1524 1814 qua:
1553 1781 1578 1808 in
1614 1776 1715 1810 mundo

1336 1830 1418 1857 sunt,
1449 1831 1477 1852 ut
1513 1833 1715 1862 consequenter

1335 1873 1416 1900 etiam
1430 1882 1490 1900 eum
1503 1874 1653 1910 intelligere
1668 1884 1715 1903 vas

1336 1919 1415 1947 leam.
1443 1920 1490 1948 Est
1512 1921 1592 1957 igitur
1624 1923 1650 1950 in
1681 1931 1714 1951 cu

1335 1967 1470 2001 passibilis
1480 1973 1507 1995 et
1522 1969 1714 1998 intellectualis

1336 2013 1451 2042 allectus
1464 2019 1490 2042 et
1507 2017 1653 2050 appetitus,
1667 2019 1714 2053 qui

1337 2068 1385 2095 per
1405 2063 1497 2090 carnis
1517 2065 1714 2100 concupiscen-

1338 2109 1401 2135 tiam
1429 2110 1547 2138 militare
1584 2113 1714 2142 adversus

1336 2155 1452 2183 animant
1471 2157 1638 2192 designatur.

478 2289 608 2326 diligunt
625 2291 775 2324 proximos.

91 2330 166 2358 Unde
185 2331 310 2359 Salvator
333 2333 366 2359 ad
396 2334 466 2360 hunc
492 2335 644 2362 naturalem
674 2337 799 2365 allectum
817 2346 872 2366 tnu-

125 2401 145 2416 ”
157 2401 234 2427 Joan.
249 2409 304 2431 ειν,
317 2401 362 2428 ει.
403 2402 423 2417 ¹⁸
438 2402 513 2429 Deut.
532 2410 567 2435 γι,

86 2444 124 2469 tv,
147 2437 172 2462 ι.
214 2437 246 2452 ³³⁸
259 2436 338 2464 Prov.
353 2445 388 2470 rt,
403 2437 448 2464 2‘3.

123 2516 160 2551 (8)
174 2515 211 2542 Ita
223 2515 385 2552 ,Gallandius
399 2524 430 2543 cx
446 2516 610 2548 conjectura.
637 2517 763 2552 Vulgaris
786 2520 866 2547 lectio

85 2556 178 2584 aperte
195 2551 259 2578 l'alsa
273 2552 329 2577 lucc
342 2557 393 2583 est,
407 2551 542 2584 fallaciam
555 2560 624 2586 eum,
639 2553 683 2586 qui
693 2551 726 2580 ab
739 2554 788 2580 hac
802 2555 868 2582 dile-

85 2591 169 2612 ctione
184 2587 279 2618 poteris
294 2587 434 2620 segregari.
456 2586 510 2613 Nec
526 2592 614 2614 tamen
631 2587 690 2616 Gal.
709 2589 772 2616 mihi
788 2591 867 2617 satis-

86 2622 161 2648 l'ecil.
178 2621 306 2657 Eilcntur
321 2621 408 2657 aliqua
423 2622 567 2653 excidisse,
582 2623 675 2650 nescio
690 2632 758 2657 quae.

122 2657 161 2691 (9i
175 2655 256 2688 Cave,
275 2664 308 2682 t.e
322 2655 446 2689 Basnagii
471 2664 590 2684 errorem
605 2665 688 2689 erres,
699 2655 866 2687 'vocabulnm

84 2691 268 2724 enuttgelislw,
300 2691 494 2717 nominativum
522 2692 650 2725 pluralem
683 2702 743 2721 esse
767 2699 868 2723 temere

84 2726 221 2762 opinantis
238 2731 317 2760 atque
330 2725 416 2762 locum
434 2733 554 2753 nostrum
566 2727 627 2754 inde
646 2729 764 2762 graviter
779 2730 866 2757 incre-

84 2761 184 2800 pmtis.
200 2760 339 2800 Sententia
355 2761 433 2800 platt.t_
453 2766 503 2800 est,
528 2763 606 2789 modo
624 2760 732 2796 teneas,
756 2773 866 2800 evange-

82 2795 228 2837 ιἰδΙίιί-ςξξε
243 2796 388 2837 genitivum
412 2797 585 2837 singularum.

120 2830 177 2863 (10)
193 2830 329 2858 Excitlissc
346 2830 467 2863 videtur,
479 2833 581 2865 ultr/uis.
594 2833 650 2860 (llr.
667 2835 745 2861 verba
763 2835 865 2863 Ctmt‘a.

120 2866 141 2897 tl
153 2866 174 2899 l)
193 2867 272 2894 lineis
287 2867 322 2893 ιιι(
333 2868 387 2893 ltt>tl
403 2868 525 2894 omisisse
543 2868 646 2896 videtur
661 2870 824 2905 iipthauins
839 2871 865 2898 Ῐιι

82 2906 218 2929 ὶθνδιυιιθ.

656 2405 677 2420 ¹⁶
693 2405 778 2433 Levit.
799 2415 853 2437 xtx,
871 2408 910 2436 18.

927 2294 1026 2322 Contra
1060 2303 1140 2330 quam
1170 2296 1319 2324 adntonitio
1352 2299 1494 2333 prmhetur,
1524 2302 1564 2329 sic
1595 2303 1711 2331 ἁίουηεε

929 2340 1002 2369 «Non
1014 2347 1039 2370 te
1053 2343 1143 2370 vincat
1155 2344 1372 2379 concupiscentia
1386 2345 1594 2380 pulchritudinis
1605 2349 1665 2376 η’.»
1680 2350 1714 2377 Ει

955 2410 974 2424 ”
993 2409 1087 2437 Matth.
1104 2419 1148 2443 vn,
1165 2411 1208 2438 1").
1263 2413 1283 2428 “
1299 2412 1364 2440 Dan.
1378 2422 1423 2446 rtt,
1437 2415 1463 2448 9,
1482 2415 1522 2448 l5,
1535 2417 1579 2444 ἓξ.
1620 2419 1641 2435 ³³
1652 2418 1711 2448 Jac.

956 2522 1012 2590 512)
1027 2523 1056 2551 F.
1069 2532 1187 2552 mouens.
1201 2526 1302 2553 'l‘a-nen
1314 2528 1431 2560 vulgaris
1445 2530 1525 2557 lectio
1536 2531 1599 2558 ferri
1612 2539 1711 2566 potest.

969 2558 1012 2590 l5)
1029 2558 1169 2585 Gallantliu
1197 2561 1266 2587 haud
1292 2570 1374 2589 sanus
1403 2572 1463 2590 esse
1492 2565 1568 2590 locus
1591 2567 1699 2590 videtur

969 2558 1012 2596 15)
1029 2558 1169 2596 Gallantlin
1197 2561 1266 2587 hand
1292 2558 1374 2589 sanus
1403 2572 1463 2592 esse
1492 2565 1574 2593 locus
1591 2558 1709 2596 videtur;

921 2592 1138 2634 Mancinum-ictam
1156 2603 1250 2634 "incus
1277 2604 1324 2630 pro
1342 2600 1398 2631 ejus
1419 2605 1448 2625 ut
1462 2592 1620 2634 reponerent

921 2628 1132 2665 persuasitl‘ere.
1155 2629 1183 2656 Si
1201 2628 1297 2664 legitur
1318 2628 1387 2665 qubtl
1410 2639 1481 2661 vetus
1493 2628 1534 2661 last
1553 2636 1606 2662 alio
1621 2628 1711 2665 suere;

921 2663 1008 2700 dente,
1027 2664 1068 2700 vel
1084 2664 1137 2690 alio
1152 2665 1178 2691 in
1193 2673 1219 2691 se
1229 2663 1402 2699 succedente,
1419 2677 1515 2696 sensus
1529 2671 1614 2698 bonus
1627 2663 1678 2700 est.

1036 2698 1168 2738 _F_orlasse
1183 2700 1231 2738 ita,
1247 2702 1291 2738 κερ
1306 2702 1383 2738 etiam
1395 2697 1448 2735 his,
1461 2705 1565 2738 quibus.

959 2733 1014 2772 (t5)
1036 2733 1104 2759 "Ira
1124 2733 1167 2768 μή
1183 2735 1243 2762 eod.
1274 2736 1304 2763 D.
1329 2737 1393 2769 Qua:
1409 2733 1487 2766 lectio
1502 2740 1534 2766 ad
1558 2742 1710 2771 versionem

921 2767 1045 2812 lmtinaltn
1068 2767 1177 2802 propius
1209 2772 1322 2812 accedit.
1341 2767 1407 2799 Mox
1428 2781 1475 2808 pro
1491 2775 1522 2801 ἐκ
1543 2778 1592 2812 τῆς

923 2802 1063 2842 legendum
1079 2810 1131 2837 est,
1144 2812 1176 2831 ex
1193 2806 1310 2840 ejusdeu
1326 2802 1651 2843 codicis'auctoritat'trIé;

922 2845 978 2863 του.

955 2873 1018 2934 l(:5?)
1027 2872 1061 2934 615i
1082 2875 1235 2903 versionem
1252 2875 1373 2905 Latinam
1389 2880 1519 2914 sequeris,
1536 2883 1709 2912 scribendum

994 2917 1024 2934 υτ
1042 2917 1065 2934 ν.

922 2915 962 2935 ΘΗ
975 2916 1006 2934 οιυ
1014 2915 1065 2935 τον.
