  <div class='ocr_page' id='page_1' title='image "/cluster/home/n/w/nwhite01/storage/ocr_20150623/39/njp.32101010943528/897.png"; bbox 0 0 1913 3071; ppageno 0'>
   <div class='ocr_carea' id='block_1_1' title="bbox 224 149 295 179">
    <p class='ocr_par' dir='ltr' id='par_1_1' title="bbox 224 149 295 179">
     <span class='ocr_line' id='line_1_1' title="bbox 224 149 295 179; baseline 0.028 -2"><span class='ocrx_word' id='word_1_1' title='bbox 224 149 295 179; x_wconf 68' lang='grc'><strong>1785</strong></span> 
     </span>
    </p>
   </div>
   <div class='ocr_carea' id='block_1_2' title="bbox 847 147 1222 178">
    <p class='ocr_par' dir='ltr' id='par_1_2' title="bbox 847 147 1222 178">
     <span class='ocr_line' id='line_1_2' title="bbox 847 147 1222 178; baseline 0.008 -3"><span class='ocrx_word' id='word_1_2' title='bbox 847 147 964 176; x_wconf 73' lang='grc' dir='ltr'><strong>ΒΙΟΥΜΙ</strong></span> <span class='ocrx_word' id='word_1_3' title='bbox 983 148 1222 178; x_wconf 73' lang='lat' dir='ltr'><strong>ALEXANDRINI</strong></span> 
     </span>
    </p>
   </div>
   <div class='ocr_carea' id='block_1_3' title="bbox 1788 156 1848 184">
    <p class='ocr_par' dir='ltr' id='par_1_3' title="bbox 1788 156 1848 184">
     <span class='ocr_line' id='line_1_3' title="bbox 1788 156 1848 184; baseline 0.017 -2"><span class='ocrx_word' id='word_1_4' title='bbox 1788 156 1848 184; x_wconf 73' lang='grc' dir='ltr'><strong>Πδι</strong></span> 
     </span>
    </p>
   </div>
   <div class='ocr_carea' id='block_1_4' title="bbox 226 203 1850 242">
    <p class='ocr_par' dir='ltr' id='par_1_4' title="bbox 226 203 1850 242">
     <span class='ocr_line' id='line_1_4' title="bbox 226 203 1850 242; baseline 0 -3"><span class='ocrx_word' id='word_1_5' title='bbox 226 207 278 236; x_wconf 65' lang='lat' dir='ltr'><strong>alia</strong></span> <span class='ocrx_word' id='word_1_6' title='bbox 304 205 450 238; x_wconf 69' lang='lat' dir='ltr'><strong>sehleﬂlia.</strong></span> <span class='ocrx_word' id='word_1_7' title='bbox 467 211 528 240; x_wconf 67' lang='grc' dir='ltr'><strong>(111εὲ</strong></span> <span class='ocrx_word' id='word_1_8' title='bbox 555 204 621 235; x_wconf 61' lang='lat' dir='ltr'><strong>die“</strong></span> <span class='ocrx_word' id='word_1_9' title='bbox 635 214 642 232; x_wconf 73' lang='grc' dir='ltr'>ε</span> <span class='ocrx_word' id='word_1_10' title='bbox 661 213 670 231; x_wconf 77' lang='grc' dir='ltr'><strong>ι</strong></span> <span class='ocrx_word' id='word_1_11' title='bbox 689 203 785 232; x_wconf 70' lang='lat' dir='ltr'><strong>omnis</strong></span> <span class='ocrx_word' id='word_1_12' title='bbox 801 204 847 238; x_wconf 74' lang='grc' dir='ltr'>«ιιιί</span> <span class='ocrx_word' id='word_1_13' title='bbox 865 203 934 231; x_wconf 56' lang='lat' dir='ltr'><strong>Vidn</strong></span> <span class='ocrx_word' id='word_1_14' title='bbox 956 210 1014 231; x_wconf 84' lang='lat' dir='ltr'><strong>mll-</strong></span> <span class='ocrx_word' id='word_1_15' title='bbox 1030 207 1053 234; x_wconf 81' lang='grc' dir='ltr'><strong>Α</strong></span> <span class='ocrx_word' id='word_1_16' title='bbox 1069 206 1245 240; x_wconf 78' lang='lat' dir='ltr'><strong>respiciendi,</strong></span> <span class='ocrx_word' id='word_1_17' title='bbox 1260 214 1321 234; x_wconf 92' lang='lat' dir='ltr'><strong>cum</strong></span> <span class='ocrx_word' id='word_1_18' title='bbox 1340 207 1434 242; x_wconf 89' lang='lat' dir='ltr'><strong>utique</strong></span> <span class='ocrx_word' id='word_1_19' title='bbox 1448 208 1482 234; x_wconf 87' lang='lat' dir='ltr'><strong>ab</strong></span> <span class='ocrx_word' id='word_1_20' title='bbox 1503 214 1596 235; x_wconf 80' lang='lat' dir='ltr'><strong>eamut</strong></span> <span class='ocrx_word' id='word_1_21' title='bbox 1613 208 1753 238; x_wconf 83' lang='lat' dir='ltr'><strong>voluntate</strong></span> <span class='ocrx_word' id='word_1_22' title='bbox 1768 218 1850 239; x_wconf 75' lang='lat' dir='ltr'><strong>tet-es-</strong></span> 
     </span>
    </p>
   </div>
   <div class='ocr_carea' id='block_1_5' title="bbox 225 248 1013 286">
    <p class='ocr_par' dir='ltr' id='par_1_5' title="bbox 225 248 1013 286">
     <span class='ocr_line' id='line_1_5' title="bbox 225 248 1013 286; baseline -0.008 -5"><span class='ocrx_word' id='word_1_23' title='bbox 225 255 318 282; x_wconf 82' lang='lat' dir='ltr'><strong>tierent</strong></span> <span class='ocrx_word' id='word_1_24' title='bbox 337 252 370 280; x_wconf 83' lang='lat' dir='ltr'><strong>ad</strong></span> <span class='ocrx_word' id='word_1_25' title='bbox 397 251 641 286; x_wconf 85' lang='lat' dir='ltr'><strong>concupiscendam</strong></span> <span class='ocrx_word' id='word_1_26' title='bbox 670 258 742 283; x_wconf 84' lang='lat' dir='ltr'><strong>eam,</strong></span> <span class='ocrx_word' id='word_1_27' title='bbox 771 250 827 285; x_wconf 67' lang='lat' dir='ltr'><strong>jam</strong></span> <span class='ocrx_word' id='word_1_28' title='bbox 841 248 1013 277; x_wconf 86' lang='lat' dir='ltr'><strong>adulteratns</strong></span> 
     </span>
    </p>
   </div>
   <div class='ocr_carea' id='block_1_6' title="bbox 224 296 1015 328">
    <p class='ocr_par' dir='ltr' id='par_1_6' title="bbox 224 296 1015 328">
     <span class='ocr_line' id='line_1_6' title="bbox 224 296 1015 328; baseline -0.005 -2"><span class='ocrx_word' id='word_1_29' title='bbox 224 305 267 328; x_wconf 72' lang='grc' dir='ltr'><strong>νει</strong></span> <span class='ocrx_word' id='word_1_30' title='bbox 283 308 342 328; x_wconf 87' lang='lat' dir='ltr'><strong>eam</strong></span> <span class='ocrx_word' id='word_1_31' title='bbox 362 300 388 327; x_wconf 91' lang='lat' dir='ltr'><strong>in</strong></span> <span class='ocrx_word' id='word_1_32' title='bbox 409 299 490 326; x_wconf 90' lang='lat' dir='ltr'><strong>corde</strong></span> <span class='ocrx_word' id='word_1_33' title='bbox 506 306 555 326; x_wconf 89' lang='lat' dir='ltr'><strong>suo</strong></span> <span class='ocrx_word' id='word_1_34' title='bbox 569 298 602 324; x_wconf 80' lang='grc' dir='ltr'><strong>ὀ.</strong></span> <span class='ocrx_word' id='word_1_35' title='bbox 619 307 628 323; x_wconf 79' lang='grc' dir='ltr'><strong>ι</strong></span> <span class='ocrx_word' id='word_1_36' title='bbox 647 297 687 324; x_wconf 77' lang='lat' dir='ltr'><strong>Ad</strong></span> <span class='ocrx_word' id='word_1_37' title='bbox 704 298 760 325; x_wconf 72' lang='lat' dir='ltr'><strong>inec</strong></span> <span class='ocrx_word' id='word_1_38' title='bbox 773 302 861 323; x_wconf 84' lang='lat' dir='ltr'><strong>autem</strong></span> <span class='ocrx_word' id='word_1_39' title='bbox 876 296 1015 323; x_wconf 88' lang='lat' dir='ltr'><strong>oculorum</strong></span> 
     </span>
    </p>
   </div>
   <div class='ocr_carea' id='block_1_7' title="bbox 222 341 1016 381">
    <p class='ocr_par' dir='ltr' id='par_1_7' title="bbox 222 341 1016 381">
     <span class='ocr_line' id='line_1_7' title="bbox 222 341 1016 381; baseline -0.009 -6"><span class='ocrx_word' id='word_1_40' title='bbox 222 346 442 381; x_wconf 81' lang='lat' dir='ltr'><strong>concupisceulia</strong></span> <span class='ocrx_word' id='word_1_41' title='bbox 459 350 501 372; x_wconf 85' lang='lat' dir='ltr'><strong>est</strong></span> <span class='ocrx_word' id='word_1_42' title='bbox 515 351 605 377; x_wconf 81' lang='lat' dir='ltr'><strong>omne,</strong></span> <span class='ocrx_word' id='word_1_43' title='bbox 618 344 690 379; x_wconf 83' lang='lat' dir='ltr'><strong>quod</strong></span> <span class='ocrx_word' id='word_1_44' title='bbox 708 351 758 378; x_wconf 87' lang='lat' dir='ltr'><strong>per</strong></span> <span class='ocrx_word' id='word_1_45' title='bbox 772 347 910 378; x_wconf 83' lang='lat' dir='ltr'><strong>aspectum</strong></span> <span class='ocrx_word' id='word_1_46' title='bbox 923 342 957 369; x_wconf 81' lang='lat' dir='ltr'><strong>nd</strong></span> <span class='ocrx_word' id='word_1_47' title='bbox 974 341 1016 368; x_wconf 89' lang='lat' dir='ltr'><strong>di-</strong></span> 
     </span>
    </p>
   </div>
   <div class='ocr_carea' id='block_1_8' title="bbox 223 387 1015 426">
    <p class='ocr_par' dir='ltr' id='par_1_8' title="bbox 223 387 1015 426">
     <span class='ocr_line' id='line_1_8' title="bbox 223 387 1015 426; baseline -0.008 -6"><span class='ocrx_word' id='word_1_48' title='bbox 223 393 366 421; x_wconf 86' lang='lat' dir='ltr'><strong>lectionem</strong></span> <span class='ocrx_word' id='word_1_49' title='bbox 395 390 609 420; x_wconf 87' lang='lat' dir='ltr'><strong>lrrationabilem</strong></span> <span class='ocrx_word' id='word_1_50' title='bbox 639 398 726 426; x_wconf 83' lang='lat' dir='ltr'><strong>usque</strong></span> <span class='ocrx_word' id='word_1_51' title='bbox 742 389 877 425; x_wconf 86' lang='lat' dir='ltr'><strong>perducit.</strong></span> <span class='ocrx_word' id='word_1_52' title='bbox 905 389 946 416; x_wconf 86' lang='lat' dir='ltr'><strong>Ab</strong></span> <span class='ocrx_word' id='word_1_53' title='bbox 964 387 1015 414; x_wconf 81' lang='lat' dir='ltr'><strong>hac</strong></span> 
     </span>
    </p>
   </div>
   <div class='ocr_carea' id='block_1_9' title="bbox 225 434 1014 476">
    <p class='ocr_par' dir='ltr' id='par_1_9' title="bbox 225 434 1014 476">
     <span class='ocr_line' id='line_1_9' title="bbox 225 434 1014 476; baseline -0.01 -9"><span class='ocrx_word' id='word_1_54' title='bbox 225 441 307 476; x_wconf 71' lang='lat' dir='ltr'><strong>igitur</strong></span> <span class='ocrx_word' id='word_1_55' title='bbox 330 439 473 467; x_wconf 82' lang='lat' dir='ltr'><strong>dilectione</strong></span> <span class='ocrx_word' id='word_1_56' title='bbox 487 445 536 465; x_wconf 87' lang='lat' dir='ltr'><strong>nos</strong></span> <span class='ocrx_word' id='word_1_57' title='bbox 559 437 685 465; x_wconf 78' lang='lat' dir='ltr'><strong>convenit</strong></span> <span class='ocrx_word' id='word_1_58' title='bbox 708 434 856 468; x_wconf 77' lang='lat' dir='ltr'><strong>abstinere,</strong></span> <span class='ocrx_word' id='word_1_59' title='bbox 882 434 1014 466; x_wconf 86' lang='lat' dir='ltr'><strong>scientes,</strong></span> 
     </span>
    </p>
   </div>
   <div class='ocr_carea' id='block_1_10' title="bbox 224 481 1013 522">
    <p class='ocr_par' dir='ltr' id='par_1_10' title="bbox 224 481 1013 522">
     <span class='ocr_line' id='line_1_10' title="bbox 224 481 1013 522; baseline -0.009 -9"><span class='ocrx_word' id='word_1_60' title='bbox 224 488 286 522; x_wconf 87' lang='lat' dir='ltr'><strong>quia</strong></span> <span class='ocrx_word' id='word_1_61' title='bbox 300 485 362 513; x_wconf 78' lang='lat' dir='ltr'><strong>talis</strong></span> <span class='ocrx_word' id='word_1_62' title='bbox 384 485 499 512; x_wconf 87' lang='lat' dir='ltr'><strong>mundus</strong></span> <span class='ocrx_word' id='word_1_63' title='bbox 516 484 614 511; x_wconf 86' lang='lat' dir='ltr'><strong>transit</strong></span> <span class='ocrx_word' id='word_1_64' title='bbox 629 490 689 510; x_wconf 80' lang='lat' dir='ltr'><strong>cum</strong></span> <span class='ocrx_word' id='word_1_65' title='bbox 710 481 926 515; x_wconf 71' lang='lat' dir='ltr'><strong>concupiscentia</strong></span> <span class='ocrx_word' id='word_1_66' title='bbox 953 485 1013 512; x_wconf 78' lang='lat' dir='ltr'><strong>sua,</strong></span> 
     </span>
    </p>
   </div>
   <div class='ocr_carea' id='block_1_11' title="bbox 225 526 1013 566">
    <p class='ocr_par' dir='ltr' id='par_1_11' title="bbox 225 526 1013 566">
     <span class='ocr_line' id='line_1_11' title="bbox 225 526 1013 566; baseline -0.008 -7"><span class='ocrx_word' id='word_1_67' title='bbox 225 540 287 560; x_wconf 86' lang='lat' dir='ltr'><strong>cum</strong></span> <span class='ocrx_word' id='word_1_68' title='bbox 301 532 395 566; x_wconf 84' lang='lat' dir='ltr'><strong>utique</strong></span> <span class='ocrx_word' id='word_1_69' title='bbox 414 529 570 564; x_wconf 83' lang='lat' dir='ltr'><strong>temporalis</strong></span> <span class='ocrx_word' id='word_1_70' title='bbox 583 529 708 559; x_wconf 75' lang='lat' dir='ltr'><strong>exsistat,</strong></span> <span class='ocrx_word' id='word_1_71' title='bbox 732 532 758 554; x_wconf 90' lang='lat' dir='ltr'><strong>et</strong></span> <span class='ocrx_word' id='word_1_72' title='bbox 773 532 787 554; x_wconf 84' lang='lat' dir='ltr'><strong>a</strong></span> <span class='ocrx_word' id='word_1_73' title='bbox 806 527 884 554; x_wconf 81' lang='lat' dir='ltr'><strong>nobis</strong></span> <span class='ocrx_word' id='word_1_74' title='bbox 895 526 1013 553; x_wconf 82' lang='lat' dir='ltr'><strong>charita-</strong></span> 
     </span>
    </p>
   </div>
   <div class='ocr_carea' id='block_1_12' title="bbox 224 573 1014 612">
    <p class='ocr_par' dir='ltr' id='par_1_12' title="bbox 224 573 1014 612">
     <span class='ocr_line' id='line_1_12' title="bbox 224 573 1014 612; baseline -0.01 -7"><span class='ocrx_word' id='word_1_75' title='bbox 224 583 278 607; x_wconf 89' lang='lat' dir='ltr'><strong>tem</strong></span> <span class='ocrx_word' id='word_1_76' title='bbox 293 577 420 612; x_wconf 87' lang='lat' dir='ltr'><strong>accipiat.</strong></span> <span class='ocrx_word' id='word_1_77' title='bbox 441 577 487 603; x_wconf 84' lang='lat' dir='ltr'><strong>Dei</strong></span> <span class='ocrx_word' id='word_1_78' title='bbox 503 582 563 602; x_wconf 86' lang='lat' dir='ltr'><strong>cum</strong></span> <span class='ocrx_word' id='word_1_79' title='bbox 580 575 681 602; x_wconf 76' lang='lat' dir='ltr'><strong>sanctis</strong></span> <span class='ocrx_word' id='word_1_80' title='bbox 694 573 819 600; x_wconf 80' lang='lat' dir='ltr'><strong>voluntas</strong></span> <span class='ocrx_word' id='word_1_81' title='bbox 831 578 940 606; x_wconf 82' lang='lat' dir='ltr'><strong>semper</strong></span> <span class='ocrx_word' id='word_1_82' title='bbox 956 578 1014 598; x_wconf 88' lang='lat' dir='ltr'><strong>ma-</strong></span> 
     </span>
    </p>
   </div>
   <div class='ocr_carea' id='block_1_13' title="bbox 223 616 1013 655">
    <p class='ocr_par' dir='ltr' id='par_1_13' title="bbox 223 616 1013 655">
     <span class='ocr_line' id='line_1_13' title="bbox 223 616 1013 655; baseline -0.01 -4"><span class='ocrx_word' id='word_1_83' title='bbox 223 631 292 651; x_wconf 80' lang='lat' dir='ltr'><strong>nens</strong></span> <span class='ocrx_word' id='word_1_84' title='bbox 318 623 404 649; x_wconf 87' lang='lat' dir='ltr'><strong>virtus</strong></span> <span class='ocrx_word' id='word_1_85' title='bbox 430 626 480 649; x_wconf 74' lang='lat' dir='ltr'><strong>est.</strong></span> <span class='ocrx_word' id='word_1_86' title='bbox 510 619 547 648; x_wconf 88' lang='lat' dir='ltr'><strong>De</strong></span> <span class='ocrx_word' id='word_1_87' title='bbox 564 627 617 655; x_wconf 88' lang='lat' dir='ltr'><strong>qua</strong></span> <span class='ocrx_word' id='word_1_88' title='bbox 635 619 765 653; x_wconf 84' lang='lat' dir='ltr'><strong>scriptum</strong></span> <span class='ocrx_word' id='word_1_89' title='bbox 792 622 853 645; x_wconf 83' lang='lat' dir='ltr'><strong>est:</strong></span> <span class='ocrx_word' id='word_1_90' title='bbox 873 626 882 642; x_wconf 84' lang='grc' dir='ltr'><strong>ι</strong></span> <span class='ocrx_word' id='word_1_91' title='bbox 903 616 1013 644; x_wconf 82' lang='lat' dir='ltr'><strong>Justitia</strong></span> 
     </span>
    </p>
   </div>
   <div class='ocr_carea' id='block_1_14' title="bbox 223 663 1010 699">
    <p class='ocr_par' dir='ltr' id='par_1_14' title="bbox 223 663 1010 699">
     <span class='ocr_line' id='line_1_14' title="bbox 223 663 1010 699; baseline -0.011 -1"><span class='ocrx_word' id='word_1_92' title='bbox 223 670 387 698; x_wconf 84' lang='lat' dir='ltr'><strong>immortalis</strong></span> <span class='ocrx_word' id='word_1_93' title='bbox 411 674 452 697; x_wconf 83' lang='lat' dir='ltr'><strong>est</strong></span> <span class='ocrx_word' id='word_1_94' title='bbox 467 669 510 699; x_wconf 80' lang='lat'><strong>&quot;;</strong></span> <span class='ocrx_word' id='word_1_95' title='bbox 533 676 542 694; x_wconf 74' lang='grc' dir='ltr'><strong>ι</strong></span> <span class='ocrx_word' id='word_1_96' title='bbox 564 670 591 695; x_wconf 89' lang='lat' dir='ltr'><strong>et</strong></span> <span class='ocrx_word' id='word_1_97' title='bbox 607 667 704 693; x_wconf 90' lang='lat' dir='ltr'><strong>iterum</strong></span> <span class='ocrx_word' id='word_1_98' title='bbox 727 672 735 692; x_wconf 72' lang='grc' dir='ltr'>ι</span> <span class='ocrx_word' id='word_1_99' title='bbox 762 674 771 691; x_wconf 79' lang='grc' dir='ltr'><strong>ι</strong></span> <span class='ocrx_word' id='word_1_100' title='bbox 789 664 899 692; x_wconf 68' lang='lat' dir='ltr'><strong>Iustitia</strong></span> <span class='ocrx_word' id='word_1_101' title='bbox 922 663 981 698; x_wconf 85' lang='lat' dir='ltr'><strong>ejus</strong></span> <span class='ocrx_word' id='word_1_102' title='bbox 1001 672 1010 689; x_wconf 74' lang='grc' dir='ltr'><strong>ι</strong></span> 
     </span>
    </p>
   </div>
   <div class='ocr_carea' id='block_1_15' title="bbox 222 708 1012 753">
    <p class='ocr_par' dir='ltr' id='par_1_15' title="bbox 222 708 1012 753">
     <span class='ocr_line' id='line_1_15' title="bbox 222 708 1012 753; baseline -0.013 -9"><span class='ocrx_word' id='word_1_103' title='bbox 222 716 287 753; x_wconf 89' lang='lat' dir='ltr'><strong>(hoc</strong></span> <span class='ocrx_word' id='word_1_104' title='bbox 308 720 350 743; x_wconf 88' lang='lat' dir='ltr'><strong>est</strong></span> <span class='ocrx_word' id='word_1_105' title='bbox 364 715 413 742; x_wconf 80' lang='lat' dir='ltr'><strong>viri</strong></span> <span class='ocrx_word' id='word_1_106' title='bbox 429 714 500 741; x_wconf 84' lang='lat' dir='ltr'><strong>beati</strong></span> <span class='ocrx_word' id='word_1_107' title='bbox 516 719 564 748; x_wconf 86' lang='lat' dir='ltr'><strong>per</strong></span> <span class='ocrx_word' id='word_1_108' title='bbox 589 709 782 746; x_wconf 80' lang='lat' dir='ltr'><strong>reverentiam)</strong></span> <span class='ocrx_word' id='word_1_109' title='bbox 797 719 806 736; x_wconf 80' lang='grc' dir='ltr'>ι</span> <span class='ocrx_word' id='word_1_110' title='bbox 823 713 962 744; x_wconf 85' lang='lat' dir='ltr'><strong>permanet</strong></span> <span class='ocrx_word' id='word_1_111' title='bbox 985 708 1012 735; x_wconf 91' lang='lat' dir='ltr'><strong>in</strong></span> 
     </span>
    </p>
   </div>
   <div class='ocr_carea' id='block_1_16' title="bbox 223 755 1012 792">
    <p class='ocr_par' dir='ltr' id='par_1_16' title="bbox 223 755 1012 792">
     <span class='ocr_line' id='line_1_16' title="bbox 223 755 1012 792; baseline -0.013 -1"><span class='ocrx_word' id='word_1_112' title='bbox 223 763 353 791; x_wconf 70' lang='lat' dir='ltr'><strong>saeculum</strong></span> <span class='ocrx_word' id='word_1_113' title='bbox 371 761 460 789; x_wconf 72' lang='lat' dir='ltr'><strong>smculi</strong></span> <span class='ocrx_word' id='word_1_114' title='bbox 483 761 518 788; x_wconf 88' lang='lat'><strong>“.</strong></span> <span class='ocrx_word' id='word_1_115' title='bbox 543 768 553 786; x_wconf 74' lang='grc' dir='ltr'>ι</span> <span class='ocrx_word' id='word_1_116' title='bbox 582 759 650 792; x_wconf 82' lang='lat' dir='ltr'><strong>Quia</strong></span> <span class='ocrx_word' id='word_1_117' title='bbox 666 758 712 785; x_wconf 84' lang='lat' dir='ltr'><strong>Dei</strong></span> <span class='ocrx_word' id='word_1_118' title='bbox 739 764 804 784; x_wconf 84' lang='lat' dir='ltr'><strong>vero</strong></span> <span class='ocrx_word' id='word_1_119' title='bbox 833 755 955 782; x_wconf 70' lang='lat' dir='ltr'><strong>voluntas</strong></span> <span class='ocrx_word' id='word_1_120' title='bbox 987 755 1012 782; x_wconf 89' lang='lat' dir='ltr'><strong>in</strong></span> 
     </span>
    </p>
   </div>
   <div class='ocr_carea' id='block_1_17' title="bbox 221 801 1011 839">
    <p class='ocr_par' dir='ltr' id='par_1_17' title="bbox 221 801 1011 839">
     <span class='ocr_line' id='line_1_17' title="bbox 221 801 1011 839; baseline -0.013 -2"><span class='ocrx_word' id='word_1_121' title='bbox 221 810 329 837; x_wconf 78' lang='lat' dir='ltr'><strong>actione</strong></span> <span class='ocrx_word' id='word_1_122' title='bbox 359 807 494 839; x_wconf 83' lang='lat' dir='ltr'><strong>consistit,</strong></span> <span class='ocrx_word' id='word_1_123' title='bbox 519 806 655 833; x_wconf 87' lang='lat' dir='ltr'><strong>indicatur</strong></span> <span class='ocrx_word' id='word_1_124' title='bbox 683 811 730 838; x_wconf 88' lang='lat' dir='ltr'><strong>per</strong></span> <span class='ocrx_word' id='word_1_125' title='bbox 759 803 819 836; x_wconf 82' lang='lat' dir='ltr'><strong>hoc,</strong></span> <span class='ocrx_word' id='word_1_126' title='bbox 849 801 920 836; x_wconf 90' lang='lat' dir='ltr'><strong>quod</strong></span> <span class='ocrx_word' id='word_1_127' title='bbox 951 802 1011 828; x_wconf 92' lang='lat' dir='ltr'><strong>ait:</strong></span> 
     </span>
    </p>
   </div>
   <div class='ocr_carea' id='block_1_18' title="bbox 224 847 1012 887">
    <p class='ocr_par' dir='ltr' id='par_1_18' title="bbox 224 847 1012 887">
     <span class='ocr_line' id='line_1_18' title="bbox 224 847 1012 887; baseline -0.013 -4"><span class='ocrx_word' id='word_1_128' title='bbox 224 865 234 883; x_wconf 79' lang='grc' dir='ltr'><strong>ι</strong></span> <span class='ocrx_word' id='word_1_129' title='bbox 253 855 310 882; x_wconf 77' lang='lat' dir='ltr'><strong>Non</strong></span> <span class='ocrx_word' id='word_1_130' title='bbox 326 854 416 882; x_wconf 90' lang='lat' dir='ltr'><strong>omnis</strong></span> <span class='ocrx_word' id='word_1_131' title='bbox 430 853 473 887; x_wconf 89' lang='lat' dir='ltr'><strong>qui</strong></span> <span class='ocrx_word' id='word_1_132' title='bbox 492 852 557 879; x_wconf 86' lang='lat' dir='ltr'><strong>dicit</strong></span> <span class='ocrx_word' id='word_1_133' title='bbox 569 851 636 878; x_wconf 91' lang='lat' dir='ltr'><strong>mihi</strong></span> <span class='ocrx_word' id='word_1_134' title='bbox 653 857 660 876; x_wconf 90' lang='lat'><strong>:</strong></span> <span class='ocrx_word' id='word_1_135' title='bbox 679 849 804 878; x_wconf 86' lang='lat' dir='ltr'><strong>Domine.</strong></span> <span class='ocrx_word' id='word_1_136' title='bbox 828 847 952 880; x_wconf 82' lang='lat' dir='ltr'><strong>Domine,</strong></span> <span class='ocrx_word' id='word_1_137' title='bbox 972 847 1012 874; x_wconf 92' lang='lat' dir='ltr'><strong>in-</strong></span> 
     </span>
    </p>
   </div>
   <div class='ocr_carea' id='block_1_19' title="bbox 1068 253 1848 291">
    <p class='ocr_par' dir='ltr' id='par_1_19' title="bbox 1068 253 1848 291">
     <span class='ocr_line' id='line_1_19' title="bbox 1068 253 1848 291; baseline 0.006 -11"><span class='ocrx_word' id='word_1_138' title='bbox 1068 253 1165 285; x_wconf 79' lang='lat' dir='ltr'><strong>serint,</strong></span> <span class='ocrx_word' id='word_1_139' title='bbox 1182 257 1209 280; x_wconf 83' lang='lat' dir='ltr'><strong>et</strong></span> <span class='ocrx_word' id='word_1_140' title='bbox 1226 254 1258 280; x_wconf 87' lang='lat' dir='ltr'><strong>ad</strong></span> <span class='ocrx_word' id='word_1_141' title='bbox 1270 253 1367 288; x_wconf 81' lang='lat' dir='ltr'><strong>impios</strong></span> <span class='ocrx_word' id='word_1_142' title='bbox 1381 261 1479 282; x_wconf 84' lang='lat' dir='ltr'><strong>sensus</strong></span> <span class='ocrx_word' id='word_1_143' title='bbox 1491 255 1656 282; x_wconf 79' lang='lat' dir='ltr'><strong>accesserint</strong></span> <span class='ocrx_word' id='word_1_144' title='bbox 1669 264 1675 281; x_wconf 92' lang='lat'>:</span> <span class='ocrx_word' id='word_1_145' title='bbox 1689 257 1777 291; x_wconf 79' lang='lat' dir='ltr'><strong>palam</strong></span> <span class='ocrx_word' id='word_1_146' title='bbox 1790 258 1848 285; x_wconf 81' lang='lat' dir='ltr'><strong>facti</strong></span> 
     </span>
    </p>
   </div>
   <div class='ocr_carea' id='block_1_20' title="bbox 1068 299 1848 336">
    <p class='ocr_par' dir='ltr' id='par_1_20' title="bbox 1068 299 1848 336">
     <span class='ocr_line' id='line_1_20' title="bbox 1068 299 1848 336; baseline 0.008 -12"><span class='ocrx_word' id='word_1_147' title='bbox 1068 302 1131 325; x_wconf 87' lang='lat' dir='ltr'><strong>sunt</strong></span> <span class='ocrx_word' id='word_1_148' title='bbox 1147 299 1219 325; x_wconf 88' lang='lat' dir='ltr'><strong>enim</strong></span> <span class='ocrx_word' id='word_1_149' title='bbox 1235 300 1392 326; x_wconf 84' lang='lat' dir='ltr'><strong>recedentes</strong></span> <span class='ocrx_word' id='word_1_150' title='bbox 1410 300 1444 327; x_wconf 84' lang='lat' dir='ltr'><strong>ab</strong></span> <span class='ocrx_word' id='word_1_151' title='bbox 1459 301 1597 334; x_wconf 84' lang='lat' dir='ltr'><strong>unctioue,</strong></span> <span class='ocrx_word' id='word_1_152' title='bbox 1614 308 1694 336; x_wconf 82' lang='lat' dir='ltr'><strong>quam</strong></span> <span class='ocrx_word' id='word_1_153' title='bbox 1721 302 1848 330; x_wconf 72' lang='lat' dir='ltr'><strong>habebant</strong></span> 
     </span>
    </p>
   </div>
   <div class='ocr_carea' id='block_1_21' title="bbox 1068 344 1848 383">
    <p class='ocr_par' dir='ltr' id='par_1_21' title="bbox 1068 344 1848 383">
     <span class='ocr_line' id='line_1_21' title="bbox 1068 344 1848 383; baseline 0.006 -12"><span class='ocrx_word' id='word_1_154' title='bbox 1068 350 1082 371; x_wconf 80' lang='lat' dir='ltr'><strong>a</strong></span> <span class='ocrx_word' id='word_1_155' title='bbox 1096 349 1191 371; x_wconf 84' lang='lat' dir='ltr'><strong>sancto</strong></span> <span class='ocrx_word' id='word_1_156' title='bbox 1204 344 1316 379; x_wconf 83' lang='lat' dir='ltr'><strong>Spiritu,</strong></span> <span class='ocrx_word' id='word_1_157' title='bbox 1336 351 1369 373; x_wconf 85' lang='lat' dir='ltr'><strong>eo</strong></span> <span class='ocrx_word' id='word_1_158' title='bbox 1384 345 1511 374; x_wconf 78' lang='lat' dir='ltr'><strong>videlicet</strong></span> <span class='ocrx_word' id='word_1_159' title='bbox 1526 351 1704 379; x_wconf 75' lang='lat' dir='ltr'><strong>ostentantes,</strong></span> <span class='ocrx_word' id='word_1_160' title='bbox 1717 349 1786 383; x_wconf 88' lang='lat' dir='ltr'><strong>quod</strong></span> <span class='ocrx_word' id='word_1_161' title='bbox 1799 350 1848 377; x_wconf 88' lang='lat' dir='ltr'><strong>sint</strong></span> 
     </span>
    </p>
   </div>
   <div class='ocr_carea' id='block_1_22' title="bbox 1066 390 1847 430">
    <p class='ocr_par' dir='ltr' id='par_1_22' title="bbox 1066 390 1847 430">
     <span class='ocr_line' id='line_1_22' title="bbox 1066 390 1847 430; baseline 0.006 -13"><span class='ocrx_word' id='word_1_162' title='bbox 1066 390 1237 418; x_wconf 81' lang='lat' dir='ltr'><strong>Antichristi.</strong></span> <span class='ocrx_word' id='word_1_163' title='bbox 1253 391 1456 420; x_wconf 86' lang='lat' dir='ltr'><strong>Christianismi</strong></span> <span class='ocrx_word' id='word_1_164' title='bbox 1474 393 1630 429; x_wconf 90' lang='lat' dir='ltr'><strong>quicunque</strong></span> <span class='ocrx_word' id='word_1_165' title='bbox 1654 399 1716 421; x_wconf 87' lang='lat' dir='ltr'><strong>sunt</strong></span> <span class='ocrx_word' id='word_1_166' title='bbox 1742 396 1847 430; x_wconf 87' lang='lat' dir='ltr'><strong>partici-</strong></span> 
     </span>
    </p>
   </div>
   <div class='ocr_carea' id='block_1_23' title="bbox 1067 437 1845 473">
    <p class='ocr_par' dir='ltr' id='par_1_23' title="bbox 1067 437 1845 473">
     <span class='ocr_line' id='line_1_23' title="bbox 1067 437 1845 473; baseline 0.005 -9"><span class='ocrx_word' id='word_1_167' title='bbox 1067 442 1125 471; x_wconf 83' lang='lat' dir='ltr'><strong>pes.</strong></span> <span class='ocrx_word' id='word_1_168' title='bbox 1146 437 1246 465; x_wconf 87' lang='lat' dir='ltr'><strong>Christi</strong></span> <span class='ocrx_word' id='word_1_169' title='bbox 1265 438 1290 464; x_wconf 91' lang='lat' dir='ltr'><strong>in</strong></span> <span class='ocrx_word' id='word_1_170' title='bbox 1302 438 1342 465; x_wconf 87' lang='lat' dir='ltr'><strong>eis</strong></span> <span class='ocrx_word' id='word_1_171' title='bbox 1356 445 1497 472; x_wconf 79' lang='lat' dir='ltr'><strong>permanet</strong></span> <span class='ocrx_word' id='word_1_172' title='bbox 1508 440 1610 473; x_wconf 89' lang='lat' dir='ltr'><strong>unctio,</strong></span> <span class='ocrx_word' id='word_1_173' title='bbox 1622 440 1648 467; x_wconf 90' lang='lat' dir='ltr'><strong>id</strong></span> <span class='ocrx_word' id='word_1_174' title='bbox 1662 446 1715 472; x_wconf 84' lang='lat' dir='ltr'><strong>est,</strong></span> <span class='ocrx_word' id='word_1_175' title='bbox 1735 442 1845 468; x_wconf 80' lang='lat' dir='ltr'><strong>chrisma</strong></span> 
     </span>
    </p>
   </div>
   <div class='ocr_carea' id='block_1_24' title="bbox 1066 484 1845 522">
    <p class='ocr_par' dir='ltr' id='par_1_24' title="bbox 1066 484 1845 522">
     <span class='ocr_line' id='line_1_24' title="bbox 1066 484 1845 522; baseline 0.004 -12"><span class='ocrx_word' id='word_1_176' title='bbox 1066 490 1081 510; x_wconf 79' lang='lat' dir='ltr'><strong>a</strong></span> <span class='ocrx_word' id='word_1_177' title='bbox 1099 488 1193 511; x_wconf 88' lang='lat' dir='ltr'><strong>sancto</strong></span> <span class='ocrx_word' id='word_1_178' title='bbox 1209 484 1402 519; x_wconf 83' lang='lat' dir='ltr'><strong>percipieutes,</strong></span> <span class='ocrx_word' id='word_1_179' title='bbox 1419 489 1450 512; x_wconf 84' lang='lat' dir='ltr'><strong>ut</strong></span> <span class='ocrx_word' id='word_1_180' title='bbox 1473 486 1580 520; x_wconf 88' lang='lat' dir='ltr'><strong>possint</strong></span> <span class='ocrx_word' id='word_1_181' title='bbox 1607 486 1751 514; x_wconf 79' lang='lat' dir='ltr'><strong>scientiam</strong></span> <span class='ocrx_word' id='word_1_182' title='bbox 1768 488 1845 522; x_wconf 87' lang='lat' dir='ltr'><strong>spiri-</strong></span> 
     </span>
    </p>
   </div>
   <div class='ocr_carea' id='block_1_25' title="bbox 1067 530 1845 566">
    <p class='ocr_par' dir='ltr' id='par_1_25' title="bbox 1067 530 1845 566">
     <span class='ocr_line' id='line_1_25' title="bbox 1067 530 1845 566; baseline 0.004 -8"><span class='ocrx_word' id='word_1_183' title='bbox 1067 530 1177 558; x_wconf 83' lang='lat' dir='ltr'><strong>tualium</strong></span> <span class='ocrx_word' id='word_1_184' title='bbox 1204 531 1305 559; x_wconf 85' lang='lat' dir='ltr'><strong>habere</strong></span> <span class='ocrx_word' id='word_1_185' title='bbox 1328 536 1509 566; x_wconf 87' lang='lat' dir='ltr'><strong>cunctorum;</strong></span> <span class='ocrx_word' id='word_1_186' title='bbox 1537 532 1601 560; x_wconf 84' lang='lat' dir='ltr'><strong>dum</strong></span> <span class='ocrx_word' id='word_1_187' title='bbox 1627 533 1666 560; x_wconf 87' lang='lat' dir='ltr'><strong>illi</strong></span> <span class='ocrx_word' id='word_1_188' title='bbox 1692 533 1748 561; x_wconf 87' lang='lat' dir='ltr'><strong>sint</strong></span> <span class='ocrx_word' id='word_1_189' title='bbox 1775 535 1845 561; x_wconf 69' lang='grc' dir='ltr'>Διιιί-</span> 
     </span>
    </p>
   </div>
   <div class='ocr_carea' id='block_1_26' title="bbox 1066 577 1846 612">
    <p class='ocr_par' dir='ltr' id='par_1_26' title="bbox 1066 577 1846 612">
     <span class='ocr_line' id='line_1_26' title="bbox 1066 577 1846 612; baseline 0.005 -9"><span class='ocrx_word' id='word_1_190' title='bbox 1066 577 1174 610; x_wconf 83' lang='lat' dir='ltr'><strong>christi,</strong></span> <span class='ocrx_word' id='word_1_191' title='bbox 1190 578 1236 612; x_wconf 88' lang='lat' dir='ltr'><strong>qui</strong></span> <span class='ocrx_word' id='word_1_192' title='bbox 1254 578 1287 605; x_wconf 86' lang='lat' dir='ltr'><strong>ab</strong></span> <span class='ocrx_word' id='word_1_193' title='bbox 1301 578 1423 605; x_wconf 79' lang='lat' dir='ltr'><strong>Ecclesia</strong></span> <span class='ocrx_word' id='word_1_194' title='bbox 1445 579 1596 606; x_wconf 80' lang='lat' dir='ltr'><strong>SaIVatoris</strong></span> <span class='ocrx_word' id='word_1_195' title='bbox 1613 580 1805 612; x_wconf 76' lang='lat' dir='ltr'><strong>abscesserunt.</strong></span> <span class='ocrx_word' id='word_1_196' title='bbox 1821 586 1846 607; x_wconf 92' lang='lat' dir='ltr'><strong>ut</strong></span> 
     </span>
    </p>
   </div>
   <div class='ocr_carea' id='block_1_27' title="bbox 1065 624 1846 662">
    <p class='ocr_par' dir='ltr' id='par_1_27' title="bbox 1065 624 1846 662">
     <span class='ocr_line' id='line_1_27' title="bbox 1065 624 1846 662; baseline 0.005 -12"><span class='ocrx_word' id='word_1_197' title='bbox 1065 624 1146 650; x_wconf 84' lang='lat' dir='ltr'><strong>etiam</strong></span> <span class='ocrx_word' id='word_1_198' title='bbox 1162 624 1308 659; x_wconf 65' lang='lat' dir='ltr'><strong>pricsidere</strong></span> <span class='ocrx_word' id='word_1_199' title='bbox 1328 625 1473 652; x_wconf 83' lang='lat' dir='ltr'><strong>videantur</strong></span> <span class='ocrx_word' id='word_1_200' title='bbox 1495 626 1653 654; x_wconf 72' lang='lat' dir='ltr'><strong>haeresihus.</strong></span> <span class='ocrx_word' id='word_1_201' title='bbox 1669 627 1750 654; x_wconf 77' lang='lat' dir='ltr'><strong>[tecte</strong></span> <span class='ocrx_word' id='word_1_202' title='bbox 1769 627 1846 662; x_wconf 83' lang='lat' dir='ltr'><strong>siqui-</strong></span> 
     </span>
    </p>
   </div>
   <div class='ocr_carea' id='block_1_28' title="bbox 1065 669 1845 706">
    <p class='ocr_par' dir='ltr' id='par_1_28' title="bbox 1065 669 1845 706">
     <span class='ocr_line' id='line_1_28' title="bbox 1065 669 1845 706; baseline 0.005 -11"><span class='ocrx_word' id='word_1_203' title='bbox 1065 670 1126 696; x_wconf 89' lang='lat' dir='ltr'><strong>dem</strong></span> <span class='ocrx_word' id='word_1_204' title='bbox 1151 669 1261 702; x_wconf 85' lang='lat' dir='ltr'><strong>dicitur,</strong></span> <span class='ocrx_word' id='word_1_205' title='bbox 1284 670 1354 705; x_wconf 85' lang='lat' dir='ltr'><strong>quod</strong></span> <span class='ocrx_word' id='word_1_206' title='bbox 1372 670 1405 698; x_wconf 90' lang='lat' dir='ltr'><strong>de</strong></span> <span class='ocrx_word' id='word_1_207' title='bbox 1419 671 1485 699; x_wconf 88' lang='lat' dir='ltr'><strong>solis</strong></span> <span class='ocrx_word' id='word_1_208' title='bbox 1500 671 1541 699; x_wconf 92' lang='lat' dir='ltr'><strong>eis</strong></span> <span class='ocrx_word' id='word_1_209' title='bbox 1557 672 1592 698; x_wconf 91' lang='lat' dir='ltr'><strong>sit</strong></span> <span class='ocrx_word' id='word_1_210' title='bbox 1617 671 1765 699; x_wconf 79' lang='lat' dir='ltr'><strong>indicatum</strong></span> <span class='ocrx_word' id='word_1_211' title='bbox 1789 673 1845 706; x_wconf 86' lang='lat' dir='ltr'><strong>hoc,</strong></span> 
     </span>
    </p>
   </div>
   <div class='ocr_carea' id='block_1_29' title="bbox 1065 715 1846 752">
    <p class='ocr_par' dir='ltr' id='par_1_29' title="bbox 1065 715 1846 752">
     <span class='ocr_line' id='line_1_29' title="bbox 1065 715 1846 752; baseline 0.005 -11"><span class='ocrx_word' id='word_1_212' title='bbox 1065 715 1136 750; x_wconf 89' lang='lat' dir='ltr'><strong>quod</strong></span> <span class='ocrx_word' id='word_1_213' title='bbox 1157 716 1205 748; x_wconf 85' lang='lat' dir='ltr'><strong>ait,</strong></span> <span class='ocrx_word' id='word_1_214' title='bbox 1223 725 1232 742; x_wconf 77' lang='grc' dir='ltr'><strong>ι</strong></span> <span class='ocrx_word' id='word_1_215' title='bbox 1254 716 1292 743; x_wconf 79' lang='lat' dir='ltr'><strong>Ex</strong></span> <span class='ocrx_word' id='word_1_216' title='bbox 1314 716 1391 743; x_wconf 90' lang='lat' dir='ltr'><strong>nobis</strong></span> <span class='ocrx_word' id='word_1_217' title='bbox 1417 717 1566 744; x_wconf 80' lang='lat' dir='ltr'><strong>exierunt:</strong></span> <span class='ocrx_word' id='word_1_218' title='bbox 1585 727 1594 744; x_wconf 73' lang='grc' dir='ltr'><strong>ι</strong></span> <span class='ocrx_word' id='word_1_219' title='bbox 1609 717 1671 751; x_wconf 85' lang='lat' dir='ltr'><strong>quia</strong></span> <span class='ocrx_word' id='word_1_220' title='bbox 1690 716 1772 752; x_wconf 79' lang='lat' dir='ltr'><strong>pra&#39;ve</strong></span> <span class='ocrx_word' id='word_1_221' title='bbox 1789 726 1846 745; x_wconf 85' lang='lat' dir='ltr'><strong>sen-</strong></span> 
     </span>
    </p>
   </div>
   <div class='ocr_carea' id='block_1_30' title="bbox 1066 762 1843 798">
    <p class='ocr_par' dir='ltr' id='par_1_30' title="bbox 1066 762 1843 798">
     <span class='ocr_line' id='line_1_30' title="bbox 1066 762 1843 798; baseline 0.003 -10"><span class='ocrx_word' id='word_1_222' title='bbox 1066 762 1173 794; x_wconf 85' lang='lat' dir='ltr'><strong>tientes,</strong></span> <span class='ocrx_word' id='word_1_223' title='bbox 1191 762 1337 789; x_wconf 85' lang='lat' dir='ltr'><strong>noluerunt</strong></span> <span class='ocrx_word' id='word_1_224' title='bbox 1361 768 1421 790; x_wconf 84' lang='lat' dir='ltr'><strong>esse</strong></span> <span class='ocrx_word' id='word_1_225' title='bbox 1449 763 1602 795; x_wconf 79' lang='lat' dir='ltr'><strong>nobiseum,</strong></span> <span class='ocrx_word' id='word_1_226' title='bbox 1631 769 1742 798; x_wconf 82' lang='lat' dir='ltr'><strong>propter</strong></span> <span class='ocrx_word' id='word_1_227' title='bbox 1765 764 1843 798; x_wconf 72' lang='lat' dir='ltr'><strong>ipsam</strong></span> 
     </span>
    </p>
   </div>
   <div class='ocr_carea' id='block_1_31' title="bbox 1065 806 1845 842">
    <p class='ocr_par' dir='ltr' id='par_1_31' title="bbox 1065 806 1845 842">
     <span class='ocr_line' id='line_1_31' title="bbox 1065 806 1845 842; baseline 0.003 -7"><span class='ocrx_word' id='word_1_228' title='bbox 1065 808 1157 842; x_wconf 88' lang='lat' dir='ltr'><strong>utique</strong></span> <span class='ocrx_word' id='word_1_229' title='bbox 1174 806 1249 835; x_wconf 74' lang='lat' dir='ltr'><strong>falsa:</strong></span> <span class='ocrx_word' id='word_1_230' title='bbox 1265 809 1388 836; x_wconf 71' lang='lat' dir='ltr'><strong>scientia:</strong></span> <span class='ocrx_word' id='word_1_231' title='bbox 1408 810 1575 837; x_wconf 80' lang='lat' dir='ltr'><strong>voluntatem</strong></span> <span class='ocrx_word' id='word_1_232' title='bbox 1603 817 1619 836; x_wconf 88' lang='lat' dir='ltr'><strong>a</strong></span> <span class='ocrx_word' id='word_1_233' title='bbox 1637 810 1715 837; x_wconf 89' lang='lat' dir='ltr'><strong>nobis</strong></span> <span class='ocrx_word' id='word_1_234' title='bbox 1732 809 1845 837; x_wconf 81' lang='lat' dir='ltr'><strong>alienati.</strong></span> 
     </span>
    </p>
   </div>
   <div class='ocr_carea' id='block_1_32' title="bbox 1065 853 1847 887">
    <p class='ocr_par' dir='ltr' id='par_1_32' title="bbox 1065 853 1847 887">
     <span class='ocr_line' id='line_1_32' title="bbox 1065 853 1847 887; baseline 0.003 -7"><span class='ocrx_word' id='word_1_235' title='bbox 1065 853 1133 887; x_wconf 84' lang='lat' dir='ltr'><strong>Quia</strong></span> <span class='ocrx_word' id='word_1_236' title='bbox 1161 860 1225 882; x_wconf 73' lang='lat' dir='ltr'><strong>Vero</strong></span> <span class='ocrx_word' id='word_1_237' title='bbox 1252 861 1304 881; x_wconf 91' lang='lat' dir='ltr'><strong>non</strong></span> <span class='ocrx_word' id='word_1_238' title='bbox 1332 855 1364 882; x_wconf 89' lang='lat' dir='ltr'><strong>de</strong></span> <span class='ocrx_word' id='word_1_239' title='bbox 1390 856 1516 883; x_wconf 87' lang='lat' dir='ltr'><strong>omnibus</strong></span> <span class='ocrx_word' id='word_1_240' title='bbox 1545 854 1613 883; x_wconf 85' lang='lat' dir='ltr'><strong>false</strong></span> <span class='ocrx_word' id='word_1_241' title='bbox 1626 855 1787 883; x_wconf 86' lang='lat' dir='ltr'><strong>docentibus</strong></span> <span class='ocrx_word' id='word_1_242' title='bbox 1802 856 1847 883; x_wconf 89' lang='lat' dir='ltr'><strong>hoc</strong></span> 
     </span>
    </p>
   </div>
   <div class='ocr_carea' id='block_1_33' title="bbox 223 884 1008 936">
    <p class='ocr_par' dir='ltr' id='par_1_33' title="bbox 223 884 1008 932">
     <span class='ocr_line' id='line_1_33' title="bbox 223 884 1008 932; baseline -0.011 -6"><span class='ocrx_word' id='word_1_243' title='bbox 223 899 316 927; x_wconf 85' lang='lat' dir='ltr'><strong>troibit</strong></span> <span class='ocrx_word' id='word_1_244' title='bbox 338 899 364 926; x_wconf 93' lang='lat' dir='ltr'><strong>in</strong></span> <span class='ocrx_word' id='word_1_245' title='bbox 377 884 487 932; x_wconf 74' lang='lat' dir='ltr'><strong>regnum</strong></span> <span class='ocrx_word' id='word_1_246' title='bbox 502 896 644 927; x_wconf 72' lang='lat' dir='ltr'><strong>cmlorum,</strong></span> <span class='ocrx_word' id='word_1_247' title='bbox 661 894 708 921; x_wconf 87' lang='lat' dir='ltr'><strong>sed</strong></span> <span class='ocrx_word' id='word_1_248' title='bbox 732 893 777 928; x_wconf 85' lang='lat' dir='ltr'><strong>qui</strong></span> <span class='ocrx_word' id='word_1_249' title='bbox 799 892 863 920; x_wconf 81' lang='lat' dir='ltr'><strong>facit</strong></span> <span class='ocrx_word' id='word_1_250' title='bbox 887 892 1008 919; x_wconf 80' lang='lat' dir='ltr'><strong>volunta-</strong></span> 
     </span>
    </p>
   </div>
   <div class='ocr_carea' id='block_1_34' title="bbox 1066 884 1846 936">
    <p class='ocr_par' dir='ltr' id='par_1_34' title="bbox 1066 900 1846 936">
     <span class='ocr_line' id='line_1_34' title="bbox 1066 900 1846 936; baseline 0 -8"><span class='ocrx_word' id='word_1_251' title='bbox 1066 901 1195 935; x_wconf 88' lang='lat' dir='ltr'><strong>scriptntn</strong></span> <span class='ocrx_word' id='word_1_252' title='bbox 1219 905 1269 932; x_wconf 86' lang='lat' dir='ltr'><strong>est,</strong></span> <span class='ocrx_word' id='word_1_253' title='bbox 1288 902 1394 929; x_wconf 83' lang='lat' dir='ltr'><strong>cunctis</strong></span> <span class='ocrx_word' id='word_1_254' title='bbox 1419 901 1509 936; x_wconf 83' lang='lat' dir='ltr'><strong>palam</strong></span> <span class='ocrx_word' id='word_1_255' title='bbox 1536 907 1588 930; x_wconf 72' lang='grc' dir='ltr'><strong>εει.</strong></span> <span class='ocrx_word' id='word_1_256' title='bbox 1614 900 1672 929; x_wconf 83' lang='lat' dir='ltr'><strong>Non</strong></span> <span class='ocrx_word' id='word_1_257' title='bbox 1700 902 1772 929; x_wconf 90' lang='lat' dir='ltr'><strong>enim</strong></span> <span class='ocrx_word' id='word_1_258' title='bbox 1785 902 1846 930; x_wconf 75' lang='lat' dir='ltr'><strong>alios</strong></span> 
     </span>
    </p>
   </div>
   <div class='ocr_carea' id='block_1_35' title="bbox 220 936 1013 974">
    <p class='ocr_par' dir='ltr' id='par_1_35' title="bbox 220 936 1013 974">
     <span class='ocr_line' id='line_1_35' title="bbox 220 936 1013 974; baseline -0.013 -1"><span class='ocrx_word' id='word_1_259' title='bbox 220 950 276 973; x_wconf 89' lang='lat' dir='ltr'><strong>tem</strong></span> <span class='ocrx_word' id='word_1_260' title='bbox 293 944 380 971; x_wconf 83' lang='lat' dir='ltr'><strong>Patris</strong></span> <span class='ocrx_word' id='word_1_261' title='bbox 397 943 448 970; x_wconf 85' lang='lat' dir='ltr'><strong>inci</strong></span> <span class='ocrx_word' id='word_1_262' title='bbox 465 941 499 969; x_wconf 77' lang='lat'><strong>“.</strong></span> <span class='ocrx_word' id='word_1_263' title='bbox 521 951 529 967; x_wconf 80' lang='grc' dir='ltr'><strong>ι</strong></span> <span class='ocrx_word' id='word_1_264' title='bbox 548 941 599 968; x_wconf 80' lang='lat' dir='ltr'><strong>Per</strong></span> <span class='ocrx_word' id='word_1_265' title='bbox 614 941 665 968; x_wconf 86' lang='lat' dir='ltr'><strong>hoc</strong></span> <span class='ocrx_word' id='word_1_266' title='bbox 681 943 874 974; x_wconf 64' lang='lat' dir='ltr'><strong>repraesentata</strong></span> <span class='ocrx_word' id='word_1_267' title='bbox 892 936 1013 973; x_wconf 78' lang='lat' dir='ltr'><strong>generati</strong></span> 
     </span>
    </p>
   </div>
   <div class='ocr_carea' id='block_1_36' title="bbox 221 985 1013 1022">
    <p class='ocr_par' dir='ltr' id='par_1_36' title="bbox 221 985 1013 1022">
     <span class='ocr_line' id='line_1_36' title="bbox 221 985 1013 1022; baseline -0.011 -3"><span class='ocrx_word' id='word_1_268' title='bbox 221 994 250 1019; x_wconf 83' lang='lat' dir='ltr'><strong>et</strong></span> <span class='ocrx_word' id='word_1_269' title='bbox 264 990 363 1018; x_wconf 79' lang='lat' dir='ltr'><strong>actuali</strong></span> <span class='ocrx_word' id='word_1_270' title='bbox 379 990 492 1021; x_wconf 83' lang='lat' dir='ltr'><strong>virtute,</strong></span> <span class='ocrx_word' id='word_1_271' title='bbox 514 994 609 1015; x_wconf 84' lang='lat' dir='ltr'><strong>earum</strong></span> <span class='ocrx_word' id='word_1_272' title='bbox 635 986 739 1022; x_wconf 83' lang='lat' dir='ltr'><strong>species</strong></span> <span class='ocrx_word' id='word_1_273' title='bbox 762 985 920 1020; x_wconf 79' lang='lat' dir='ltr'><strong>agnoscitur</strong></span> <span class='ocrx_word' id='word_1_274' title='bbox 938 987 966 1011; x_wconf 88' lang='lat' dir='ltr'><strong>et</strong></span> <span class='ocrx_word' id='word_1_275' title='bbox 979 990 1013 1010; x_wconf 85' lang='lat' dir='ltr'><strong>ex</strong></span> 
     </span>
    </p>
   </div>
   <div class='ocr_carea' id='block_1_37' title="bbox 222 1031 1013 1072">
    <p class='ocr_par' dir='ltr' id='par_1_37' title="bbox 222 1031 1013 1072">
     <span class='ocr_line' id='line_1_37' title="bbox 222 1031 1013 1072; baseline -0.011 -8"><span class='ocrx_word' id='word_1_276' title='bbox 222 1043 266 1071; x_wconf 88' lang='lat' dir='ltr'><strong>eo,</strong></span> <span class='ocrx_word' id='word_1_277' title='bbox 278 1036 348 1072; x_wconf 89' lang='lat' dir='ltr'><strong>quod</strong></span> <span class='ocrx_word' id='word_1_278' title='bbox 362 1035 462 1062; x_wconf 88' lang='lat' dir='ltr'><strong>dictum</strong></span> <span class='ocrx_word' id='word_1_279' title='bbox 483 1038 522 1062; x_wconf 90' lang='lat' dir='ltr'><strong>est</strong></span> <span class='ocrx_word' id='word_1_280' title='bbox 537 1042 543 1060; x_wconf 89' lang='lat'>:</span> <span class='ocrx_word' id='word_1_281' title='bbox 557 1042 568 1059; x_wconf 69' lang='grc' dir='ltr'><strong>ιι</strong></span> <span class='ocrx_word' id='word_1_282' title='bbox 585 1032 676 1060; x_wconf 84' lang='lat' dir='ltr'><strong>Inveni</strong></span> <span class='ocrx_word' id='word_1_283' title='bbox 698 1032 792 1063; x_wconf 81' lang='lat' dir='ltr'><strong>David,</strong></span> <span class='ocrx_word' id='word_1_284' title='bbox 811 1031 899 1058; x_wconf 74' lang='lat' dir='ltr'><strong>virum</strong></span> <span class='ocrx_word' id='word_1_285' title='bbox 914 1036 1013 1057; x_wconf 84' lang='lat' dir='ltr'><strong>secun-</strong></span> 
     </span>
    </p>
   </div>
   <div class='ocr_carea' id='block_1_38' title="bbox 221 1075 1012 1115">
    <p class='ocr_par' dir='ltr' id='par_1_38' title="bbox 221 1075 1012 1115">
     <span class='ocr_line' id='line_1_38' title="bbox 221 1075 1012 1115; baseline -0.013 -4"><span class='ocrx_word' id='word_1_286' title='bbox 221 1085 285 1112; x_wconf 92' lang='lat' dir='ltr'><strong>dum</strong></span> <span class='ocrx_word' id='word_1_287' title='bbox 319 1091 366 1111; x_wconf 88' lang='lat' dir='ltr'><strong>cor</strong></span> <span class='ocrx_word' id='word_1_288' title='bbox 395 1090 505 1113; x_wconf 86' lang='lat' dir='ltr'><strong>meum,</strong></span> <span class='ocrx_word' id='word_1_289' title='bbox 542 1081 588 1115; x_wconf 86' lang='lat' dir='ltr'><strong>qui</strong></span> <span class='ocrx_word' id='word_1_290' title='bbox 629 1079 694 1107; x_wconf 80' lang='lat' dir='ltr'><strong>facit</strong></span> <span class='ocrx_word' id='word_1_291' title='bbox 730 1083 825 1105; x_wconf 87' lang='lat' dir='ltr'><strong>omnes</strong></span> <span class='ocrx_word' id='word_1_292' title='bbox 855 1075 1012 1103; x_wconf 78' lang='lat' dir='ltr'><strong>voluntates</strong></span> 
     </span>
    </p>
   </div>
   <div class='ocr_carea' id='block_1_39' title="bbox 220 1130 370 1159">
    <p class='ocr_par' dir='ltr' id='par_1_39' title="bbox 220 1130 370 1159">
     <span class='ocr_line' id='line_1_39' title="bbox 220 1130 370 1159; baseline -0.007 -2"><span class='ocrx_word' id='word_1_293' title='bbox 220 1136 296 1159; x_wconf 84' lang='lat' dir='ltr'><strong>meas</strong></span> <span class='ocrx_word' id='word_1_294' title='bbox 310 1130 342 1157; x_wconf 80' lang='lat'><strong>&quot;.</strong></span> <span class='ocrx_word' id='word_1_295' title='bbox 362 1139 370 1156; x_wconf 71' lang='grc' dir='ltr'><strong>ι</strong></span> 
     </span>
    </p>
   </div>
   <div class='ocr_carea' id='block_1_40' title="bbox 221 1173 595 1207">
    <p class='ocr_par' dir='ltr' id='par_1_40' title="bbox 221 1173 595 1207">
     <span class='ocr_line' id='line_1_40' title="bbox 221 1173 595 1207; baseline -0.013 -5"><span class='ocrx_word' id='word_1_296' title='bbox 221 1173 339 1202; x_wconf 77' lang='grc' dir='ltr'><strong>Δυνατὺν</strong></span> <span class='ocrx_word' id='word_1_297' title='bbox 359 1173 387 1201; x_wconf 69' lang='grc' dir='ltr'><strong>δὲ</strong></span> <span class='ocrx_word' id='word_1_298' title='bbox 405 1175 436 1200; x_wconf 80' lang='grc' dir='ltr'><strong>ὲκ</strong></span> <span class='ocrx_word' id='word_1_299' title='bbox 458 1173 512 1199; x_wconf 81' lang='grc' dir='ltr'><strong>τῶν</strong></span> <span class='ocrx_word' id='word_1_300' title='bbox 527 1179 595 1207; x_wconf 76' lang='grc' dir='ltr'><strong>πρη-</strong></span> 
     </span>
    </p>
   </div>
   <div class='ocr_carea' id='block_1_41' title="bbox 221 1217 595 1255">
    <p class='ocr_par' dir='ltr' id='par_1_41' title="bbox 221 1217 595 1255">
     <span class='ocr_line' id='line_1_41' title="bbox 221 1217 595 1255; baseline -0.013 -7"><span class='ocrx_word' id='word_1_301' title='bbox 221 1220 358 1255; x_wconf 79' lang='grc' dir='ltr'><strong>κειμένων</strong></span> <span class='ocrx_word' id='word_1_302' title='bbox 375 1217 538 1251; x_wconf 69' lang='grc' dir='ltr'><strong>ὲκδέξαπθαι</strong></span> <span class='ocrx_word' id='word_1_303' title='bbox 547 1217 595 1243; x_wconf 71' lang='grc' dir='ltr'><strong>καὶ</strong></span> 
     </span>
    </p>
   </div>
   <div class='ocr_carea' id='block_1_42' title="bbox 223 1262 594 1302">
    <p class='ocr_par' dir='ltr' id='par_1_42' title="bbox 223 1262 594 1302">
     <span class='ocr_line' id='line_1_42' title="bbox 223 1262 594 1302; baseline -0.011 -10"><span class='ocrx_word' id='word_1_304' title='bbox 223 1267 288 1302; x_wconf 76' lang='grc' dir='ltr'>περὶ</span> <span class='ocrx_word' id='word_1_305' title='bbox 300 1265 346 1292; x_wconf 74' lang='grc' dir='ltr'><strong>τοῦ</strong></span> <span class='ocrx_word' id='word_1_306' title='bbox 362 1262 462 1300; x_wconf 76' lang='grc' dir='ltr'><strong>ὁρατοῦ</strong></span> <span class='ocrx_word' id='word_1_307' title='bbox 478 1263 594 1298; x_wconf 71' lang='grc' dir='ltr'><strong>κόσμου,</strong></span> 
     </span>
    </p>
   </div>
   <div class='ocr_carea' id='block_1_43' title="bbox 221 1309 596 1345">
    <p class='ocr_par' dir='ltr' id='par_1_43' title="bbox 221 1309 596 1345">
     <span class='ocr_line' id='line_1_43' title="bbox 221 1309 596 1345; baseline -0.013 -6"><span class='ocrx_word' id='word_1_308' title='bbox 221 1311 272 1339; x_wconf 69' lang='grc' dir='ltr'>οὐκ</span> <span class='ocrx_word' id='word_1_309' title='bbox 286 1311 326 1338; x_wconf 73' lang='grc' dir='ltr'><strong>ἔτι</strong></span> <span class='ocrx_word' id='word_1_310' title='bbox 338 1310 520 1345; x_wconf 72' lang='grc' dir='ltr'><strong>ἀγαπωμένου</strong></span> <span class='ocrx_word' id='word_1_311' title='bbox 544 1309 596 1335; x_wconf 73' lang='grc' dir='ltr'><strong>ὑπὸ</strong></span> 
     </span>
    </p>
   </div>
   <div class='ocr_carea' id='block_1_44' title="bbox 221 1354 593 1392">
    <p class='ocr_par' dir='ltr' id='par_1_44' title="bbox 221 1354 593 1392">
     <span class='ocr_line' id='line_1_44' title="bbox 221 1354 593 1392; baseline -0.013 -7"><span class='ocrx_word' id='word_1_312' title='bbox 221 1358 276 1385; x_wconf 77' lang='grc' dir='ltr'><strong>τῶν</strong></span> <span class='ocrx_word' id='word_1_313' title='bbox 301 1356 533 1392; x_wconf 68' lang='grc' dir='ltr'><strong>ὑπερανιιὸάντων</strong></span> <span class='ocrx_word' id='word_1_314' title='bbox 554 1354 593 1390; x_wconf 86' lang='grc' dir='ltr'><strong>τῷ</strong></span> 
     </span>
    </p>
   </div>
   <div class='ocr_carea' id='block_1_45' title="bbox 223 1401 592 1437">
    <p class='ocr_par' dir='ltr' id='par_1_45' title="bbox 223 1401 592 1437">
     <span class='ocr_line' id='line_1_45' title="bbox 223 1401 592 1437; baseline -0.014 -5"><span class='ocrx_word' id='word_1_315' title='bbox 223 1405 333 1432; x_wconf 78' lang='grc' dir='ltr'><strong>σκοπεῖν</strong></span> <span class='ocrx_word' id='word_1_316' title='bbox 345 1403 436 1430; x_wconf 76' lang='grc' dir='ltr'>οὐκέτι</span> <span class='ocrx_word' id='word_1_317' title='bbox 453 1403 487 1430; x_wconf 71' lang='grc' dir='ltr'><strong>τὰ</strong></span> <span class='ocrx_word' id='word_1_318' title='bbox 508 1401 592 1437; x_wconf 76' lang='grc' dir='ltr'>πρόσ-</span> 
     </span>
    </p>
   </div>
   <div class='ocr_carea' id='block_1_46' title="bbox 223 1450 589 1489">
    <p class='ocr_par' dir='ltr' id='par_1_46' title="bbox 223 1450 589 1489">
     <span class='ocr_line' id='line_1_46' title="bbox 223 1450 589 1489; baseline -0.008 -10"><span class='ocrx_word' id='word_1_319' title='bbox 223 1461 318 1489; x_wconf 78' lang='grc' dir='ltr'><strong>καιρα,</strong></span> <span class='ocrx_word' id='word_1_320' title='bbox 349 1451 417 1478; x_wconf 79' lang='grc' dir='ltr'><strong>ἀλλὰ</strong></span> <span class='ocrx_word' id='word_1_321' title='bbox 431 1450 466 1477; x_wconf 83' lang='grc' dir='ltr'><strong>τὰ</strong></span> <span class='ocrx_word' id='word_1_322' title='bbox 482 1450 589 1477; x_wconf 74' lang='grc' dir='ltr'><strong>αἰώνια.</strong></span> 
     </span>
    </p>
   </div>
   <div class='ocr_carea' id='block_1_47' title="bbox 223 1495 592 1530">
    <p class='ocr_par' dir='ltr' id='par_1_47' title="bbox 223 1495 592 1530">
     <span class='ocr_line' id='line_1_47' title="bbox 223 1495 592 1530; baseline -0.008 -5"><span class='ocrx_word' id='word_1_323' title='bbox 223 1499 278 1525; x_wconf 77' lang='grc' dir='ltr'><strong>Καὶ</strong></span> <span class='ocrx_word' id='word_1_324' title='bbox 298 1497 359 1524; x_wconf 76' lang='grc' dir='ltr'>ἐπεὶ</span> <span class='ocrx_word' id='word_1_325' title='bbox 378 1497 403 1523; x_wconf 83' lang='grc' dir='ltr'><strong>οἱ</strong></span> <span class='ocrx_word' id='word_1_326' title='bbox 425 1497 454 1523; x_wconf 77' lang='grc' dir='ltr'>ὲν</span> <span class='ocrx_word' id='word_1_327' title='bbox 467 1495 541 1530; x_wconf 78' lang='grc' dir='ltr'>αὐτῷ</span> <span class='ocrx_word' id='word_1_328' title='bbox 562 1495 592 1522; x_wconf 77' lang='grc' dir='ltr'>τδ</span> 
     </span>
    </p>
   </div>
   <div class='ocr_carea' id='block_1_48' title="bbox 224 1543 593 1580">
    <p class='ocr_par' dir='ltr' id='par_1_48' title="bbox 224 1543 593 1580">
     <span class='ocr_line' id='line_1_48' title="bbox 224 1543 593 1580; baseline -0.008 -8"><span class='ocrx_word' id='word_1_329' title='bbox 224 1544 366 1579; x_wconf 74' lang='grc' dir='ltr'><strong>φιλοζωεῖν</strong></span> <span class='ocrx_word' id='word_1_330' title='bbox 403 1543 593 1580; x_wconf 73' lang='grc' dir='ltr'><strong>προτιθέμενοι.</strong></span> 
     </span>
    </p>
   </div>
   <div class='ocr_carea' id='block_1_49' title="bbox 222 1591 596 1629">
    <p class='ocr_par' dir='ltr' id='par_1_49' title="bbox 222 1591 596 1629">
     <span class='ocr_line' id='line_1_49' title="bbox 222 1591 596 1629; baseline -0.011 -9"><span class='ocrx_word' id='word_1_331' title='bbox 222 1592 372 1629; x_wconf 76' lang='grc' dir='ltr'>διατρίϐειν</span> <span class='ocrx_word' id='word_1_332' title='bbox 380 1591 539 1626; x_wconf 65' lang='grc' dir='ltr'>παθητικῶς</span> <span class='ocrx_word' id='word_1_333' title='bbox 549 1599 596 1625; x_wconf 78' lang='grc' dir='ltr'><strong>με-</strong></span> 
     </span>
    </p>
   </div>
   <div class='ocr_carea' id='block_1_50' title="bbox 222 1639 596 1676">
    <p class='ocr_par' dir='ltr' id='par_1_50' title="bbox 222 1639 596 1676">
     <span class='ocr_line' id='line_1_50' title="bbox 222 1639 596 1676; baseline -0.011 -8"><span class='ocrx_word' id='word_1_334' title='bbox 222 1640 425 1676; x_wconf 76' lang='grc' dir='ltr'><strong>ταχειρίζονται</strong></span> <span class='ocrx_word' id='word_1_335' title='bbox 449 1639 483 1665; x_wconf 78' lang='grc' dir='ltr'><strong>τὰ</strong></span> <span class='ocrx_word' id='word_1_336' title='bbox 501 1639 596 1673; x_wconf 78' lang='grc' dir='ltr'><strong>αἱσοη-</strong></span> 
     </span>
    </p>
   </div>
   <div class='ocr_carea' id='block_1_51' title="bbox 222 1685 597 1719">
    <p class='ocr_par' dir='ltr' id='par_1_51' title="bbox 222 1685 597 1719">
     <span class='ocr_line' id='line_1_51' title="bbox 222 1685 597 1719; baseline -0.013 -4"><span class='ocrx_word' id='word_1_337' title='bbox 222 1688 269 1719; x_wconf 81' lang='grc' dir='ltr'><strong>τὰ,</strong></span> <span class='ocrx_word' id='word_1_338' title='bbox 289 1687 403 1718; x_wconf 78' lang='grc' dir='ltr'><strong>εἰκότως</strong></span> <span class='ocrx_word' id='word_1_339' title='bbox 412 1706 420 1719; x_wconf 87' lang='lat'><strong>,</strong></span> <span class='ocrx_word' id='word_1_340' title='bbox 454 1685 597 1717; x_wconf 73' lang='grc' dir='ltr'><strong>ἀλαζονεία</strong></span> 
     </span>
    </p>
   </div>
   <div class='ocr_carea' id='block_1_52' title="bbox 225 1728 595 1772">
    <p class='ocr_par' dir='ltr' id='par_1_52' title="bbox 225 1728 595 1772">
     <span class='ocr_line' id='line_1_52' title="bbox 225 1728 595 1772; baseline -0.008 -10"><span class='ocrx_word' id='word_1_341' title='bbox 225 1735 283 1772; x_wconf 83' lang='grc' dir='ltr'><strong>βίου</strong></span> <span class='ocrx_word' id='word_1_342' title='bbox 327 1728 375 1762; x_wconf 65' lang='grc' dir='ltr'>κάὶ</span> <span class='ocrx_word' id='word_1_343' title='bbox 413 1733 514 1769; x_wconf 64' lang='grc' dir='ltr'>σαρκὸς</span> <span class='ocrx_word' id='word_1_344' title='bbox 549 1733 595 1759; x_wconf 73' lang='grc' dir='ltr'><strong>καὶ</strong></span> 
     </span>
    </p>
   </div>
   <div class='ocr_carea' id='block_1_53' title="bbox 222 1780 595 1819">
    <p class='ocr_par' dir='ltr' id='par_1_53' title="bbox 222 1780 595 1819">
     <span class='ocr_line' id='line_1_53' title="bbox 222 1780 595 1819; baseline -0.013 -9"><span class='ocrx_word' id='word_1_345' title='bbox 222 1782 310 1819; x_wconf 81' lang='grc' dir='ltr'>ὁφθαλ</span> <span class='ocrx_word' id='word_1_346' title='bbox 315 1780 372 1818; x_wconf 81' lang='grc' dir='ltr'>μῶν</span> <span class='ocrx_word' id='word_1_347' title='bbox 380 1780 459 1808; x_wconf 72' lang='grc' dir='ltr'>ἐπιθυ</span> <span class='ocrx_word' id='word_1_348' title='bbox 465 1780 513 1816; x_wconf 87' lang='grc' dir='ltr'><strong>μία</strong></span> <span class='ocrx_word' id='word_1_349' title='bbox 522 1780 595 1816; x_wconf 75' lang='grc' dir='ltr'><strong>εἴρη-</strong></span> 
     </span>
    </p>
   </div>
   <div class='ocr_carea' id='block_1_54' title="bbox 224 1827 592 1863">
    <p class='ocr_par' dir='ltr' id='par_1_54' title="bbox 224 1827 592 1863">
     <span class='ocr_line' id='line_1_54' title="bbox 224 1827 592 1863; baseline -0.011 -6"><span class='ocrx_word' id='word_1_350' title='bbox 224 1839 268 1857; x_wconf 79' lang='grc' dir='ltr'><strong>ται</strong></span> <span class='ocrx_word' id='word_1_351' title='bbox 286 1827 354 1856; x_wconf 70' lang='grc' dir='ltr'>εἶναι</span> <span class='ocrx_word' id='word_1_352' title='bbox 377 1829 406 1855; x_wconf 83' lang='grc' dir='ltr'><strong>ὲν</strong></span> <span class='ocrx_word' id='word_1_353' title='bbox 432 1827 507 1863; x_wconf 76' lang='grc' dir='ltr'><strong>αὐτῷ</strong></span> <span class='ocrx_word' id='word_1_354' title='bbox 525 1827 592 1862; x_wconf 78' lang='grc'><strong>(17),</strong></span> 
     </span>
    </p>
   </div>
   <div class='ocr_carea' id='block_1_55' title="bbox 223 1872 594 1908">
    <p class='ocr_par' dir='ltr' id='par_1_55' title="bbox 223 1872 594 1908">
     <span class='ocr_line' id='line_1_55' title="bbox 223 1872 594 1908; baseline -0.011 -6"><span class='ocrx_word' id='word_1_355' title='bbox 223 1872 261 1902; x_wconf 82' lang='grc' dir='ltr'><strong>ὧν</strong></span> <span class='ocrx_word' id='word_1_356' title='bbox 271 1874 380 1901; x_wconf 76' lang='grc' dir='ltr'><strong>πάντων</strong></span> <span class='ocrx_word' id='word_1_357' title='bbox 394 1874 408 1899; x_wconf 88' lang='grc' dir='ltr'><strong>ὁ</strong></span> <span class='ocrx_word' id='word_1_358' title='bbox 415 1873 594 1908; x_wconf 68' lang='grc' dir='ltr'>ὑπερφρονῶν</span> 
     </span>
    </p>
   </div>
   <div class='ocr_carea' id='block_1_56' title="bbox 223 1918 593 1957">
    <p class='ocr_par' dir='ltr' id='par_1_56' title="bbox 223 1918 593 1957">
     <span class='ocr_line' id='line_1_56' title="bbox 223 1918 593 1957; baseline -0.008 -10"><span class='ocrx_word' id='word_1_359' title='bbox 223 1921 276 1947; x_wconf 72' lang='grc' dir='ltr'><strong>ὑπε</strong></span> <span class='ocrx_word' id='word_1_360' title='bbox 281 1920 410 1957; x_wconf 72' lang='grc' dir='ltr'><strong>ρκόσμιος</strong></span> <span class='ocrx_word' id='word_1_361' title='bbox 416 1918 593 1952; x_wconf 75' lang='grc' dir='ltr'><strong>ἕαται,ποιιῖ›ν</strong></span> 
     </span>
    </p>
   </div>
   <div class='ocr_carea' id='block_1_57' title="bbox 222 1966 593 2004">
    <p class='ocr_par' dir='ltr' id='par_1_57' title="bbox 222 1966 593 2004">
     <span class='ocr_line' id='line_1_57' title="bbox 222 1966 593 2004; baseline -0.005 -9"><span class='ocrx_word' id='word_1_362' title='bbox 222 1970 253 1995; x_wconf 72' lang='grc' dir='ltr'><strong>τὸ</strong></span> <span class='ocrx_word' id='word_1_363' title='bbox 280 1969 388 2004; x_wconf 77' lang='grc' dir='ltr'><strong>θέλημα</strong></span> <span class='ocrx_word' id='word_1_364' title='bbox 407 1967 454 1994; x_wconf 70' lang='grc' dir='ltr'><strong>τοῦ</strong></span> <span class='ocrx_word' id='word_1_365' title='bbox 475 1966 542 1993; x_wconf 67' lang='grc' dir='ltr'><strong>Θεοῦ</strong></span> <span class='ocrx_word' id='word_1_366' title='bbox 563 1966 593 1994; x_wconf 80' lang='grc' dir='ltr'>τὸ</span> 
     </span>
    </p>
   </div>
   <div class='ocr_carea' id='block_1_58' title="bbox 224 2010 590 2049">
    <p class='ocr_par' dir='ltr' id='par_1_58' title="bbox 224 2010 590 2049">
     <span class='ocr_line' id='line_1_58' title="bbox 224 2010 590 2049; baseline -0.005 -9"><span class='ocrx_word' id='word_1_367' title='bbox 224 2014 304 2049; x_wconf 81' lang='grc' dir='ltr'>μένον</span> <span class='ocrx_word' id='word_1_368' title='bbox 328 2013 382 2045; x_wconf 59' lang='grc' dir='ltr'><strong>ἁιὶ,</strong></span> <span class='ocrx_word' id='word_1_369' title='bbox 407 2013 454 2039; x_wconf 70' lang='grc' dir='ltr'><strong>καὶ</strong></span> <span class='ocrx_word' id='word_1_370' title='bbox 475 2010 590 2046; x_wconf 71' lang='grc' dir='ltr'><strong>ἀγαπῶν</strong></span> 
     </span>
    </p>
   </div>
   <div class='ocr_carea' id='block_1_59' title="bbox 221 2062 359 2091">
    <p class='ocr_par' dir='ltr' id='par_1_59' title="bbox 221 2062 359 2091">
     <span class='ocr_line' id='line_1_59' title="bbox 221 2062 359 2091; baseline 0 -1"><span class='ocrx_word' id='word_1_371' title='bbox 221 2064 265 2090; x_wconf 73' lang='grc' dir='ltr'><strong>τὸν</strong></span> <span class='ocrx_word' id='word_1_372' title='bbox 282 2062 359 2091; x_wconf 77' lang='grc' dir='ltr'><strong>Θεόν.</strong></span> 
     </span>
    </p>
   </div>
   <div class='ocr_carea' id='block_1_60' title="bbox 631 1169 1012 1202">
    <p class='ocr_par' dir='ltr' id='par_1_60' title="bbox 631 1169 1012 1202">
     <span class='ocr_line' id='line_1_60' title="bbox 631 1169 1012 1202; baseline -0.01 -4"><span class='ocrx_word' id='word_1_373' title='bbox 631 1169 764 1198; x_wconf 81' lang='lat' dir='ltr'><strong>Possibilc</strong></span> <span class='ocrx_word' id='word_1_374' title='bbox 782 1173 871 1196; x_wconf 82' lang='lat' dir='ltr'><strong>estex</strong></span> <span class='ocrx_word' id='word_1_375' title='bbox 891 1175 1012 1202; x_wconf 80' lang='lat' dir='ltr'><strong>pra-sen-</strong></span> 
     </span>
    </p>
   </div>
   <div class='ocr_carea' id='block_1_61' title="bbox 631 1214 1010 1244">
    <p class='ocr_par' dir='ltr' id='par_1_61' title="bbox 631 1214 1010 1244">
     <span class='ocr_line' id='line_1_61' title="bbox 631 1214 1010 1244; baseline -0.008 -1"><span class='ocrx_word' id='word_1_376' title='bbox 631 1217 704 1244; x_wconf 88' lang='lat' dir='ltr'><strong>tibus</strong></span> <span class='ocrx_word' id='word_1_377' title='bbox 749 1216 839 1243; x_wconf 84' lang='lat' dir='ltr'><strong>verbis</strong></span> <span class='ocrx_word' id='word_1_378' title='bbox 878 1214 1010 1242; x_wconf 78' lang='lat' dir='ltr'><strong>visibilem</strong></span> 
     </span>
    </p>
   </div>
   <div class='ocr_carea' id='block_1_62' title="bbox 631 1260 1009 1295">
    <p class='ocr_par' dir='ltr' id='par_1_62' title="bbox 631 1260 1009 1295">
     <span class='ocr_line' id='line_1_62' title="bbox 631 1260 1009 1295; baseline -0.008 -7"><span class='ocrx_word' id='word_1_379' title='bbox 631 1262 763 1289; x_wconf 90' lang='lat' dir='ltr'><strong>mundqu</strong></span> <span class='ocrx_word' id='word_1_380' title='bbox 778 1261 901 1295; x_wconf 80' lang='lat' dir='ltr'><strong>intelligi,</strong></span> <span class='ocrx_word' id='word_1_381' title='bbox 916 1260 942 1287; x_wconf 91' lang='lat' dir='ltr'><strong>id</strong></span> <span class='ocrx_word' id='word_1_382' title='bbox 957 1264 1009 1292; x_wconf 89' lang='lat' dir='ltr'><strong>est,</strong></span> 
     </span>
    </p>
   </div>
   <div class='ocr_carea' id='block_1_63' title="bbox 633 1308 1009 1344">
    <p class='ocr_par' dir='ltr' id='par_1_63' title="bbox 633 1308 1009 1344">
     <span class='ocr_line' id='line_1_63' title="bbox 633 1308 1009 1344; baseline -0.008 -7"><span class='ocrx_word' id='word_1_383' title='bbox 633 1318 686 1337; x_wconf 89' lang='lat' dir='ltr'><strong>non</strong></span> <span class='ocrx_word' id='word_1_384' title='bbox 704 1317 764 1337; x_wconf 89' lang='lat' dir='ltr'><strong>esse</strong></span> <span class='ocrx_word' id='word_1_385' title='bbox 787 1309 950 1344; x_wconf 76' lang='lat' dir='ltr'><strong>diligendum</strong></span> <span class='ocrx_word' id='word_1_386' title='bbox 975 1308 1009 1335; x_wconf 85' lang='lat' dir='ltr'><strong>ab</strong></span> 
     </span>
    </p>
   </div>
   <div class='ocr_carea' id='block_1_64' title="bbox 630 1355 1008 1393">
    <p class='ocr_par' dir='ltr' id='par_1_64' title="bbox 630 1355 1008 1393">
     <span class='ocr_line' id='line_1_64' title="bbox 630 1355 1008 1393; baseline -0.013 -7"><span class='ocrx_word' id='word_1_387' title='bbox 630 1357 736 1393; x_wconf 88' lang='lat' dir='ltr'><strong>eis,qui</strong></span> <span class='ocrx_word' id='word_1_388' title='bbox 746 1357 824 1384; x_wconf 85' lang='lat' dir='ltr'><strong>valde</strong></span> <span class='ocrx_word' id='word_1_389' title='bbox 839 1355 1008 1393; x_wconf 47' lang='lat' dir='ltr'><strong>[irascellunt’</strong></span> 
     </span>
    </p>
   </div>
   <div class='ocr_carea' id='block_1_65' title="bbox 631 1404 1008 1433">
    <p class='ocr_par' dir='ltr' id='par_1_65' title="bbox 631 1404 1008 1433">
     <span class='ocr_line' id='line_1_65' title="bbox 631 1404 1008 1433; baseline -0.005 -1"><span class='ocrx_word' id='word_1_390' title='bbox 631 1406 694 1433; x_wconf 89' lang='lat' dir='ltr'><strong>dmn</strong></span> <span class='ocrx_word' id='word_1_391' title='bbox 735 1404 909 1432; x_wconf 83' lang='lat' dir='ltr'><strong>considerant</strong></span> <span class='ocrx_word' id='word_1_392' title='bbox 955 1410 1008 1430; x_wconf 87' lang='lat' dir='ltr'><strong>non</strong></span> 
     </span>
    </p>
   </div>
   <div class='ocr_carea' id='block_1_66' title="bbox 628 1451 1009 1487">
    <p class='ocr_par' dir='ltr' id='par_1_66' title="bbox 628 1451 1009 1487">
     <span class='ocr_line' id='line_1_66' title="bbox 628 1451 1009 1487; baseline -0.008 -8"><span class='ocrx_word' id='word_1_393' title='bbox 628 1453 783 1487; x_wconf 57' lang='lat' dir='ltr'><strong>praesentia,</strong></span> <span class='ocrx_word' id='word_1_394' title='bbox 794 1451 840 1478; x_wconf 87' lang='lat' dir='ltr'><strong>sed</strong></span> <span class='ocrx_word' id='word_1_395' title='bbox 852 1455 953 1478; x_wconf 79' lang='lat' dir='ltr'><strong>:eterna</strong></span> <span class='ocrx_word' id='word_1_396' title='bbox 963 1458 970 1484; x_wconf 92' lang='lat'>;</span> <span class='ocrx_word' id='word_1_397' title='bbox 982 1454 1009 1477; x_wconf 92' lang='lat' dir='ltr'><strong>et</strong></span> 
     </span>
    </p>
   </div>
   <div class='ocr_carea' id='block_1_67' title="bbox 629 1497 1006 1533">
    <p class='ocr_par' dir='ltr' id='par_1_67' title="bbox 629 1497 1006 1533">
     <span class='ocr_line' id='line_1_67' title="bbox 629 1497 1006 1533; baseline 0 -9"><span class='ocrx_word' id='word_1_398' title='bbox 629 1498 768 1533; x_wconf 66' lang='lat' dir='ltr'><strong>quoniam,</strong></span> <span class='ocrx_word' id='word_1_399' title='bbox 787 1498 832 1532; x_wconf 91' lang='lat' dir='ltr'><strong>qui</strong></span> <span class='ocrx_word' id='word_1_400' title='bbox 860 1497 961 1525; x_wconf 87' lang='lat' dir='ltr'><strong>habent</strong></span> <span class='ocrx_word' id='word_1_401' title='bbox 981 1497 1006 1524; x_wconf 91' lang='lat' dir='ltr'><strong>in</strong></span> 
     </span>
    </p>
   </div>
   <div class='ocr_carea' id='block_1_68' title="bbox 1064 948 1848 983">
    <p class='ocr_par' dir='ltr' id='par_1_68' title="bbox 1064 948 1848 983">
     <span class='ocr_line' id='line_1_68' title="bbox 1064 948 1848 983; baseline 0 -8"><span class='ocrx_word' id='word_1_402' title='bbox 1064 948 1248 975; x_wconf 81' lang='lat' dir='ltr'><strong>Anticliristos</strong></span> <span class='ocrx_word' id='word_1_403' title='bbox 1266 948 1356 975; x_wconf 82' lang='lat' dir='ltr'><strong>vocari</strong></span> <span class='ocrx_word' id='word_1_404' title='bbox 1375 949 1460 976; x_wconf 87' lang='lat' dir='ltr'><strong>moris</strong></span> <span class='ocrx_word' id='word_1_405' title='bbox 1480 953 1532 980; x_wconf 85' lang='lat' dir='ltr'><strong>est,</strong></span> <span class='ocrx_word' id='word_1_406' title='bbox 1547 955 1627 983; x_wconf 84' lang='lat' dir='ltr'><strong>quam</strong></span> <span class='ocrx_word' id='word_1_407' title='bbox 1643 955 1701 981; x_wconf 85' lang='lat' dir='ltr'><strong>eos,</strong></span> <span class='ocrx_word' id='word_1_408' title='bbox 1720 949 1766 983; x_wconf 89' lang='lat' dir='ltr'><strong>qui</strong></span> <span class='ocrx_word' id='word_1_409' title='bbox 1786 949 1848 975; x_wconf 78' lang='lat' dir='ltr'><strong>falsa</strong></span> 
     </span>
    </p>
   </div>
   <div class='ocr_carea' id='block_1_69' title="bbox 1064 995 1847 1030">
    <p class='ocr_par' dir='ltr' id='par_1_69' title="bbox 1064 995 1847 1030">
     <span class='ocr_line' id='line_1_69' title="bbox 1064 995 1847 1030; baseline 0 -8"><span class='ocrx_word' id='word_1_410' title='bbox 1064 996 1097 1023; x_wconf 87' lang='lat' dir='ltr'><strong>de</strong></span> <span class='ocrx_word' id='word_1_411' title='bbox 1108 995 1216 1022; x_wconf 80' lang='lat' dir='ltr'><strong>Christo</strong></span> <span class='ocrx_word' id='word_1_412' title='bbox 1233 995 1345 1027; x_wconf 85' lang='lat' dir='ltr'><strong>docent;</strong></span> <span class='ocrx_word' id='word_1_413' title='bbox 1369 996 1460 1022; x_wconf 90' lang='lat' dir='ltr'><strong>mundi</strong></span> <span class='ocrx_word' id='word_1_414' title='bbox 1477 995 1581 1023; x_wconf 78' lang='lat' dir='ltr'><strong>scilicet</strong></span> <span class='ocrx_word' id='word_1_415' title='bbox 1603 996 1772 1030; x_wconf 85' lang='lat' dir='ltr'><strong>sapientibus</strong></span> <span class='ocrx_word' id='word_1_416' title='bbox 1799 1003 1847 1023; x_wconf 89' lang='lat' dir='ltr'><strong>non</strong></span> 
     </span>
    </p>
   </div>
   <div class='ocr_carea' id='block_1_70' title="bbox 1063 1039 1848 1076">
    <p class='ocr_par' dir='ltr' id='par_1_70' title="bbox 1063 1039 1848 1076">
     <span class='ocr_line' id='line_1_70' title="bbox 1063 1039 1848 1076; baseline -0.001 -8"><span class='ocrx_word' id='word_1_417' title='bbox 1063 1042 1091 1068; x_wconf 90' lang='lat' dir='ltr'><strong>in</strong></span> <span class='ocrx_word' id='word_1_418' title='bbox 1104 1039 1153 1068; x_wconf 89' lang='lat' dir='ltr'><strong>hac</strong></span> <span class='ocrx_word' id='word_1_419' title='bbox 1163 1041 1362 1075; x_wconf 80' lang='lat' dir='ltr'><strong>signiﬁcatione</strong></span> <span class='ocrx_word' id='word_1_420' title='bbox 1371 1042 1509 1075; x_wconf 81' lang='lat' dir='ltr'><strong>subjectis.</strong></span> <span class='ocrx_word' id='word_1_421' title='bbox 1521 1042 1683 1076; x_wconf 68' lang='lat' dir='ltr'><strong>[inquirendi</strong></span> <span class='ocrx_word' id='word_1_422' title='bbox 1698 1047 1762 1069; x_wconf 88' lang='lat' dir='ltr'><strong>sunt</strong></span> <span class='ocrx_word' id='word_1_423' title='bbox 1771 1042 1848 1069; x_wconf 84' lang='lat' dir='ltr'><strong>etiam</strong></span> 
     </span>
    </p>
   </div>
   <div class='ocr_carea' id='block_1_71' title="bbox 1063 1087 1848 1122">
    <p class='ocr_par' dir='ltr' id='par_1_71' title="bbox 1063 1087 1848 1122">
     <span class='ocr_line' id='line_1_71' title="bbox 1063 1087 1848 1122; baseline 0 -8"><span class='ocrx_word' id='word_1_424' title='bbox 1063 1092 1095 1114; x_wconf 68' lang='lat' dir='ltr'><strong>ex</strong></span> <span class='ocrx_word' id='word_1_425' title='bbox 1111 1087 1162 1114; x_wconf 92' lang='lat' dir='ltr'><strong>hoc</strong></span> <span class='ocrx_word' id='word_1_426' title='bbox 1177 1087 1269 1118; x_wconf 80' lang='lat' dir='ltr'><strong>verbo,</strong></span> <span class='ocrx_word' id='word_1_427' title='bbox 1283 1087 1310 1114; x_wconf 91' lang='lat' dir='ltr'><strong>hi</strong></span> <span class='ocrx_word' id='word_1_428' title='bbox 1331 1087 1376 1122; x_wconf 86' lang='lat' dir='ltr'><strong>qni</strong></span> <span class='ocrx_word' id='word_1_429' title='bbox 1393 1087 1578 1114; x_wconf 74' lang='lat' dir='ltr'><strong>diversitatem</strong></span> <span class='ocrx_word' id='word_1_430' title='bbox 1593 1092 1751 1114; x_wconf 87' lang='lat' dir='ltr'><strong>naturarum</strong></span> <span class='ocrx_word' id='word_1_431' title='bbox 1770 1087 1848 1114; x_wconf 65' lang='lat' dir='ltr'><strong>intro«</strong></span> 
     </span>
    </p>
   </div>
   <div class='ocr_carea' id='block_1_72' title="bbox 1063 1131 1849 1165">
    <p class='ocr_par' dir='ltr' id='par_1_72' title="bbox 1063 1131 1849 1165">
     <span class='ocr_line' id='line_1_72' title="bbox 1063 1131 1849 1165; baseline -0.003 -6"><span class='ocrx_word' id='word_1_432' title='bbox 1063 1133 1161 1160; x_wconf 86' lang='lat' dir='ltr'><strong>ducere</strong></span> <span class='ocrx_word' id='word_1_433' title='bbox 1176 1132 1333 1159; x_wconf 85' lang='lat' dir='ltr'><strong>moliuntur.</strong></span> <span class='ocrx_word' id='word_1_434' title='bbox 1354 1131 1423 1165; x_wconf 88' lang='lat' dir='ltr'><strong>Quid</strong></span> <span class='ocrx_word' id='word_1_435' title='bbox 1454 1137 1543 1159; x_wconf 89' lang='lat' dir='ltr'><strong>autem</strong></span> <span class='ocrx_word' id='word_1_436' title='bbox 1562 1132 1588 1159; x_wconf 90' lang='lat' dir='ltr'><strong>in</strong></span> <span class='ocrx_word' id='word_1_437' title='bbox 1604 1133 1665 1164; x_wconf 87' lang='lat' dir='ltr'><strong>hoc,</strong></span> <span class='ocrx_word' id='word_1_438' title='bbox 1683 1132 1729 1159; x_wconf 88' lang='lat' dir='ltr'><strong>ubi</strong></span> <span class='ocrx_word' id='word_1_439' title='bbox 1754 1132 1849 1159; x_wconf 72' lang='lat' dir='ltr'><strong>dictum</strong></span> 
     </span>
    </p>
   </div>
   <div class='ocr_carea' id='block_1_73' title="bbox 1061 1178 1850 1211">
    <p class='ocr_par' dir='ltr' id='par_1_73' title="bbox 1061 1178 1850 1211">
     <span class='ocr_line' id='line_1_73' title="bbox 1061 1178 1850 1211; baseline 0 -5"><span class='ocrx_word' id='word_1_440' title='bbox 1061 1183 1114 1211; x_wconf 87' lang='lat' dir='ltr'><strong>est,</strong></span> <span class='ocrx_word' id='word_1_441' title='bbox 1133 1188 1142 1204; x_wconf 79' lang='grc' dir='ltr'><strong>ι</strong></span> <span class='ocrx_word' id='word_1_442' title='bbox 1164 1178 1203 1206; x_wconf 71' lang='lat' dir='ltr'><strong>Ex</strong></span> <span class='ocrx_word' id='word_1_443' title='bbox 1220 1178 1300 1206; x_wconf 89' lang='lat' dir='ltr'><strong>nobis</strong></span> <span class='ocrx_word' id='word_1_444' title='bbox 1315 1179 1458 1206; x_wconf 87' lang='lat' dir='ltr'><strong>exierunt?</strong></span> <span class='ocrx_word' id='word_1_445' title='bbox 1475 1187 1484 1204; x_wconf 77' lang='grc' dir='ltr'><strong>ι</strong></span> <span class='ocrx_word' id='word_1_446' title='bbox 1504 1178 1644 1211; x_wconf 83' lang='lat' dir='ltr'><strong>Quomodo</strong></span> <span class='ocrx_word' id='word_1_447' title='bbox 1660 1178 1734 1206; x_wconf 80' lang='lat' dir='ltr'><strong>enim</strong></span> <span class='ocrx_word' id='word_1_448' title='bbox 1755 1178 1850 1206; x_wconf 88' lang='lat' dir='ltr'><strong>terreni</strong></span> 
     </span>
    </p>
   </div>
   <div class='ocr_carea' id='block_1_74' title="bbox 1061 1225 1850 1260">
    <p class='ocr_par' dir='ltr' id='par_1_74' title="bbox 1061 1225 1850 1260">
     <span class='ocr_line' id='line_1_74' title="bbox 1061 1225 1850 1260; baseline 0 -8"><span class='ocrx_word' id='word_1_449' title='bbox 1061 1231 1075 1252; x_wconf 77' lang='grc' dir='ltr'>τι</span> <span class='ocrx_word' id='word_1_450' title='bbox 1090 1225 1278 1260; x_wconf 85' lang='lat' dir='ltr'><strong>spiritualibus</strong></span> <span class='ocrx_word' id='word_1_451' title='bbox 1295 1230 1358 1252; x_wconf 87' lang='lat' dir='ltr'><strong>sunt</strong></span> <span class='ocrx_word' id='word_1_452' title='bbox 1373 1225 1485 1259; x_wconf 82' lang='lat' dir='ltr'><strong>egressi,</strong></span> <span class='ocrx_word' id='word_1_453' title='bbox 1499 1232 1560 1252; x_wconf 91' lang='lat' dir='ltr'><strong>cum</strong></span> <span class='ocrx_word' id='word_1_454' title='bbox 1577 1231 1685 1259; x_wconf 80' lang='lat' dir='ltr'><strong>semper</strong></span> <span class='ocrx_word' id='word_1_455' title='bbox 1705 1226 1850 1252; x_wconf 82' lang='lat' dir='ltr'><strong>secundum</strong></span> 
     </span>
    </p>
   </div>
   <div class='ocr_carea' id='block_1_75' title="bbox 1061 1270 1850 1306">
    <p class='ocr_par' dir='ltr' id='par_1_75' title="bbox 1061 1270 1850 1306">
     <span class='ocr_line' id='line_1_75' title="bbox 1061 1270 1850 1306; baseline -0.001 -7"><span class='ocrx_word' id='word_1_456' title='bbox 1061 1280 1107 1300; x_wconf 86' lang='lat' dir='ltr'><strong>eos</strong></span> <span class='ocrx_word' id='word_1_457' title='bbox 1120 1272 1267 1306; x_wconf 75' lang='lat' dir='ltr'><strong>longinquo</strong></span> <span class='ocrx_word' id='word_1_458' title='bbox 1287 1271 1447 1302; x_wconf 89' lang='lat' dir='ltr'><strong>consistant,</strong></span> <span class='ocrx_word' id='word_1_459' title='bbox 1468 1276 1580 1306; x_wconf 88' lang='lat' dir='ltr'><strong>propter</strong></span> <span class='ocrx_word' id='word_1_460' title='bbox 1594 1271 1779 1298; x_wconf 84' lang='lat' dir='ltr'><strong>diversitatem</strong></span> <span class='ocrx_word' id='word_1_461' title='bbox 1789 1270 1850 1298; x_wconf 83' lang='lat' dir='ltr'><strong>sub-</strong></span> 
     </span>
    </p>
   </div>
   <div class='ocr_carea' id='block_1_76' title="bbox 1059 1317 1851 1352">
    <p class='ocr_par' dir='ltr' id='par_1_76' title="bbox 1059 1317 1851 1352">
     <span class='ocr_line' id='line_1_76' title="bbox 1059 1317 1851 1352; baseline -0.003 -7"><span class='ocrx_word' id='word_1_462' title='bbox 1059 1317 1185 1345; x_wconf 76' lang='lat' dir='ltr'><strong>statuite?</strong></span> <span class='ocrx_word' id='word_1_463' title='bbox 1194 1318 1328 1352; x_wconf 90' lang='lat' dir='ltr'><strong>quomodo</strong></span> <span class='ocrx_word' id='word_1_464' title='bbox 1339 1322 1429 1344; x_wconf 83' lang='lat' dir='ltr'><strong>autem</strong></span> <span class='ocrx_word' id='word_1_465' title='bbox 1444 1317 1523 1345; x_wconf 88' lang='lat' dir='ltr'><strong>etiam</strong></span> <span class='ocrx_word' id='word_1_466' title='bbox 1540 1324 1699 1352; x_wconf 87' lang='lat' dir='ltr'><strong>permanere</strong></span> <span class='ocrx_word' id='word_1_467' title='bbox 1712 1321 1851 1352; x_wconf 83' lang='lat' dir='ltr'><strong>potuerunt</strong></span> 
     </span>
    </p>
   </div>
   <div class='ocr_carea' id='block_1_77' title="bbox 1061 1363 1852 1398">
    <p class='ocr_par' dir='ltr' id='par_1_77' title="bbox 1061 1363 1852 1398">
     <span class='ocr_line' id='line_1_77' title="bbox 1061 1363 1852 1398; baseline -0.003 -8"><span class='ocrx_word' id='word_1_468' title='bbox 1061 1363 1212 1395; x_wconf 87' lang='lat' dir='ltr'><strong>uobiscum,</strong></span> <span class='ocrx_word' id='word_1_469' title='bbox 1224 1364 1322 1390; x_wconf 88' lang='lat' dir='ltr'><strong>terreni</strong></span> <span class='ocrx_word' id='word_1_470' title='bbox 1332 1363 1435 1390; x_wconf 88' lang='lat' dir='ltr'><strong>scilicet</strong></span> <span class='ocrx_word' id='word_1_471' title='bbox 1446 1363 1694 1390; x_wconf 57' lang='lat' dir='ltr'><strong>cxsistenteshtum</strong></span> <span class='ocrx_word' id='word_1_472' title='bbox 1709 1370 1759 1390; x_wconf 90' lang='lat' dir='ltr'><strong>nec</strong></span> <span class='ocrx_word' id='word_1_473' title='bbox 1773 1371 1852 1398; x_wconf 79' lang='lat' dir='ltr'><strong>quan-</strong></span> 
     </span>
    </p>
   </div>
   <div class='ocr_carea' id='block_1_78' title="bbox 1060 1409 1848 1444">
    <p class='ocr_par' dir='ltr' id='par_1_78' title="bbox 1060 1409 1848 1444">
     <span class='ocr_line' id='line_1_78' title="bbox 1060 1409 1848 1444; baseline -0.001 -7"><span class='ocrx_word' id='word_1_474' title='bbox 1060 1411 1253 1444; x_wconf 88' lang='lat' dir='ltr'><strong>tulmncunqne</strong></span> <span class='ocrx_word' id='word_1_475' title='bbox 1268 1409 1348 1437; x_wconf 89' lang='lat' dir='ltr'><strong>simul</strong></span> <span class='ocrx_word' id='word_1_476' title='bbox 1359 1410 1466 1436; x_wconf 88' lang='lat' dir='ltr'><strong>valeant</strong></span> <span class='ocrx_word' id='word_1_477' title='bbox 1484 1417 1543 1436; x_wconf 89' lang='lat' dir='ltr'><strong>esse</strong></span> <span class='ocrx_word' id='word_1_478' title='bbox 1558 1411 1666 1436; x_wconf 92' lang='lat' dir='ltr'><strong>virtutis</strong></span> <span class='ocrx_word' id='word_1_479' title='bbox 1693 1409 1848 1443; x_wconf 81' lang='lat' dir='ltr'><strong>insnscepti~</strong></span> 
     </span>
    </p>
   </div>
   <div class='ocr_carea' id='block_1_79' title="bbox 1058 1455 1852 1491">
    <p class='ocr_par' dir='ltr' id='par_1_79' title="bbox 1058 1455 1852 1491">
     <span class='ocr_line' id='line_1_79' title="bbox 1058 1455 1852 1491; baseline -0.001 -8"><span class='ocrx_word' id='word_1_480' title='bbox 1058 1456 1128 1484; x_wconf 87' lang='lat' dir='ltr'><strong>biles</strong></span> <span class='ocrx_word' id='word_1_481' title='bbox 1154 1461 1181 1483; x_wconf 90' lang='lat' dir='ltr'><strong>et</strong></span> <span class='ocrx_word' id='word_1_482' title='bbox 1209 1456 1257 1489; x_wconf 88' lang='lat' dir='ltr'><strong>illi,</strong></span> <span class='ocrx_word' id='word_1_483' title='bbox 1287 1457 1333 1490; x_wconf 91' lang='lat' dir='ltr'><strong>qui</strong></span> <span class='ocrx_word' id='word_1_484' title='bbox 1359 1463 1418 1482; x_wconf 88' lang='lat' dir='ltr'><strong>eam</strong></span> <span class='ocrx_word' id='word_1_485' title='bbox 1447 1456 1548 1483; x_wconf 85' lang='lat' dir='ltr'><strong>habere</strong></span> <span class='ocrx_word' id='word_1_486' title='bbox 1569 1461 1729 1483; x_wconf 85' lang='lat' dir='ltr'><strong>noscuntur.</strong></span> <span class='ocrx_word' id='word_1_487' title='bbox 1762 1455 1852 1491; x_wconf 73' lang='lat' dir='ltr'><strong>Igitur.</strong></span> 
     </span>
    </p>
   </div>
   <div class='ocr_carea' id='block_1_80' title="bbox 1060 1502 1854 1536">
    <p class='ocr_par' dir='ltr' id='par_1_80' title="bbox 1060 1502 1854 1536">
     <span class='ocr_line' id='line_1_80' title="bbox 1060 1502 1854 1536; baseline -0.003 -6"><span class='ocrx_word' id='word_1_488' title='bbox 1060 1503 1123 1530; x_wconf 88' lang='lat' dir='ltr'><strong>licet</strong></span> <span class='ocrx_word' id='word_1_489' title='bbox 1140 1503 1255 1536; x_wconf 75' lang='lat' dir='ltr'><strong>figurate</strong></span> <span class='ocrx_word' id='word_1_490' title='bbox 1274 1502 1346 1529; x_wconf 89' lang='lat' dir='ltr'><strong>dicta</strong></span> <span class='ocrx_word' id='word_1_491' title='bbox 1366 1503 1419 1529; x_wconf 87' lang='lat' dir='ltr'><strong>sint</strong></span> <span class='ocrx_word' id='word_1_492' title='bbox 1445 1503 1512 1532; x_wconf 65' lang='lat' dir='ltr'><strong>haec.</strong></span> <span class='ocrx_word' id='word_1_493' title='bbox 1534 1507 1653 1529; x_wconf 80' lang='lat' dir='ltr'><strong>attamen</strong></span> <span class='ocrx_word' id='word_1_494' title='bbox 1675 1502 1854 1529; x_wconf 73' lang='lat' dir='ltr'><strong>voluntariam</strong></span> 
     </span>
    </p>
   </div>
   <div class='ocr_carea' id='block_1_81' title="bbox 630 1544 1853 1589">
    <p class='ocr_par' dir='ltr' id='par_1_81' title="bbox 630 1544 1853 1589">
     <span class='ocr_line' id='line_1_81' title="bbox 630 1544 1853 1589; baseline -0.004 -10"><span class='ocrx_word' id='word_1_495' title='bbox 630 1545 688 1578; x_wconf 62' lang='lat' dir='ltr'><strong>eius</strong></span> <span class='ocrx_word' id='word_1_496' title='bbox 702 1552 796 1572; x_wconf 62' lang='lat' dir='ltr'><strong>“more</strong></span> <span class='ocrx_word' id='word_1_497' title='bbox 817 1544 924 1571; x_wconf 67' lang='grc' dir='ltr'><strong>νῖνοηαί</strong></span> <span class='ocrx_word' id='word_1_498' title='bbox 940 1550 1006 1579; x_wconf 75' lang='grc' dir='ltr'><strong>ΡΓο·</strong></span> <span class='ocrx_word' id='word_1_499' title='bbox 1020 1560 1042 1589; x_wconf 74' lang='lat' dir='ltr'><strong><em>c</em></strong></span> <span class='ocrx_word' id='word_1_500' title='bbox 1062 1550 1250 1578; x_wconf 83' lang='lat' dir='ltr'><strong>necessitatem</strong></span> <span class='ocrx_word' id='word_1_501' title='bbox 1266 1549 1421 1581; x_wconf 79' lang='lat' dir='ltr'><strong>ostendunt,</strong></span> <span class='ocrx_word' id='word_1_502' title='bbox 1441 1557 1454 1574; x_wconf 89' lang='lat' dir='ltr'><strong>a</strong></span> <span class='ocrx_word' id='word_1_503' title='bbox 1466 1555 1580 1582; x_wconf 86' lang='lat' dir='ltr'><strong>quorum</strong></span> <span class='ocrx_word' id='word_1_504' title='bbox 1597 1553 1624 1575; x_wconf 89' lang='lat' dir='ltr'><strong>et</strong></span> <span class='ocrx_word' id='word_1_505' title='bbox 1641 1548 1853 1578; x_wconf 83' lang='lat' dir='ltr'><strong>cohabitatiouc,</strong></span> 
     </span>
    </p>
   </div>
   <div class='ocr_carea' id='block_1_82' title="bbox 630 1592 1007 1628">
    <p class='ocr_par' dir='ltr' id='par_1_82' title="bbox 630 1592 1007 1628">
     <span class='ocr_line' id='line_1_82' title="bbox 630 1592 1007 1628; baseline -0.003 -9"><span class='ocrx_word' id='word_1_506' title='bbox 630 1593 758 1628; x_wconf 86' lang='lat' dir='ltr'><strong>positum,</strong></span> <span class='ocrx_word' id='word_1_507' title='bbox 788 1592 950 1626; x_wconf 85' lang='lat' dir='ltr'><strong>passibiliter</strong></span> <span class='ocrx_word' id='word_1_508' title='bbox 979 1592 1007 1618; x_wconf 91' lang='lat' dir='ltr'><strong>in</strong></span> 
     </span>
    </p>
   </div>
   <div class='ocr_carea' id='block_1_83' title="bbox 633 1640 1009 1669">
    <p class='ocr_par' dir='ltr' id='par_1_83' title="bbox 633 1640 1009 1669">
     <span class='ocr_line' id='line_1_83' title="bbox 633 1640 1009 1669; baseline -0.003 -1"><span class='ocrx_word' id='word_1_509' title='bbox 633 1642 713 1669; x_wconf 84' lang='lat' dir='ltr'><strong>rebus</strong></span> <span class='ocrx_word' id='word_1_510' title='bbox 735 1641 938 1668; x_wconf 85' lang='lat' dir='ltr'><strong>insensibilibus</strong></span> <span class='ocrx_word' id='word_1_511' title='bbox 960 1640 1009 1667; x_wconf 87' lang='lat' dir='ltr'><strong>ha-</strong></span> 
     </span>
    </p>
   </div>
   <div class='ocr_carea' id='block_1_84' title="bbox 632 1687 1009 1720">
    <p class='ocr_par' dir='ltr' id='par_1_84' title="bbox 632 1687 1009 1720">
     <span class='ocr_line' id='line_1_84' title="bbox 632 1687 1009 1720; baseline 0 -5"><span class='ocrx_word' id='word_1_512' title='bbox 632 1687 721 1716; x_wconf 72' lang='lat' dir='ltr'><strong>bitare</strong></span> <span class='ocrx_word' id='word_1_513' title='bbox 736 1689 916 1720; x_wconf 83' lang='lat' dir='ltr'><strong>contendunt,</strong></span> <span class='ocrx_word' id='word_1_514' title='bbox 937 1696 973 1715; x_wconf 79' lang='lat' dir='ltr'><strong>rei</strong></span> <span class='ocrx_word' id='word_1_515' title='bbox 984 1692 1009 1715; x_wconf 87' lang='lat' dir='ltr'><strong>te</strong></span> 
     </span>
    </p>
   </div>
   <div class='ocr_carea' id='block_1_85' title="bbox 630 1734 1009 1770">
    <p class='ocr_par' dir='ltr' id='par_1_85' title="bbox 630 1734 1009 1770">
     <span class='ocr_line' id='line_1_85' title="bbox 630 1734 1009 1770; baseline 0 -8"><span class='ocrx_word' id='word_1_516' title='bbox 630 1735 758 1770; x_wconf 82' lang='lat' dir='ltr'><strong>superbia</strong></span> <span class='ocrx_word' id='word_1_517' title='bbox 771 1735 863 1762; x_wconf 71' lang='lat' dir='ltr'><strong>smculi</strong></span> <span class='ocrx_word' id='word_1_518' title='bbox 879 1738 905 1762; x_wconf 86' lang='lat' dir='ltr'><strong>et</strong></span> <span class='ocrx_word' id='word_1_519' title='bbox 919 1734 1009 1762; x_wconf 87' lang='lat' dir='ltr'><strong>carnis</strong></span> 
     </span>
    </p>
   </div>
   <div class='ocr_carea' id='block_1_86' title="bbox 631 1783 1008 1818">
    <p class='ocr_par' dir='ltr' id='par_1_86' title="bbox 631 1783 1008 1818">
     <span class='ocr_line' id='line_1_86' title="bbox 631 1783 1008 1818; baseline -0.003 -9"><span class='ocrx_word' id='word_1_520' title='bbox 631 1788 712 1818; x_wconf 85' lang='lat' dir='ltr'><strong>atque</strong></span> <span class='ocrx_word' id='word_1_521' title='bbox 737 1783 879 1810; x_wconf 85' lang='lat' dir='ltr'><strong>oculorum</strong></span> <span class='ocrx_word' id='word_1_522' title='bbox 907 1790 1008 1810; x_wconf 83' lang='lat' dir='ltr'><strong>concu-</strong></span> 
     </span>
    </p>
   </div>
   <div class='ocr_carea' id='block_1_87' title="bbox 632 1828 1008 1865">
    <p class='ocr_par' dir='ltr' id='par_1_87' title="bbox 632 1828 1008 1865">
     <span class='ocr_line' id='line_1_87' title="bbox 632 1828 1008 1865; baseline 0 -10"><span class='ocrx_word' id='word_1_523' title='bbox 632 1829 761 1865; x_wconf 85' lang='lat' dir='ltr'><strong>piscentia</strong></span> <span class='ocrx_word' id='word_1_524' title='bbox 783 1837 843 1857; x_wconf 85' lang='lat' dir='ltr'><strong>esse</strong></span> <span class='ocrx_word' id='word_1_525' title='bbox 868 1829 967 1855; x_wconf 89' lang='lat' dir='ltr'><strong>dicitur</strong></span> <span class='ocrx_word' id='word_1_526' title='bbox 982 1828 1008 1855; x_wconf 92' lang='lat' dir='ltr'><strong>in</strong></span> 
     </span>
    </p>
   </div>
   <div class='ocr_carea' id='block_1_88' title="bbox 628 1876 1008 1912">
    <p class='ocr_par' dir='ltr' id='par_1_88' title="bbox 628 1876 1008 1912">
     <span class='ocr_line' id='line_1_88' title="bbox 628 1876 1008 1912; baseline -0.008 -7"><span class='ocrx_word' id='word_1_527' title='bbox 628 1877 679 1905; x_wconf 78' lang='lat' dir='ltr'><strong>eis.</strong></span> <span class='ocrx_word' id='word_1_528' title='bbox 716 1877 879 1912; x_wconf 85' lang='lat' dir='ltr'><strong>Quicunque</strong></span> <span class='ocrx_word' id='word_1_529' title='bbox 917 1876 1008 1904; x_wconf 82' lang='lat' dir='ltr'><strong>omnia</strong></span> 
     </span>
    </p>
   </div>
   <div class='ocr_carea' id='block_1_89' title="bbox 629 1924 1007 1958">
    <p class='ocr_par' dir='ltr' id='par_1_89' title="bbox 629 1924 1007 1958">
     <span class='ocr_line' id='line_1_89' title="bbox 629 1924 1007 1958; baseline -0.005 -7"><span class='ocrx_word' id='word_1_530' title='bbox 629 1924 791 1956; x_wconf 86' lang='lat' dir='ltr'><strong>contemnit,</strong></span> <span class='ocrx_word' id='word_1_531' title='bbox 821 1931 903 1958; x_wconf 85' lang='lat' dir='ltr'><strong>supra</strong></span> <span class='ocrx_word' id='word_1_532' title='bbox 929 1930 1007 1950; x_wconf 86' lang='lat' dir='ltr'><strong>nutu-</strong></span> 
     </span>
    </p>
   </div>
   <div class='ocr_carea' id='block_1_90' title="bbox 630 1969 1002 2005">
    <p class='ocr_par' dir='ltr' id='par_1_90' title="bbox 630 1969 1002 2005">
     <span class='ocr_line' id='line_1_90' title="bbox 630 1969 1002 2005; baseline -0.005 -7"><span class='ocrx_word' id='word_1_533' title='bbox 630 1971 692 1999; x_wconf 89' lang='lat' dir='ltr'><strong>dum</strong></span> <span class='ocrx_word' id='word_1_534' title='bbox 710 1971 773 2003; x_wconf 83' lang='lat' dir='ltr'><strong>erit,</strong></span> <span class='ocrx_word' id='word_1_535' title='bbox 789 1970 903 2005; x_wconf 81' lang='lat' dir='ltr'><strong>diligens</strong></span> <span class='ocrx_word' id='word_1_536' title='bbox 919 1969 1002 1997; x_wconf 88' lang='lat' dir='ltr'><strong>Deum</strong></span> 
     </span>
    </p>
   </div>
   <div class='ocr_carea' id='block_1_91' title="bbox 627 2017 1006 2045">
    <p class='ocr_par' dir='ltr' id='par_1_91' title="bbox 627 2017 1006 2045">
     <span class='ocr_line' id='line_1_91' title="bbox 627 2017 1006 2045; baseline -0.005 0"><span class='ocrx_word' id='word_1_537' title='bbox 627 2021 654 2045; x_wconf 71' lang='lat' dir='ltr'><strong>ei.</strong></span> <span class='ocrx_word' id='word_1_538' title='bbox 700 2018 800 2045; x_wconf 83' lang='lat' dir='ltr'><strong>faciens</strong></span> <span class='ocrx_word' id='word_1_539' title='bbox 839 2017 1006 2045; x_wconf 84' lang='lat' dir='ltr'><strong>voluntatem</strong></span> 
     </span>
    </p>
   </div>
   <div class='ocr_carea' id='block_1_92' title="bbox 627 2063 1008 2099">
    <p class='ocr_par' dir='ltr' id='par_1_92' title="bbox 627 2063 1008 2099">
     <span class='ocr_line' id='line_1_92' title="bbox 627 2063 1008 2099; baseline 0 -9"><span class='ocrx_word' id='word_1_540' title='bbox 627 2065 697 2099; x_wconf 81' lang='lat' dir='ltr'><strong>ejus,</strong></span> <span class='ocrx_word' id='word_1_541' title='bbox 727 2063 773 2098; x_wconf 89' lang='lat' dir='ltr'><strong>qui</strong></span> <span class='ocrx_word' id='word_1_542' title='bbox 807 2068 948 2098; x_wconf 83' lang='lat' dir='ltr'><strong>permanet</strong></span> <span class='ocrx_word' id='word_1_543' title='bbox 983 2063 1008 2090; x_wconf 89' lang='lat' dir='ltr'><strong>in</strong></span> 
     </span>
    </p>
   </div>
   <div class='ocr_carea' id='block_1_93' title="bbox 628 2116 770 2137">
    <p class='ocr_par' dir='ltr' id='par_1_93' title="bbox 628 2116 770 2137">
     <span class='ocr_line' id='line_1_93' title="bbox 628 2116 770 2137; baseline 0.007 -1"><span class='ocrx_word' id='word_1_544' title='bbox 628 2116 770 2137; x_wconf 64' lang='lat' dir='ltr'><strong>aeternum.</strong></span> 
     </span>
    </p>
   </div>
   <div class='ocr_carea' id='block_1_94' title="bbox 257 2155 1010 2189">
    <p class='ocr_par' dir='ltr' id='par_1_94' title="bbox 257 2155 1010 2189">
     <span class='ocr_line' id='line_1_94' title="bbox 257 2155 1010 2189; baseline -0.003 -5"><span class='ocrx_word' id='word_1_545' title='bbox 257 2157 337 2184; x_wconf 79' lang='lat' dir='ltr'><strong>\‘stis.</strong></span> <span class='ocrx_word' id='word_1_546' title='bbox 359 2156 404 2188; x_wconf 71' lang='lat'><strong>‘18,</strong></span> <span class='ocrx_word' id='word_1_547' title='bbox 427 2156 469 2183; x_wconf 78' lang='lat'><strong>19.</strong></span> <span class='ocrx_word' id='word_1_548' title='bbox 495 2165 504 2181; x_wconf 86' lang='grc'><strong><em>‹</em></strong></span> <span class='ocrx_word' id='word_1_549' title='bbox 531 2155 631 2189; x_wconf 79' lang='lat' dir='ltr'><strong>Fdioli,</strong></span> <span class='ocrx_word' id='word_1_550' title='bbox 660 2156 807 2183; x_wconf 79' lang='lat' dir='ltr'><strong>noriSsim</strong></span> <span class='ocrx_word' id='word_1_551' title='bbox 825 2156 891 2183; x_wconf 80' lang='lat' dir='ltr'><strong>liora</strong></span> <span class='ocrx_word' id='word_1_552' title='bbox 913 2159 964 2188; x_wconf 85' lang='lat' dir='ltr'><strong>est,</strong></span> <span class='ocrx_word' id='word_1_553' title='bbox 983 2160 1010 2183; x_wconf 90' lang='lat' dir='ltr'><strong>et</strong></span> 
     </span>
    </p>
   </div>
   <div class='ocr_carea' id='block_1_95' title="bbox 218 2201 1009 2236">
    <p class='ocr_par' dir='ltr' id='par_1_95' title="bbox 218 2201 1009 2236">
     <span class='ocr_line' id='line_1_95' title="bbox 218 2201 1009 2236; baseline -0.003 -6"><span class='ocrx_word' id='word_1_554' title='bbox 218 2204 290 2230; x_wconf 86' lang='lat' dir='ltr'><strong>sicut</strong></span> <span class='ocrx_word' id='word_1_555' title='bbox 307 2203 432 2232; x_wconf 81' lang='lat' dir='ltr'><strong>audistis.</strong></span> <span class='ocrx_word' id='word_1_556' title='bbox 445 2203 574 2236; x_wconf 83' lang='lat' dir='ltr'><strong>quoniam</strong></span> <span class='ocrx_word' id='word_1_557' title='bbox 585 2201 772 2229; x_wconf 78' lang='lat' dir='ltr'><strong>Antichristns</strong></span> <span class='ocrx_word' id='word_1_558' title='bbox 788 2202 872 2229; x_wconf 88' lang='lat' dir='ltr'><strong>venit.</strong></span> <span class='ocrx_word' id='word_1_559' title='bbox 890 2202 923 2228; x_wconf 87' lang='lat' dir='ltr'><strong>Et</strong></span> <span class='ocrx_word' id='word_1_560' title='bbox 938 2209 1009 2229; x_wconf 90' lang='lat' dir='ltr'><strong>nunc</strong></span> 
     </span>
    </p>
   </div>
   <div class='ocr_carea' id='block_1_96' title="bbox 1060 1593 1854 1632">
    <p class='ocr_par' dir='ltr' id='par_1_96' title="bbox 1060 1593 1854 1632">
     <span class='ocr_line' id='line_1_96' title="bbox 1060 1593 1854 1632; baseline -0.003 -10"><span class='ocrx_word' id='word_1_561' title='bbox 1060 1604 1120 1632; x_wconf 72' lang='lat' dir='ltr'><strong>qua:</strong></span> <span class='ocrx_word' id='word_1_562' title='bbox 1134 1600 1222 1630; x_wconf 86' lang='lat' dir='ltr'><strong>potest</strong></span> <span class='ocrx_word' id='word_1_563' title='bbox 1237 1601 1297 1622; x_wconf 83' lang='lat' dir='ltr'><strong>esse</strong></span> <span class='ocrx_word' id='word_1_564' title='bbox 1314 1594 1392 1622; x_wconf 86' lang='lat' dir='ltr'><strong>malis</strong></span> <span class='ocrx_word' id='word_1_565' title='bbox 1409 1594 1472 1621; x_wconf 76' lang='lat' dir='ltr'><strong>viris</strong></span> <span class='ocrx_word' id='word_1_566' title='bbox 1485 1601 1546 1621; x_wconf 88' lang='lat' dir='ltr'><strong>cum</strong></span> <span class='ocrx_word' id='word_1_567' title='bbox 1561 1594 1649 1626; x_wconf 89' lang='lat' dir='ltr'><strong>bonis,</strong></span> <span class='ocrx_word' id='word_1_568' title='bbox 1660 1593 1854 1626; x_wconf 78' lang='lat' dir='ltr'><strong>abscesserinl,</strong></span> 
     </span>
    </p>
   </div>
   <div class='ocr_carea' id='block_1_97' title="bbox 1060 1639 1856 1675">
    <p class='ocr_par' dir='ltr' id='par_1_97' title="bbox 1060 1639 1856 1675">
     <span class='ocr_line' id='line_1_97' title="bbox 1060 1639 1856 1675; baseline -0.003 -7"><span class='ocrx_word' id='word_1_569' title='bbox 1060 1643 1123 1669; x_wconf 89' lang='lat' dir='ltr'><strong>dum</strong></span> <span class='ocrx_word' id='word_1_570' title='bbox 1141 1642 1208 1669; x_wconf 84' lang='lat' dir='ltr'><strong>vitio</strong></span> <span class='ocrx_word' id='word_1_571' title='bbox 1223 1649 1272 1669; x_wconf 90' lang='lat' dir='ltr'><strong>suo</strong></span> <span class='ocrx_word' id='word_1_572' title='bbox 1299 1640 1368 1668; x_wconf 83' lang='lat' dir='ltr'><strong>tales</strong></span> <span class='ocrx_word' id='word_1_573' title='bbox 1393 1641 1447 1668; x_wconf 86' lang='lat' dir='ltr'><strong>sint</strong></span> <span class='ocrx_word' id='word_1_574' title='bbox 1468 1639 1546 1668; x_wconf 78' lang='lat' dir='ltr'><strong>facti.</strong></span> <span class='ocrx_word' id='word_1_575' title='bbox 1574 1639 1632 1667; x_wconf 79' lang='lat' dir='ltr'><strong>Non</strong></span> <span class='ocrx_word' id='word_1_576' title='bbox 1651 1640 1734 1675; x_wconf 71' lang='lat' dir='ltr'><strong>igitur</strong></span> <span class='ocrx_word' id='word_1_577' title='bbox 1750 1645 1856 1675; x_wconf 75' lang='lat' dir='ltr'><strong>oportet</strong></span> 
     </span>
    </p>
   </div>
   <div class='ocr_carea' id='block_1_98' title="bbox 1061 1685 1855 1723">
    <p class='ocr_par' dir='ltr' id='par_1_98' title="bbox 1061 1685 1855 1723">
     <span class='ocr_line' id='line_1_98' title="bbox 1061 1685 1855 1723; baseline -0.005 -7"><span class='ocrx_word' id='word_1_578' title='bbox 1061 1687 1172 1723; x_wconf 77' lang='lat' dir='ltr'><strong>intelligi</strong></span> <span class='ocrx_word' id='word_1_579' title='bbox 1189 1687 1413 1715; x_wconf 82' lang='lat' dir='ltr'><strong>coutrarictaiem</strong></span> <span class='ocrx_word' id='word_1_580' title='bbox 1440 1686 1490 1714; x_wconf 91' lang='lat' dir='ltr'><strong>hoc</strong></span> <span class='ocrx_word' id='word_1_581' title='bbox 1508 1685 1591 1713; x_wconf 80' lang='lat' dir='ltr'><strong>verbo</strong></span> <span class='ocrx_word' id='word_1_582' title='bbox 1608 1686 1761 1721; x_wconf 67' lang='lat' dir='ltr'><strong>significari</strong></span> <span class='ocrx_word' id='word_1_583' title='bbox 1779 1692 1855 1713; x_wconf 77' lang='lat' dir='ltr'><strong>mta-</strong></span> 
     </span>
    </p>
   </div>
   <div class='ocr_carea' id='block_1_99' title="bbox 1061 1732 1854 1766">
    <p class='ocr_par' dir='ltr' id='par_1_99' title="bbox 1061 1732 1854 1766">
     <span class='ocr_line' id='line_1_99' title="bbox 1061 1732 1854 1766; baseline -0.003 -6"><span class='ocrx_word' id='word_1_584' title='bbox 1061 1742 1152 1761; x_wconf 85' lang='lat' dir='ltr'><strong>rarum</strong></span> <span class='ocrx_word' id='word_1_585' title='bbox 1166 1741 1173 1766; x_wconf 93' lang='lat'><strong>;</strong></span> <span class='ocrx_word' id='word_1_586' title='bbox 1188 1741 1250 1760; x_wconf 90' lang='lat' dir='ltr'><strong>nam</strong></span> <span class='ocrx_word' id='word_1_587' title='bbox 1269 1733 1291 1760; x_wconf 88' lang='lat' dir='ltr'><strong>si</strong></span> <span class='ocrx_word' id='word_1_588' title='bbox 1309 1733 1458 1760; x_wconf 87' lang='lat' dir='ltr'><strong>secundum</strong></span> <span class='ocrx_word' id='word_1_589' title='bbox 1486 1732 1557 1760; x_wconf 73' lang='lat' dir='ltr'><strong>idem</strong></span> <span class='ocrx_word' id='word_1_590' title='bbox 1585 1740 1619 1760; x_wconf 83' lang='lat' dir='ltr'><strong>ex</strong></span> <span class='ocrx_word' id='word_1_591' title='bbox 1635 1732 1714 1760; x_wconf 88' lang='lat' dir='ltr'><strong>nobis</strong></span> <span class='ocrx_word' id='word_1_592' title='bbox 1730 1732 1854 1764; x_wconf 83' lang='lat' dir='ltr'><strong>fuerunt,</strong></span> 
     </span>
    </p>
   </div>
   <div class='ocr_carea' id='block_1_100' title="bbox 1061 1777 1853 1814">
    <p class='ocr_par' dir='ltr' id='par_1_100' title="bbox 1061 1777 1853 1814">
     <span class='ocr_line' id='line_1_100' title="bbox 1061 1777 1853 1814; baseline -0.003 -7"><span class='ocrx_word' id='word_1_593' title='bbox 1061 1779 1102 1807; x_wconf 88' lang='lat' dir='ltr'><strong>vel</strong></span> <span class='ocrx_word' id='word_1_594' title='bbox 1122 1787 1174 1806; x_wconf 90' lang='lat' dir='ltr'><strong>non</strong></span> <span class='ocrx_word' id='word_1_595' title='bbox 1190 1779 1309 1812; x_wconf 87' lang='lat' dir='ltr'><strong>fuerunt,</strong></span> <span class='ocrx_word' id='word_1_596' title='bbox 1339 1779 1474 1814; x_wconf 86' lang='lat' dir='ltr'><strong>oppositio</strong></span> <span class='ocrx_word' id='word_1_597' title='bbox 1498 1779 1560 1813; x_wconf 80' lang='lat' dir='ltr'><strong>jure</strong></span> <span class='ocrx_word' id='word_1_598' title='bbox 1584 1783 1768 1806; x_wconf 84' lang='lat' dir='ltr'><strong>monstratur.</strong></span> <span class='ocrx_word' id='word_1_599' title='bbox 1786 1777 1853 1812; x_wconf 78' lang='lat' dir='ltr'><strong>Quin</strong></span> 
     </span>
    </p>
   </div>
   <div class='ocr_carea' id='block_1_101' title="bbox 1061 1824 1855 1859">
    <p class='ocr_par' dir='ltr' id='par_1_101' title="bbox 1061 1824 1855 1859">
     <span class='ocr_line' id='line_1_101' title="bbox 1061 1824 1855 1859; baseline 0 -8"><span class='ocrx_word' id='word_1_600' title='bbox 1061 1832 1125 1852; x_wconf 89' lang='lat' dir='ltr'><strong>vero</strong></span> <span class='ocrx_word' id='word_1_601' title='bbox 1142 1825 1287 1852; x_wconf 86' lang='lat' dir='ltr'><strong>secundum</strong></span> <span class='ocrx_word' id='word_1_602' title='bbox 1300 1824 1370 1851; x_wconf 84' lang='lat' dir='ltr'><strong>aliud</strong></span> <span class='ocrx_word' id='word_1_603' title='bbox 1384 1825 1447 1859; x_wconf 87' lang='lat' dir='ltr'><strong>quid</strong></span> <span class='ocrx_word' id='word_1_604' title='bbox 1459 1832 1491 1851; x_wconf 80' lang='lat' dir='ltr'><strong>ex</strong></span> <span class='ocrx_word' id='word_1_605' title='bbox 1509 1824 1587 1852; x_wconf 88' lang='lat' dir='ltr'><strong>nobis</strong></span> <span class='ocrx_word' id='word_1_606' title='bbox 1603 1829 1677 1857; x_wconf 85' lang='lat' dir='ltr'><strong>sunt,</strong></span> <span class='ocrx_word' id='word_1_607' title='bbox 1693 1825 1855 1852; x_wconf 72' lang='lat' dir='ltr'><strong>accedentes</strong></span> 
     </span>
    </p>
   </div>
   <div class='ocr_carea' id='block_1_102' title="bbox 1061 1870 1855 1905">
    <p class='ocr_par' dir='ltr' id='par_1_102' title="bbox 1061 1870 1855 1905">
     <span class='ocr_line' id='line_1_102' title="bbox 1061 1870 1855 1905; baseline 0 -9"><span class='ocrx_word' id='word_1_608' title='bbox 1061 1871 1094 1897; x_wconf 83' lang='lat' dir='ltr'><strong>ad</strong></span> <span class='ocrx_word' id='word_1_609' title='bbox 1107 1870 1275 1905; x_wconf 80' lang='lat' dir='ltr'><strong>Scripturam</strong></span> <span class='ocrx_word' id='word_1_610' title='bbox 1291 1870 1423 1897; x_wconf 77' lang='lat' dir='ltr'><strong>divinitus</strong></span> <span class='ocrx_word' id='word_1_611' title='bbox 1438 1870 1769 1905; x_wconf 80' lang='lat' dir='ltr'><strong>inspiratam,secnndnni</strong></span> <span class='ocrx_word' id='word_1_612' title='bbox 1786 1870 1855 1897; x_wconf 81' lang='lat' dir='ltr'><strong>aliud</strong></span> 
     </span>
    </p>
   </div>
   <div class='ocr_carea' id='block_1_103' title="bbox 1061 1916 1854 1951">
    <p class='ocr_par' dir='ltr' id='par_1_103' title="bbox 1061 1916 1854 1951">
     <span class='ocr_line' id='line_1_103' title="bbox 1061 1916 1854 1951; baseline 0 -9"><span class='ocrx_word' id='word_1_613' title='bbox 1061 1923 1125 1943; x_wconf 86' lang='lat' dir='ltr'><strong>vero</strong></span> <span class='ocrx_word' id='word_1_614' title='bbox 1138 1924 1190 1944; x_wconf 89' lang='lat' dir='ltr'><strong>non</strong></span> <span class='ocrx_word' id='word_1_615' title='bbox 1205 1924 1236 1943; x_wconf 82' lang='lat' dir='ltr'><strong>ex</strong></span> <span class='ocrx_word' id='word_1_616' title='bbox 1258 1916 1335 1943; x_wconf 87' lang='lat' dir='ltr'><strong>nobis</strong></span> <span class='ocrx_word' id='word_1_617' title='bbox 1355 1921 1429 1949; x_wconf 89' lang='lat' dir='ltr'><strong>sunt,</strong></span> <span class='ocrx_word' id='word_1_618' title='bbox 1448 1917 1530 1943; x_wconf 84' lang='lat' dir='ltr'><strong>alium</strong></span> <span class='ocrx_word' id='word_1_619' title='bbox 1553 1921 1649 1951; x_wconf 81' lang='lat' dir='ltr'><strong>praeter</strong></span> <span class='ocrx_word' id='word_1_620' title='bbox 1664 1923 1789 1943; x_wconf 84' lang='lat' dir='ltr'><strong>nostrum</strong></span> <span class='ocrx_word' id='word_1_621' title='bbox 1808 1917 1854 1943; x_wconf 78' lang='lat' dir='ltr'><strong>lm-</strong></span> 
     </span>
    </p>
   </div>
   <div class='ocr_carea' id='block_1_104' title="bbox 1060 1962 1854 1998">
    <p class='ocr_par' dir='ltr' id='par_1_104' title="bbox 1060 1962 1854 1998">
     <span class='ocr_line' id='line_1_104' title="bbox 1060 1962 1854 1998; baseline -0.003 -8"><span class='ocrx_word' id='word_1_622' title='bbox 1060 1962 1155 1990; x_wconf 87' lang='lat' dir='ltr'><strong>bcntes</strong></span> <span class='ocrx_word' id='word_1_623' title='bbox 1172 1970 1293 1996; x_wconf 83' lang='lat' dir='ltr'><strong>sensum,</strong></span> <span class='ocrx_word' id='word_1_624' title='bbox 1310 1963 1397 1998; x_wconf 88' lang='lat' dir='ltr'><strong>palam</strong></span> <span class='ocrx_word' id='word_1_625' title='bbox 1422 1968 1463 1990; x_wconf 87' lang='lat' dir='ltr'><strong>est</strong></span> <span class='ocrx_word' id='word_1_626' title='bbox 1478 1969 1511 1990; x_wconf 83' lang='lat' dir='ltr'><strong>ex</strong></span> <span class='ocrx_word' id='word_1_627' title='bbox 1526 1970 1569 1995; x_wconf 93' lang='lat' dir='ltr'><strong>eo,</strong></span> <span class='ocrx_word' id='word_1_628' title='bbox 1593 1963 1664 1998; x_wconf 77' lang='lat' dir='ltr'><strong>quod</strong></span> <span class='ocrx_word' id='word_1_629' title='bbox 1684 1968 1854 1997; x_wconf 64' lang='lat' dir='ltr'><strong>unguentum</strong></span> 
     </span>
    </p>
   </div>
   <div class='ocr_carea' id='block_1_105' title="bbox 1055 2005 1855 2044">
    <p class='ocr_par' dir='ltr' id='par_1_105' title="bbox 1055 2005 1855 2044">
     <span class='ocr_line' id='line_1_105' title="bbox 1055 2005 1855 2044; baseline 0 -8"><span class='ocrx_word' id='word_1_630' title='bbox 1055 2005 1178 2037; x_wconf 66' lang='lat' dir='ltr'><strong>&#39;habeant</strong></span> <span class='ocrx_word' id='word_1_631' title='bbox 1193 2017 1207 2036; x_wconf 79' lang='grc' dir='ltr'>ιι</span> <span class='ocrx_word' id='word_1_632' title='bbox 1221 2015 1316 2037; x_wconf 85' lang='lat' dir='ltr'><strong>sancto</strong></span> <span class='ocrx_word' id='word_1_633' title='bbox 1331 2009 1369 2042; x_wconf 91' lang='lat' dir='ltr'><strong>hi,</strong></span> <span class='ocrx_word' id='word_1_634' title='bbox 1384 2017 1397 2036; x_wconf 90' lang='lat' dir='ltr'><strong>a</strong></span> <span class='ocrx_word' id='word_1_635' title='bbox 1414 2010 1512 2044; x_wconf 86' lang='lat' dir='ltr'><strong>quibus</strong></span> <span class='ocrx_word' id='word_1_636' title='bbox 1534 2015 1704 2038; x_wconf 85' lang='lat' dir='ltr'><strong>recesserunt</strong></span> <span class='ocrx_word' id='word_1_637' title='bbox 1735 2008 1816 2040; x_wconf 80' lang='lat' dir='ltr'><strong>ntali,</strong></span> <span class='ocrx_word' id='word_1_638' title='bbox 1831 2016 1855 2036; x_wconf 90' lang='lat' dir='ltr'><strong>nl</strong></span> 
     </span>
    </p>
   </div>
   <div class='ocr_carea' id='block_1_106' title="bbox 1061 2055 1855 2091">
    <p class='ocr_par' dir='ltr' id='par_1_106' title="bbox 1061 2055 1855 2091">
     <span class='ocr_line' id='line_1_106' title="bbox 1061 2055 1855 2091; baseline 0 -9"><span class='ocrx_word' id='word_1_639' title='bbox 1061 2056 1151 2083; x_wconf 86' lang='lat' dir='ltr'><strong>sciant</strong></span> <span class='ocrx_word' id='word_1_640' title='bbox 1177 2056 1267 2083; x_wconf 84' lang='lat' dir='ltr'><strong>omnia</strong></span> <span class='ocrx_word' id='word_1_641' title='bbox 1292 2055 1419 2091; x_wconf 77' lang='lat' dir='ltr'><strong>dogmata</strong></span> <span class='ocrx_word' id='word_1_642' title='bbox 1444 2055 1574 2084; x_wconf 69' lang='lat' dir='ltr'><strong>Ecclesia:</strong></span> <span class='ocrx_word' id='word_1_643' title='bbox 1594 2060 1668 2083; x_wconf 85' lang='lat' dir='ltr'><strong>recta</strong></span> <span class='ocrx_word' id='word_1_644' title='bbox 1696 2056 1855 2090; x_wconf 77' lang='lat' dir='ltr'><strong>complecti.</strong></span> 
     </span>
    </p>
   </div>
   <div class='ocr_carea' id='block_1_107' title="bbox 1060 2101 1856 2137">
    <p class='ocr_par' dir='ltr' id='par_1_107' title="bbox 1060 2101 1856 2137">
     <span class='ocr_line' id='line_1_107' title="bbox 1060 2101 1856 2137; baseline -0.001 -9"><span class='ocrx_word' id='word_1_645' title='bbox 1060 2101 1235 2136; x_wconf 79' lang='lat' dir='ltr'><strong>Consequens</strong></span> <span class='ocrx_word' id='word_1_646' title='bbox 1253 2107 1294 2129; x_wconf 84' lang='lat' dir='ltr'><strong>est</strong></span> <span class='ocrx_word' id='word_1_647' title='bbox 1308 2102 1393 2135; x_wconf 84' lang='lat' dir='ltr'><strong>enim,</strong></span> <span class='ocrx_word' id='word_1_648' title='bbox 1408 2102 1491 2137; x_wconf 87' lang='lat' dir='ltr'><strong>quod,</strong></span> <span class='ocrx_word' id='word_1_649' title='bbox 1505 2101 1550 2136; x_wconf 90' lang='lat' dir='ltr'><strong>qni</strong></span> <span class='ocrx_word' id='word_1_650' title='bbox 1568 2102 1727 2135; x_wconf 71' lang='lat' dir='ltr'><strong>semetipsos</strong></span> <span class='ocrx_word' id='word_1_651' title='bbox 1740 2102 1856 2136; x_wconf 73' lang='lat' dir='ltr'><strong>ctilicgio</strong></span> 
     </span>
    </p>
   </div>
   <div class='ocr_carea' id='block_1_108' title="bbox 1061 2146 1856 2182">
    <p class='ocr_par' dir='ltr' id='par_1_108' title="bbox 1061 2146 1856 2182">
     <span class='ocr_line' id='line_1_108' title="bbox 1061 2146 1856 2182; baseline -0.003 -8"><span class='ocrx_word' id='word_1_652' title='bbox 1061 2148 1179 2175; x_wconf 82' lang='lat' dir='ltr'><strong>fidelium</strong></span> <span class='ocrx_word' id='word_1_653' title='bbox 1208 2152 1396 2182; x_wconf 79' lang='lat' dir='ltr'><strong>segregarunt,</strong></span> <span class='ocrx_word' id='word_1_654' title='bbox 1422 2146 1581 2174; x_wconf 84' lang='lat' dir='ltr'><strong>Antichristi</strong></span> <span class='ocrx_word' id='word_1_655' title='bbox 1604 2151 1678 2175; x_wconf 87' lang='lat' dir='ltr'><strong>sunt.</strong></span> <span class='ocrx_word' id='word_1_656' title='bbox 1708 2146 1856 2179; x_wconf 77' lang='lat' dir='ltr'><strong>Quomodo</strong></span> 
     </span>
    </p>
   </div>
   <div class='ocr_carea' id='block_1_109' title="bbox 1061 2194 1856 2228">
    <p class='ocr_par' dir='ltr' id='par_1_109' title="bbox 1061 2194 1856 2228">
     <span class='ocr_line' id='line_1_109' title="bbox 1061 2194 1856 2228; baseline -0.003 -7"><span class='ocrx_word' id='word_1_657' title='bbox 1061 2194 1133 2221; x_wconf 87' lang='lat' dir='ltr'><strong>enim</strong></span> <span class='ocrx_word' id='word_1_658' title='bbox 1158 2202 1211 2220; x_wconf 87' lang='lat' dir='ltr'><strong>nou</strong></span> <span class='ocrx_word' id='word_1_659' title='bbox 1236 2199 1299 2222; x_wconf 87' lang='lat' dir='ltr'><strong>sunt</strong></span> <span class='ocrx_word' id='word_1_660' title='bbox 1313 2194 1488 2227; x_wconf 74' lang='lat' dir='ltr'><strong>Antichristi,</strong></span> <span class='ocrx_word' id='word_1_661' title='bbox 1505 2194 1551 2228; x_wconf 82' lang='lat' dir='ltr'><strong>qui</strong></span> <span class='ocrx_word' id='word_1_662' title='bbox 1577 2194 1713 2220; x_wconf 81' lang='lat' dir='ltr'><strong>contraria</strong></span> <span class='ocrx_word' id='word_1_663' title='bbox 1730 2195 1856 2228; x_wconf 81' lang='lat' dir='ltr'><strong>sapiunt,</strong></span> 
     </span>
    </p>
   </div>
   <div class='ocr_carea' id='block_1_110' title="bbox 218 2236 1008 2283">
    <p class='ocr_par' dir='ltr' id='par_1_110' title="bbox 218 2247 1007 2283">
     <span class='ocr_line' id='line_1_110' title="bbox 218 2247 1007 2283; baseline -0.001 -7"><span class='ocrx_word' id='word_1_664' title='bbox 218 2255 307 2276; x_wconf 88' lang='lat' dir='ltr'><strong>antem</strong></span> <span class='ocrx_word' id='word_1_665' title='bbox 321 2249 478 2276; x_wconf 80' lang='lat' dir='ltr'><strong>Antichristi</strong></span> <span class='ocrx_word' id='word_1_666' title='bbox 494 2249 568 2275; x_wconf 89' lang='lat' dir='ltr'><strong>multi</strong></span> <span class='ocrx_word' id='word_1_667' title='bbox 583 2248 645 2276; x_wconf 86' lang='lat' dir='ltr'><strong>facti</strong></span> <span class='ocrx_word' id='word_1_668' title='bbox 673 2253 745 2276; x_wconf 88' lang='lat' dir='ltr'><strong>sunt.</strong></span> <span class='ocrx_word' id='word_1_669' title='bbox 769 2247 845 2276; x_wconf 88' lang='lat' dir='ltr'><strong>Unde</strong></span> <span class='ocrx_word' id='word_1_670' title='bbox 869 2248 1007 2283; x_wconf 76' lang='lat' dir='ltr'><strong>dignosci-</strong></span> 
     </span>
    </p>
   </div>
   <div class='ocr_carea' id='block_1_111' title="bbox 1066 2236 1569 2283">
    <p class='ocr_par' dir='ltr' id='par_1_111' title="bbox 1066 2239 1569 2275">
     <span class='ocr_line' id='line_1_111' title="bbox 1066 2239 1569 2275; baseline 0 -9"><span class='ocrx_word' id='word_1_671' title='bbox 1066 2247 1140 2275; x_wconf 61' lang='lat' dir='ltr'><strong>quam</strong></span> <span class='ocrx_word' id='word_1_672' title='bbox 1161 2240 1259 2267; x_wconf 82' lang='lat' dir='ltr'><strong>Christi</strong></span> <span class='ocrx_word' id='word_1_673' title='bbox 1269 2239 1415 2267; x_wconf 80' lang='lat' dir='ltr'><strong>conﬁtetur</strong></span> <span class='ocrx_word' id='word_1_674' title='bbox 1429 2239 1569 2267; x_wconf 74' lang='lat' dir='ltr'><strong>Ecclesia?</strong></span> 
     </span>
    </p>
   </div>
   <div class='ocr_carea' id='block_1_112' title="bbox 219 2294 1004 2330">
    <p class='ocr_par' dir='ltr' id='par_1_112' title="bbox 219 2294 1004 2330">
     <span class='ocr_line' id='line_1_112' title="bbox 219 2294 1004 2330; baseline -0.003 -8"><span class='ocrx_word' id='word_1_675' title='bbox 219 2303 289 2328; x_wconf 86' lang='lat' dir='ltr'><strong>mus,</strong></span> <span class='ocrx_word' id='word_1_676' title='bbox 303 2295 366 2330; x_wconf 89' lang='lat' dir='ltr'><strong>quia</strong></span> <span class='ocrx_word' id='word_1_677' title='bbox 385 2295 534 2322; x_wconf 83' lang='lat' dir='ltr'><strong>novissima</strong></span> <span class='ocrx_word' id='word_1_678' title='bbox 550 2295 615 2322; x_wconf 80' lang='lat' dir='ltr'><strong>hora</strong></span> <span class='ocrx_word' id='word_1_679' title='bbox 635 2298 687 2322; x_wconf 84' lang='lat' dir='ltr'><strong>est.</strong></span> <span class='ocrx_word' id='word_1_680' title='bbox 712 2294 750 2321; x_wconf 79' lang='lat' dir='ltr'><strong>Ex</strong></span> <span class='ocrx_word' id='word_1_681' title='bbox 769 2294 846 2322; x_wconf 89' lang='lat' dir='ltr'><strong>nobis</strong></span> <span class='ocrx_word' id='word_1_682' title='bbox 865 2295 1004 2326; x_wconf 79' lang='lat' dir='ltr'><strong>exierunt,</strong></span> 
     </span>
    </p>
   </div>
   <div class='ocr_carea' id='block_1_113' title="bbox 217 2339 1004 2373">
    <p class='ocr_par' dir='ltr' id='par_1_113' title="bbox 217 2339 1004 2373">
     <span class='ocr_line' id='line_1_113' title="bbox 217 2339 1004 2373; baseline -0.003 -5"><span class='ocrx_word' id='word_1_683' title='bbox 217 2342 263 2368; x_wconf 86' lang='lat' dir='ltr'><strong>scd</strong></span> <span class='ocrx_word' id='word_1_684' title='bbox 282 2344 426 2368; x_wconf 81' lang='lat' dir='ltr'><strong>nouerant</strong></span> <span class='ocrx_word' id='word_1_685' title='bbox 447 2347 480 2367; x_wconf 82' lang='lat' dir='ltr'><strong>ex</strong></span> <span class='ocrx_word' id='word_1_686' title='bbox 508 2339 597 2368; x_wconf 89' lang='lat' dir='ltr'><strong>nobis.</strong></span> <span class='ocrx_word' id='word_1_687' title='bbox 614 2339 667 2367; x_wconf 88' lang='lat' dir='ltr'><strong>Sed</strong></span> <span class='ocrx_word' id='word_1_688' title='bbox 683 2340 705 2367; x_wconf 89' lang='lat' dir='ltr'><strong>si</strong></span> <span class='ocrx_word' id='word_1_689' title='bbox 729 2339 844 2367; x_wconf 81' lang='lat' dir='ltr'><strong>fuissent</strong></span> <span class='ocrx_word' id='word_1_690' title='bbox 867 2347 898 2367; x_wconf 78' lang='lat' dir='ltr'><strong>ex</strong></span> <span class='ocrx_word' id='word_1_691' title='bbox 916 2340 1004 2373; x_wconf 84' lang='lat' dir='ltr'><strong>nobis,</strong></span> 
     </span>
    </p>
   </div>
   <div class='ocr_carea' id='block_1_114' title="bbox 217 2387 799 2422">
    <p class='ocr_par' dir='ltr' id='par_1_114' title="bbox 217 2387 799 2422">
     <span class='ocr_line' id='line_1_114' title="bbox 217 2387 799 2422; baseline -0.002 -9"><span class='ocrx_word' id='word_1_692' title='bbox 217 2387 432 2422; x_wconf 84' lang='lat' dir='ltr'><strong>pcrmausisscnt</strong></span> <span class='ocrx_word' id='word_1_693' title='bbox 443 2387 535 2422; x_wconf 91' lang='lat' dir='ltr'><strong>utique</strong></span> <span class='ocrx_word' id='word_1_694' title='bbox 553 2387 703 2418; x_wconf 80' lang='lat' dir='ltr'><strong>nobiseum,</strong></span> <span class='ocrx_word' id='word_1_695' title='bbox 721 2395 730 2412; x_wconf 80' lang='grc' dir='ltr'><strong>ι</strong></span> <span class='ocrx_word' id='word_1_696' title='bbox 745 2390 799 2413; x_wconf 86' lang='lat' dir='ltr'><strong>etc.</strong></span> 
     </span>
    </p>
   </div>
   <div class='ocr_carea' id='block_1_115' title="bbox 253 2431 1001 2467">
    <p class='ocr_par' dir='ltr' id='par_1_115' title="bbox 253 2431 1001 2467">
     <span class='ocr_line' id='line_1_115' title="bbox 253 2431 1001 2467; baseline -0.003 -8"><span class='ocrx_word' id='word_1_697' title='bbox 253 2432 310 2459; x_wconf 76' lang='lat' dir='ltr'><strong>Non</strong></span> <span class='ocrx_word' id='word_1_698' title='bbox 325 2433 358 2458; x_wconf 92' lang='lat' dir='ltr'><strong>dc</strong></span> <span class='ocrx_word' id='word_1_699' title='bbox 369 2432 506 2465; x_wconf 88' lang='lat' dir='ltr'><strong>onmibus,</strong></span> <span class='ocrx_word' id='word_1_700' title='bbox 521 2433 567 2467; x_wconf 92' lang='lat' dir='ltr'><strong>qui</strong></span> <span class='ocrx_word' id='word_1_701' title='bbox 591 2432 711 2459; x_wconf 78' lang='lat' dir='ltr'><strong>fallacem</strong></span> <span class='ocrx_word' id='word_1_702' title='bbox 727 2431 878 2459; x_wconf 91' lang='lat' dir='ltr'><strong>doctrinam</strong></span> <span class='ocrx_word' id='word_1_703' title='bbox 891 2431 1001 2464; x_wconf 89' lang='lat' dir='ltr'><strong>habent,</strong></span> 
     </span>
    </p>
   </div>
   <div class='ocr_carea' id='block_1_116' title="bbox 217 2477 1004 2510">
    <p class='ocr_par' dir='ltr' id='par_1_116' title="bbox 217 2477 1004 2510">
     <span class='ocr_line' id='line_1_116' title="bbox 217 2477 1004 2510; baseline -0.003 -4"><span class='ocrx_word' id='word_1_704' title='bbox 217 2479 273 2506; x_wconf 52' lang='lat' dir='ltr'><strong>ha‘c</strong></span> <span class='ocrx_word' id='word_1_705' title='bbox 291 2478 455 2510; x_wconf 86' lang='lat' dir='ltr'><strong>scribuntur,</strong></span> <span class='ocrx_word' id='word_1_706' title='bbox 466 2479 513 2506; x_wconf 88' lang='lat' dir='ltr'><strong>sed</strong></span> <span class='ocrx_word' id='word_1_707' title='bbox 525 2479 558 2505; x_wconf 84' lang='lat' dir='ltr'><strong>de</strong></span> <span class='ocrx_word' id='word_1_708' title='bbox 572 2478 636 2505; x_wconf 82' lang='lat' dir='ltr'><strong>solis</strong></span> <span class='ocrx_word' id='word_1_709' title='bbox 648 2477 848 2504; x_wconf 84' lang='lat' dir='ltr'><strong>declinantibus</strong></span> <span class='ocrx_word' id='word_1_710' title='bbox 860 2478 893 2504; x_wconf 90' lang='lat' dir='ltr'><strong>ad</strong></span> <span class='ocrx_word' id='word_1_711' title='bbox 909 2477 1004 2504; x_wconf 82' lang='lat' dir='ltr'><strong>falsam</strong></span> 
     </span>
    </p>
   </div>
   <div class='ocr_carea' id='block_1_117' title="bbox 217 2523 1007 2558">
    <p class='ocr_par' dir='ltr' id='par_1_117' title="bbox 217 2523 1007 2558">
     <span class='ocr_line' id='line_1_117' title="bbox 217 2523 1007 2558; baseline -0.003 -6"><span class='ocrx_word' id='word_1_712' title='bbox 217 2530 330 2554; x_wconf 77' lang='lat' dir='ltr'><strong>sectam.</strong></span> <span class='ocrx_word' id='word_1_713' title='bbox 349 2529 409 2558; x_wconf 79' lang='lat' dir='ltr'><strong>post</strong></span> <span class='ocrx_word' id='word_1_714' title='bbox 434 2524 640 2551; x_wconf 87' lang='lat' dir='ltr'><strong>instructionem</strong></span> <span class='ocrx_word' id='word_1_715' title='bbox 655 2523 852 2558; x_wconf 76' lang='lat' dir='ltr'><strong>evangelicum,</strong></span> <span class='ocrx_word' id='word_1_716' title='bbox 880 2523 926 2557; x_wconf 91' lang='lat' dir='ltr'><strong>qni</strong></span> <span class='ocrx_word' id='word_1_717' title='bbox 944 2527 1007 2550; x_wconf 92' lang='lat' dir='ltr'><strong>tau-</strong></span> 
     </span>
    </p>
   </div>
   <div class='ocr_carea' id='block_1_118' title="bbox 216 2568 1006 2604">
    <p class='ocr_par' dir='ltr' id='par_1_118' title="bbox 216 2568 1006 2604">
     <span class='ocr_line' id='line_1_118' title="bbox 216 2568 1006 2604; baseline 0.001 -9"><span class='ocrx_word' id='word_1_718' title='bbox 216 2577 342 2604; x_wconf 80' lang='lat' dir='ltr'><strong>quamex</strong></span> <span class='ocrx_word' id='word_1_719' title='bbox 367 2568 532 2597; x_wconf 87' lang='lat' dir='ltr'><strong>Christianis</strong></span> <span class='ocrx_word' id='word_1_720' title='bbox 556 2568 620 2596; x_wconf 87' lang='lat' dir='ltr'><strong>facti</strong></span> <span class='ocrx_word' id='word_1_721' title='bbox 646 2574 799 2596; x_wconf 87' lang='lat' dir='ltr'><strong>noscuntur</strong></span> <span class='ocrx_word' id='word_1_722' title='bbox 821 2568 980 2596; x_wconf 86' lang='lat' dir='ltr'><strong>Antichristi</strong></span> <span class='ocrx_word' id='word_1_723' title='bbox 1000 2578 1006 2596; x_wconf 89' lang='lat'>:</span> 
     </span>
    </p>
   </div>
   <div class='ocr_carea' id='block_1_119' title="bbox 215 2615 1009 2651">
    <p class='ocr_par' dir='ltr' id='par_1_119' title="bbox 215 2615 1009 2651">
     <span class='ocr_line' id='line_1_119' title="bbox 215 2615 1009 2651; baseline 0.003 -11"><span class='ocrx_word' id='word_1_724' title='bbox 215 2616 342 2650; x_wconf 83' lang='lat' dir='ltr'><strong>quoniam</strong></span> <span class='ocrx_word' id='word_1_725' title='bbox 363 2621 494 2651; x_wconf 80' lang='lat' dir='ltr'><strong>quantum</strong></span> <span class='ocrx_word' id='word_1_726' title='bbox 514 2617 546 2643; x_wconf 82' lang='lat' dir='ltr'><strong>ad</strong></span> <span class='ocrx_word' id='word_1_727' title='bbox 562 2616 614 2642; x_wconf 86' lang='lat' dir='ltr'><strong>hoc</strong></span> <span class='ocrx_word' id='word_1_728' title='bbox 626 2635 634 2648; x_wconf 87' lang='lat'><strong>,</strong></span> <span class='ocrx_word' id='word_1_729' title='bbox 658 2616 730 2650; x_wconf 88' lang='lat' dir='ltr'><strong>quod</strong></span> <span class='ocrx_word' id='word_1_730' title='bbox 748 2615 896 2650; x_wconf 83' lang='lat' dir='ltr'><strong>aliquando</strong></span> <span class='ocrx_word' id='word_1_731' title='bbox 914 2622 1009 2642; x_wconf 87' lang='lat' dir='ltr'><strong>susce-</strong></span> 
     </span>
    </p>
   </div>
   <div class='ocr_carea' id='block_1_120' title="bbox 217 2661 1003 2697">
    <p class='ocr_par' dir='ltr' id='par_1_120' title="bbox 217 2661 1003 2697">
     <span class='ocr_line' id='line_1_120' title="bbox 217 2661 1003 2697; baseline -0.003 -7"><span class='ocrx_word' id='word_1_732' title='bbox 217 2667 313 2697; x_wconf 86' lang='lat' dir='ltr'><strong>perunt</strong></span> <span class='ocrx_word' id='word_1_733' title='bbox 325 2663 473 2689; x_wconf 86' lang='lat' dir='ltr'><strong>doctrinam</strong></span> <span class='ocrx_word' id='word_1_734' title='bbox 486 2662 586 2690; x_wconf 84' lang='lat' dir='ltr'><strong>Christi</strong></span> <span class='ocrx_word' id='word_1_735' title='bbox 597 2670 628 2689; x_wconf 77' lang='lat' dir='ltr'><strong>ex</strong></span> <span class='ocrx_word' id='word_1_736' title='bbox 645 2662 783 2697; x_wconf 82' lang='lat' dir='ltr'><strong>discipulis</strong></span> <span class='ocrx_word' id='word_1_737' title='bbox 799 2661 911 2693; x_wconf 84' lang='lat' dir='ltr'><strong>Christi,</strong></span> <span class='ocrx_word' id='word_1_738' title='bbox 926 2665 1003 2688; x_wconf 81' lang='lat' dir='ltr'><strong>extra</strong></span> 
     </span>
    </p>
   </div>
   <div class='ocr_carea' id='block_1_121' title="bbox 215 2707 1001 2744">
    <p class='ocr_par' dir='ltr' id='par_1_121' title="bbox 215 2707 1001 2744">
     <span class='ocr_line' id='line_1_121' title="bbox 215 2707 1001 2744; baseline 0 -10"><span class='ocrx_word' id='word_1_739' title='bbox 215 2717 262 2736; x_wconf 71' lang='lat' dir='ltr'><strong>vos</strong></span> <span class='ocrx_word' id='word_1_740' title='bbox 278 2708 341 2736; x_wconf 82' lang='lat' dir='ltr'><strong>facti</strong></span> <span class='ocrx_word' id='word_1_741' title='bbox 355 2715 429 2739; x_wconf 84' lang='lat' dir='ltr'><strong>sunt.</strong></span> <span class='ocrx_word' id='word_1_742' title='bbox 446 2709 577 2744; x_wconf 76' lang='lat' dir='ltr'><strong>eligentes</strong></span> <span class='ocrx_word' id='word_1_743' title='bbox 594 2708 736 2736; x_wconf 80' lang='lat' dir='ltr'><strong>fallacibus</strong></span> <span class='ocrx_word' id='word_1_744' title='bbox 756 2709 847 2735; x_wconf 83' lang='lat' dir='ltr'><strong>inesse</strong></span> <span class='ocrx_word' id='word_1_745' title='bbox 861 2707 1001 2734; x_wconf 78' lang='lat' dir='ltr'><strong>doctrinis.</strong></span> 
     </span>
    </p>
   </div>
   <div class='ocr_carea' id='block_1_122' title="bbox 214 2756 1002 2790">
    <p class='ocr_par' dir='ltr' id='par_1_122' title="bbox 214 2756 1002 2790">
     <span class='ocr_line' id='line_1_122' title="bbox 214 2756 1002 2790; baseline 0 -10"><span class='ocrx_word' id='word_1_746' title='bbox 214 2757 385 2789; x_wconf 78' lang='lat' dir='ltr'><strong>Quapropter</strong></span> <span class='ocrx_word' id='word_1_747' title='bbox 410 2756 472 2782; x_wconf 68' lang='lat' dir='ltr'><strong>licet</strong></span> <span class='ocrx_word' id='word_1_748' title='bbox 490 2757 651 2783; x_wconf 84' lang='lat' dir='ltr'><strong>annunticnt</strong></span> <span class='ocrx_word' id='word_1_749' title='bbox 672 2756 843 2790; x_wconf 78' lang='lat' dir='ltr'><strong>Scripturas,</strong></span> <span class='ocrx_word' id='word_1_750' title='bbox 872 2763 922 2782; x_wconf 82' lang='lat' dir='ltr'><strong>non</strong></span> <span class='ocrx_word' id='word_1_751' title='bbox 940 2756 1002 2782; x_wconf 82' lang='lat' dir='ltr'><strong>sunt</strong></span> 
     </span>
    </p>
   </div>
   <div class='ocr_carea' id='block_1_123' title="bbox 250 2831 974 2870">
    <p class='ocr_par' dir='ltr' id='par_1_123' title="bbox 250 2831 974 2870">
     <span class='ocr_line' id='line_1_123' title="bbox 250 2831 974 2870; baseline 0.01 -14"><span class='ocrx_word' id='word_1_752' title='bbox 250 2833 272 2847; x_wconf 64' lang='grc' dir='ltr'><strong>πθ</strong></span> <span class='ocrx_word' id='word_1_753' title='bbox 290 2831 384 2859; x_wconf 77' lang='lat' dir='ltr'><strong>Matth.</strong></span> <span class='ocrx_word' id='word_1_754' title='bbox 399 2842 424 2866; x_wconf 78' lang='grc' dir='ltr'><strong>ι’,</strong></span> <span class='ocrx_word' id='word_1_755' title='bbox 439 2835 483 2861; x_wconf 76' lang='lat'><strong>‘28.</strong></span> <span class='ocrx_word' id='word_1_756' title='bbox 517 2836 536 2851; x_wconf 81' lang='lat'>“</span> <span class='ocrx_word' id='word_1_757' title='bbox 558 2835 619 2870; x_wconf 74' lang='lat' dir='ltr'><strong>Sap.</strong></span> <span class='ocrx_word' id='word_1_758' title='bbox 636 2844 652 2868; x_wconf 84' lang='grc' dir='ltr'>ι,</span> <span class='ocrx_word' id='word_1_759' title='bbox 675 2835 716 2862; x_wconf 72' lang='grc'><strong>15.</strong></span> <span class='ocrx_word' id='word_1_760' title='bbox 759 2836 780 2851; x_wconf 84' lang='lat'><strong>&quot;</strong></span> <span class='ocrx_word' id='word_1_761' title='bbox 798 2835 866 2861; x_wconf 58' lang='grc' dir='ltr'><strong>ΡμςιΙ.</strong></span> <span class='ocrx_word' id='word_1_762' title='bbox 881 2843 935 2868; x_wconf 77' lang='lat' dir='ltr'><strong>CXI,</strong></span> <span class='ocrx_word' id='word_1_763' title='bbox 950 2834 974 2863; x_wconf 83' lang='lat'><strong>9.</strong></span> 
     </span>
    </p>
   </div>
   <div class='ocr_carea' id='block_1_124' title="bbox 243 2887 756 2925">
    <p class='ocr_par' dir='ltr' id='par_1_124' title="bbox 243 2887 756 2925">
     <span class='ocr_line' id='line_1_124' title="bbox 243 2887 756 2925; baseline 0.01 -9"><span class='ocrx_word' id='word_1_764' title='bbox 243 2888 303 2924; x_wconf 83' lang='lat' dir='ltr'><strong>(l7)</strong></span> <span class='ocrx_word' id='word_1_765' title='bbox 315 2887 390 2917; x_wconf 77' lang='lat' dir='ltr'><strong>Patet</strong></span> <span class='ocrx_word' id='word_1_766' title='bbox 404 2893 574 2921; x_wconf 68' lang='lat' dir='ltr'><strong>scribi-udum</strong></span> <span class='ocrx_word' id='word_1_767' title='bbox 588 2902 644 2922; x_wconf 60' lang='lat' dir='ltr'><strong>esse</strong></span> <span class='ocrx_word' id='word_1_768' title='bbox 656 2894 756 2925; x_wconf 64' lang='grc' dir='ltr'><strong>αἰετοῖς.</strong></span> 
     </span>
    </p>
   </div>
   <div class='ocr_carea' id='block_1_125' title="bbox 1015 2834 1266 2869">
    <p class='ocr_par' dir='ltr' id='par_1_125' title="bbox 1015 2834 1266 2869">
     <span class='ocr_line' id='line_1_125' title="bbox 1015 2834 1266 2869; baseline 0.004 -8"><span class='ocrx_word' id='word_1_769' title='bbox 1015 2834 1037 2850; x_wconf 73' lang='grc'><strong>’³</strong></span> <span class='ocrx_word' id='word_1_770' title='bbox 1050 2834 1143 2863; x_wconf 74' lang='lat' dir='ltr'><strong>Matth.</strong></span> <span class='ocrx_word' id='word_1_771' title='bbox 1161 2843 1206 2869; x_wconf 81' lang='lat' dir='ltr'><strong>vn,</strong></span> <span class='ocrx_word' id='word_1_772' title='bbox 1223 2835 1266 2863; x_wconf 73' lang='lat' dir='ltr'><strong>2L</strong></span> 
     </span>
    </p>
   </div>
   <div class='ocr_carea' id='block_1_126' title="bbox 1099 2285 1856 2321">
    <p class='ocr_par' dir='ltr' id='par_1_126' title="bbox 1099 2285 1856 2321">
     <span class='ocr_line' id='line_1_126' title="bbox 1099 2285 1856 2321; baseline -0.004 -8"><span class='ocrx_word' id='word_1_773' title='bbox 1099 2286 1179 2313; x_wconf 72' lang='lat' dir='ltr'><strong>Vsus.</strong></span> <span class='ocrx_word' id='word_1_774' title='bbox 1193 2286 1238 2313; x_wconf 77' lang='lat'><strong>29.</strong></span> <span class='ocrx_word' id='word_1_775' title='bbox 1257 2296 1267 2312; x_wconf 74' lang='grc' dir='ltr'><strong>ι</strong></span> <span class='ocrx_word' id='word_1_776' title='bbox 1287 2286 1315 2313; x_wconf 90' lang='lat' dir='ltr'><strong>Si</strong></span> <span class='ocrx_word' id='word_1_777' title='bbox 1328 2286 1413 2319; x_wconf 88' lang='lat' dir='ltr'><strong>scitis,</strong></span> <span class='ocrx_word' id='word_1_778' title='bbox 1428 2286 1555 2321; x_wconf 84' lang='lat' dir='ltr'><strong>quoniam</strong></span> <span class='ocrx_word' id='word_1_779' title='bbox 1568 2285 1658 2320; x_wconf 86' lang='lat' dir='ltr'><strong>justus</strong></span> <span class='ocrx_word' id='word_1_780' title='bbox 1672 2290 1725 2316; x_wconf 84' lang='lat' dir='ltr'><strong>est,</strong></span> <span class='ocrx_word' id='word_1_781' title='bbox 1742 2287 1856 2318; x_wconf 73' lang='lat' dir='ltr'><strong>scitote,</strong></span> 
     </span>
    </p>
   </div>
   <div class='ocr_carea' id='block_1_127' title="bbox 1061 2332 1857 2367">
    <p class='ocr_par' dir='ltr' id='par_1_127' title="bbox 1061 2332 1857 2367">
     <span class='ocr_line' id='line_1_127' title="bbox 1061 2332 1857 2367; baseline -0.001 -8"><span class='ocrx_word' id='word_1_782' title='bbox 1061 2333 1189 2367; x_wconf 84' lang='lat' dir='ltr'><strong>quoniam</strong></span> <span class='ocrx_word' id='word_1_783' title='bbox 1205 2338 1232 2359; x_wconf 85' lang='lat' dir='ltr'><strong>et</strong></span> <span class='ocrx_word' id='word_1_784' title='bbox 1242 2333 1343 2365; x_wconf 86' lang='lat' dir='ltr'><strong>omnis,</strong></span> <span class='ocrx_word' id='word_1_785' title='bbox 1361 2333 1406 2367; x_wconf 90' lang='lat' dir='ltr'><strong>qui</strong></span> <span class='ocrx_word' id='word_1_786' title='bbox 1424 2333 1489 2360; x_wconf 83' lang='lat' dir='ltr'><strong>facit</strong></span> <span class='ocrx_word' id='word_1_787' title='bbox 1508 2332 1656 2367; x_wconf 86' lang='lat' dir='ltr'><strong>justitiam.</strong></span> <span class='ocrx_word' id='word_1_788' title='bbox 1675 2338 1708 2358; x_wconf 81' lang='lat' dir='ltr'><strong>ex</strong></span> <span class='ocrx_word' id='word_1_789' title='bbox 1722 2339 1759 2359; x_wconf 88' lang='lat' dir='ltr'><strong>eo</strong></span> <span class='ocrx_word' id='word_1_790' title='bbox 1774 2338 1857 2359; x_wconf 81' lang='lat' dir='ltr'><strong>natus</strong></span> 
     </span>
    </p>
   </div>
   <div class='ocr_carea' id='block_1_128' title="bbox 1059 2383 1134 2405">
    <p class='ocr_par' dir='ltr' id='par_1_128' title="bbox 1059 2383 1134 2405">
     <span class='ocr_line' id='line_1_128' title="bbox 1059 2383 1134 2405; baseline -0.013 0"><span class='ocrx_word' id='word_1_791' title='bbox 1059 2383 1109 2405; x_wconf 85' lang='lat' dir='ltr'><strong>est.</strong></span> <span class='ocrx_word' id='word_1_792' title='bbox 1125 2388 1134 2404; x_wconf 74' lang='grc' dir='ltr'>ι</span> 
     </span>
    </p>
   </div>
   <div class='ocr_carea' id='block_1_129' title="bbox 1098 2423 1856 2460">
    <p class='ocr_par' dir='ltr' id='par_1_129' title="bbox 1098 2423 1856 2460">
     <span class='ocr_line' id='line_1_129' title="bbox 1098 2423 1856 2460; baseline 0.001 -11"><span class='ocrx_word' id='word_1_793' title='bbox 1098 2424 1126 2450; x_wconf 85' lang='grc'><strong>’0</strong></span> <span class='ocrx_word' id='word_1_794' title='bbox 1140 2423 1287 2459; x_wconf 60' lang='grc' dir='ltr'><strong>διειληφὼς</strong></span> <span class='ocrx_word' id='word_1_795' title='bbox 1299 2445 1307 2457; x_wconf 82' lang='lat'><strong>,</strong></span> <span class='ocrx_word' id='word_1_796' title='bbox 1331 2425 1412 2460; x_wconf 63' lang='grc' dir='ltr'>φησιν</span> <span class='ocrx_word' id='word_1_797' title='bbox 1428 2445 1436 2457; x_wconf 88' lang='grc'>,</span> <span class='ocrx_word' id='word_1_798' title='bbox 1520 2425 1570 2459; x_wconf 83' lang='lat' dir='ltr'><strong>Qui</strong></span> <span class='ocrx_word' id='word_1_799' title='bbox 1607 2425 1856 2460; x_wconf 76' lang='lat' dir='ltr'><strong>discipliuahiliter</strong></span> 
     </span>
    </p>
   </div>
   <div class='ocr_carea' id='block_1_130' title="bbox 1059 2468 1859 2510">
    <p class='ocr_par' dir='ltr' id='par_1_130' title="bbox 1059 2468 1859 2510">
     <span class='ocr_line' id='line_1_130' title="bbox 1059 2468 1859 2510; baseline -0.001 -11"><span class='ocrx_word' id='word_1_800' title='bbox 1059 2468 1280 2509; x_wconf 64' lang='grc' dir='ltr'><strong>ἐπιστημονιιεῶς</strong></span> <span class='ocrx_word' id='word_1_801' title='bbox 1289 2474 1437 2510; x_wconf 78' lang='grc' dir='ltr'><strong>περὶθεοῦ,</strong></span> <span class='ocrx_word' id='word_1_802' title='bbox 1476 2474 1670 2500; x_wconf 83' lang='lat' dir='ltr'><strong>animadvertit</strong></span> <span class='ocrx_word' id='word_1_803' title='bbox 1681 2468 1799 2505; x_wconf 32' lang='lat' dir='ltr'><strong>tle-Deo,</strong></span> <span class='ocrx_word' id='word_1_804' title='bbox 1815 2473 1859 2507; x_wconf 91' lang='lat' dir='ltr'><strong>qui</strong></span> 
     </span>
    </p>
   </div>
   <div class='ocr_carea' id='block_1_131' title="bbox 1063 2518 1860 2554">
    <p class='ocr_par' dir='ltr' id='par_1_131' title="bbox 1063 2518 1860 2554">
     <span class='ocr_line' id='line_1_131' title="bbox 1063 2518 1860 2554; baseline 0.001 -8"><span class='ocrx_word' id='word_1_805' title='bbox 1063 2521 1103 2552; x_wconf 75' lang='grc' dir='ltr'><strong>ὡς</strong></span> <span class='ocrx_word' id='word_1_806' title='bbox 1119 2520 1195 2553; x_wconf 76' lang='grc' dir='ltr'>ὄντος</span> <span class='ocrx_word' id='word_1_807' title='bbox 1211 2522 1270 2548; x_wconf 77' lang='grc' dir='ltr'><strong>κατ’</strong></span> <span class='ocrx_word' id='word_1_808' title='bbox 1283 2522 1377 2548; x_wconf 76' lang='grc' dir='ltr'>οὐσίαν</span> <span class='ocrx_word' id='word_1_809' title='bbox 1393 2522 1434 2549; x_wconf 82' lang='grc' dir='ltr'><strong>δι-</strong></span> <span class='ocrx_word' id='word_1_810' title='bbox 1475 2518 1860 2554; x_wconf 64' lang='lat' dir='ltr'><strong>subslanlialiterjustttscit.</strong></span> 
     </span>
    </p>
   </div>
   <div class='ocr_carea' id='block_1_132' title="bbox 1063 2565 1862 2604">
    <p class='ocr_par' dir='ltr' id='par_1_132' title="bbox 1063 2565 1862 2604">
     <span class='ocr_line' id='line_1_132' title="bbox 1063 2565 1862 2604; baseline -0.003 -10"><span class='ocrx_word' id='word_1_811' title='bbox 1063 2569 1143 2595; x_wconf 83' lang='grc' dir='ltr'>καίου</span> <span class='ocrx_word' id='word_1_812' title='bbox 1157 2587 1165 2601; x_wconf 84' lang='lat'><strong>,</strong></span> <span class='ocrx_word' id='word_1_813' title='bbox 1196 2569 1299 2601; x_wconf 71' lang='grc' dir='ltr'><strong>εὐθέως</strong></span> <span class='ocrx_word' id='word_1_814' title='bbox 1333 2570 1434 2604; x_wconf 80' lang='grc' dir='ltr'><strong>γνῶσιν</strong></span> <span class='ocrx_word' id='word_1_815' title='bbox 1473 2574 1535 2594; x_wconf 85' lang='lat' dir='ltr'><strong>mox</strong></span> <span class='ocrx_word' id='word_1_816' title='bbox 1552 2566 1613 2598; x_wconf 86' lang='lat' dir='ltr'><strong>scit,</strong></span> <span class='ocrx_word' id='word_1_817' title='bbox 1627 2565 1760 2600; x_wconf 87' lang='lat' dir='ltr'><strong>quoniam</strong></span> <span class='ocrx_word' id='word_1_818' title='bbox 1773 2574 1811 2593; x_wconf 78' lang='lat' dir='ltr'><strong>ex</strong></span> <span class='ocrx_word' id='word_1_819' title='bbox 1831 2573 1862 2592; x_wconf 71' lang='lat' dir='ltr'><strong>eo</strong></span> 
     </span>
    </p>
   </div>
   <div class='ocr_carea' id='block_1_133' title="bbox 1062 2613 1862 2651">
    <p class='ocr_par' dir='ltr' id='par_1_133' title="bbox 1062 2613 1862 2651">
     <span class='ocr_line' id='line_1_133' title="bbox 1062 2613 1862 2651; baseline 0 -9"><span class='ocrx_word' id='word_1_820' title='bbox 1062 2616 1128 2649; x_wconf 71' lang='grc' dir='ltr'>ἕξει,</span> <span class='ocrx_word' id='word_1_821' title='bbox 1139 2615 1177 2648; x_wconf 84' lang='grc' dir='ltr'><strong>ὼς</strong></span> <span class='ocrx_word' id='word_1_822' title='bbox 1187 2617 1315 2651; x_wconf 79' lang='grc' dir='ltr'><strong>γεννᾶται</strong></span> <span class='ocrx_word' id='word_1_823' title='bbox 1327 2619 1359 2644; x_wconf 79' lang='grc' dir='ltr'>ὲκ</span> <span class='ocrx_word' id='word_1_824' title='bbox 1372 2617 1434 2644; x_wconf 84' lang='grc' dir='ltr'><strong>τού·</strong></span> <span class='ocrx_word' id='word_1_825' title='bbox 1468 2620 1629 2651; x_wconf 75' lang='lat' dir='ltr'><strong>generatur,</strong></span> <span class='ocrx_word' id='word_1_826' title='bbox 1648 2614 1695 2650; x_wconf 87' lang='lat' dir='ltr'><strong>qui</strong></span> <span class='ocrx_word' id='word_1_827' title='bbox 1713 2613 1862 2649; x_wconf 73' lang='lat' dir='ltr'><strong>justitiam</strong></span> 
     </span>
    </p>
   </div>
   <div class='ocr_carea' id='block_1_134' title="bbox 1060 2660 1636 2699">
    <p class='ocr_par' dir='ltr' id='par_1_134' title="bbox 1060 2660 1636 2699">
     <span class='ocr_line' id='line_1_134' title="bbox 1060 2660 1636 2699; baseline 0.005 -12"><span class='ocrx_word' id='word_1_828' title='bbox 1060 2669 1126 2694; x_wconf 80' lang='grc' dir='ltr'><strong>του,</strong></span> <span class='ocrx_word' id='word_1_829' title='bbox 1145 2661 1158 2688; x_wconf 88' lang='grc' dir='ltr'><strong>ό</strong></span> <span class='ocrx_word' id='word_1_830' title='bbox 1183 2661 1233 2697; x_wconf 81' lang='grc' dir='ltr'><strong>τὴν</strong></span> <span class='ocrx_word' id='word_1_831' title='bbox 1256 2660 1432 2698; x_wconf 75' lang='grc' dir='ltr'><strong>δικαιοσύνην</strong></span> <span class='ocrx_word' id='word_1_832' title='bbox 1472 2664 1532 2699; x_wconf 83' lang='lat' dir='ltr'><strong>ejus</strong></span> <span class='ocrx_word' id='word_1_833' title='bbox 1547 2662 1609 2690; x_wconf 80' lang='lat' dir='ltr'><strong>facit</strong></span> <span class='ocrx_word' id='word_1_834' title='bbox 1630 2672 1636 2690; x_wconf 92' lang='lat'><strong>:</strong></span> 
     </span>
    </p>
   </div>
   <div class='ocr_carea' id='block_1_135' title="bbox 1061 2715 1262 2734">
    <p class='ocr_par' dir='ltr' id='par_1_135' title="bbox 1061 2715 1262 2734">
     <span class='ocr_line' id='line_1_135' title="bbox 1061 2715 1262 2734; baseline 0 -1"><span class='ocrx_word' id='word_1_835' title='bbox 1061 2715 1094 2733; x_wconf 71' lang='grc' dir='ltr'><strong>αυ</strong></span> <span class='ocrx_word' id='word_1_836' title='bbox 1101 2716 1147 2733; x_wconf 65' lang='grc' dir='ltr'><strong>του</strong></span> <span class='ocrx_word' id='word_1_837' title='bbox 1166 2716 1262 2734; x_wconf 80' lang='grc' dir='ltr'><strong>ποιων·</strong></span> 
     </span>
    </p>
   </div>
   <div class='ocr_carea' id='block_1_136' title="bbox 1058 2755 1858 2790">
    <p class='ocr_par' dir='ltr' id='par_1_136' title="bbox 1058 2755 1858 2790">
     <span class='ocr_line' id='line_1_136' title="bbox 1058 2755 1858 2790; baseline -0.001 -9"><span class='ocrx_word' id='word_1_838' title='bbox 1058 2755 1126 2782; x_wconf 88' lang='lat' dir='ltr'><strong>sicut</strong></span> <span class='ocrx_word' id='word_1_839' title='bbox 1156 2755 1196 2787; x_wconf 79' lang='lat' dir='ltr'><strong>is,</strong></span> <span class='ocrx_word' id='word_1_840' title='bbox 1224 2755 1269 2790; x_wconf 84' lang='lat' dir='ltr'><strong>qui</strong></span> <span class='ocrx_word' id='word_1_841' title='bbox 1303 2755 1355 2782; x_wconf 82' lang='lat' dir='ltr'><strong>scit</strong></span> <span class='ocrx_word' id='word_1_842' title='bbox 1383 2763 1443 2782; x_wconf 89' lang='lat' dir='ltr'><strong>eum</strong></span> <span class='ocrx_word' id='word_1_843' title='bbox 1468 2759 1612 2787; x_wconf 81' lang='lat' dir='ltr'><strong>sanctum,</strong></span> <span class='ocrx_word' id='word_1_844' title='bbox 1645 2755 1733 2789; x_wconf 75' lang='lat' dir='ltr'><strong>magis</strong></span> <span class='ocrx_word' id='word_1_845' title='bbox 1762 2760 1858 2783; x_wconf 75' lang='lat' dir='ltr'><strong>autem</strong></span> 
     </span>
    </p>
   </div>
   <div class='ocr_carea' id='block_1_137' title="bbox 1307 2837 1542 2877">
    <p class='ocr_par' dir='ltr' id='par_1_137' title="bbox 1307 2837 1542 2877">
     <span class='ocr_line' id='line_1_137' title="bbox 1307 2837 1542 2877; baseline 0 -13"><span class='ocrx_word' id='word_1_846' title='bbox 1307 2837 1328 2852; x_wconf 81' lang='lat'><strong>&quot;&#39;</strong></span> <span class='ocrx_word' id='word_1_847' title='bbox 1346 2837 1406 2865; x_wconf 76' lang='lat' dir='ltr'><strong>Act.</strong></span> <span class='ocrx_word' id='word_1_848' title='bbox 1426 2837 1542 2877; x_wconf 76' lang='lat' dir='ltr'><strong>xm,‘.’2.</strong></span> 
     </span>
    </p>
   </div>
  </div>
