1913 3071
189 117 258 146 1785

629 117 845 145 ΕΝΔΠΒΑΤΙΟ
864 116 897 144 IN
917 117 1112 146 EPISTOLAM
1132 119 1185 147 IS.
1207 119 1359 148 JOANNIS.

1752 119 1821 148 1738

190 175 403 203 sanctimoniam
438 174 588 208 exsistere,
622 177 706 203 trmlit
738 177 914 212 setttelipsatn
948 182 979 204 ut
995 180 1018 208 Α
1034 183 1113 211 ptara
1133 187 1139 204 :
1159 187 1168 204 1
1190 179 1301 206 Animas
1317 183 1423 207 vestras
1450 183 1601 214 purgantes
1630 179 1662 206 ad
1687 179 1822 206 obedien-

187 221 383 254 sanctiﬁcetur,
404 226 479 250 cene
503 222 592 250 sciens
607 222 692 255 illud,
712 222 785 257 quod
806 223 864 250 ait:
882 232 892 248 t
908 221 980 250 Sau-

188 268 224 295 cti
250 268 349 300 eritis,
378 264 509 302 quoniam
533 274 583 303 ego
610 275 639 296 sa
658 273 721 295 ctus
742 276 804 296 sum
830 269 863 296 *'.
884 278 892 294 1
910 268 982 296 Bene

186 318 277 341 autem
297 314 401 341 dictum
422 319 481 346 est,
500 323 510 340 1
526 315 571 349 qui
591 314 672 348 facit;
693 323 702 340 1
717 322 769 342 non
793 315 865 342 eiiim
889 314 980 343 dixit:

187 361 233 396 qui
260 361 343 393 fecit,
371 360 433 388 vel:
454 361 503 396 qui
532 361 655 389 facturus
681 361 830 397 justitiatu.
857 361 982 396 Operau-

186 412 242 434 tem
267 409 340 435 enim
366 407 502 443 justitiam
530 409 705 436 commendat
731 408 840 442 virtus,
863 416 925 436 cum
946 409 982 437 sit

189 455 295 482 scilicet
327 454 450 483 actualis.
478 453 573 482 Nullus
611 455 703 489 itaque
730 459 875 489 antequam
899 455 981 482 faciat

187 510 248 538 qtae
276 502 385 530 virtutis
417 507 499 533 sunt,
531 501 618 535 iustus
647 505 705 534 est,
738 502 784 529 sed
805 508 893 536 neque
917 501 980 528 dum

186 547 339 576 cessaverit
366 547 474 581 operari
505 555 576 575 eam.
600 547 677 580 Quod
704 554 767 574 vero
793 547 863 574 Deus
889 547 981 582 justus

186 598 227 621 est
239 615 246 627 ,
272 601 303 621 ex
329 593 420 620 multis
441 594 509 620 valet
524 593 648 628 agnosci.
665 592 772 628 Moyses
786 594 859 621 enim
870 614 878 626 ,
895 594 981 621 «San-

187 646 257 671 etus,
287 641 385 674 inquit,
416 645 441 666 et
461 639 549 673 justus
568 639 612 665 ³⁸1
625 640 764 667 Dominus.
787 639 862 667 Sicut
889 645 916 668 et
933 648 981 675 per

190 686 363 714 Psalmistam
399 687 498 714 dicitur
515 696 521 714 :
541 696 549 712 I
567 685 659 714 Justus
686 686 828 718 Doruinus,
843 691 870 713 et.
897 686 978 721 justi-

190 733 254 758 tiam
278 731 373 759 dilexit
390 733 424 759 ³⁷.
445 742 454 758 1
473 732 525 759 Lte
549 731 604 767 (18)
627 732 689 759 item
714 732 794 760 Pater
819 731 979 761 Salvatoris.

189 778 260 806 Dicit
284 779 357 805 enim
388 779 421 805 ad
449 778 566 812 Deum,‘
586 779 668 806 Pater
692 779 781 814 jnste,
810 779 928 806 rutundus
956 785 982 807 te

187 832 241 852 non
271 826 399 859 cognovit
418 825 452 853 ’⁸.
476 834 485 851 1
505 826 574 852 Cum
607 833 673 860 ergo
703 825 781 859 hujus
811 826 847 852 sit
878 825 978 858 Filius,

188 875 317 905 tanquam
342 871 413 898 Deus
429 878 461 898 ex
483 871 554 903 Deo,
573 877 598 898 et
619 876 736 898 sanctus
754 879 786 898 ex
809 877 904 899 sancto
917 892 924 903 ,
943 873 981 899 ita

187 922 229 944 est
255 923 282 944 et
307 917 397 952 justus
411 924 443 943 ex
466 917 551 952 justo.
578 917 631 944 Nec
651 922 784 953 repugnat
810 918 852 945 his
875 919 980 952 verbis,

186 963 258 998 quod
282 963 391 996 dicitur,
415 970 477 990 eum
499 971 561 991 esse
583 963 728 998 justitiam.
749 964 818 997 Quia
841 966 911 991 enim
935 973 983 1000 per

183 1010 387 1043 substantiam,
413 1010 465 1037 hoc
487 1015 545 1043 est,
569 1010 669 1037 dicitur
686 1018 746 1037 esse
768 1010 875 1044 justitia
901 1011 981 1038 simul

186 1061 213 1084 et
239 1056 348 1091 justus,
377 1057 486 1090 quando
519 1056 556 1089 is,
588 1057 633 1091 qui
663 1064 710 1092 per
741 1058 980 1093 participationem

185 1101 272 1136 iustus
297 1107 338 1130 est
352 1110 513 1138 ,nunquam
537 1104 645 1138 proprie
664 1104 771 1137 justitia
797 1109 980 1139 inincupatur,

187 1149 237 1176 nisi
271 1146 342 1175 forte
373 1149 460 1183 ipsum
491 1149 630 1181 habitum,
665 1158 713 1185 p10
745 1158 796 1183 eo,
827 1152 872 1186 qui
902 1152 983 1179 habet

186 1202 264 1226 etim,
292 1195 405 1229 quilibet
435 1195 577 1230 intelligat.
606 1196 667 1228 Quo
697 1197 779 1224 verbo
806 1198 886 1224 etiam
911 1197 981 1232 Apo-

183 1240 272 1268 stolus
300 1248 364 1268 usus
392 1245 450 1274 est,
481 1243 576 1270 (licens
605 1242 698 1271 ﬁdeles
727 1243 786 1271 ﬁeri
818 1244 843 1270 in
870 1243 981 1271 Christo

184 1287 314 1322 justitiam
331 1297 338 1315 :
356 1297 365 1313 t
383 1287 460 1321 Eum,
486 1289 594 1323 inquit,
621 1289 665 1321 qui
690 1294 830 1324 peccatum
859 1297 911 1316 11011
932 1297 981 1316 no-

186 1334 241 1366 vit,
272 1339 413 1368 peceatum
443 1342 491 1370 pro
518 1335 595 1363 nobis
623 1335 707 1369 fecit,
725 1341 755 1362 ut
781 1343 829 1362 nos
859 1342 982 1362 eSsetuus

186 1381 292 1416 justitia
310 1381 355 1407 Dei
377 1382 403 1407 in
423 1388 455 1407 eo
471 1381 503 1408 “.
524 1391 533 1407 1

219 1426 297 1454 CAP.
318 1425 368 1458 lil,
385 1435 463 1453 vene.
484 1427 511 1454 2.
536 1436 545 1452 1
560 1426 739 1459 Charissimi,
768 1435 839 1454 nunc
861 1427 906 1455 lilii
931 1427 980 1455 Dei

186 1479 278 1499 sumus
293 1493 300 1505 ,
317 1478 344 1498 et
363 1473 482 1499 nondum
499 1472 702 1499 manifestatum
717 1477 774 1505 est,
791 1474 861 1507 quod
876 1481 979 1501 smnus.

188 1517 298 1544 Scimus
316 1518 463 1552 quoniam,
483 1525 543 1544 cum
565 1518 737 1552 apparuerit,
755 1519 858 1546 similes
879 1519 903 1546 ei
927 1521 980 1546 eri-
995 1536 1015 1562 Ο

187 1571 246 1590 mus
256 1582 264 1594 ,
283 1572 292 1589 t
306 1567 360 1590 clc.

221 1607 274 1636 Per
296 1615 327 1635 ea
350 1616 410 1643 qua:
424 1608 536 1642 scribit,
553 1608 654 1636 excitat
679 1609 832 1642 auditores,
851 1613 880 1636 ut
899 1617 980 1645 agno-

187 1658 265 1682 scant
290 1654 382 1690 quales
406 1662 438 1681 ex
467 1653 521 1681 Deo
546 1655 600 1682 sint
627 1654 705 1688 facti,
727 1655 839 1682 dicens:
866 1655 889 1682 Ο
913 1663 980 1683 cou-

187 1700 279 1728 ﬁdeles
308 1701 417 1733 nostri,
448 1701 521 1735 digni
552 1701 718 1728 exsisteutes
747 1706 776 1728 ut
805 1701 978 1737 diligamini,

188 1746 234 1773 tlii
264 1746 310 1774 Dei
341 1754 452 1779 sumus,
479 1745 535 1781 jam
564 1754 578 1774 a
603 1747 729 1782 priesenti
753 1748 881 1776 saeculo:
907 1749 979 1783 quad

187 1793 316 1820 sseculum
345 1794 498 1828 siguilicat,
529 1802 561 1821 eo
586 1796 657 1828 quell
686 1802 757 1821 nune
781 1795 848 1822 tales
874 1795 978 1828 simus,

188 1839 251 1865 dqu
280 1844 387 1866 constat
418 1839 444 1866 in
473 1839 569 1871 nobis,
598 1839 679 1867 sicuti
715 1841 845 1875 possibile
879 1845 920 1868 est
952 1841 978 1868 in

187 1885 314 1920 presenti
341 1886 417 1919 vita,
446 1886 563 1913 liliorum
590 1886 711 1920 adoptio.
742 1886 818 1913 Sicut
844 1887 917 1914 enim
946 1895 979 1914 ex

188 1936 266 1967 parte
290 1931 498 1967 cognoscimus,
523 1937 549 1959 et
572 1933 668 1959 arrhas
691 1932 811 1966 Spiritus
837 1941 908 1960 nunc
930 1934 981 1960 ha—

190 1979 301 2010 bemus,
327 1979 366 2006 sic
387 1985 412 2007 et
436 1979 595 2014 particulam
614 1978 670 2014 (l9)
692 1978 740 2014 (ut
760 1980 796 2006 ita
815 1979 925 2012 dicam)
950 1979 980 2006 li-

189 2024 287 2051 liorutn
306 2025 480 2060 adoptionem
502 2026 707 2060 possideamns,
729 2026 793 2052 dum
816 2025 849 2053 ad
871 2026 978 2061 plenum

188 2078 248 2098 eam
273 2071 298 2098 in
324 2071 415 2099 l'uturo
440 2072 633 2107 percipiamus.
658 2071 782 2098 Nondum
804 2079 868 2099 vero
891 2073 979 2100 mani-

190 2117 288 2145 festum
316 2124 376 2150 est,
405 2119 460 2154 (illi)
489 2120 576 2146 virtus
599 2123 626 2145 et
651 2118 775 2153 operatio
800 2118 858 2153 ejus
882 2125 977 2154 aperta

188 2164 244 2191 sit:
274 2169 416 2196 attamen,
446 2164 509 2192 licet
538 2165 574 2191 ita
600 2171 629 2191 se
659 2171 701 2191 res
729 2164 846 2197 habeat,
876 2165 979 2192 scimus

189 2209 268 2243 quia,
297 2218 358 2237 cum
387 2211 564 2245 apparuerit,
590 2210 661 2245 quod
690 2210 772 2237 futitri
800 2218 916 2242 stnnus,
942 2211 979 2238 si-
997 2207 1018 2234 Ῑ)

189 2256 267 2282 miles
289 2257 465 2284 mtemlemur
487 2257 560 2284 Patri
583 2262 695 2290 nostro,
720 2256 803 2284 visuri
825 2264 905 2287 cum.
923 2257 979 2284 sic-

189 2301 228 2328 uti
251 2307 310 2334 cst,
337 2302 388 2330 hor.
410 2308 451 2330 est
470 2303 591 2337 perfecte
610 2307 636 2330 et
658 2302 843 2330 indiﬁ‘erenter
857 2304 980 2332 videntes

188 2355 261 2377 eum.
288 2348 355 2375 Dum
383 2357 447 2384 ergo
469 2350 504 2376 sit.
526 2349 708 2384 exspectatio,
731 2353 759 2376 ct
781 2353 873 2384 speret
897 2358 981 2378 unus-

188 2396 320 2431 quisque,
338 2396 454 2423 similem
473 2403 502 2424 se
527 2396 586 2423 fore
605 2396 676 2428 Deo,
703 2400 731 2422 ut
752 2395 918 2424 excellenter
938 2397 980 2424 vi-

189 2443 251 2469 deat
275 2450 354 2474 eutn,
382 2444 515 2470 castilicet
545 2443 740 2477 semetipsum,
765 2443 844 2470 sicuti
869 2448 909 2470 est
932 2451 979 2471 ca-

189 2491 247 2515 stus
272 2488 333 2520 ille,
361 2497 440 2523 quem
464 2494 556 2524 sperat
582 2488 734 2523 inspicere,
759 2488 874 2515 mundus
898 2490 980 2517 corde

190 2535 355 2562 consistens.
371 2535 512 2563 Castiﬁcat
531 2540 621 2563 autem
641 2541 669 2562 se
693 2535 826 2570 quisque,
852 2541 929 2563 actus
953 2541 982 2563 et

190 2582 351 2615 sapientiam
379 2582 570 2617 inculpabilem
596 2582 710 2608 habens.
736 2582 781 2608 Ait
806 2582 878 2609 enim
906 2581 980 2612 Seri-

225 2638 249 2654 “
270 2638 355 2666 Levit.
378 2647 404 2665 xt
418 2659 425 2670 ,
440 2639 485 2666 45.
523 2639 547 2655 ¹⁶
568 2639 643 2665 Deut.
664 2646 758 2668 xxxtt,
773 2639 800 2665 4.

190 2682 230 2706 xt,
246 2674 272 2700 7.
324 2674 346 2690 ³¹
366 2673 540 2708 Joan.|,12.
579 2674 602 2690 ³²
622 2674 630 2701 l
647 2673 728 2702 Joan.
748 2682 774 2706 ν,
791 2674 817 2700 1.

226 2721 282 2753 118)
302 2721 407 2749 Justus.
426 2722 463 2748 ita
478 2721 637 2750 Gallandius
656 2721 783 2756 (onjecil,
798 2725 880 2749 recte.

227 2757 284 2789 (I9)
306 2757 448 2790 Fortasse,
468 2757 657 2791 particulatim.

226 2792 282 2861 (20)
303 2791 474 2820 insert-mlum
490 2798 551 2819 ante
566 2792 646 2819 uirtus
663 2793 766 2819 videtur
781 2792 853 2820 licet.

238 2828 282 2861 2i)
304 2827 359 2855 Hoc
375 2827 508 2855 Gallamlii
525 2828 683 2861 est.Aatca,
696 2829 729 2855 ci.
750 2828 845 2856 Verius

238 2828 282 2862 2i)
304 2827 359 2855 lloc
375 2827 508 2855 Gallamlii
525 2828 683 2862 est.Aatea,
696 2829 729 2855 ci.
750 2828 845 2856 Verius
863 2827 978 2855 Miinch-

193 2864 309 2892 meierus
323 2871 398 2892 incus
412 2864 522 2899 (unjecit
538 2884 543 2897 ,
560 2863 626 2898 ejus.

840 2639 862 2653 ’7
884 2637 955 2666 Psal.
974 2646 1007 2671 Χ,
1024 2638 1051 2665 8.

856 2673 878 2690 ³³
900 2673 1001 2702 lJoan.
1019 2681 1054 2705 11.
1071 2673 1116 2701 29.

1033 225 1098 251 tiam
1120 225 1255 252 veritatis.
1274 235 1282 251 1
1296 225 1395 253 Obedit
1420 226 1494 253 enim
1519 226 1642 257 veritati,
1663 225 1708 259 qui
1733 226 1823 252 scien-

1033 271 1098 298 tiam
1124 271 1170 298 Dei
1196 271 1252 308 (2|)
1279 273 1304 299 in
1323 280 1352 300 se
1375 273 1537 307 praecipuam
1552 272 1645 299 habet.
1670 272 1747 300 Unde
1762 279 1824 306 per-

1034 325 1096 345 raro
1122 317 1277 353 hnjusmodi
1300 319 1444 354 reperitur.
1464 328 1474 345 t
1489 318 1555 352 Quis
1580 318 1652 345 enim
1665 339 1671 350 ,
1689 318 1823 352 1111111111,

1035 364 1230 399 «gloriabitur,
1255 370 1360 392 castum
1389 365 1490 392 habere
1514 365 1586 392 cor!
1612 365 1644 391 Et
1665 365 1727 399 quis
1753 365 1821 391 ﬁdu-

1032 411 1101 438 ciam
1121 411 1229 438 habebit
1240 432 1246 442 ,
1265 413 1394 438 mumlmn
1410 419 1440 438 se
1457 419 1517 438 esse
1541 419 1555 438 a
1578 412 1715 445 peccato?
1729 421 1739 436 1
1755 412 1821 438 [tum

1032 459 1066 486 sit
1097 460 1213 487 mundus
1238 466 1250 486 ι
1276 463 1407 493 peccato,
1433 459 1493 492 quis
1520 458 1624 485 actibus
1652 463 1743 484 castus
1767 456 1823 484 0111-

1033 507 1103 533 citur
1118 506 1131 532 Υ
1157 504 1202 532 Sie
1228 506 1298 532 enim
1326 511 1353 532 et
1374 514 1382 530 t
1398 505 1505 539 eloquia
1532 505 1638 531 Domini
1668 510 1743 531 easta
1765 505 1788 520 "
1809 513 1820 530 D

1032 555 1094 578 sunt.
1112 551 1201 583 dicta,
1219 550 1398 577 castilieautia
1417 558 1481 581 eos,
1505 551 1550 584 qui
1573 550 1720 576 secundum
1743 558 1774 576 ea
1795 553 1824 577 et

1033 597 1198 624 intellectum
1215 601 1241 624 et
1258 604 1327 632 opus
1344 596 1455 623 habent.
1471 595 1540 628 Quia
1559 603 1622 623 vero
1640 600 1703 622 sunt
1725 603 1822 630 prove-

1032 647 1092 670 ctus
1114 644 1184 678 apud
1209 651 1275 674 eos,
1298 643 1342 678 qui
1366 642 1410 669 ﬁlii
1440 643 1485 670 Dei
1506 641 1590 673 ﬁunt,
1610 642 1698 676 palam
1715 647 1755 668 Bal
1775 643 1823 668 ad-

1033 691 1147 717 vertenti
1164 689 1318 724 Srriptaras
1335 695 1457 718 sanctas.
1489 690 1534 716 Ait
1559 689 1631 716 enim
1659 689 1703 716 hic
1729 689 1824 716 doctor

1033 735 1059 762 ia
1077 734 1221 769 Evangelia
1235 743 1295 766 suo,
1311 735 1488 772 suscipientes
1503 734 1594 762 desum
1614 734 1622 770 (
1637 734 1687 760 hoc
1703 739 1741 760 est
1761 734 1822 760 dum

1031 782 1144 808 credunt
1168 782 1193 808 ir.
1220 789 1236 809 ί.
1251 789 1274 808 ::.
1297 781 1430 816 nurnine)
1453 784 1614 815 potestatem
1633 780 1758 814 arcipere
1776 778 1822 805 Dei

1033 827 1103 855 ﬁlios
1129 828 1184 854 ﬁeri
1213 828 1246 854 ³¹.
1274 827 1324 860 Qui
1355 832 1459 854 tantant
1486 828 1555 854 hanc
1582 831 1743 861 potestatem
1773 825 1822 851 ha-

1034 875 1097 903 bet,
1122 873 1242 905 virtute,
1265 879 1292 900 et
1321 873 1440 917 nondum
1466 872 1642 906 operatione,
1674 871 1744 897 lilius
1769 875 1822 898 est.

1033 921 1098 947 Cu'u
1115 925 1206 947 autent
1222 921 1291 946 bene
1306 920 1392 945 utitur
1414 916 1464 945 hac
1486 922 1635 952 potestate,
1659 916 1739 944 etiam
1758 923 1825 950 ope-

1034 967 1138 993 ratione
1164 966 1192 992 ﬁt
1218 966 1307 998 lilius,
1330 965 1405 997 cttjus
1427 972 1454 991 se
1476 964 1552 998 prius
1574 963 1760 990 tantummodo
1778 961 1824 989 vi-

1033 1013 1149 1040 debatur
1172 1012 1273 1038 habere
1297 1011 1442 1042 virtutem,
1465 1017 1636 1044 nequaquam
1661 1013 1823 1043 exspectans

1033 1059 1145 1086 credere
1174 1058 1200 1084 in
1226 1057 1283 1084 solo
1309 1056 1411 1083 Christi
1440 1055 1585 1087 vocabulo,
1610 1055 1657 1082 sed
1684 1055 1765 1081 etiam
1795 1055 1822 1080 iu

1033 1105 1091 1139 ipso
1109 1115 1114 1132 :
1134 1114 1142 1130 1
1158 1103 1270 1135 Omnis,
1286 1113 1295 1129 1
1311 1103 1417 1137 inquit,
1437 1111 1445 1127 ι
1461 1103 1507 1136 qui
1533 1102 1636 1132 credit,
1661 1108 1725 1135 quia
1744 1099 1824 1127 .lesus

1033 1157 1074 1179 cst
1101 1151 1250 1181 Christus,
1276 1158 1308 1177 ex
1337 1150 1391 1176 Deo
1419 1154 1499 1175 ualus
1526 1153 1568 1175 est
1592 1148 1625 1174 ³¹,
1646 1157 1655 1173 1
1673 1148 1824 1174 Assum-ms

1033 1198 1104 1226 Enim
1133 1205 1194 1225 cum
1222 1196 1275 1224 hoc
1304 1196 1401 1222 aﬁ'et-tu
1427 1195 1508 1222 etiam
1533 1195 1683 1222 custodiam
1711 1194 1823 1220 matula-

1032 1249 1142 1275 torum,
1177 1243 1267 1278 potius
1298 1243 1368 1269 lilius
1396 1242 1551 1276 adoptatur.
1581 1239 1631 1274 Qui
1661 1240 1732 1267 enim
1761 1238 1824 1266 facit

1029 1291 1181 1327 justitiam,
1199 1297 1232 1317 ex
1250 1289 1303 1316 Deo
1319 1295 1400 1316 natus
1417 1293 1458 1316 est
1481 1287 1514 1314 ³³.
1533 1287 1566 1314 Et
1591 1287 1636 1321 qui
1662 1284 1749 1320 diligit
1773 1285 1823 1312 ini-

1033 1339 1117 1364 micos
1134 1344 1216 1369 suos,
1236 1341 1265 1363 et
1283 1340 1343 1363 orat
1361 1343 1408 1369 pro
1430 1334 1660 1369 persequentibus
1684 1341 1728 1365 se,
1752 1333 1824 1359 lilius

1032 1384 1062 1410 lit
1088 1383 1209 1410 caelestis
1237 1382 1334 1408 Patris.
1360 1381 1442 1415 igitur
1469 1381 1491 1407 si
1520 1380 1545 1407 in
1572 1380 1623 1406 hoc
1649 1378 1766 1410 saeculo,
1794 1378 1821 1404 in

1032 1429 1104 1464 quod
1134 1428 1189 1463 (2‘2)
1215 1435 1248 1455 ex
1275 1432 1352 1462 parte
1380 1427 1588 1461 cognoscimus,
1620 1429 1645 1452 et
1674 1425 1745 1460 quod
1774 1424 1822 1450 bo-

1031 1482 1096 1501 num
1121 1479 1163 1501 est.
1184 1474 1305 1508 agimus,
1334 1477 1426 1499 tantus
1445 1476 1487 1499 est
1510 1471 1626 1498 ﬁliorum
1652 1469 1699 1497 Dei
1726 1477 1824 1505 prove-

1032 1524 1111 1551 ctus,
1140 1512 1212 1553 quod
1237 1522 1345 1553 oportet
1371 1517 1445 1544 credi
1475 1521 1534 1551 post
1563 1516 1621 1543 ha-c
1651 1516 1676 1542 in
1707 1515 1824 1542 hilaro?

1034 1565 1088 1601 Ego
1111 1565 1243 1599 siquidem
1273 1573 1324 1591 non
1356 1563 1442 1590 habeo
1471 1563 1541 1597 (piud
1572 1563 1680 1594 dicam,
1709 1561 1754 1588 sed
1781 1567 1824 1587 5e—

1032 1619 1102 1646 quor
1119 1618 1197 1643 eam,
1215 1610 1260 1644 qui
1280 1609 1365 1636 dixit:
1381 1617 1390 1634 t
1404 1608 1528 1635 Nondum
1549 1607 1751 1634 manifestatum
1771 1610 1822 1637 est,

1031 1658 1104 1693 quod
1122 1657 1203 1684 futuri
1222 1664 1337 1684 sumus:
1356 1655 1482 1690 quoniam
1501 1662 1562 1681 cum
1589 1653 1760 1689 apparuerit,
1785 1654 1823 1679 si-

1033 1704 1110 1731 miles
1132 1703 1171 1736 ei,
1196 1703 1240 1737 qui
1264 1702 1372 1737 genuit,
1398 1701 1508 1728 erimus.
1526 1700 1625 1727 illanc
1651 1699 1742 1732 itaque
1764 1705 1824 1732 per—

1032 1750 1176 1777 fectionem
1203 1748 1352 1775 habendam
1375 1747 1525 1782 putandum
1543 1751 1585 1773 est
1607 1746 1632 1772 in
1657 1745 1747 1772 futuro
1764 1749 1824 1778 post

1032 1797 1142 1827 omnia,
1170 1796 1231 1822 dum
1260 1795 1331 1821 sicut
1356 1793 1437 1821 Pater
1464 1797 1491 1820 et
1517 1792 1601 1820 Filius
1630 1800 1711 1818 unum
1741 1795 1822 1823 sunt,

1032 1850 1114 1870 unum
1143 1846 1224 1868 erant
1250 1841 1276 1867 in
1303 1840 1381 1866 Patre
1406 1845 1433 1866 et
1456 1839 1540 1871 Filio,
1570 1839 1614 1873 qui
1642 1838 1710 1864 ham:
1736 1837 1824 1872 perfe-

1032 1890 1152 1917 ctiOnem
1180 1892 1360 1922 exspectant,
1394 1886 1498 1913 similes
1526 1886 1599 1913 Patri
1627 1884 1750 1918 Filioque
1781 1884 1824 1910 fu-

1033 1936 1086 1962 turi
1111 1935 1317 1970 participatione
1342 1933 1493 1959 Trinitatis.
1521 1931 1585 1965 Qua:
1607 1938 1672 1957 vero
1697 1931 1824 1964 ignoran-

1033 1986 1074 2009 tes
1098 1981 1199 2016 aliqui,
1227 1979 1439 2013 magnitudinem
1466 1978 1621 2005 intellectus
1643 1978 1676 2004 de
1699 1976 1770 2010 Deo,
1796 1980 1826 2004 et

1031 2036 1187 2056 mensuram
1213 2027 1325 2062 spiritus
1350 2025 1515 2053 excellentes
1532 2024 1588 2060 ('25)
1605 2023 1745 2055 scientize,
1768 2023 1822 2049 sic—

1033 2074 1070 2101 uti
1086 2079 1127 2102 est
1144 2074 1188 2101 Dei
1204 2073 1355 2101 substantia
1369 2092 1377 2104 ,
1402 2071 1557 2106 increpandi
1574 2074 1637 2098 sunt
1653 2069 1735 2104 impie
1749 2069 1826 2104 cogi-

1034 2126 1131 2148 tantes.
1155 2119 1213 2147 Non
1235 2120 1323 2152 enim,
1346 2119 1417 2154 quod
1443 2124 1553 2153 putant,
1578 2118 1628 2144 hoc
1654 2118 1753 2144 indicat
1777 2117 1819 2150 id,

1033 2167 1103 2200 quod
1118 2167 1250 2199 dicimus,
1269 2165 1386 2193 videmus
1409 2173 1468 2192 eum
1478 2164 1559 2192 sicuti
1575 2169 1612 2192 est
1628 2165 1746 2199 Spiritus
1759 2172 1824 2192 San-

1034 2215 1089 2247 cti,
1105 2219 1133 2241 et
1149 2213 1313 2241 assimilatos
1332 2212 1356 2239 ei
1376 2212 1499 2238 notitiam
1520 2212 1578 2246 ejus
1600 2211 1702 2238 habere
1723 2219 1821 2246 pesse,

1034 2264 1177 2294 postquam
1201 2266 1254 2285 non
1280 2263 1370 2293 potest
1392 2257 1478 2284 altera
1503 2257 1675 2284 conversatio
1698 2258 1822 2292 reperiri.

1034 2305 1192 2339 Hujusutodi
1213 2304 1442 2339 contemplatione
1461 2303 1549 2330 l'utura
1561 2323 1568 2336 ,
1584 2303 1745 2337 cunctisque
1761 2311 1824 2338 per-

1034 2350 1205 2379 venientibus
1224 2350 1257 2377 ad
1278 2350 1420 2377 scientiam
1439 2347 1616 2383 plenitudinis
1638 2348 1759 2381 Christi,
1776 2349 1824 2376 Dei

1036 2398 1128 2425 omnia
1146 2397 1173 2424 in
1191 2397 1318 2423 omnibus
1339 2395 1421 2429 facti,
1446 2396 1508 2422 dum
1535 2394 1586 2422 hoc
1601 2394 1750 2426 exstiterit,
1771 2403 1824 2423 non

1035 2443 1125 2471 dill'ert
1147 2450 1162 2469 a
1187 2442 1258 2474 Deo,
1283 2446 1416 2476 quatenus
1439 2441 1509 2468 alter
1532 2440 1557 2468 ia
1584 2440 1680 2476 angelo
1707 2441 1757 2473 sit,
1781 2440 1822 2467 al-

1036 2494 1076 2516 ter
1093 2488 1149 2525 (24)
1170 2489 1196 2515 111
1214 2488 1333 2515 bolnine.
1352 2487 1476 2515 Cessabit
1494 2486 1566 2513 enim
1591 2491 1648 2513 tum
1671 2485 1824 2519 hujusmodi

1035 2535 1200 2567 diﬁc-rentia,
1226 2535 1352 2561 omnibus
1376 2532 1516 2560 trahendis
1537 2532 1570 2559 ad
1591 2539 1672 2558 unam
1695 2532 1825 2559 simililu«

1034 2581 1145 2612 dinem,
1171 2588 1230 2615 qua:
1257 2580 1290 2606 ad
1318 2579 1402 2606 Deum
1431 2578 1551 2613 perlecta
1576 2577 1639 2605 erit.
1665 2576 1732 2605 Cum
1761 2586 1825 2605 vero

1104 2638 1126 2654 ’⁸
1146 2637 1225 2664 .loan.
1242 2644 1308 2668 xvii,
1323 2635 1369 2663 23.
1408 2635 1431 2651 ¹⁹
1452 2635 1472 2662 11
1490 2635 1552 2663 Cor.
1573 2634 1656 2667 v,2l.
1705 2634 1727 2650 ⁸⁰
1749 2634 1823 2662 Psal.

1068 2721 1125 2755 (2'2)
1146 2720 1298 2756 Legendum
1314 2723 1372 2751 est,
1390 2719 1416 2746 in
1432 2727 1492 2754 quo.

1069 2758 1125 2792 ('25)
1145 2757 1317 2784 Gallandius.
1332 2756 1490 2792 caret/cales.

1069 2789 1126 2827 (21)
1147 2793 1214 2819 l’uto
1241 2792 1282 2818 bis
1304 2790 1475 2818 scribendam
1498 2799 1576 2825 esse,
1600 2789 1704 2824 altera,
1727 2797 1824 2825 nempe

1034 2827 1227 2862 contemplatio.
