1913 3071
124 113 191 140 1787

751 114 866 142 Dll)\'.\|l
885 113 1116 142 ALEXANDRINI

1675 111 1747 141 ΗΕΒ

121 173 216 199 dicttut
234 172 383 199 ineruditi:
402 171 430 199 Si
449 180 502 200 tton
522 177 562 200 est
583 178 685 200 natura:
706 178 908 205 creaturarum,
925 175 948 204 Α
963 172 1078 204 habent,
1104 180 1163 207 qua!
1186 177 1229 200 est
1253 172 1375 206 factura,
1403 172 1465 200 duttt
1489 180 1564 200 mens
1589 178 1683 199 eorum
1707 172 1746 200 sit

122 224 150 244 ut
176 218 294 245 habeam
319 218 459 246 scientiam
487 218 646 246 substantia:
671 219 735 252 Dei,
760 219 828 246 falso
848 227 908 246 cre-

122 265 189 290 dunt
206 271 318 296 omnes,
337 264 478 297 dicentes,
496 272 525 291 se
548 265 712 292 iutellectunt
731 265 831 292 habere
849 266 905 292 Dei.

120 310 196 343 Quod
222 318 273 337 non
301 311 438 344 sapicnlcr
465 311 576 344 dicunt,
602 311 649 338 sed
673 311 759 338 Vititie‘
778 311 908 338 fallaciter

119 359 146 382 et
174 355 306 390 captiose.
339 355 397 382 Non
424 360 466 383 est
492 357 564 383 enim
593 357 761 391 impossibile
785 357 905 391 ejusdem

121 403 158 428 rei
188 409 299 428 veraces
326 403 567 437 contemplationes
590 404 711 430 diversas
737 411 812 436 esse,
841 411 907 437 qua-

119 454 177 472 rum
202 447 312 482 p0nitur
336 448 388 475 alia
414 448 522 482 quidem
550 449 576 476 in
600 456 649 481 eo,
671 449 740 484 quod
767 453 826 481 est,
853 449 905 476 alia

120 500 200 532 vero,
224 493 286 528 quid
308 498 366 523 est.
392 493 445 520 alia
470 500 576 528 autem,
596 502 644 520 cur
665 499 718 522 est.
747 494 838 522 Tertia
867 495 905 521 si-

119 539 228 572 quidem
255 546 307 565 non
333 539 363 566 ﬁt
387 539 460 566 circa
484 539 583 572 Deum,
609 548 661 567 non
690 540 831 568 habentem
852 542 905 567 nti-

117 591 172 618 que
205 592 314 612 causam
347 590 458 620 propter
486 594 544 620 quae
574 586 631 621 (ἓὲ)
662 593 714 613 t'sl.
745 587 813 613 Sunt
840 594 906 622 ergo

117 630 177 656 alite
207 630 284 662 duae,
313 638 428 664 quarttut
458 631 509 658 alia
539 633 646 666 quiden
679 633 765 666 posita
798 633 824 659 io
852 639 903 664 eo,

115 677 186 710 quod
207 681 263 709 est,
288 677 426 708 ostendit,
445 678 506 712 quia
529 685 561 704 ex
588 678 687 705 divinis
711 678 860 712 Scriptnris
879 683 906 705 et

117 721 287 749 naturalibus
311 722 497 757 intelligentiis
518 724 551 750 de
573 731 605 750 eo
628 729 740 750 tractatu
765 724 822 759 (‘26)
839 744 846 756 ,
871 732 902 751 ex

118 769 302 803 magnitudine
329 774 356 796 et
383 771 583 806 pulchritudine
615 776 801 798 crealutarnm
829 772 903 805 ejus,

117 819 145 840 ut
171 819 213 842 est
240 816 370 850 possibile
393 817 609 851 ccutemplantes
638 825 709 844 etttn.
741 817 808 845 lluic
836 826 903 845 con-

117 861 232 888 t-ortlaus
257 862 338 889 etiam
363 863 509 897 Apostolus
535 865 648 895 scribit.
676 864 799 898 primitus
823 873 905 899 opor-

118 911 175 932 tere
207 908 335 939 credere.
367 909 540 936 accedentem
572 911 604 936 ad
640 911 722 938 Deum
748 910 780 938 ³δ.
814 911 904 939 Altera

116 959 203 984 vero,
230 961 282 987 qtta
308 955 448 988 qua'ritnr,
478 956 541 990 quid
567 961 624 987 est.
652 965 711 983 cum
737 958 771 984 sit
793 958 905 992 ittappe-

117 998 200 1026 Iibilis
237 1001 393 1034 creatoris,
434 1002 460 1028 in
495 1002 550 1029 sola
589 1001 724 1030 Triuitate
759 1004 904 1036 cottsistit,

116 1045 219 1072 sciente
244 1045 340 1078 Patre,
368 1048 438 1082 quod
463 1053 504 1075 est
531 1049 634 1081 Filius,
662 1053 689 1076 et
717 1049 805 1083 Filio,
832 1051 904 1085 quod

117 1097 158 1118 est
183 1092 273 1125 I‘ater,
299 1101 360 1120 cum
382 1095 548 1129 evangelista
573 1096 646 1122 dicat
671 1096 839 1124 Salvatorem
865 1098 903 1124 di-

117 1138 190 1166 xisse
214 1139 238 1155 "
254 1148 260 1166 :
279 1149 287 1165 ε
303 1139 388 1167 Nemo
409 1142 503 1174 novit,
520 1142 581 1176 quis
603 1147 645 1169 est
665 1143 764 1175 Filitts,
787 1143 838 1170 nisi
855 1143 905 1170 Pa-

116 1189 168 1216 ter,
194 1190 221 1212 et
243 1187 304 1221 quis
328 1193 370 1214 est
392 1187 474 1215 Pater
494 1194 596 1222 noster,
618 1189 667 1217 nisi
693 1190 778 1217 Filius
803 1191 875 1226 (27),
893 1201 902 1217 ι

116 1229 247 1264 adjiciens
262 1239 268 1258 :
286 1241 295 1256 (
307 1237 334 1258 et
351 1233 394 1259 cui
421 1233 536 1259 voluerit
552 1233 635 1260 Filius
661 1234 792 1262 revelare.
809 1244 818 1261 ι
835 1235 905 1267 Con-

115 1277 222 1310 sidera,
241 1285 274 1303 tte
293 1278 318 1304 itt
345 1286 464 1313 praeceps
488 1279 571 1306 ruas!
596 1279 706 1306 Rcrelat
729 1280 800 1307 enitn
822 1281 855 1308 de
876 1288 905 1308 sc

115 1327 143 1349 ct
164 1323 196 1349 de
217 1321 297 1349 Patre
324 1324 447 1350 notitiam
477 1324 518 1351 Itis
539 1325 638 1359 quibus
662 1330 788 1359 apparet,
812 1330 903 1353 ostcn-

115 1368 184 1395 dens
198 1373 225 1396 et
249 1369 337 1403 palatn
365 1369 466 1397 faciens
487 1371 663 1405 semetipsum
688 1371 765 1398 cordi
787 1372 904 1405 mentis,

116 1419 144 1439 ιιι
159 1421 218 1440 cam
244 1414 365 1442 videntes
388 1417 643 1451 contemplationeut
667 1417 784 1444 habeant.
805 1418 903 1446 Patris.

115 1460 143 1486 Si
171 1468 235 1488 veto
261 1461 462 1496 permanserint
488 1463 685 1490 contendentes
708 1467 788 1498 atque
814 1465 904 1491 dicen-

961 218 1041 245 faeta.
1065 218 1126 246 Haec
1147 219 1381 254 diseipliuabiliter
1403 219 1507 254 magis,
1528 226 1582 246 tton
1603 218 1744 252 disciplina

958 269 1011 292 est.
1031 264 1105 292 Licet
1128 272 1192 300 ergo
1210 265 1310 299 Filius,
1333 266 1422 293 sciens
1443 265 1503 300 quis
1524 270 1565 293 est
1585 264 1675 294 Pater.
1699 271 1744 291 re-

959 311 1028 338 velet
1050 319 1111 338 eum
1136 312 1234 347 quibus
1257 312 1388 346 voluerit,
1410 313 1445 339 ita
1471 317 1558 340 tamen
1583 313 1633 339 hoc
1654 311 1741 347 palam

959 357 1040 390 facit,
1065 357 1135 385 sicut
1155 358 1208 385 illis
1232 359 1305 385 novit
1324 366 1384 386 esse
1407 358 1548 392 possibile.
1574 357 1744 392 Quapropter

957 402 1038 428 etiaut
1070 403 1102 429 de
1129 401 1209 430 l‘atrc
1238 404 1374 431 rerelante
1401 403 1498 431 Filium
1528 409 1590 430 sunt
1610 403 1742 434 dicenda,

957 448 1007 474 etsi
1036 448 1127 486 mira,
1147 453 1174 475 et
1204 449 1283 476 Pater
1310 450 1399 484 specie
1432 450 1540 477 videtur
1567 456 1648 481 esse,
1680 455 1742 482 quae

958 495 1030 522 dicta
1061 499 1142 526 sunt,
1172 494 1246 522 brevi
1275 495 1374 522 indicio
1401 495 1596 522 animadvertat
1623 502 1637 520 a
1664 494 1743 521 nobis

959 540 1069 568 inventa
1102 541 1170 576 (30).
1199 542 1316 568 Dicimus
1345 542 1488 569 scientiam
1515 548 1590 572 esse,
1620 539 1742 574 discipli-

958 595 1019 613 nam
1056 595 1135 621 esse,
1173 593 1199 614 ct
1235 587 1488 621 iudiseiplinabiletn
1521 587 1652 613 habitum.
1688 586 1740 612 Cui

957 633 1063 666 quidem
1089 633 1184 661 damus
1209 633 1295 667 majus
1316 638 1343 661 ct
1365 633 1474 665 minus,
1500 641 1551 659 non
1577 637 1665 660 autem
1690 632 1743 659 hoc

956 687 1064 714 quoque
1095 679 1243 713 disciplina:
1276 680 1460 707 concedimus.
1495 678 1554 707 Non
1583 679 1655 706 enitn
1689 677 1742 704 alia

956 726 1077 760 qna-dam
1096 731 1192 761 prtcter
1209 726 1351 754 scientiam
1374 726 1523 758 exsistens,
1547 725 1674 752 virtutem
1699 724 1742 751 iu—

957 771 1094 807 telligeudi
1124 772 1214 799 habet.
1247 771 1305 806 Ipsa
1336 772 1408 799 enim
1439 779 1519 806 posse
1543 771 1657 799 scientia
1683 775 1744 802 est,

957 827 1018 846 cutn
1050 826 1126 846 mens
1154 818 1382 853 disciplinabilis.
1413 819 1464 846 hoc
1491 823 1555 850 est.
1586 818 1660 852 ejus.
1693 816 1741 851 qui

957 865 1106 899 disciplina:
1127 872 1209 900 capax
1232 869 1290 897 est,
1314 864 1431 891 alterum
1449 864 1570 891 habitum
1587 862 1745 898 disciplina-

956 911 1036 938 bilettt
1056 911 1171 943 habeat,
1189 911 1291 945 absque
1308 911 1459 938 substantia
1477 918 1536 938 sua.
1561 910 1599 937 Ex
1618 910 1659 937 his
1676 909 1740 944 qui-

956 957 1020 984 libet
1038 957 1145 985 intliciis
1168 957 1291 984 eruditus
1314 957 1514 992 quodammodo
1534 956 1671 990 cognoscit
1693 954 1745 981 dif-

957 1003 1099 1031 ferentiam
1119 1003 1239 1030 scientize
1261 1003 1306 1030 Dei
1318 1023 1325 1035 ,
1341 1011 1421 1037 quant
1441 1002 1520 1029 habet
1536 1002 1570 1029 de
1585 1001 1741 1035 semetipso,

956 1054 983 1076 et
999 1057 1079 1083 quattt
1097 1049 1187 1084 aliqtto
1205 1050 1283 1076 tnodo
1300 1049 1438 1084 percipere
1456 1052 1587 1075 creaturae
1603 1051 1725 1081 possunt.

992 1097 1073 1123 Vsus.
1089 1095 1115 1122 6.
1137 1105 1146 1122 ‹
1164 1095 1258 1123 Omnis
1270 1117 1277 1128 ,
1294 1097 1338 1130 qui
1356 1100 1447 1122 manet
1462 1095 1488 1121 in
1503 1102 1552 1128 eo,
1570 1101 1620 1120 non
1639 1096 1744 1128 peccat.

955 1143 1068 1176 Omnis,
1090 1142 1136 1177 qtti
1163 1147 1275 1176 peccat,
1302 1149 1355 1168 non
1380 1141 1447 1168 vidit
1466 1148 1545 1173 eutn,
1571 1147 1620 1167 nec
1641 1146 1746 1175 cogno-

955 1189 993 1215 vit
1021 1197 1081 1215 eutn
1095 1208 1102 1219 ,
1122 1198 1131 1214 t
1147 1192 1200 1215 etc.

991 1234 1068 1262 Sicut
1097 1235 1138 1266 is,
1165 1234 1210 1268 qui
1239 1234 1264 1261 itt
1287 1233 1387 1261 virtute
1412 1238 1440 1260 et
1467 1232 1610 1268 disciplina
1635 1236 1745 1265 manet,

955 1288 1008 1309 non
1036 1284 1130 1315 peccat
1153 1287 1202 1306 ttec
1227 1279 1353 1313 ignorat:
1379 1279 1414 1305 ita
1439 1279 1590 1305 consistens
1614 1277 1640 1304 in
1662 1276 1744 1303 Chri-

955 1332 1014 1360 sto,
1035 1334 1095 1361 qua:
1116 1325 1222 1360 justltia
1243 1329 1284 1352 est
1306 1329 1333 1352 et
1357 1323 1556 1356 sanctiﬁcatio,
1586 1331 1637 1351 non
1659 1322 1746 1349 deliu-

955 1373 1024 1408 quit.
1051 1371 1191 1405 Qnontodo
1219 1371 1310 1402 enim,
1334 1370 1379 1404 qui
1403 1378 1465 1397 cum
1484 1369 1588 1403 justitia
1613 1373 1671 1401 est,
1701 1369 1743 1394 itt-

953 1416 1088 1452 justitiaut
1105 1423 1186 1450 agere
1202 1420 1308 1450 potest,
1326 1420 1378 1441 aur
1395 1422 1455 1441 eum
1480 1414 1660 1441 sanctitnonio
1683 1414 1743 1448 pol-

956 1463 1085 1490 lutionem
1109 1461 1241 1489 habebit?
1261 1460 1336 1494 Quod
1359 1468 1422 1487 cum
1447 1460 1481 1487 ita
1499 1460 1550 1491 sit,
1574 1459 1678 1490 omnis,
1697 1459 1743 1492 qui

116 1513 169 1539 tes,
196 1507 266 1534 ltanc
299 1508 441 1535 scientiam
472 1508 517 1535 Dei
545 1510 693 1536 secundum
724 1511 904 1537 substantiam
919 1521 939 1549 ε
957 1513 1065 1543 peccat,
1085 1507 1171 1535 factus
1189 1513 1336 1535 extraneos
1351 1508 1471 1540 Christi,
1490 1515 1543 1534 non
1561 1507 1640 1534 habet
1657 1506 1743 1540 parti-

115 1553 235 1580 revelare
265 1552 364 1580 Filium
395 1555 500 1588 dignis,
524 1563 583 1589 qua:
612 1555 667 1591 (‘28)
700 1556 772 1590 ipse.
799 1561 824 1584 et
851 1556 903 1583 l‘a-

115 1603 167 1628 ter.
192 1604 219 1626 et
243 1605 354 1627 sanctus
377 1600 457 1627 habet
482 1601 618 1634 Spiritus,
643 1602 687 1636 qui
717 1607 904 1636 pert-erutalur

114 1646 196 1673 etiam
223 1645 355 1678 ιιιύΐιιιιιει
384 1646 428 1673 Dei
454 1647 489 1680 “,
514 1648 624 1674 audiant
649 1652 752 1674 natura:
776 1648 903 1675 differen-

116 1692 190 1718 tiattt.
218 1692 301 1726 Igitur
325 1692 466 1719 Trinitatis
488 1693 601 1720 scientia
632 1694 820 1721 substantialis
842 1700 903 1728 est,

114 1742 300 1765 creaturarum
323 1746 387 1765 vero
410 1738 522 1766 affectus
540 1739 647 1773 quidam
668 1739 817 1774 susripiens
844 1748 902 1767 tna-

115 1783 156 1818 gis
181 1783 236 1819 (29)
254 1790 280 1810 et
300 1784 397 1811 minus.
419 1784 452 1811 Et
477 1785 641 1819 impossibile
662 1790 703 1812 est
724 1786 818 1813 eadem
841 1795 902 1821 pcr-

115 1829 207 1856 venire.
238 1829 265 1855 in
291 1830 330 1856 eis
359 1838 418 1864 qu:e
443 1830 670 1863 substantialiter,
688 1835 714 1858 ct
738 1832 764 1858 in
788 1832 827 1859 cis
844 1840 903 1866 quae

114 1883 162 1909 per
189 1875 314 1903 allectum
340 1881 413 1903 sntit.
444 1876 510 1903 Cum
540 1877 612 1904 enim
645 1878 732 1904 bonus
761 1877 832 1905 Deus
863 1887 903 1906 se‘

114 1922 233 1948 cundum
271 1921 450 1949 substantiam
482 1923 541 1955 sit,
577 1923 622 1957 qui
657 1924 750 1958 utiqtte
782 1925 901 1951 omnium

114 1976 194 1995 causa
229 1973 287 2000 est,
318 1969 343 1995 lti
379 1968 425 2002 qtti
455 1969 517 1995 facti
554 1959 616 1995 snitt
652 1969 713 1995 boui
743 1974 770 1996 et
798 1970 901 2002 sancti,

115 2014 160 2040 D.-i
189 2014 396 2048 participatione
424 2020 485 2041 sunt
513 2015 599 2047 tales,
629 2015 664 2041 ita
692 2020 721 2042 ιιι
749 2017 831 2043 ιιιιι1ι;ι
866 2016 900 2044 sit

114 2060 265 2087 differentia
287 2060 348 2087 hotti
370 2061 414 2087 Dei
439 2065 466 2088 et
489 2061 565 2088 bma:
588 2066 740 2088 creaturae:
761 2063 805 2090 ille
825 2071 901 2089 nant-

115 2113 169 2140 que
197 2114 249 2132 non
283 2114 314 2133 et
348 2106 457 2140 aliquo,
494 2108 540 2133 sed
568 2107 718 2134 substantia
752 2108 813 2135 talis
843 2114 901 2141 est.

115 2154 160 2180 sed
187 2161 273 2188 neque
298 2153 401 2181 factum
430 2154 501 2181 talis.
523 2154 662 2181 Creatura:
684 2162 748 2183 vero
771 2163 803 2182 ex
829 2155 900 2188 Deo,

956 1556 1055 1589 cipiuttt
1078 1563 1129 1582 nec
1152 1555 1308 1582 societatem
1334 1555 1413 1590 ejus;
1435 1550 1495 1581 natu
1514 1562 1576 1581 cnttt
1592 1553 1674 1585 dicit,
1692 1561 1744 1579 ηοιι

956 1602 1023 1628 ridet
1043 1609 1118 1633 eum,
1142 1601 1273 1637 signiﬁcat
1287 1621 1294 1634 ,
1312 1601 1383 1636 quod
1407 1601 1578 1635 participium
1595 1607 1645 1626 non
1661 1599 1745 1625 habet

955 1644 1024 1678 ejus.
1043 1642 1091 1672 Cui
1114 1653 1156 1672 res
1171 1653 1341 1680 conseqtteus
1362 1650 1421 1678 est,
1438 1649 1466 1671 ιιι
1489 1652 1574 1679 neque
1601 1644 1745 1671 scit-ultam

955 1690 1013 1725 ejus
1031 1690 1165 1717 internum
1183 1690 1283 1717 ltahere
1298 1690 1423 1717 videatur
1439 1699 1445 1717 :
1461 1690 1523 1717 dum
1542 1689 1580 1722 is,
1596 1690 1640 1724 qui
1657 1689 1682 1714 itt
1698 1696 1744 1715 su-

955 1736 1064 1770 pertirie
1079 1736 1280 1770 perceptionem
1307 1735 1351 1762 Dei
1379 1735 1476 1767 habet,
1501 1741 1615 1769 peccare
1639 1734 1741 1767 possit,

955 1782 1048 1817 quales
1063 1787 1141 1809 erant
1157 1782 1203 1808 ﬁlii
1220 1782 1275 1808 lleli
1286 1802 1293 1814 ,
1311 1779 1477 1809 saeertlotes.
1495 1780 1548 1808 Sed
1563 1785 1590 1807 et
1606 1779 1649 1806 alii
1667 1779 1743 1805 sitni-

957 1830 1018 1857 litcr
1045 1829 1219 1861 sacerdotes,
1242 1829 1304 1864 qui,
1329 1836 1389 1856 cum
1414 1828 1579 1864 putabantur
1601 1825 1742 1853 scientiam

955 1877 1000 1904 Dei
1019 1875 1119 1903 habere
1132 1897 1139 1909 ,
1157 1877 1302 1909 peecabant
1315 1895 1322 1908 ,
1339 1879 1366 1902 ct
1380 1879 1522 1909 peccantes
1536 1872 1636 1900 efficaci
1652 1872 1742 1899 scien-

956 1923 990 1950 tia
1018 1923 1203 1958 privabantur,
1229 1922 1414 1956 imaginariam
1442 1919 1627 1947 tantummodo
1654 1918 1743 1946 scien-

956 1969 1020 1996 tiam
1045 1968 1175 1996 habentes
1196 1968 1265 2003 cjus.
1290 1968 1367 1995 Sicut
1389 1967 1460 1994 enim
1478 1967 1523 2001 qui
1541 1964 1741 2001 perceptionem

955 2016 1036 2043 habet
1061 2015 1087 2042 itt
1111 2015 1255 2050 superﬁcie
1280 2015 1357 2047 boni,
1383 2014 1438 2049 agit
1464 2014 1550 2043 male,
1572 2020 1633 2039 cum
1654 2011 1743 2038 nullus

955 2061 1024 2088 tuale
1039 2067 1121 2096 agens
1139 2059 1236 2087 habeat
1251 2059 1473 2095 discipliuahilem
1489 2059 1651 2085 intellectum
1668 2057 1741 2083 boui.

954 2107 1021 2134 Nam
1046 2107 1067 2134 si
1091 2111 1181 2133 nosset
1202 2107 1342 2133 utilitatem
1367 2106 1446 2136 boni,
1470 2105 1580 2140 eligeret
1596 2103 1740 2138 [Lll'litipa‘

955 2154 1054 2180 tionem
1080 2153 1157 2188 ejus,
1181 2159 1209 2180 ut
1231 2161 1278 2187 per
1299 2152 1357 2187 ejus
1380 2152 1504 2179 effectum
1525 2151 1666 2178 utilitatem
1684 2149 1743 2183 ejus

114 2206 141 2227 et
158 2207 211 2227 non
237 2209 270 2227 ex
291 2201 445 2235 semetipsis
462 2204 526 2227 sunt
545 2201 630 2227 home.
655 2200 685 2227 Et
699 2206 824 2229 creatura
842 2203 902 2237 qui-
918 2191 939 2218 Ῑ)
957 2201 1129 2234 acquireret,
1153 2199 1325 2234 intelligendo
1348 2204 1374 2226 et
1402 2199 1520 2233 agendo,
1546 2197 1616 2232 quod
1643 2197 1742 2224 bonum

114 2246 174 2273 detn
192 2246 260 2273 botta
276 2251 334 2280 est,
354 2240 399 2274 ille
416 2254 480 2274 vero
496 2255 555 2274 cum
574 2248 660 2275 bonus
680 2248 733 2282 sit,
751 2249 836 2277 bonos
854 2258 901 2278 nos

114 2290 188 2317 facit.
207 2291 269 2318 Hate
287 2292 380 2318 eadem
398 2292 508 2319 ditcnda
527 2299 588 2319 sunt
605 2298 631 2320 et
652 2293 685 2320 de
709 2300 801 2321 sancto
822 2300 847 2323 ct
868 2297 900 2324 de

113 2337 239 2364 omnibus
268 2337 365 2370 rebus,
392 2338 490 2372 quibus
515 2338 584 2365 Deus
612 2338 827 2367 substantialiter
853 2347 903 2369 est.

114 2383 251 2409 tireaturze
268 2391 331 2409 vero
345 2383 550 2418 participatione
567 2384 612 2411 Dei
626 2389 688 2411 suttt
708 2386 782 2413 tales.
800 2385 847 2413 llis
864 2387 900 2414 ita

113 2428 269 2461 declaratis,
289 2430 370 2455 etiant
391 2431 423 2456 dc
445 2430 558 2457 scientia
582 2438 671 2457 sermo
690 2430 829 2459 faciendus
849 2438 899 2461 est.

114 2477 180 2502 (Iunt
209 2475 278 2503 Deus
303 2484 379 2503 tuens
405 2477 454 2508 sit,
480 2477 617 2504 intellectu
647 2478 762 2505 ttatttrali
787 2484 814 2506 et
838 2481 902 2508 sui»

114 2522 235 2549 stantiali
261 2523 334 2549 novit
354 2530 384 2549 ea
411 2531 471 2557 quae
497 2524 579 2551 novit.
603 2525 742 2552 Creaturae
765 2533 844 2558 vero,
869 2527 901 2553 li-

114 2574 156 2595 cet
179 2569 311 2601 habeant,
331 2574 360 2596 ιιι
381 2569 435 2596 sittt
460 2577 549 2602 tuens,
569 2575 686 2596 attamen
708 2576 734 2597 ct
758 2571 899 2599 scientiam

150 2628 173 2643 ³⁵
195 2629 272 2656 Ilebr.
292 2638 334 2661 xt,
350 2629 376 2656 6.
415 2629 437 2646 ³⁵
458 2629 534 2656 Joau.
552 2637 596 2662 XI,
613 2629 658 2656 r‘27.

150 2674 207 2708 (‘25)
229 2674 336 2710 Depone
348 2684 436 2710 quant.

151 2710 206 2746 (νὶθῖι
218 2709 314 2746 Locus
331 2709 401 2738 haud
417 2711 497 2738 dubie
514 2711 579 2737 vitio
603 2711 704 2738 laborat
728 2712 818 2738 nescio
833 2720 896 2746 quo.

116 2743 184 2780 Quid
201 2745 224 2770 si
243 2753 357 2778 reponas
372 2754 420 2780 pro
434 2747 507 2780 quia,
527 2748 658 2776 noliliunt,
683 2755 743 2772 tnox
769 2756 775 2772 :
792 2743 903 2773 ruuiem-

114 2779 204 2811 ploutti
221 2787 277 2805 etuti
291 2780 302 2805 ?
318 2780 363 2807 Vel
387 2782 421 2808 ila
440 2779 446 2808 ἒ
465 2783 576 2807 ostendit
594 2782 730 2813 notitiam,
745 2783 806 2815 quin
828 2783 900 2816 (an)

135 2832 142 2839 .
223 2819 354 2849 .dli'tlt'lﬂ,
377 2835 384 2842 .
407 2836 413 2842 .
436 2837 443 2843 .
467 2835 473 2842 .
494 2817 696 2849 contemplandi.

151 2848 208 2882 (27)
227 2847 294 2875 ΜἰΙυ
316 2849 474 2879 Gallaudius
490 2872 497 2884 ,
517 2851 549 2878 Et
569 2847 612 2885 qui
635 2858 671 2878 ('5!
698 2851 775 2878 I’utcr
802 2857 898 2886 noster,

697 2630 719 2645 “
740 2631 748 2657 1
765 2631 827 2658 Cor.
845 2639 878 2664 tt,
899 2631 941 2658 10.

956 2252 1006 2275 est.
1035 2247 1144 2281 ltaqtte,
1176 2247 1220 2282 qui
1243 2246 1385 2274 scientiatu
1411 2245 1492 2272 habet
1515 2244 1580 2277 Dei,
1606 2243 1744 2278 sapienter

955 2293 1131 2328 participalur
1153 2301 1186 2320 eo
1206 2292 1251 2327 qui
1268 2296 1310 2319 cst
1327 2292 1427 2323 bonus,
1442 2291 1550 2325 justus,
1570 2296 1696 2321 sanctus,
1714 2294 1744 2315 ct

964 2340 1029 2367 nihil
1046 2340 1099 2373 agit
1115 2339 1184 2374 qttod
1204 2339 1246 2366 his
1265 2339 1345 2366 rebus
1360 2339 1501 2366 adversum
1515 2343 1566 2366 est.
1585 2337 1633 2370 Qui
1651 2342 1742 2363 autem

957 2387 1125 2414 sensibilium
1144 2394 1235 2414 rerum
1250 2386 1390 2413 scientiam
1411 2386 1506 2419 habet,
1525 2384 1694 2412 solummodo
1711 2383 1743 2410 ii~-

954 2441 1047 2468 gurant
1064 2433 1163 2468 speciei
1183 2440 1271 2460 rerttm
1296 2432 1461 2459 sensibilium
1480 2431 1603 2466 percipit.
1631 2429 1685 2456 Nec
1701 2432 1742 2456 ta-

954 2488 1014 2506 tnett
1032 2485 1160 2513 operatur
1174 2480 1318 2506 secundum
1332 2485 1403 2505 eam.
1419 2477 1544 2505 Sentiens
1558 2477 1629 2504 enint
1643 2474 1742 2509 aliquis
1786 2509 1788 2511 _

952 2525 1060 2560 ignem,
1080 2531 1107 2552 et
1131 2534 1207 2560 aqua:
1232 2526 1432 2560 perceptionem
1456 2525 1574 2557 habens,
1592 2532 1645 2550 tton
1668 2522 1742 2554 urit,

952 2580 1005 2599 non
1025 2571 1150 2599 calefacit
1162 2592 1169 2604 ,
1188 2580 1239 2598 nou
1258 2572 1414 2598 hutncclat:
1432 2571 1493 2598 dttttt
1510 2570 1603 2604 utique
1620 2569 1742 2604 discipli-

956 2677 1005 2703 Iu'si
1022 2674 1129 2702 Filius?

990 2711 1045 2743 (‘28)
1069 2709 1259 2744 [inponendum
1279 2710 1396 2742 videtur,
1412 2717 1500 2744 quam.

989 2746 1045 2783 (29)
1066 2745 1191 2783 Fortasse
1211 2745 1308 2783 majus.
1396 2780 1401 2783 _
1633 2778 1646 2783 __
1718 2777 1723 2783 ,

988 2781 1044 2813 (50)
1067 2780 1151 2808 Locus
1170 2778 1312 2807 (iallaiulio
1332 2785 1358 2806 et
1378 2780 1509 2805 obscurus
1527 2783 1552 2805 ct
1572 2778 1681 2804 mutilus
1699 2778 1741 2804 νὶ-

952 2815 1157 2877 (1υιιιιῄει1ιδιμιε
1172 2823 1220 2851 ope
1238 2817 1314 2843 codd.
1332 2823 1396 2843 mss.
1413 2815 1482 2842 haud
1500 2813 1577 2842 facile
1593 2814 1743 2841 restituen—

953 2853 1010 2877 dus.
1071 2857 1121 2877 rte.

953 2853 1010 2878 dus.
1031 2851 1051 2877 lt
1071 2857 1121 2878 rte.
