  <div class='ocr_page' id='page_1' title='image "/cluster/home/n/w/nwhite01/storage/ocr_20150623/39/njp.32101010943528/901.png"; bbox 0 0 1913 3071; ppageno 0'>
   <div class='ocr_carea' id='block_1_1' title="bbox 134 132 200 162">
    <p class='ocr_par' dir='ltr' id='par_1_1' title="bbox 134 132 200 162">
     <span class='ocr_line' id='line_1_1' title="bbox 134 132 200 162; baseline 0.03 -3"><span class='ocrx_word' id='word_1_1' title='bbox 134 132 200 162; x_wconf 71' lang='grc'><strong>1791</strong></span> 
     </span>
    </p>
   </div>
   <div class='ocr_carea' id='block_1_2' title="bbox 773 128 1146 157">
    <p class='ocr_par' dir='ltr' id='par_1_2' title="bbox 773 128 1146 157">
     <span class='ocr_line' id='line_1_2' title="bbox 773 128 1146 157; baseline 0 -1"><span class='ocrx_word' id='word_1_2' title='bbox 773 129 891 156; x_wconf 70' lang='grc' dir='ltr'>υιυγιιι</span> <span class='ocrx_word' id='word_1_3' title='bbox 911 128 1146 157; x_wconf 74' lang='lat' dir='ltr'><strong>ALEXANDRINI</strong></span> 
     </span>
    </p>
   </div>
   <div class='ocr_carea' id='block_1_3' title="bbox 1695 126 1770 156">
    <p class='ocr_par' dir='ltr' id='par_1_3' title="bbox 1695 126 1770 156">
     <span class='ocr_line' id='line_1_3' title="bbox 1695 126 1770 156; baseline -0.013 -1"><span class='ocrx_word' id='word_1_4' title='bbox 1695 126 1770 156; x_wconf 68' lang='lat' dir='ltr'><strong>HE!</strong></span> 
     </span>
    </p>
   </div>
   <div class='ocr_carea' id='block_1_4' title="bbox 136 183 922 223">
    <p class='ocr_par' dir='ltr' id='par_1_4' title="bbox 136 187 922 223">
     <span class='ocr_line' id='line_1_4' title="bbox 136 187 922 223; baseline -0.008 -4"><span class='ocrx_word' id='word_1_5' title='bbox 136 197 194 221; x_wconf 84' lang='lat' dir='ltr'><strong>tati,</strong></span> <span class='ocrx_word' id='word_1_6' title='bbox 210 191 346 223; x_wconf 72' lang='lat' dir='ltr'><strong>dicentes,</strong></span> <span class='ocrx_word' id='word_1_7' title='bbox 363 188 531 216; x_wconf 80' lang='lat' dir='ltr'><strong>nativitatem</strong></span> <span class='ocrx_word' id='word_1_8' title='bbox 555 194 615 222; x_wconf 67' lang='lat' dir='ltr'><strong>qua</strong></span> <span class='ocrx_word' id='word_1_9' title='bbox 630 195 663 214; x_wconf 78' lang='lat' dir='ltr'><strong>ex</strong></span> <span class='ocrx_word' id='word_1_10' title='bbox 687 187 777 213; x_wconf 85' lang='lat' dir='ltr'><strong>nutudi</strong></span> <span class='ocrx_word' id='word_1_11' title='bbox 800 192 922 214; x_wconf 74' lang='lat' dir='ltr'><strong>creatore</strong></span> 
     </span>
    </p>
   </div>
   <div class='ocr_carea' id='block_1_5' title="bbox 987 183 1771 223">
    <p class='ocr_par' dir='ltr' id='par_1_5' title="bbox 987 183 1771 221">
     <span class='ocr_line' id='line_1_5' title="bbox 987 183 1771 221; baseline -0.001 -8"><span class='ocrx_word' id='word_1_12' title='bbox 987 187 1043 215; x_wconf 76' lang='grc' dir='ltr'>ζῶον</span> <span class='ocrx_word' id='word_1_13' title='bbox 1067 187 1221 221; x_wconf 77' lang='grc' dir='ltr'><strong>ἐπιστήμην</strong></span> <span class='ocrx_word' id='word_1_14' title='bbox 1236 184 1296 211; x_wconf 79' lang='grc' dir='ltr'>τινὰ</span> <span class='ocrx_word' id='word_1_15' title='bbox 1316 185 1353 221; x_wconf 79' lang='grc' dir='ltr'>μὴ</span> <span class='ocrx_word' id='word_1_16' title='bbox 1391 183 1771 219; x_wconf 71' lang='lat' dir='ltr'><strong>bilitatemsigniﬁcamusna—</strong></span> 
     </span>
    </p>
   </div>
   <div class='ocr_carea' id='block_1_6' title="bbox 136 233 923 272">
    <p class='ocr_par' dir='ltr' id='par_1_6' title="bbox 136 233 923 272">
     <span class='ocr_line' id='line_1_6' title="bbox 136 233 923 272; baseline -0.008 -8"><span class='ocrx_word' id='word_1_17' title='bbox 136 240 175 270; x_wconf 89' lang='lat' dir='ltr'><strong>IiI,</strong></span> <span class='ocrx_word' id='word_1_18' title='bbox 194 237 372 272; x_wconf 69' lang='lat' dir='ltr'><strong>peccatricem</strong></span> <span class='ocrx_word' id='word_1_19' title='bbox 390 242 460 265; x_wconf 85' lang='lat' dir='ltr'><strong>esse,</strong></span> <span class='ocrx_word' id='word_1_20' title='bbox 475 235 537 261; x_wconf 92' lang='lat' dir='ltr'><strong>dum</strong></span> <span class='ocrx_word' id='word_1_21' title='bbox 549 241 580 260; x_wconf 87' lang='lat' dir='ltr'><strong>ea</strong></span> <span class='ocrx_word' id='word_1_22' title='bbox 597 233 723 260; x_wconf 76' lang='lat' dir='ltr'><strong>nativitas</strong></span> <span class='ocrx_word' id='word_1_23' title='bbox 743 240 803 268; x_wconf 62' lang='lat' dir='ltr'><strong>quae</strong></span> <span class='ocrx_word' id='word_1_24' title='bbox 815 241 848 260; x_wconf 71' lang='lat' dir='ltr'><strong>ex</strong></span> <span class='ocrx_word' id='word_1_25' title='bbox 869 233 923 260; x_wconf 85' lang='lat' dir='ltr'><strong>Deo</strong></span> 
     </span>
    </p>
   </div>
   <div class='ocr_carea' id='block_1_7' title="bbox 135 279 924 313">
    <p class='ocr_par' dir='ltr' id='par_1_7' title="bbox 135 279 924 313">
     <span class='ocr_line' id='line_1_7' title="bbox 135 279 924 313; baseline -0.006 -3"><span class='ocrx_word' id='word_1_26' title='bbox 135 283 201 311; x_wconf 80' lang='lat' dir='ltr'><strong>Novi</strong></span> <span class='ocrx_word' id='word_1_27' title='bbox 222 281 388 310; x_wconf 81' lang='lat' dir='ltr'><strong>Testamenti</strong></span> <span class='ocrx_word' id='word_1_28' title='bbox 401 299 409 312; x_wconf 89' lang='lat'><strong>,</strong></span> <span class='ocrx_word' id='word_1_29' title='bbox 426 287 480 307; x_wconf 92' lang='lat' dir='ltr'><strong>non</strong></span> <span class='ocrx_word' id='word_1_30' title='bbox 498 279 581 313; x_wconf 71' lang='lat' dir='ltr'><strong>possit</strong></span> <span class='ocrx_word' id='word_1_31' title='bbox 598 279 647 306; x_wconf 87' lang='lat' dir='ltr'><strong>hoc</strong></span> <span class='ocrx_word' id='word_1_32' title='bbox 665 286 745 313; x_wconf 68' lang='lat' dir='ltr'><strong>agere</strong></span> <span class='ocrx_word' id='word_1_33' title='bbox 760 288 766 305; x_wconf 91' lang='lat'><strong>:</strong></span> <span class='ocrx_word' id='word_1_34' title='bbox 789 285 834 308; x_wconf 85' lang='lat' dir='ltr'><strong>et.</strong></span> <span class='ocrx_word' id='word_1_35' title='bbox 853 279 924 305; x_wconf 88' lang='lat' dir='ltr'><strong>sicut</strong></span> 
     </span>
    </p>
   </div>
   <div class='ocr_carea' id='block_1_8' title="bbox 135 325 922 364">
    <p class='ocr_par' dir='ltr' id='par_1_8' title="bbox 135 325 922 364">
     <span class='ocr_line' id='line_1_8' title="bbox 135 325 922 364; baseline -0.008 -8"><span class='ocrx_word' id='word_1_36' title='bbox 135 333 231 364; x_wconf 87' lang='lat' dir='ltr'><strong>putant</strong></span> <span class='ocrx_word' id='word_1_37' title='bbox 246 328 314 363; x_wconf 86' lang='lat' dir='ltr'><strong>ipsi,</strong></span> <span class='ocrx_word' id='word_1_38' title='bbox 332 326 438 354; x_wconf 77' lang='lat' dir='ltr'><strong>Veteris</strong></span> <span class='ocrx_word' id='word_1_39' title='bbox 460 325 627 352; x_wconf 72' lang='lat' dir='ltr'><strong>Testamenli</strong></span> <span class='ocrx_word' id='word_1_40' title='bbox 649 326 729 351; x_wconf 81' lang='lat' dir='ltr'><strong>verba</strong></span> <span class='ocrx_word' id='word_1_41' title='bbox 747 325 922 355; x_wconf 86' lang='lat' dir='ltr'><strong>concludunt,</strong></span> 
     </span>
    </p>
   </div>
   <div class='ocr_carea' id='block_1_9' title="bbox 134 369 923 408">
    <p class='ocr_par' dir='ltr' id='par_1_9' title="bbox 134 369 923 408">
     <span class='ocr_line' id='line_1_9' title="bbox 134 369 923 408; baseline -0.008 -6"><span class='ocrx_word' id='word_1_42' title='bbox 134 375 179 402; x_wconf 90' lang='lat' dir='ltr'><strong>ubi</strong></span> <span class='ocrx_word' id='word_1_43' title='bbox 197 374 328 408; x_wconf 78' lang='lat' dir='ltr'><strong>scriptum</strong></span> <span class='ocrx_word' id='word_1_44' title='bbox 345 378 388 400; x_wconf 85' lang='lat' dir='ltr'><strong>est</strong></span> <span class='ocrx_word' id='word_1_45' title='bbox 409 380 416 399; x_wconf 90' lang='lat'><strong>:</strong></span> <span class='ocrx_word' id='word_1_46' title='bbox 445 382 454 398; x_wconf 75' lang='grc' dir='ltr'>ι</span> <span class='ocrx_word' id='word_1_47' title='bbox 479 372 561 399; x_wconf 80' lang='lat' dir='ltr'><strong>Filios</strong></span> <span class='ocrx_word' id='word_1_48' title='bbox 579 372 657 405; x_wconf 71' lang='lat' dir='ltr'><strong>genui</strong></span> <span class='ocrx_word' id='word_1_49' title='bbox 678 376 703 397; x_wconf 85' lang='lat' dir='ltr'><strong>et</strong></span> <span class='ocrx_word' id='word_1_50' title='bbox 727 370 856 402; x_wconf 82' lang='lat' dir='ltr'><strong>cxaltavi,</strong></span> <span class='ocrx_word' id='word_1_51' title='bbox 874 369 923 404; x_wconf 83' lang='lat' dir='ltr'><strong>ipsi</strong></span> 
     </span>
    </p>
   </div>
   <div class='ocr_carea' id='block_1_10' title="bbox 134 417 923 454">
    <p class='ocr_par' dir='ltr' id='par_1_10' title="bbox 134 417 923 454">
     <span class='ocr_line' id='line_1_10' title="bbox 134 417 923 454; baseline -0.009 -6"><span class='ocrx_word' id='word_1_52' title='bbox 134 428 199 448; x_wconf 83' lang='lat' dir='ltr'><strong>vero</strong></span> <span class='ocrx_word' id='word_1_53' title='bbox 214 428 257 447; x_wconf 91' lang='lat' dir='ltr'><strong>me</strong></span> <span class='ocrx_word' id='word_1_54' title='bbox 270 424 430 454; x_wconf 85' lang='lat' dir='ltr'><strong>spreverunt</strong></span> <span class='ocrx_word' id='word_1_55' title='bbox 444 419 482 450; x_wconf 83' lang='lat'><strong>&quot;;</strong></span> <span class='ocrx_word' id='word_1_56' title='bbox 497 428 505 443; x_wconf 80' lang='grc' dir='ltr'>ι</span> <span class='ocrx_word' id='word_1_57' title='bbox 524 423 550 444; x_wconf 82' lang='lat' dir='ltr'><strong>et</strong></span> <span class='ocrx_word' id='word_1_58' title='bbox 568 417 630 444; x_wconf 92' lang='lat' dir='ltr'><strong>illud</strong></span> <span class='ocrx_word' id='word_1_59' title='bbox 649 427 654 443; x_wconf 95' lang='lat'>:</span> <span class='ocrx_word' id='word_1_60' title='bbox 675 426 684 442; x_wconf 75' lang='grc' dir='ltr'>ι</span> <span class='ocrx_word' id='word_1_61' title='bbox 704 418 784 443; x_wconf 74' lang='grc' dir='ltr'>ὓιιυιιι</span> <span class='ocrx_word' id='word_1_62' title='bbox 816 418 860 450; x_wconf 97' lang='lat' dir='ltr'><strong>qui</strong></span> <span class='ocrx_word' id='word_1_63' title='bbox 875 423 923 449; x_wconf 72' lang='lat' dir='ltr'><strong>ge-</strong></span> 
     </span>
    </p>
   </div>
   <div class='ocr_carea' id='block_1_11' title="bbox 135 461 925 498">
    <p class='ocr_par' dir='ltr' id='par_1_11' title="bbox 135 461 925 498">
     <span class='ocr_line' id='line_1_11' title="bbox 135 461 925 498; baseline -0.006 -6"><span class='ocrx_word' id='word_1_64' title='bbox 135 467 193 492; x_wconf 90' lang='lat' dir='ltr'><strong>nuit</strong></span> <span class='ocrx_word' id='word_1_65' title='bbox 209 470 234 492; x_wconf 90' lang='lat' dir='ltr'><strong>te</strong></span> <span class='ocrx_word' id='word_1_66' title='bbox 245 464 414 498; x_wconf 73' lang='lat' dir='ltr'><strong>dereliquisti</strong></span> <span class='ocrx_word' id='word_1_67' title='bbox 427 463 459 489; x_wconf 77' lang='grc'><strong>³³.</strong></span> <span class='ocrx_word' id='word_1_68' title='bbox 477 473 486 488; x_wconf 78' lang='grc' dir='ltr'>ι</span> <span class='ocrx_word' id='word_1_69' title='bbox 505 463 607 494; x_wconf 83' lang='lat' dir='ltr'><strong>Quibus</strong></span> <span class='ocrx_word' id='word_1_70' title='bbox 623 462 740 488; x_wconf 69' lang='lat' dir='ltr'><strong>infi-ruut</strong></span> <span class='ocrx_word' id='word_1_71' title='bbox 759 461 864 492; x_wconf 81' lang='lat' dir='ltr'><strong>verbis,</strong></span> <span class='ocrx_word' id='word_1_72' title='bbox 884 461 925 488; x_wconf 88' lang='lat' dir='ltr'><strong>di-</strong></span> 
     </span>
    </p>
   </div>
   <div class='ocr_carea' id='block_1_12' title="bbox 134 508 925 547">
    <p class='ocr_par' dir='ltr' id='par_1_12' title="bbox 134 508 925 547">
     <span class='ocr_line' id='line_1_12' title="bbox 134 508 925 547; baseline -0.008 -8"><span class='ocrx_word' id='word_1_73' title='bbox 134 516 228 539; x_wconf 65' lang='lat' dir='ltr'><strong>(:entcs</strong></span> <span class='ocrx_word' id='word_1_74' title='bbox 250 520 257 538; x_wconf 87' lang='lat'><strong><em>:</em></strong></span> <span class='ocrx_word' id='word_1_75' title='bbox 274 511 319 542; x_wconf 81' lang='lat' dir='ltr'><strong>Si,</strong></span> <span class='ocrx_word' id='word_1_76' title='bbox 338 509 382 547; x_wconf 85' lang='lat' dir='ltr'><strong>qui</strong></span> <span class='ocrx_word' id='word_1_77' title='bbox 406 513 553 535; x_wconf 78' lang='lat' dir='ltr'><strong>nascuntur</strong></span> <span class='ocrx_word' id='word_1_78' title='bbox 570 517 602 535; x_wconf 82' lang='lat' dir='ltr'><strong>cx</strong></span> <span class='ocrx_word' id='word_1_79' title='bbox 620 508 716 542; x_wconf 84' lang='lat' dir='ltr'><strong>opilicc</strong></span> <span class='ocrx_word' id='word_1_80' title='bbox 734 508 843 540; x_wconf 83' lang='lat' dir='ltr'><strong>mutuli,</strong></span> <span class='ocrx_word' id='word_1_81' title='bbox 861 514 925 541; x_wconf 73' lang='lat' dir='ltr'><strong>pec~</strong></span> 
     </span>
    </p>
   </div>
   <div class='ocr_carea' id='block_1_13' title="bbox 134 552 923 588">
    <p class='ocr_par' dir='ltr' id='par_1_13' title="bbox 134 552 923 588">
     <span class='ocr_line' id='line_1_13' title="bbox 134 552 923 588; baseline -0.009 -3"><span class='ocrx_word' id='word_1_82' title='bbox 134 563 213 588; x_wconf 82' lang='lat' dir='ltr'><strong>cant,</strong></span> <span class='ocrx_word' id='word_1_83' title='bbox 233 557 276 584; x_wconf 91' lang='lat' dir='ltr'><strong>hic</strong></span> <span class='ocrx_word' id='word_1_84' title='bbox 297 564 363 583; x_wconf 83' lang='lat' dir='ltr'><strong>vero</strong></span> <span class='ocrx_word' id='word_1_85' title='bbox 386 556 497 585; x_wconf 89' lang='lat' dir='ltr'><strong>dicitur,</strong></span> <span class='ocrx_word' id='word_1_86' title='bbox 517 563 526 579; x_wconf 77' lang='grc' dir='ltr'>ι</span> <span class='ocrx_word' id='word_1_87' title='bbox 546 555 652 586; x_wconf 81' lang='lat' dir='ltr'><strong>omnis,</strong></span> <span class='ocrx_word' id='word_1_88' title='bbox 676 554 720 587; x_wconf 90' lang='lat' dir='ltr'><strong>qui</strong></span> <span class='ocrx_word' id='word_1_89' title='bbox 737 559 778 580; x_wconf 91' lang='lat' dir='ltr'><strong>est</strong></span> <span class='ocrx_word' id='word_1_90' title='bbox 795 561 828 579; x_wconf 75' lang='lat' dir='ltr'><strong>ex</strong></span> <span class='ocrx_word' id='word_1_91' title='bbox 857 552 923 584; x_wconf 89' lang='lat' dir='ltr'><strong>Deo,</strong></span> 
     </span>
    </p>
   </div>
   <div class='ocr_carea' id='block_1_14' title="bbox 135 598 923 636">
    <p class='ocr_par' dir='ltr' id='par_1_14' title="bbox 135 598 923 636">
     <span class='ocr_line' id='line_1_14' title="bbox 135 598 923 636; baseline -0.006 -8"><span class='ocrx_word' id='word_1_92' title='bbox 135 607 273 636; x_wconf 82' lang='lat' dir='ltr'><strong>peccatum</strong></span> <span class='ocrx_word' id='word_1_93' title='bbox 299 609 351 628; x_wconf 92' lang='lat' dir='ltr'><strong>non</strong></span> <span class='ocrx_word' id='word_1_94' title='bbox 377 600 461 632; x_wconf 86' lang='lat' dir='ltr'><strong>facit;</strong></span> <span class='ocrx_word' id='word_1_95' title='bbox 485 609 494 625; x_wconf 85' lang='grc'><strong><em>›</em></strong></span> <span class='ocrx_word' id='word_1_96' title='bbox 516 606 578 626; x_wconf 92' lang='lat' dir='ltr'><strong>cmn</strong></span> <span class='ocrx_word' id='word_1_97' title='bbox 603 599 649 624; x_wconf 91' lang='lat' dir='ltr'><strong>lilii</strong></span> <span class='ocrx_word' id='word_1_98' title='bbox 670 598 824 626; x_wconf 74' lang='lat' dir='ltr'><strong>differentes</strong></span> <span class='ocrx_word' id='word_1_99' title='bbox 851 598 923 630; x_wconf 85' lang='lat' dir='ltr'><strong>sint,</strong></span> 
     </span>
    </p>
   </div>
   <div class='ocr_carea' id='block_1_15' title="bbox 136 645 923 681">
    <p class='ocr_par' dir='ltr' id='par_1_15' title="bbox 136 645 923 681">
     <span class='ocr_line' id='line_1_15' title="bbox 136 645 923 681; baseline -0.005 -7"><span class='ocrx_word' id='word_1_100' title='bbox 136 648 244 681; x_wconf 89' lang='lat' dir='ltr'><strong>quando</strong></span> <span class='ocrx_word' id='word_1_101' title='bbox 260 647 304 673; x_wconf 86' lang='lat' dir='ltr'><strong>alii</strong></span> <span class='ocrx_word' id='word_1_102' title='bbox 322 646 431 680; x_wconf 85' lang='lat' dir='ltr'><strong>quidem</strong></span> <span class='ocrx_word' id='word_1_103' title='bbox 446 650 574 679; x_wconf 84' lang='lat' dir='ltr'><strong>peccant,</strong></span> <span class='ocrx_word' id='word_1_104' title='bbox 593 645 636 671; x_wconf 83' lang='lat' dir='ltr'><strong>alii</strong></span> <span class='ocrx_word' id='word_1_105' title='bbox 654 653 717 672; x_wconf 83' lang='lat' dir='ltr'><strong>vero</strong></span> <span class='ocrx_word' id='word_1_106' title='bbox 733 652 923 678; x_wconf 80' lang='lat' dir='ltr'><strong>nequaquam;</strong></span> 
     </span>
    </p>
   </div>
   <div class='ocr_carea' id='block_1_16' title="bbox 135 689 926 726">
    <p class='ocr_par' dir='ltr' id='par_1_16' title="bbox 135 689 926 726">
     <span class='ocr_line' id='line_1_16' title="bbox 135 689 926 726; baseline -0.004 -7"><span class='ocrx_word' id='word_1_107' title='bbox 135 701 245 720; x_wconf 69' lang='lat' dir='ltr'><strong>neci-sse</strong></span> <span class='ocrx_word' id='word_1_108' title='bbox 260 697 302 720; x_wconf 79' lang='lat' dir='ltr'><strong>est</strong></span> <span class='ocrx_word' id='word_1_109' title='bbox 314 694 407 722; x_wconf 78' lang='lat' dir='ltr'><strong>etiam,</strong></span> <span class='ocrx_word' id='word_1_110' title='bbox 422 696 515 726; x_wconf 89' lang='lat' dir='ltr'><strong>patres</strong></span> <span class='ocrx_word' id='word_1_111' title='bbox 530 699 623 718; x_wconf 85' lang='lat' dir='ltr'><strong>eorum</strong></span> <span class='ocrx_word' id='word_1_112' title='bbox 642 692 763 718; x_wconf 83' lang='lat' dir='ltr'><strong>diversos</strong></span> <span class='ocrx_word' id='word_1_113' title='bbox 773 698 846 717; x_wconf 56' lang='lat' dir='ltr'><strong>essu.</strong></span> <span class='ocrx_word' id='word_1_114' title='bbox 864 689 926 716; x_wconf 74' lang='lat' dir='ltr'><strong>&quot;th</strong></span> 
     </span>
    </p>
   </div>
   <div class='ocr_carea' id='block_1_17' title="bbox 133 737 927 774">
    <p class='ocr_par' dir='ltr' id='par_1_17' title="bbox 133 737 927 774">
     <span class='ocr_line' id='line_1_17' title="bbox 133 737 927 774; baseline -0.005 -8"><span class='ocrx_word' id='word_1_115' title='bbox 133 746 224 766; x_wconf 76' lang='lat' dir='ltr'><strong>autem</strong></span> <span class='ocrx_word' id='word_1_116' title='bbox 251 739 361 774; x_wconf 74' lang='lat' dir='ltr'><strong>sapiunt</strong></span> <span class='ocrx_word' id='word_1_117' title='bbox 387 738 509 770; x_wconf 89' lang='lat' dir='ltr'><strong>indocte,</strong></span> <span class='ocrx_word' id='word_1_118' title='bbox 533 745 566 765; x_wconf 90' lang='lat' dir='ltr'><strong>eo</strong></span> <span class='ocrx_word' id='word_1_119' title='bbox 590 738 661 771; x_wconf 89' lang='lat' dir='ltr'><strong>quod</strong></span> <span class='ocrx_word' id='word_1_120' title='bbox 692 745 744 764; x_wconf 88' lang='lat' dir='ltr'><strong>non</strong></span> <span class='ocrx_word' id='word_1_121' title='bbox 774 737 927 770; x_wconf 78' lang='lat' dir='ltr'><strong>intelligunt</strong></span> 
     </span>
    </p>
   </div>
   <div class='ocr_carea' id='block_1_18' title="bbox 126 776 924 818">
    <p class='ocr_par' dir='ltr' id='par_1_18' title="bbox 126 776 924 818">
     <span class='ocr_line' id='line_1_18' title="bbox 126 776 924 818; baseline -0.004 -7"><span class='ocrx_word' id='word_1_122' title='bbox 126 776 282 818; x_wconf 68' lang='lat' dir='ltr'><strong>Scriptum</strong></span> <span class='ocrx_word' id='word_1_123' title='bbox 297 783 389 810; x_wconf 82' lang='lat' dir='ltr'><strong>verba.</strong></span> <span class='ocrx_word' id='word_1_124' title='bbox 404 782 460 809; x_wconf 79' lang='lat' dir='ltr'><strong>Non</strong></span> <span class='ocrx_word' id='word_1_125' title='bbox 475 783 547 810; x_wconf 85' lang='lat' dir='ltr'><strong>enim</strong></span> <span class='ocrx_word' id='word_1_126' title='bbox 567 783 695 816; x_wconf 85' lang='lat' dir='ltr'><strong>scriptum</strong></span> <span class='ocrx_word' id='word_1_127' title='bbox 707 787 749 809; x_wconf 79' lang='lat' dir='ltr'><strong>est</strong></span> <span class='ocrx_word' id='word_1_128' title='bbox 766 791 772 809; x_wconf 73' lang='grc' dir='ltr'>ς</span> <span class='ocrx_word' id='word_1_129' title='bbox 792 791 802 807; x_wconf 84' lang='grc'><strong>‹</strong></span> <span class='ocrx_word' id='word_1_130' title='bbox 819 782 924 814; x_wconf 86' lang='lat' dir='ltr'><strong>Omnis,</strong></span> 
     </span>
    </p>
   </div>
   <div class='ocr_carea' id='block_1_19' title="bbox 132 828 923 863">
    <p class='ocr_par' dir='ltr' id='par_1_19' title="bbox 132 828 923 863">
     <span class='ocr_line' id='line_1_19' title="bbox 132 828 923 863; baseline 0 -9"><span class='ocrx_word' id='word_1_131' title='bbox 132 829 176 863; x_wconf 91' lang='lat' dir='ltr'><strong>qui</strong></span> <span class='ocrx_word' id='word_1_132' title='bbox 194 833 274 855; x_wconf 89' lang='lat' dir='ltr'><strong>natus</strong></span> <span class='ocrx_word' id='word_1_133' title='bbox 287 832 327 856; x_wconf 89' lang='lat' dir='ltr'><strong>est</strong></span> <span class='ocrx_word' id='word_1_134' title='bbox 343 836 373 854; x_wconf 81' lang='lat' dir='ltr'><strong>ex</strong></span> <span class='ocrx_word' id='word_1_135' title='bbox 397 829 459 861; x_wconf 88' lang='lat' dir='ltr'><strong>Deo,</strong></span> <span class='ocrx_word' id='word_1_136' title='bbox 484 837 494 854; x_wconf 73' lang='grc' dir='ltr'>ι</span> <span class='ocrx_word' id='word_1_137' title='bbox 514 836 566 855; x_wconf 91' lang='lat' dir='ltr'><strong>non</strong></span> <span class='ocrx_word' id='word_1_138' title='bbox 584 828 715 861; x_wconf 84' lang='lat' dir='ltr'><strong>peccabit,</strong></span> <span class='ocrx_word' id='word_1_139' title='bbox 739 828 784 854; x_wconf 88' lang='lat' dir='ltr'><strong>sed</strong></span> <span class='ocrx_word' id='word_1_140' title='bbox 803 837 812 853; x_wconf 75' lang='grc' dir='ltr'>ι</span> <span class='ocrx_word' id='word_1_141' title='bbox 828 835 923 861; x_wconf 82' lang='lat' dir='ltr'><strong>pecca-</strong></span> 
     </span>
    </p>
   </div>
   <div class='ocr_carea' id='block_1_20' title="bbox 133 874 920 909">
    <p class='ocr_par' dir='ltr' id='par_1_20' title="bbox 133 874 920 909">
     <span class='ocr_line' id='line_1_20' title="bbox 133 874 920 909; baseline -0.003 -8"><span class='ocrx_word' id='word_1_142' title='bbox 133 879 188 901; x_wconf 84' lang='lat' dir='ltr'><strong>tum</strong></span> <span class='ocrx_word' id='word_1_143' title='bbox 202 883 255 902; x_wconf 84' lang='lat' dir='ltr'><strong>non</strong></span> <span class='ocrx_word' id='word_1_144' title='bbox 269 874 342 907; x_wconf 87' lang='lat' dir='ltr'><strong>facit,</strong></span> <span class='ocrx_word' id='word_1_145' title='bbox 363 883 371 900; x_wconf 73' lang='grc' dir='ltr'>ι</span> <span class='ocrx_word' id='word_1_146' title='bbox 398 882 457 901; x_wconf 78' lang='lat' dir='ltr'><strong>eum</strong></span> <span class='ocrx_word' id='word_1_147' title='bbox 480 874 571 909; x_wconf 86' lang='lat' dir='ltr'><strong>utique</strong></span> <span class='ocrx_word' id='word_1_148' title='bbox 591 881 643 900; x_wconf 82' lang='lat' dir='ltr'><strong>non</strong></span> <span class='ocrx_word' id='word_1_149' title='bbox 669 874 749 901; x_wconf 74' lang='lat' dir='ltr'><strong>faciat</strong></span> <span class='ocrx_word' id='word_1_150' title='bbox 769 879 920 908; x_wconf 77' lang='lat' dir='ltr'><strong>peccatum,</strong></span> 
     </span>
    </p>
   </div>
   <div class='ocr_carea' id='block_1_21' title="bbox 133 919 920 955">
    <p class='ocr_par' dir='ltr' id='par_1_21' title="bbox 133 919 920 955">
     <span class='ocr_line' id='line_1_21' title="bbox 133 919 920 955; baseline -0.001 -9"><span class='ocrx_word' id='word_1_151' title='bbox 133 921 178 954; x_wconf 86' lang='lat' dir='ltr'><strong>qui</strong></span> <span class='ocrx_word' id='word_1_152' title='bbox 192 920 340 948; x_wconf 84' lang='lat' dir='ltr'><strong>secundum</strong></span> <span class='ocrx_word' id='word_1_153' title='bbox 351 920 487 955; x_wconf 74' lang='lat' dir='ltr'><strong>justitiam</strong></span> <span class='ocrx_word' id='word_1_154' title='bbox 503 925 644 954; x_wconf 78' lang='lat' dir='ltr'><strong>operatur.</strong></span> <span class='ocrx_word' id='word_1_155' title='bbox 662 919 711 946; x_wconf 90' lang='lat' dir='ltr'><strong>llic</strong></span> <span class='ocrx_word' id='word_1_156' title='bbox 723 919 795 946; x_wconf 88' lang='lat' dir='ltr'><strong>enim</strong></span> <span class='ocrx_word' id='word_1_157' title='bbox 811 923 861 951; x_wconf 85' lang='lat' dir='ltr'><strong>est,</strong></span> <span class='ocrx_word' id='word_1_158' title='bbox 875 919 920 954; x_wconf 89' lang='lat' dir='ltr'><strong>qui</strong></span> 
     </span>
    </p>
   </div>
   <div class='ocr_carea' id='block_1_22' title="bbox 133 965 919 1001">
    <p class='ocr_par' dir='ltr' id='par_1_22' title="bbox 133 965 919 1001">
     <span class='ocr_line' id='line_1_22' title="bbox 133 965 919 1001; baseline 0 -9"><span class='ocrx_word' id='word_1_159' title='bbox 133 974 165 993; x_wconf 85' lang='lat' dir='ltr'><strong>ex</strong></span> <span class='ocrx_word' id='word_1_160' title='bbox 181 966 235 994; x_wconf 86' lang='lat' dir='ltr'><strong>Deo</strong></span> <span class='ocrx_word' id='word_1_161' title='bbox 251 973 330 994; x_wconf 86' lang='lat' dir='ltr'><strong>natus</strong></span> <span class='ocrx_word' id='word_1_162' title='bbox 343 970 394 998; x_wconf 85' lang='lat' dir='ltr'><strong>est,</strong></span> <span class='ocrx_word' id='word_1_163' title='bbox 407 966 513 993; x_wconf 90' lang='lat' dir='ltr'><strong>habens</strong></span> <span class='ocrx_word' id='word_1_164' title='bbox 530 967 696 993; x_wconf 90' lang='lat' dir='ltr'><strong>nativitatem</strong></span> <span class='ocrx_word' id='word_1_165' title='bbox 712 965 782 1001; x_wconf 86' lang='lat' dir='ltr'><strong>ejus,</strong></span> <span class='ocrx_word' id='word_1_166' title='bbox 796 966 821 993; x_wconf 93' lang='lat' dir='ltr'><strong>in</strong></span> <span class='ocrx_word' id='word_1_167' title='bbox 835 973 919 1000; x_wconf 85' lang='lat' dir='ltr'><strong>quan-</strong></span> 
     </span>
    </p>
   </div>
   <div class='ocr_carea' id='block_1_23' title="bbox 133 1010 919 1049">
    <p class='ocr_par' dir='ltr' id='par_1_23' title="bbox 133 1010 919 1049">
     <span class='ocr_line' id='line_1_23' title="bbox 133 1010 919 1049; baseline 0 -11"><span class='ocrx_word' id='word_1_168' title='bbox 133 1017 188 1038; x_wconf 85' lang='lat' dir='ltr'><strong>tum</strong></span> <span class='ocrx_word' id='word_1_169' title='bbox 212 1012 275 1038; x_wconf 77' lang='lat' dir='ltr'><strong>facit</strong></span> <span class='ocrx_word' id='word_1_170' title='bbox 298 1011 447 1049; x_wconf 82' lang='lat' dir='ltr'><strong>justitiam,</strong></span> <span class='ocrx_word' id='word_1_171' title='bbox 469 1017 496 1038; x_wconf 91' lang='lat' dir='ltr'><strong>et</strong></span> <span class='ocrx_word' id='word_1_172' title='bbox 513 1011 573 1038; x_wconf 69' lang='lat' dir='ltr'><strong>ideo</strong></span> <span class='ocrx_word' id='word_1_173' title='bbox 599 1016 739 1046; x_wconf 78' lang='lat' dir='ltr'><strong>peccatum</strong></span> <span class='ocrx_word' id='word_1_174' title='bbox 767 1019 818 1038; x_wconf 93' lang='lat' dir='ltr'><strong>non</strong></span> <span class='ocrx_word' id='word_1_175' title='bbox 844 1010 919 1043; x_wconf 83' lang='lat' dir='ltr'><strong>facit,</strong></span> 
     </span>
    </p>
   </div>
   <div class='ocr_carea' id='block_1_24' title="bbox 129 1057 919 1091">
    <p class='ocr_par' dir='ltr' id='par_1_24' title="bbox 129 1057 919 1091">
     <span class='ocr_line' id='line_1_24' title="bbox 129 1057 919 1091; baseline 0.001 -8"><span class='ocrx_word' id='word_1_176' title='bbox 129 1057 259 1090; x_wconf 87' lang='lat' dir='ltr'><strong>quoniam</strong></span> <span class='ocrx_word' id='word_1_177' title='bbox 277 1064 328 1083; x_wconf 90' lang='lat' dir='ltr'><strong>non</strong></span> <span class='ocrx_word' id='word_1_178' title='bbox 342 1061 430 1091; x_wconf 89' lang='lat' dir='ltr'><strong>potest</strong></span> <span class='ocrx_word' id='word_1_179' title='bbox 444 1064 566 1091; x_wconf 80' lang='lat' dir='ltr'><strong>peccare,</strong></span> <span class='ocrx_word' id='word_1_180' title='bbox 577 1057 623 1091; x_wconf 86' lang='lat' dir='ltr'><strong>qui</strong></span> <span class='ocrx_word' id='word_1_181' title='bbox 637 1057 744 1084; x_wconf 87' lang='lat' dir='ltr'><strong>videtur</strong></span> <span class='ocrx_word' id='word_1_182' title='bbox 756 1057 856 1084; x_wconf 82' lang='lat' dir='ltr'><strong>habere</strong></span> <span class='ocrx_word' id='word_1_183' title='bbox 868 1057 919 1084; x_wconf 70' lang='lat' dir='ltr'><strong>vir&lt;</strong></span> 
     </span>
    </p>
   </div>
   <div class='ocr_carea' id='block_1_25' title="bbox 131 1101 921 1137">
    <p class='ocr_par' dir='ltr' id='par_1_25' title="bbox 131 1101 921 1137">
     <span class='ocr_line' id='line_1_25' title="bbox 131 1101 921 1137; baseline 0.001 -9"><span class='ocrx_word' id='word_1_184' title='bbox 131 1105 226 1129; x_wconf 88' lang='lat' dir='ltr'><strong>tutem.</strong></span> <span class='ocrx_word' id='word_1_185' title='bbox 258 1102 292 1129; x_wconf 86' lang='lat' dir='ltr'><strong>Et</strong></span> <span class='ocrx_word' id='word_1_186' title='bbox 310 1102 376 1129; x_wconf 82' lang='lat' dir='ltr'><strong>illud</strong></span> <span class='ocrx_word' id='word_1_187' title='bbox 395 1101 453 1136; x_wconf 65' lang='lat'><strong>(4&#39;1)</strong></span> <span class='ocrx_word' id='word_1_188' title='bbox 480 1102 633 1136; x_wconf 86' lang='lat' dir='ltr'><strong>siquidem,</strong></span> <span class='ocrx_word' id='word_1_189' title='bbox 653 1109 721 1137; x_wconf 87' lang='lat' dir='ltr'><strong>quos</strong></span> <span class='ocrx_word' id='word_1_190' title='bbox 746 1102 921 1130; x_wconf 88' lang='lat' dir='ltr'><strong>introducunt</strong></span> 
     </span>
    </p>
   </div>
   <div class='ocr_carea' id='block_1_26' title="bbox 133 1146 921 1183">
    <p class='ocr_par' dir='ltr' id='par_1_26' title="bbox 133 1146 921 1183">
     <span class='ocr_line' id='line_1_26' title="bbox 133 1146 921 1183; baseline 0.005 -11"><span class='ocrx_word' id='word_1_191' title='bbox 133 1146 201 1174; x_wconf 85' lang='lat' dir='ltr'><strong>lilios</strong></span> <span class='ocrx_word' id='word_1_192' title='bbox 217 1153 392 1181; x_wconf 84' lang='lat' dir='ltr'><strong>peccatores,</strong></span> <span class='ocrx_word' id='word_1_193' title='bbox 411 1155 471 1174; x_wconf 89' lang='lat' dir='ltr'><strong>cum</strong></span> <span class='ocrx_word' id='word_1_194' title='bbox 491 1147 624 1182; x_wconf 80' lang='lat' dir='ltr'><strong>justitiam</strong></span> <span class='ocrx_word' id='word_1_195' title='bbox 646 1147 786 1180; x_wconf 64' lang='lat' dir='ltr'><strong>tacerent,</strong></span> <span class='ocrx_word' id='word_1_196' title='bbox 809 1156 921 1183; x_wconf 78' lang='lat' dir='ltr'><strong>peccare</strong></span> 
     </span>
    </p>
   </div>
   <div class='ocr_carea' id='block_1_27' title="bbox 131 1194 920 1229">
    <p class='ocr_par' dir='ltr' id='par_1_27' title="bbox 131 1194 920 1229">
     <span class='ocr_line' id='line_1_27' title="bbox 131 1194 920 1229; baseline 0.005 -11"><span class='ocrx_word' id='word_1_197' title='bbox 131 1199 184 1218; x_wconf 90' lang='lat' dir='ltr'><strong>non</strong></span> <span class='ocrx_word' id='word_1_198' title='bbox 204 1198 367 1227; x_wconf 89' lang='lat' dir='ltr'><strong>potuerunt,</strong></span> <span class='ocrx_word' id='word_1_199' title='bbox 396 1198 458 1220; x_wconf 88' lang='lat' dir='ltr'><strong>tunc</strong></span> <span class='ocrx_word' id='word_1_200' title='bbox 488 1194 581 1228; x_wconf 81' lang='lat' dir='ltr'><strong>utique</strong></span> <span class='ocrx_word' id='word_1_201' title='bbox 605 1199 744 1229; x_wconf 78' lang='lat' dir='ltr'><strong>peccaturo</strong></span> <span class='ocrx_word' id='word_1_202' title='bbox 773 1194 920 1228; x_wconf 78' lang='lat' dir='ltr'><strong>facientes,</strong></span> 
     </span>
    </p>
   </div>
   <div class='ocr_carea' id='block_1_28' title="bbox 940 857 960 885">
    <p class='ocr_par' dir='ltr' id='par_1_28' title="bbox 940 857 960 885">
     <span class='ocr_line' id='line_1_28' title="bbox 940 857 960 885; baseline -0.1 0"><span class='ocrx_word' id='word_1_203' title='bbox 940 857 960 885; x_wconf 68' lang='lat' dir='ltr'><strong>lt</strong></span> 
     </span>
    </p>
   </div>
   <div class='ocr_carea' id='block_1_29' title="bbox 975 231 1771 269">
    <p class='ocr_par' dir='ltr' id='par_1_29' title="bbox 975 231 1771 269">
     <span class='ocr_line' id='line_1_29' title="bbox 975 231 1771 269; baseline -0.003 -9"><span class='ocrx_word' id='word_1_204' title='bbox 975 234 1048 269; x_wconf 67' lang='grc' dir='ltr'>ἔχειν</span> <span class='ocrx_word' id='word_1_205' title='bbox 1060 253 1067 264; x_wconf 86' lang='grc'><strong>.</strong></span> <span class='ocrx_word' id='word_1_206' title='bbox 1079 233 1136 260; x_wconf 81' lang='grc' dir='ltr'><strong>ἀλλ’</strong></span> <span class='ocrx_word' id='word_1_207' title='bbox 1150 234 1190 260; x_wconf 79' lang='grc' dir='ltr'><strong>ὃτι</strong></span> <span class='ocrx_word' id='word_1_208' title='bbox 1206 233 1355 267; x_wconf 80' lang='grc' dir='ltr'>δυνάμενος</span> <span class='ocrx_word' id='word_1_209' title='bbox 1393 232 1505 259; x_wconf 70' lang='lat' dir='ltr'><strong>tusalem</strong></span> <span class='ocrx_word' id='word_1_210' title='bbox 1517 252 1525 264; x_wconf 93' lang='lat'><strong>,</strong></span> <span class='ocrx_word' id='word_1_211' title='bbox 1539 231 1687 258; x_wconf 78' lang='lat' dir='ltr'><strong>secundum</strong></span> <span class='ocrx_word' id='word_1_212' title='bbox 1698 234 1771 264; x_wconf 74' lang='lat' dir='ltr'><strong>quod</strong></span> 
     </span>
    </p>
   </div>
   <div class='ocr_carea' id='block_1_30' title="bbox 975 277 1773 317">
    <p class='ocr_par' dir='ltr' id='par_1_30' title="bbox 975 277 1773 317">
     <span class='ocr_line' id='line_1_30' title="bbox 975 277 1773 317; baseline -0.008 -9"><span class='ocrx_word' id='word_1_213' title='bbox 975 282 1004 308; x_wconf 76' lang='grc' dir='ltr'><strong>οὐ</strong></span> <span class='ocrx_word' id='word_1_214' title='bbox 1021 281 1144 317; x_wconf 76' lang='grc' dir='ltr'>βούλεται</span> <span class='ocrx_word' id='word_1_215' title='bbox 1161 281 1337 316; x_wconf 79' lang='grc' dir='ltr'>ἁμαρτάνειν.</span> <span class='ocrx_word' id='word_1_216' title='bbox 1393 277 1518 307; x_wconf 85' lang='lat' dir='ltr'><strong>dicimus.</strong></span> <span class='ocrx_word' id='word_1_217' title='bbox 1534 284 1586 303; x_wconf 92' lang='lat' dir='ltr'><strong>non</strong></span> <span class='ocrx_word' id='word_1_218' title='bbox 1604 283 1683 310; x_wconf 74' lang='lat' dir='ltr'><strong>posse</strong></span> <span class='ocrx_word' id='word_1_219' title='bbox 1701 277 1773 302; x_wconf 79' lang='lat' dir='ltr'><strong>irra-</strong></span> 
     </span>
    </p>
   </div>
   <div class='ocr_carea' id='block_1_31' title="bbox 977 321 1773 360">
    <p class='ocr_par' dir='ltr' id='par_1_31' title="bbox 977 321 1773 360">
     <span class='ocr_line' id='line_1_31' title="bbox 977 321 1773 360; baseline -0.005 -8"><span class='ocrx_word' id='word_1_220' title='bbox 977 328 1104 354; x_wconf 71' lang='lat' dir='ltr'><strong>timialiile</strong></span> <span class='ocrx_word' id='word_1_221' title='bbox 1140 326 1240 353; x_wconf 86' lang='lat' dir='ltr'><strong>animal</strong></span> <span class='ocrx_word' id='word_1_222' title='bbox 1277 325 1446 360; x_wconf 73' lang='lat' dir='ltr'><strong>disciplinam</strong></span> <span class='ocrx_word' id='word_1_223' title='bbox 1473 328 1519 350; x_wconf 80' lang='lat' dir='ltr'><strong>aut</strong></span> <span class='ocrx_word' id='word_1_224' title='bbox 1554 322 1653 356; x_wconf 86' lang='lat' dir='ltr'><strong>aliquid</strong></span> <span class='ocrx_word' id='word_1_225' title='bbox 1680 321 1773 349; x_wconf 77' lang='lat' dir='ltr'><strong>simile</strong></span> 
     </span>
    </p>
   </div>
   <div class='ocr_carea' id='block_1_32' title="bbox 976 373 1124 408">
    <p class='ocr_par' dir='ltr' id='par_1_32' title="bbox 976 373 1124 408">
     <span class='ocr_line' id='line_1_32' title="bbox 976 373 1124 408; baseline 0 -9"><span class='ocrx_word' id='word_1_226' title='bbox 976 373 1124 408; x_wconf 72' lang='lat' dir='ltr'><strong>possidere.</strong></span> 
     </span>
    </p>
   </div>
   <div class='ocr_carea' id='block_1_33' title="bbox 1015 413 1769 451">
    <p class='ocr_par' dir='ltr' id='par_1_33' title="bbox 1015 413 1769 451">
     <span class='ocr_line' id='line_1_33' title="bbox 1015 413 1769 451; baseline -0.005 -7"><span class='ocrx_word' id='word_1_227' title='bbox 1015 417 1063 444; x_wconf 75' lang='lat' dir='ltr'><strong>His</strong></span> <span class='ocrx_word' id='word_1_228' title='bbox 1076 418 1155 445; x_wconf 76' lang='lat' dir='ltr'><strong>dictis</strong></span> <span class='ocrx_word' id='word_1_229' title='bbox 1174 416 1308 450; x_wconf 84' lang='lat' dir='ltr'><strong>sequitur,</strong></span> <span class='ocrx_word' id='word_1_230' title='bbox 1325 415 1396 451; x_wconf 83' lang='lat' dir='ltr'><strong>quod</strong></span> <span class='ocrx_word' id='word_1_231' title='bbox 1421 413 1558 441; x_wconf 83' lang='lat' dir='ltr'><strong>manifesti</strong></span> <span class='ocrx_word' id='word_1_232' title='bbox 1576 418 1639 441; x_wconf 80' lang='lat' dir='ltr'><strong>sunt</strong></span> <span class='ocrx_word' id='word_1_233' title='bbox 1656 413 1704 440; x_wconf 91' lang='lat' dir='ltr'><strong>lllii</strong></span> <span class='ocrx_word' id='word_1_234' title='bbox 1721 413 1769 440; x_wconf 86' lang='lat' dir='ltr'><strong>Dei</strong></span> 
     </span>
    </p>
   </div>
   <div class='ocr_carea' id='block_1_34' title="bbox 976 460 1770 495">
    <p class='ocr_par' dir='ltr' id='par_1_34' title="bbox 976 460 1770 495">
     <span class='ocr_line' id='line_1_34' title="bbox 976 460 1770 495; baseline -0.005 -5"><span class='ocrx_word' id='word_1_235' title='bbox 976 468 1004 490; x_wconf 69' lang='lat' dir='ltr'><strong>et</strong></span> <span class='ocrx_word' id='word_1_236' title='bbox 1019 464 1065 489; x_wconf 85' lang='lat' dir='ltr'><strong>lilii</strong></span> <span class='ocrx_word' id='word_1_237' title='bbox 1084 463 1196 490; x_wconf 89' lang='lat' dir='ltr'><strong>diaboli.</strong></span> <span class='ocrx_word' id='word_1_238' title='bbox 1213 463 1242 490; x_wconf 89' lang='lat' dir='ltr'><strong>Si</strong></span> <span class='ocrx_word' id='word_1_239' title='bbox 1259 463 1331 490; x_wconf 81' lang='lat' dir='ltr'><strong>enim</strong></span> <span class='ocrx_word' id='word_1_240' title='bbox 1348 461 1450 492; x_wconf 86' lang='lat' dir='ltr'><strong>omnis,</strong></span> <span class='ocrx_word' id='word_1_241' title='bbox 1471 460 1517 495; x_wconf 86' lang='lat' dir='ltr'><strong>qui</strong></span> <span class='ocrx_word' id='word_1_242' title='bbox 1538 460 1602 487; x_wconf 88' lang='lat' dir='ltr'><strong>facit</strong></span> <span class='ocrx_word' id='word_1_243' title='bbox 1616 465 1770 494; x_wconf 81' lang='lat' dir='ltr'><strong>peccatum,</strong></span> 
     </span>
    </p>
   </div>
   <div class='ocr_carea' id='block_1_35' title="bbox 977 505 1768 542">
    <p class='ocr_par' dir='ltr' id='par_1_35' title="bbox 977 505 1768 542">
     <span class='ocr_line' id='line_1_35' title="bbox 977 505 1768 542; baseline -0.004 -7"><span class='ocrx_word' id='word_1_244' title='bbox 977 516 1010 535; x_wconf 79' lang='lat' dir='ltr'><strong>ex</strong></span> <span class='ocrx_word' id='word_1_245' title='bbox 1028 508 1134 534; x_wconf 85' lang='lat' dir='ltr'><strong>diabolo</strong></span> <span class='ocrx_word' id='word_1_246' title='bbox 1149 513 1200 540; x_wconf 77' lang='lat' dir='ltr'><strong>est,</strong></span> <span class='ocrx_word' id='word_1_247' title='bbox 1214 514 1240 536; x_wconf 86' lang='lat' dir='ltr'><strong>et</strong></span> <span class='ocrx_word' id='word_1_248' title='bbox 1253 508 1285 540; x_wconf 76' lang='lat' dir='ltr'><strong>is,</strong></span> <span class='ocrx_word' id='word_1_249' title='bbox 1297 508 1342 542; x_wconf 89' lang='lat' dir='ltr'><strong>qui</strong></span> <span class='ocrx_word' id='word_1_250' title='bbox 1358 508 1393 534; x_wconf 83' lang='lat' dir='ltr'><strong>ita</strong></span> <span class='ocrx_word' id='word_1_251' title='bbox 1407 507 1474 542; x_wconf 79' lang='lat' dir='ltr'><strong>agit,</strong></span> <span class='ocrx_word' id='word_1_252' title='bbox 1492 505 1690 538; x_wconf 82' lang='lat' dir='ltr'><strong>manifestatur,</strong></span> <span class='ocrx_word' id='word_1_253' title='bbox 1704 505 1768 538; x_wconf 83' lang='lat' dir='ltr'><strong>quia</strong></span> 
     </span>
    </p>
   </div>
   <div class='ocr_carea' id='block_1_36' title="bbox 978 553 1771 587">
    <p class='ocr_par' dir='ltr' id='par_1_36' title="bbox 978 553 1771 587">
     <span class='ocr_line' id='line_1_36' title="bbox 978 553 1771 587; baseline -0.003 -7"><span class='ocrx_word' id='word_1_254' title='bbox 978 555 1048 581; x_wconf 85' lang='lat' dir='ltr'><strong>lilins</strong></span> <span class='ocrx_word' id='word_1_255' title='bbox 1064 554 1163 581; x_wconf 84' lang='lat' dir='ltr'><strong>diaboli</strong></span> <span class='ocrx_word' id='word_1_256' title='bbox 1185 559 1227 581; x_wconf 83' lang='lat' dir='ltr'><strong>est</strong></span> <span class='ocrx_word' id='word_1_257' title='bbox 1244 563 1250 580; x_wconf 93' lang='lat'>:</span> <span class='ocrx_word' id='word_1_258' title='bbox 1276 554 1346 582; x_wconf 75' lang='lat' dir='ltr'><strong>sicut</strong></span> <span class='ocrx_word' id='word_1_259' title='bbox 1371 553 1480 587; x_wconf 85' lang='lat' dir='ltr'><strong>Elymas</strong></span> <span class='ocrx_word' id='word_1_260' title='bbox 1498 559 1602 586; x_wconf 70' lang='lat' dir='ltr'><strong>magus,</strong></span> <span class='ocrx_word' id='word_1_261' title='bbox 1618 559 1678 578; x_wconf 92' lang='lat' dir='ltr'><strong>cmn</strong></span> <span class='ocrx_word' id='word_1_262' title='bbox 1696 556 1771 578; x_wconf 81' lang='lat' dir='ltr'><strong>esset</strong></span> 
     </span>
    </p>
   </div>
   <div class='ocr_carea' id='block_1_37' title="bbox 977 598 1770 635">
    <p class='ocr_par' dir='ltr' id='par_1_37' title="bbox 977 598 1770 635">
     <span class='ocr_line' id='line_1_37' title="bbox 977 598 1770 635; baseline -0.001 -10"><span class='ocrx_word' id='word_1_263' title='bbox 977 601 1073 635; x_wconf 86' lang='lat' dir='ltr'><strong>plenus</strong></span> <span class='ocrx_word' id='word_1_264' title='bbox 1093 601 1166 627; x_wconf 90' lang='lat' dir='ltr'><strong>omni</strong></span> <span class='ocrx_word' id='word_1_265' title='bbox 1187 601 1248 628; x_wconf 89' lang='lat' dir='ltr'><strong>dulo</strong></span> <span class='ocrx_word' id='word_1_266' title='bbox 1269 606 1296 628; x_wconf 84' lang='lat' dir='ltr'><strong>et</strong></span> <span class='ocrx_word' id='word_1_267' title='bbox 1312 600 1386 627; x_wconf 87' lang='lat' dir='ltr'><strong>ontni</strong></span> <span class='ocrx_word' id='word_1_268' title='bbox 1412 598 1574 634; x_wconf 87' lang='lat' dir='ltr'><strong>ittiquitute,</strong></span> <span class='ocrx_word' id='word_1_269' title='bbox 1593 598 1703 632; x_wconf 78' lang='lat' dir='ltr'><strong>agnitus</strong></span> <span class='ocrx_word' id='word_1_270' title='bbox 1727 602 1770 624; x_wconf 80' lang='lat' dir='ltr'><strong>est</strong></span> 
     </span>
    </p>
   </div>
   <div class='ocr_carea' id='block_1_38' title="bbox 978 643 1770 680">
    <p class='ocr_par' dir='ltr' id='par_1_38' title="bbox 978 643 1770 680">
     <span class='ocr_line' id='line_1_38' title="bbox 978 643 1770 680; baseline -0.005 -7"><span class='ocrx_word' id='word_1_271' title='bbox 978 647 1048 673; x_wconf 89' lang='lat' dir='ltr'><strong>filius</strong></span> <span class='ocrx_word' id='word_1_272' title='bbox 1063 654 1123 674; x_wconf 84' lang='lat' dir='ltr'><strong>esse</strong></span> <span class='ocrx_word' id='word_1_273' title='bbox 1136 645 1238 673; x_wconf 88' lang='lat' dir='ltr'><strong>diaboli</strong></span> <span class='ocrx_word' id='word_1_274' title='bbox 1255 646 1290 674; x_wconf 75' lang='grc' dir='ltr'><strong>⁸ο.</strong></span> <span class='ocrx_word' id='word_1_275' title='bbox 1310 646 1343 672; x_wconf 87' lang='lat' dir='ltr'><strong>Et</strong></span> <span class='ocrx_word' id='word_1_276' title='bbox 1361 645 1488 680; x_wconf 83' lang='lat' dir='ltr'><strong>quoniam</strong></span> <span class='ocrx_word' id='word_1_277' title='bbox 1505 644 1606 675; x_wconf 80' lang='lat' dir='ltr'><strong>omnis,</strong></span> <span class='ocrx_word' id='word_1_278' title='bbox 1622 643 1668 678; x_wconf 89' lang='lat' dir='ltr'><strong>qui</strong></span> <span class='ocrx_word' id='word_1_279' title='bbox 1689 648 1770 670; x_wconf 85' lang='lat' dir='ltr'><strong>natus</strong></span> 
     </span>
    </p>
   </div>
   <div class='ocr_carea' id='block_1_39' title="bbox 977 690 1770 727">
    <p class='ocr_par' dir='ltr' id='par_1_39' title="bbox 977 690 1770 727">
     <span class='ocr_line' id='line_1_39' title="bbox 977 690 1770 727; baseline -0.005 -8"><span class='ocrx_word' id='word_1_280' title='bbox 977 696 1019 719; x_wconf 81' lang='lat' dir='ltr'><strong>est</strong></span> <span class='ocrx_word' id='word_1_281' title='bbox 1032 700 1065 719; x_wconf 76' lang='lat' dir='ltr'><strong>ex</strong></span> <span class='ocrx_word' id='word_1_282' title='bbox 1082 692 1148 723; x_wconf 69' lang='lat' dir='ltr'><strong>Deo,</strong></span> <span class='ocrx_word' id='word_1_283' title='bbox 1163 697 1302 727; x_wconf 74' lang='lat' dir='ltr'><strong>peccaturo</strong></span> <span class='ocrx_word' id='word_1_284' title='bbox 1321 699 1373 719; x_wconf 85' lang='lat' dir='ltr'><strong>non</strong></span> <span class='ocrx_word' id='word_1_285' title='bbox 1390 691 1452 719; x_wconf 91' lang='lat' dir='ltr'><strong>facil</strong></span> <span class='ocrx_word' id='word_1_286' title='bbox 1464 711 1472 724; x_wconf 93' lang='lat'><strong>,</strong></span> <span class='ocrx_word' id='word_1_287' title='bbox 1486 698 1547 718; x_wconf 88' lang='lat' dir='ltr'><strong>cum</strong></span> <span class='ocrx_word' id='word_1_288' title='bbox 1564 690 1663 717; x_wconf 79' lang='lat' dir='ltr'><strong>habeat</strong></span> <span class='ocrx_word' id='word_1_289' title='bbox 1679 690 1706 716; x_wconf 90' lang='lat' dir='ltr'><strong>in</strong></span> <span class='ocrx_word' id='word_1_290' title='bbox 1725 696 1770 716; x_wconf 81' lang='lat' dir='ltr'><strong>se-</strong></span> 
     </span>
    </p>
   </div>
   <div class='ocr_carea' id='block_1_40' title="bbox 979 734 1773 771">
    <p class='ocr_par' dir='ltr' id='par_1_40' title="bbox 979 734 1773 771">
     <span class='ocr_line' id='line_1_40' title="bbox 979 734 1773 771; baseline -0.004 -9"><span class='ocrx_word' id='word_1_291' title='bbox 979 737 1095 771; x_wconf 77' lang='lat' dir='ltr'><strong>metipso</strong></span> <span class='ocrx_word' id='word_1_292' title='bbox 1108 736 1155 764; x_wconf 89' lang='lat' dir='ltr'><strong>Dei</strong></span> <span class='ocrx_word' id='word_1_293' title='bbox 1174 744 1264 764; x_wconf 88' lang='lat' dir='ltr'><strong>semen</strong></span> <span class='ocrx_word' id='word_1_294' title='bbox 1276 757 1284 767; x_wconf 93' lang='lat'><strong>,</strong></span> <span class='ocrx_word' id='word_1_295' title='bbox 1305 737 1350 771; x_wconf 91' lang='lat' dir='ltr'><strong>qui</strong></span> <span class='ocrx_word' id='word_1_296' title='bbox 1378 737 1414 764; x_wconf 87' lang='lat' dir='ltr'><strong>ita</strong></span> <span class='ocrx_word' id='word_1_297' title='bbox 1434 743 1486 764; x_wconf 90' lang='lat' dir='ltr'><strong>non</strong></span> <span class='ocrx_word' id='word_1_298' title='bbox 1504 740 1617 770; x_wconf 84' lang='lat' dir='ltr'><strong>peccat,</strong></span> <span class='ocrx_word' id='word_1_299' title='bbox 1636 734 1773 761; x_wconf 83' lang='lat' dir='ltr'><strong>invenitur</strong></span> 
     </span>
    </p>
   </div>
   <div class='ocr_carea' id='block_1_41' title="bbox 978 782 1308 816">
    <p class='ocr_par' dir='ltr' id='par_1_41' title="bbox 978 782 1308 816">
     <span class='ocr_line' id='line_1_41' title="bbox 978 782 1308 816; baseline 0.006 -8"><span class='ocrx_word' id='word_1_300' title='bbox 978 787 1072 816; x_wconf 83' lang='lat' dir='ltr'><strong>aperte</strong></span> <span class='ocrx_word' id='word_1_301' title='bbox 1088 782 1158 809; x_wconf 83' lang='lat' dir='ltr'><strong>filius</strong></span> <span class='ocrx_word' id='word_1_302' title='bbox 1172 790 1234 810; x_wconf 83' lang='lat' dir='ltr'><strong>esse</strong></span> <span class='ocrx_word' id='word_1_303' title='bbox 1250 782 1308 810; x_wconf 88' lang='lat' dir='ltr'><strong>Dei.</strong></span> 
     </span>
    </p>
   </div>
   <div class='ocr_carea' id='block_1_42' title="bbox 979 825 1770 862">
    <p class='ocr_par' dir='ltr' id='par_1_42' title="bbox 979 825 1770 862">
     <span class='ocr_line' id='line_1_42' title="bbox 979 825 1770 862; baseline -0.003 -8"><span class='ocrx_word' id='word_1_304' title='bbox 979 827 1016 855; x_wconf 80' lang='grc' dir='ltr'><strong>Εὖ</strong></span> <span class='ocrx_word' id='word_1_305' title='bbox 1035 829 1064 855; x_wconf 80' lang='grc' dir='ltr'><strong>δὲ</strong></span> <span class='ocrx_word' id='word_1_306' title='bbox 1090 829 1180 856; x_wconf 77' lang='grc' dir='ltr'>καὶτὸ</span> <span class='ocrx_word' id='word_1_307' title='bbox 1192 829 1291 862; x_wconf 68' lang='grc' dir='ltr'><strong>εἰπεῖν,</strong></span> <span class='ocrx_word' id='word_1_308' title='bbox 1305 839 1314 856; x_wconf 79' lang='grc' dir='ltr'>ι</span> <span class='ocrx_word' id='word_1_309' title='bbox 1326 830 1356 856; x_wconf 58' lang='grc' dir='ltr'><strong>ἀι</strong></span> <span class='ocrx_word' id='word_1_310' title='bbox 1393 828 1455 856; x_wconf 85' lang='lat' dir='ltr'><strong>Ideo</strong></span> <span class='ocrx_word' id='word_1_311' title='bbox 1480 832 1569 855; x_wconf 87' lang='lat' dir='ltr'><strong>autem</strong></span> <span class='ocrx_word' id='word_1_312' title='bbox 1592 834 1642 862; x_wconf 72' lang='lat' dir='ltr'><strong>ego</strong></span> <span class='ocrx_word' id='word_1_313' title='bbox 1660 825 1746 860; x_wconf 83' lang='lat' dir='ltr'><strong>adjeei</strong></span> <span class='ocrx_word' id='word_1_314' title='bbox 1763 835 1770 852; x_wconf 90' lang='lat'><strong>:</strong></span> 
     </span>
    </p>
   </div>
   <div class='ocr_carea' id='block_1_43' title="bbox 976 873 1771 913">
    <p class='ocr_par' dir='ltr' id='par_1_43' title="bbox 976 873 1771 913">
     <span class='ocr_line' id='line_1_43' title="bbox 976 873 1771 913; baseline -0.005 -11"><span class='ocrx_word' id='word_1_315' title='bbox 976 875 1094 911; x_wconf 75' lang='grc' dir='ltr'>μαρτίαν</span> <span class='ocrx_word' id='word_1_316' title='bbox 1111 874 1142 902; x_wconf 80' lang='grc' dir='ltr'>οὐ</span> <span class='ocrx_word' id='word_1_317' title='bbox 1153 876 1234 908; x_wconf 85' lang='grc' dir='ltr'>ποιεῖ,</span> <span class='ocrx_word' id='word_1_318' title='bbox 1249 886 1257 902; x_wconf 76' lang='grc' dir='ltr'>ι</span> <span class='ocrx_word' id='word_1_319' title='bbox 1267 876 1311 904; x_wconf 80' lang='grc' dir='ltr'>ἵνα.</span> <span class='ocrx_word' id='word_1_320' title='bbox 1320 876 1355 913; x_wconf 80' lang='grc' dir='ltr'>μή</span> <span class='ocrx_word' id='word_1_321' title='bbox 1395 883 1405 900; x_wconf 75' lang='lat' dir='ltr'><strong>t</strong></span> <span class='ocrx_word' id='word_1_322' title='bbox 1424 874 1469 908; x_wconf 90' lang='lat' dir='ltr'><strong>qui</strong></span> <span class='ocrx_word' id='word_1_323' title='bbox 1484 873 1519 900; x_wconf 87' lang='lat' dir='ltr'><strong>ita</strong></span> <span class='ocrx_word' id='word_1_324' title='bbox 1530 881 1583 900; x_wconf 93' lang='lat' dir='ltr'><strong>non</strong></span> <span class='ocrx_word' id='word_1_325' title='bbox 1599 876 1703 908; x_wconf 82' lang='lat' dir='ltr'><strong>peccat,</strong></span> <span class='ocrx_word' id='word_1_326' title='bbox 1716 881 1726 898; x_wconf 77' lang='grc' dir='ltr'>ι</span> <span class='ocrx_word' id='word_1_327' title='bbox 1737 879 1771 898; x_wconf 91' lang='lat' dir='ltr'><strong>ne</strong></span> 
     </span>
    </p>
   </div>
   <div class='ocr_carea' id='block_1_44' title="bbox 131 1238 921 1276">
    <p class='ocr_par' dir='ltr' id='par_1_44' title="bbox 131 1238 921 1276">
     <span class='ocr_line' id='line_1_44' title="bbox 131 1238 921 1276; baseline 0.005 -12"><span class='ocrx_word' id='word_1_328' title='bbox 131 1245 193 1264; x_wconf 91' lang='lat' dir='ltr'><strong>cum</strong></span> <span class='ocrx_word' id='word_1_329' title='bbox 209 1238 377 1273; x_wconf 89' lang='lat' dir='ltr'><strong>reliquerunt</strong></span> <span class='ocrx_word' id='word_1_330' title='bbox 398 1240 560 1273; x_wconf 70' lang='lat' dir='ltr'><strong>genitorem,</strong></span> <span class='ocrx_word' id='word_1_331' title='bbox 574 1245 602 1267; x_wconf 84' lang='lat' dir='ltr'><strong>et</strong></span> <span class='ocrx_word' id='word_1_332' title='bbox 616 1245 779 1274; x_wconf 86' lang='lat' dir='ltr'><strong>spreverunt</strong></span> <span class='ocrx_word' id='word_1_333' title='bbox 793 1248 854 1268; x_wconf 86' lang='lat' dir='ltr'><strong>eum</strong></span> <span class='ocrx_word' id='word_1_334' title='bbox 874 1242 921 1276; x_wconf 93' lang='lat' dir='ltr'><strong>qui</strong></span> 
     </span>
    </p>
   </div>
   <div class='ocr_carea' id='block_1_45' title="bbox 129 1283 921 1321">
    <p class='ocr_par' dir='ltr' id='par_1_45' title="bbox 129 1283 921 1321">
     <span class='ocr_line' id='line_1_45' title="bbox 129 1283 921 1321; baseline 0.006 -11"><span class='ocrx_word' id='word_1_335' title='bbox 129 1283 259 1311; x_wconf 80' lang='lat' dir='ltr'><strong>exaltavit</strong></span> <span class='ocrx_word' id='word_1_336' title='bbox 273 1284 341 1312; x_wconf 84' lang='lat' dir='ltr'><strong>illos.</strong></span> <span class='ocrx_word' id='word_1_337' title='bbox 365 1284 422 1312; x_wconf 83' lang='lat' dir='ltr'><strong>lloc</strong></span> <span class='ocrx_word' id='word_1_338' title='bbox 435 1285 535 1312; x_wconf 82' lang='lat' dir='ltr'><strong>etenim</strong></span> <span class='ocrx_word' id='word_1_339' title='bbox 551 1285 590 1313; x_wconf 81' lang='lat' dir='ltr'><strong>eis</strong></span> <span class='ocrx_word' id='word_1_340' title='bbox 604 1286 704 1318; x_wconf 84' lang='lat' dir='ltr'><strong>evenit,</strong></span> <span class='ocrx_word' id='word_1_341' title='bbox 721 1287 848 1321; x_wconf 84' lang='lat' dir='ltr'><strong>quoniam</strong></span> <span class='ocrx_word' id='word_1_342' title='bbox 862 1294 921 1315; x_wconf 76' lang='lat' dir='ltr'><strong>ces-</strong></span> 
     </span>
    </p>
   </div>
   <div class='ocr_carea' id='block_1_46' title="bbox 129 1330 920 1366">
    <p class='ocr_par' dir='ltr' id='par_1_46' title="bbox 129 1330 920 1366">
     <span class='ocr_line' id='line_1_46' title="bbox 129 1330 920 1366; baseline 0.006 -11"><span class='ocrx_word' id='word_1_343' title='bbox 129 1335 256 1357; x_wconf 80' lang='lat' dir='ltr'><strong>saverant</strong></span> <span class='ocrx_word' id='word_1_344' title='bbox 264 1330 397 1365; x_wconf 86' lang='lat' dir='ltr'><strong>justitiam</strong></span> <span class='ocrx_word' id='word_1_345' title='bbox 409 1331 528 1365; x_wconf 84' lang='lat' dir='ltr'><strong>operari.</strong></span> <span class='ocrx_word' id='word_1_346' title='bbox 538 1330 709 1366; x_wconf 85' lang='lat' dir='ltr'><strong>Quapropter</strong></span> <span class='ocrx_word' id='word_1_347' title='bbox 719 1333 854 1360; x_wconf 84' lang='lat' dir='ltr'><strong>contraria</strong></span> <span class='ocrx_word' id='word_1_348' title='bbox 867 1340 920 1361; x_wconf 90' lang='lat' dir='ltr'><strong>non</strong></span> 
     </span>
    </p>
   </div>
   <div class='ocr_carea' id='block_1_47' title="bbox 129 1377 920 1413">
    <p class='ocr_par' dir='ltr' id='par_1_47' title="bbox 129 1377 920 1413">
     <span class='ocr_line' id='line_1_47' title="bbox 129 1377 920 1413; baseline 0.006 -11"><span class='ocrx_word' id='word_1_349' title='bbox 129 1381 192 1402; x_wconf 89' lang='lat' dir='ltr'><strong>sunt</strong></span> <span class='ocrx_word' id='word_1_350' title='bbox 208 1377 287 1404; x_wconf 87' lang='lat' dir='ltr'><strong>verba</strong></span> <span class='ocrx_word' id='word_1_351' title='bbox 301 1398 307 1410; x_wconf 93' lang='lat'><strong>,</strong></span> <span class='ocrx_word' id='word_1_352' title='bbox 324 1385 383 1412; x_wconf 75' lang='lat' dir='ltr'><strong>qua:</strong></span> <span class='ocrx_word' id='word_1_353' title='bbox 397 1382 546 1412; x_wconf 88' lang='lat' dir='ltr'><strong>posuerunt</strong></span> <span class='ocrx_word' id='word_1_354' title='bbox 561 1377 596 1405; x_wconf 89' lang='lat' dir='ltr'><strong>de</strong></span> <span class='ocrx_word' id='word_1_355' title='bbox 615 1377 773 1406; x_wconf 80' lang='lat' dir='ltr'><strong>diversitate</strong></span> <span class='ocrx_word' id='word_1_356' title='bbox 786 1378 920 1413; x_wconf 80' lang='lat' dir='ltr'><strong>ﬁliorum;</strong></span> 
     </span>
    </p>
   </div>
   <div class='ocr_carea' id='block_1_48' title="bbox 131 1421 624 1456">
    <p class='ocr_par' dir='ltr' id='par_1_48' title="bbox 131 1421 624 1456">
     <span class='ocr_line' id='line_1_48' title="bbox 131 1421 624 1456; baseline 0.008 -11"><span class='ocrx_word' id='word_1_357' title='bbox 131 1428 217 1454; x_wconf 67' lang='lat' dir='ltr'><strong>neque</strong></span> <span class='ocrx_word' id='word_1_358' title='bbox 232 1421 302 1448; x_wconf 85' lang='lat' dir='ltr'><strong>enim</strong></span> <span class='ocrx_word' id='word_1_359' title='bbox 320 1423 507 1449; x_wconf 86' lang='lat' dir='ltr'><strong>demonstrant</strong></span> <span class='ocrx_word' id='word_1_360' title='bbox 523 1427 624 1456; x_wconf 84' lang='lat' dir='ltr'><strong>patres.</strong></span> 
     </span>
    </p>
   </div>
   <div class='ocr_carea' id='block_1_49' title="bbox 129 1465 507 1503">
    <p class='ocr_par' dir='ltr' id='par_1_49' title="bbox 129 1465 507 1503">
     <span class='ocr_line' id='line_1_49' title="bbox 129 1465 507 1503; baseline 0.008 -12"><span class='ocrx_word' id='word_1_361' title='bbox 129 1465 180 1492; x_wconf 76' lang='grc' dir='ltr'>Καὶ</span> <span class='ocrx_word' id='word_1_362' title='bbox 205 1466 256 1502; x_wconf 86' lang='grc' dir='ltr'><strong>τὴν</strong></span> <span class='ocrx_word' id='word_1_363' title='bbox 280 1467 369 1497; x_wconf 82' lang='grc' dir='ltr'>αἰτίαν</span> <span class='ocrx_word' id='word_1_364' title='bbox 396 1468 507 1503; x_wconf 69' lang='grc' dir='ltr'>προστί-</span> 
     </span>
    </p>
   </div>
   <div class='ocr_carea' id='block_1_50' title="bbox 129 1511 506 1547">
    <p class='ocr_par' dir='ltr' id='par_1_50' title="bbox 129 1511 506 1547">
     <span class='ocr_line' id='line_1_50' title="bbox 129 1511 506 1547; baseline 0.008 -10"><span class='ocrx_word' id='word_1_365' title='bbox 129 1511 190 1546; x_wconf 69' lang='grc' dir='ltr'><strong>θησι</strong></span> <span class='ocrx_word' id='word_1_366' title='bbox 202 1511 249 1537; x_wconf 76' lang='grc' dir='ltr'><strong>τοῦ</strong></span> <span class='ocrx_word' id='word_1_367' title='bbox 297 1512 334 1547; x_wconf 85' lang='grc' dir='ltr'>μὴ</span> <span class='ocrx_word' id='word_1_368' title='bbox 378 1512 506 1540; x_wconf 76' lang='grc' dir='ltr'>δύνασθαι</span> 
     </span>
    </p>
   </div>
   <div class='ocr_carea' id='block_1_51' title="bbox 128 1559 507 1594">
    <p class='ocr_par' dir='ltr' id='par_1_51' title="bbox 128 1559 507 1594">
     <span class='ocr_line' id='line_1_51' title="bbox 128 1559 507 1594; baseline 0.008 -10"><span class='ocrx_word' id='word_1_369' title='bbox 128 1559 312 1594; x_wconf 74' lang='grc' dir='ltr'>ἁμαρτάνειν,</span> <span class='ocrx_word' id='word_1_370' title='bbox 342 1560 439 1594; x_wconf 75' lang='grc' dir='ltr'>λέγων,</span> <span class='ocrx_word' id='word_1_371' title='bbox 467 1562 507 1588; x_wconf 79' lang='grc' dir='ltr'>ὅτι</span> 
     </span>
    </p>
   </div>
   <div class='ocr_carea' id='block_1_52' title="bbox 129 1605 508 1640">
    <p class='ocr_par' dir='ltr' id='par_1_52' title="bbox 129 1605 508 1640">
     <span class='ocr_line' id='line_1_52' title="bbox 129 1605 508 1640; baseline 0.008 -11"><span class='ocrx_word' id='word_1_372' title='bbox 129 1605 238 1640; x_wconf 80' lang='grc' dir='ltr'>σπέρμα</span> <span class='ocrx_word' id='word_1_373' title='bbox 261 1605 343 1631; x_wconf 75' lang='grc' dir='ltr'>αὑτοῦ</span> <span class='ocrx_word' id='word_1_374' title='bbox 369 1606 460 1640; x_wconf 79' lang='grc' dir='ltr'><strong>μένει⁸</strong></span> <span class='ocrx_word' id='word_1_375' title='bbox 481 1606 508 1632; x_wconf 82' lang='grc' dir='ltr'><strong>τί</strong></span> 
     </span>
    </p>
   </div>
   <div class='ocr_carea' id='block_1_53' title="bbox 127 1649 507 1688">
    <p class='ocr_par' dir='ltr' id='par_1_53' title="bbox 127 1649 507 1688">
     <span class='ocr_line' id='line_1_53' title="bbox 127 1649 507 1688; baseline 0.008 -11"><span class='ocrx_word' id='word_1_376' title='bbox 127 1649 155 1677; x_wconf 76' lang='grc' dir='ltr'><strong>δέ</strong></span> <span class='ocrx_word' id='word_1_377' title='bbox 186 1652 243 1677; x_wconf 70' lang='grc' dir='ltr'><strong>ἐστι</strong></span> <span class='ocrx_word' id='word_1_378' title='bbox 270 1651 299 1678; x_wconf 81' lang='grc' dir='ltr'>τὸ</span> <span class='ocrx_word' id='word_1_379' title='bbox 327 1652 437 1688; x_wconf 75' lang='grc' dir='ltr'>σπέρμα</span> <span class='ocrx_word' id='word_1_380' title='bbox 460 1653 507 1680; x_wconf 65' lang='grc' dir='ltr'><strong>τοῦ</strong></span> 
     </span>
    </p>
   </div>
   <div class='ocr_carea' id='block_1_54' title="bbox 126 1697 506 1734">
    <p class='ocr_par' dir='ltr' id='par_1_54' title="bbox 126 1697 506 1734">
     <span class='ocr_line' id='line_1_54' title="bbox 126 1697 506 1734; baseline 0.011 -11"><span class='ocrx_word' id='word_1_381' title='bbox 126 1697 195 1723; x_wconf 76' lang='grc' dir='ltr'><strong>Θεοῦ</strong></span> <span class='ocrx_word' id='word_1_382' title='bbox 214 1719 222 1731; x_wconf 79' lang='lat'><strong>,</strong></span> <span class='ocrx_word' id='word_1_383' title='bbox 250 1698 266 1733; x_wconf 88' lang='grc' dir='ltr'>ἢ</span> <span class='ocrx_word' id='word_1_384' title='bbox 297 1699 313 1734; x_wconf 89' lang='grc' dir='ltr'>ἠ</span> <span class='ocrx_word' id='word_1_385' title='bbox 350 1699 397 1726; x_wconf 79' lang='grc' dir='ltr'><strong>τοῦ</strong></span> <span class='ocrx_word' id='word_1_386' title='bbox 427 1700 506 1734; x_wconf 76' lang='grc' dir='ltr'>ἁγίου</span> 
     </span>
    </p>
   </div>
   <div class='ocr_carea' id='block_1_55' title="bbox 129 1742 506 1781">
    <p class='ocr_par' dir='ltr' id='par_1_55' title="bbox 129 1742 506 1781">
     <span class='ocr_line' id='line_1_55' title="bbox 129 1742 506 1781; baseline 0.013 -13"><span class='ocrx_word' id='word_1_387' title='bbox 129 1742 289 1778; x_wconf 81' lang='grc' dir='ltr'>Πνεύματος</span> <span class='ocrx_word' id='word_1_388' title='bbox 316 1745 489 1781; x_wconf 67' lang='grc' dir='ltr'><strong>ἐπιφοίτησις</strong></span> <span class='ocrx_word' id='word_1_389' title='bbox 499 1765 506 1778; x_wconf 87' lang='lat'><strong>,</strong></span> 
     </span>
    </p>
   </div>
   <div class='ocr_carea' id='block_1_56' title="bbox 127 1786 506 1828">
    <p class='ocr_par' dir='ltr' id='par_1_56' title="bbox 127 1786 506 1828">
     <span class='ocr_line' id='line_1_56' title="bbox 127 1786 506 1828; baseline 0.008 -12"><span class='ocrx_word' id='word_1_390' title='bbox 127 1789 161 1816; x_wconf 80' lang='grc' dir='ltr'><strong>δι’</strong></span> <span class='ocrx_word' id='word_1_391' title='bbox 171 1786 204 1824; x_wconf 86' lang='grc' dir='ltr'><strong>ἦς</strong></span> <span class='ocrx_word' id='word_1_392' title='bbox 212 1790 376 1827; x_wconf 80' lang='grc' dir='ltr'><strong>ἀνεγεννήθη</strong></span> <span class='ocrx_word' id='word_1_393' title='bbox 382 1801 430 1827; x_wconf 88' lang='grc' dir='ltr'>μεν</span> <span class='ocrx_word' id='word_1_394' title='bbox 439 1793 506 1828; x_wconf 83' lang='grc'><strong>(45);</strong></span> 
     </span>
    </p>
   </div>
   <div class='ocr_carea' id='block_1_57' title="bbox 127 1835 507 1869">
    <p class='ocr_par' dir='ltr' id='par_1_57' title="bbox 127 1835 507 1869">
     <span class='ocr_line' id='line_1_57' title="bbox 127 1835 507 1869; baseline 0.013 -9"><span class='ocrx_word' id='word_1_395' title='bbox 127 1849 162 1855; x_wconf 89' lang='grc'><strong><em>-</em></strong></span> <span class='ocrx_word' id='word_1_396' title='bbox 180 1835 216 1861; x_wconf 72' lang='grc' dir='ltr'><strong>Τὸ</strong></span> <span class='ocrx_word' id='word_1_397' title='bbox 247 1835 304 1869; x_wconf 66' lang='grc' dir='ltr'>οὖν,</span> <span class='ocrx_word' id='word_1_398' title='bbox 335 1838 364 1864; x_wconf 74' lang='grc' dir='ltr'><strong>οὐ</strong></span> <span class='ocrx_word' id='word_1_399' title='bbox 395 1838 507 1866; x_wconf 74' lang='grc' dir='ltr'>δύναται</span> 
     </span>
    </p>
   </div>
   <div class='ocr_carea' id='block_1_58' title="bbox 127 1881 508 1918">
    <p class='ocr_par' dir='ltr' id='par_1_58' title="bbox 127 1881 508 1918">
     <span class='ocr_line' id='line_1_58' title="bbox 127 1881 508 1918; baseline 0.013 -11"><span class='ocrx_word' id='word_1_400' title='bbox 127 1881 310 1916; x_wconf 77' lang='grc' dir='ltr'><strong>ἁμαρτάνειν,</strong></span> <span class='ocrx_word' id='word_1_401' title='bbox 327 1884 422 1918; x_wconf 78' lang='grc' dir='ltr'><strong>φησὶν.</strong></span> <span class='ocrx_word' id='word_1_402' title='bbox 447 1885 508 1912; x_wconf 76' lang='grc' dir='ltr'>ἀντὶ</span> 
     </span>
    </p>
   </div>
   <div class='ocr_carea' id='block_1_59' title="bbox 127 1927 507 1960">
    <p class='ocr_par' dir='ltr' id='par_1_59' title="bbox 127 1927 507 1960">
     <span class='ocr_line' id='line_1_59' title="bbox 127 1927 507 1960; baseline 0.011 -7"><span class='ocrx_word' id='word_1_403' title='bbox 127 1927 184 1960; x_wconf 78' lang='grc' dir='ltr'>τοῦ,</span> <span class='ocrx_word' id='word_1_404' title='bbox 197 1928 376 1956; x_wconf 54' lang='grc' dir='ltr'>ἀνακόλονθὸν</span> <span class='ocrx_word' id='word_1_405' title='bbox 391 1931 448 1956; x_wconf 79' lang='grc' dir='ltr'><strong>ἐστι</strong></span> <span class='ocrx_word' id='word_1_406' title='bbox 461 1932 507 1958; x_wconf 72' lang='grc' dir='ltr'><strong>καὶ</strong></span> 
     </span>
    </p>
   </div>
   <div class='ocr_carea' id='block_1_60' title="bbox 128 1973 508 2011">
    <p class='ocr_par' dir='ltr' id='par_1_60' title="bbox 128 1973 508 2011">
     <span class='ocr_line' id='line_1_60' title="bbox 128 1973 508 2011; baseline 0.011 -12"><span class='ocrx_word' id='word_1_407' title='bbox 128 1973 308 2010; x_wconf 76' lang='grc' dir='ltr'>ἀνάρμοστον.</span> <span class='ocrx_word' id='word_1_408' title='bbox 330 1976 367 2002; x_wconf 77' lang='grc' dir='ltr'><strong>Οὑ</strong></span> <span class='ocrx_word' id='word_1_409' title='bbox 390 1976 443 2011; x_wconf 77' lang='grc' dir='ltr'>γὰρ</span> <span class='ocrx_word' id='word_1_410' title='bbox 464 1977 508 2003; x_wconf 74' lang='grc' dir='ltr'><strong>ἐνο</strong></span> 
     </span>
    </p>
   </div>
   <div class='ocr_carea' id='block_1_61' title="bbox 127 2019 507 2057">
    <p class='ocr_par' dir='ltr' id='par_1_61' title="bbox 127 2019 507 2057">
     <span class='ocr_line' id='line_1_61' title="bbox 127 2019 507 2057; baseline 0.011 -11"><span class='ocrx_word' id='word_1_411' title='bbox 127 2019 233 2055; x_wconf 79' lang='grc' dir='ltr'>δέχεται</span> <span class='ocrx_word' id='word_1_412' title='bbox 249 2021 294 2047; x_wconf 75' lang='grc' dir='ltr'>τὸν</span> <span class='ocrx_word' id='word_1_413' title='bbox 315 2021 365 2056; x_wconf 77' lang='grc' dir='ltr'>τὴν</span> <span class='ocrx_word' id='word_1_414' title='bbox 384 2031 507 2057; x_wconf 74' lang='grc' dir='ltr'>πνευμα-</span> 
     </span>
    </p>
   </div>
   <div class='ocr_carea' id='block_1_62' title="bbox 127 2067 506 2105">
    <p class='ocr_par' dir='ltr' id='par_1_62' title="bbox 127 2067 506 2105">
     <span class='ocr_line' id='line_1_62' title="bbox 127 2067 506 2105; baseline 0.008 -13"><span class='ocrx_word' id='word_1_415' title='bbox 127 2067 206 2102; x_wconf 74' lang='grc' dir='ltr'>τικὴν</span> <span class='ocrx_word' id='word_1_416' title='bbox 231 2068 397 2101; x_wconf 70' lang='grc' dir='ltr'><strong>φυλάττοντα</strong></span> <span class='ocrx_word' id='word_1_417' title='bbox 410 2069 506 2105; x_wconf 74' lang='grc' dir='ltr'>γέννη-</span> 
     </span>
    </p>
   </div>
   <div class='ocr_carea' id='block_1_63' title="bbox 129 2113 507 2148">
    <p class='ocr_par' dir='ltr' id='par_1_63' title="bbox 129 2113 507 2148">
     <span class='ocr_line' id='line_1_63' title="bbox 129 2113 507 2148; baseline 0.008 -10"><span class='ocrx_word' id='word_1_418' title='bbox 129 2121 171 2138; x_wconf 86' lang='grc' dir='ltr'><strong>σιν</strong></span> <span class='ocrx_word' id='word_1_419' title='bbox 186 2113 234 2139; x_wconf 70' lang='grc' dir='ltr'>καὶ</span> <span class='ocrx_word' id='word_1_420' title='bbox 255 2114 441 2148; x_wconf 72' lang='grc' dir='ltr'><strong>πνευματικὰς</strong></span> <span class='ocrx_word' id='word_1_421' title='bbox 460 2115 507 2141; x_wconf 80' lang='grc' dir='ltr'>καὶ</span> 
     </span>
    </p>
   </div>
   <div class='ocr_carea' id='block_1_64' title="bbox 544 1466 920 1502">
    <p class='ocr_par' dir='ltr' id='par_1_64' title="bbox 544 1466 920 1502">
     <span class='ocr_line' id='line_1_64' title="bbox 544 1466 920 1502; baseline 0.005 -9"><span class='ocrx_word' id='word_1_422' title='bbox 544 1466 681 1501; x_wconf 81' lang='lat' dir='ltr'><strong>Denique,</strong></span> <span class='ocrx_word' id='word_1_423' title='bbox 707 1467 769 1502; x_wconf 87' lang='lat' dir='ltr'><strong>quia</strong></span> <span class='ocrx_word' id='word_1_424' title='bbox 787 1475 840 1495; x_wconf 92' lang='lat' dir='ltr'><strong>non</strong></span> <span class='ocrx_word' id='word_1_425' title='bbox 857 1475 920 1502; x_wconf 90' lang='lat' dir='ltr'><strong>pos-</strong></span> 
     </span>
    </p>
   </div>
   <div class='ocr_carea' id='block_1_65' title="bbox 971 921 1354 957">
    <p class='ocr_par' dir='ltr' id='par_1_65' title="bbox 971 921 1354 957">
     <span class='ocr_line' id='line_1_65' title="bbox 971 921 1354 957; baseline 0.003 -10"><span class='ocrx_word' id='word_1_426' title='bbox 971 930 1014 953; x_wconf 82' lang='grc' dir='ltr'><strong>τις</strong></span> <span class='ocrx_word' id='word_1_427' title='bbox 1032 921 1176 957; x_wconf 77' lang='grc' dir='ltr'><strong>σοφίσηται</strong></span> <span class='ocrx_word' id='word_1_428' title='bbox 1193 921 1289 955; x_wconf 82' lang='grc' dir='ltr'>λέγων,</span> <span class='ocrx_word' id='word_1_429' title='bbox 1310 922 1354 948; x_wconf 84' lang='grc' dir='ltr'><strong>τὲ-</strong></span> 
     </span>
    </p>
   </div>
   <div class='ocr_carea' id='block_1_66' title="bbox 972 967 1354 1004">
    <p class='ocr_par' dir='ltr' id='par_1_66' title="bbox 972 967 1354 1004">
     <span class='ocr_line' id='line_1_66' title="bbox 972 967 1354 1004; baseline 0.003 -10"><span class='ocrx_word' id='word_1_430' title='bbox 972 976 1024 994; x_wconf 83' lang='grc' dir='ltr'>κνα</span> <span class='ocrx_word' id='word_1_431' title='bbox 1051 967 1119 995; x_wconf 80' lang='grc' dir='ltr'><strong>Θεοῦ</strong></span> <span class='ocrx_word' id='word_1_432' title='bbox 1137 969 1210 1004; x_wconf 77' lang='grc' dir='ltr'>ἡμᾶς</span> <span class='ocrx_word' id='word_1_433' title='bbox 1231 968 1354 996; x_wconf 80' lang='grc' dir='ltr'>τίθεσθαι</span> 
     </span>
    </p>
   </div>
   <div class='ocr_carea' id='block_1_67' title="bbox 973 1014 1354 1051">
    <p class='ocr_par' dir='ltr' id='par_1_67' title="bbox 973 1014 1354 1051">
     <span class='ocr_line' id='line_1_67' title="bbox 973 1014 1354 1051; baseline 0.003 -10"><span class='ocrx_word' id='word_1_434' title='bbox 973 1014 1077 1046; x_wconf 80' lang='grc' dir='ltr'>πάντας</span> <span class='ocrx_word' id='word_1_435' title='bbox 1107 1015 1172 1046; x_wconf 83' lang='grc' dir='ltr'>τοὺς</span> <span class='ocrx_word' id='word_1_436' title='bbox 1201 1014 1238 1051; x_wconf 86' lang='grc' dir='ltr'>μὴ</span> <span class='ocrx_word' id='word_1_437' title='bbox 1262 1015 1354 1051; x_wconf 84' lang='grc' dir='ltr'>ἀμαρ-</span> 
     </span>
    </p>
   </div>
   <div class='ocr_carea' id='block_1_68' title="bbox 972 1061 1355 1098">
    <p class='ocr_par' dir='ltr' id='par_1_68' title="bbox 972 1061 1355 1098">
     <span class='ocr_line' id='line_1_68' title="bbox 972 1061 1355 1098; baseline 0 -10"><span class='ocrx_word' id='word_1_438' title='bbox 972 1061 1112 1093; x_wconf 80' lang='grc' dir='ltr'>τάνοντας.</span> <span class='ocrx_word' id='word_1_439' title='bbox 1129 1061 1170 1088; x_wconf 86' lang='grc' dir='ltr'>Τὰ</span> <span class='ocrx_word' id='word_1_440' title='bbox 1193 1062 1248 1097; x_wconf 78' lang='grc' dir='ltr'>γὰρ</span> <span class='ocrx_word' id='word_1_441' title='bbox 1267 1061 1355 1098; x_wconf 74' lang='grc' dir='ltr'>βρέφη</span> 
     </span>
    </p>
   </div>
   <div class='ocr_carea' id='block_1_69' title="bbox 973 1107 1354 1143">
    <p class='ocr_par' dir='ltr' id='par_1_69' title="bbox 973 1107 1354 1143">
     <span class='ocr_line' id='line_1_69' title="bbox 973 1107 1354 1143; baseline 0 -9"><span class='ocrx_word' id='word_1_442' title='bbox 973 1107 1111 1143; x_wconf 76' lang='grc' dir='ltr'><strong>ἁμαρτίαν</strong></span> <span class='ocrx_word' id='word_1_443' title='bbox 1124 1107 1155 1134; x_wconf 79' lang='grc' dir='ltr'><strong>οὐ</strong></span> <span class='ocrx_word' id='word_1_444' title='bbox 1171 1107 1309 1140; x_wconf 82' lang='grc' dir='ltr'>ποιοῦντα,</span> <span class='ocrx_word' id='word_1_445' title='bbox 1323 1107 1354 1134; x_wconf 77' lang='grc' dir='ltr'><strong>οὗ</strong></span> 
     </span>
    </p>
   </div>
   <div class='ocr_carea' id='block_1_70' title="bbox 972 1153 1353 1189">
    <p class='ocr_par' dir='ltr' id='par_1_70' title="bbox 972 1153 1353 1189">
     <span class='ocr_line' id='line_1_70' title="bbox 972 1153 1353 1189; baseline -0.003 -8"><span class='ocrx_word' id='word_1_446' title='bbox 972 1154 1069 1189; x_wconf 75' lang='grc' dir='ltr'>ῥητέον</span> <span class='ocrx_word' id='word_1_447' title='bbox 1089 1154 1172 1181; x_wconf 81' lang='grc' dir='ltr'>τέκνα</span> <span class='ocrx_word' id='word_1_448' title='bbox 1185 1153 1254 1181; x_wconf 83' lang='grc' dir='ltr'>Θεοῦ</span> <span class='ocrx_word' id='word_1_449' title='bbox 1273 1154 1353 1181; x_wconf 85' lang='grc' dir='ltr'>εἶναι.</span> 
     </span>
    </p>
   </div>
   <div class='ocr_carea' id='block_1_71' title="bbox 978 1200 1356 1236">
    <p class='ocr_par' dir='ltr' id='par_1_71' title="bbox 978 1200 1356 1236">
     <span class='ocr_line' id='line_1_71' title="bbox 978 1200 1356 1236; baseline 0 -9"><span class='ocrx_word' id='word_1_450' title='bbox 978 1200 1023 1233; x_wconf 77' lang='grc' dir='ltr'><strong>Ἐξ</strong></span> <span class='ocrx_word' id='word_1_451' title='bbox 1036 1200 1144 1236; x_wconf 75' lang='grc' dir='ltr'>ἡλικίας</span> <span class='ocrx_word' id='word_1_452' title='bbox 1156 1200 1222 1236; x_wconf 82' lang='grc' dir='ltr'>γὰρ,</span> <span class='ocrx_word' id='word_1_453' title='bbox 1234 1200 1291 1227; x_wconf 85' lang='grc' dir='ltr'><strong>ἀλλ’</strong></span> <span class='ocrx_word' id='word_1_454' title='bbox 1304 1200 1356 1227; x_wconf 81' lang='grc' dir='ltr'><strong>οὐκ</strong></span> 
     </span>
    </p>
   </div>
   <div class='ocr_carea' id='block_1_72' title="bbox 972 1246 1354 1282">
    <p class='ocr_par' dir='ltr' id='par_1_72' title="bbox 972 1246 1354 1282">
     <span class='ocr_line' id='line_1_72' title="bbox 972 1246 1354 1282; baseline 0.003 -10"><span class='ocrx_word' id='word_1_455' title='bbox 972 1246 1074 1282; x_wconf 77' lang='grc' dir='ltr'><strong>ἀρετῆς</strong></span> <span class='ocrx_word' id='word_1_456' title='bbox 1090 1247 1241 1273; x_wconf 76' lang='grc' dir='ltr'>κωλύονται</span> <span class='ocrx_word' id='word_1_457' title='bbox 1254 1246 1302 1273; x_wconf 81' lang='grc' dir='ltr'><strong>τοῦ</strong></span> <span class='ocrx_word' id='word_1_458' title='bbox 1316 1246 1354 1282; x_wconf 81' lang='grc' dir='ltr'>μὴ</span> 
     </span>
    </p>
   </div>
   <div class='ocr_carea' id='block_1_73' title="bbox 970 1293 1355 1328">
    <p class='ocr_par' dir='ltr' id='par_1_73' title="bbox 970 1293 1355 1328">
     <span class='ocr_line' id='line_1_73' title="bbox 970 1293 1355 1328; baseline 0 -9"><span class='ocrx_word' id='word_1_459' title='bbox 970 1293 1152 1328; x_wconf 79' lang='grc' dir='ltr'><strong>ἁμαρτάνειν.</strong></span> <span class='ocrx_word' id='word_1_460' title='bbox 1179 1293 1272 1328; x_wconf 73' lang='grc' dir='ltr'>Φαμὲν</span> <span class='ocrx_word' id='word_1_461' title='bbox 1299 1293 1355 1320; x_wconf 81' lang='grc' dir='ltr'>τοί-</span> 
     </span>
    </p>
   </div>
   <div class='ocr_carea' id='block_1_74' title="bbox 972 1338 1355 1374">
    <p class='ocr_par' dir='ltr' id='par_1_74' title="bbox 972 1338 1355 1374">
     <span class='ocr_line' id='line_1_74' title="bbox 972 1338 1355 1374; baseline -0.003 -8"><span class='ocrx_word' id='word_1_462' title='bbox 972 1347 1029 1372; x_wconf 86' lang='grc' dir='ltr'>νυν,</span> <span class='ocrx_word' id='word_1_463' title='bbox 1057 1339 1107 1374; x_wconf 85' lang='grc' dir='ltr'><strong>οὑχ</strong></span> <span class='ocrx_word' id='word_1_464' title='bbox 1137 1338 1222 1374; x_wconf 79' lang='grc' dir='ltr'>ὑγιῶς</span> <span class='ocrx_word' id='word_1_465' title='bbox 1246 1338 1355 1373; x_wconf 76' lang='grc' dir='ltr'>λέγεται</span> 
     </span>
    </p>
   </div>
   <div class='ocr_carea' id='block_1_75' title="bbox 972 1385 1355 1421">
    <p class='ocr_par' dir='ltr' id='par_1_75' title="bbox 972 1385 1355 1421">
     <span class='ocr_line' id='line_1_75' title="bbox 972 1385 1355 1421; baseline -0.003 -9"><span class='ocrx_word' id='word_1_466' title='bbox 972 1385 1037 1420; x_wconf 70' lang='grc' dir='ltr'>περὶ</span> <span class='ocrx_word' id='word_1_467' title='bbox 1055 1385 1172 1420; x_wconf 80' lang='grc' dir='ltr'><strong>βρεφῶν,</strong></span> <span class='ocrx_word' id='word_1_468' title='bbox 1193 1385 1234 1412; x_wconf 77' lang='grc' dir='ltr'><strong>ὅτι</strong></span> <span class='ocrx_word' id='word_1_469' title='bbox 1261 1385 1355 1421; x_wconf 81' lang='grc' dir='ltr'>ἀμαρ-</span> 
     </span>
    </p>
   </div>
   <div class='ocr_carea' id='block_1_76' title="bbox 971 1432 1355 1460">
    <p class='ocr_par' dir='ltr' id='par_1_76' title="bbox 971 1432 1355 1460">
     <span class='ocr_line' id='line_1_76' title="bbox 971 1432 1355 1460; baseline -0.003 -1"><span class='ocrx_word' id='word_1_470' title='bbox 971 1433 1033 1459; x_wconf 84' lang='grc' dir='ltr'>τίαν</span> <span class='ocrx_word' id='word_1_471' title='bbox 1056 1432 1085 1458; x_wconf 82' lang='grc' dir='ltr'><strong>οὐ</strong></span> <span class='ocrx_word' id='word_1_472' title='bbox 1104 1433 1185 1460; x_wconf 85' lang='grc' dir='ltr'>ποιεῖ.</span> <span class='ocrx_word' id='word_1_473' title='bbox 1201 1432 1238 1459; x_wconf 74' lang='grc' dir='ltr'><strong>Οὐ</strong></span> <span class='ocrx_word' id='word_1_474' title='bbox 1256 1432 1355 1458; x_wconf 80' lang='grc' dir='ltr'>ταυτὸν</span> 
     </span>
    </p>
   </div>
   <div class='ocr_carea' id='block_1_77' title="bbox 972 1475 1355 1513">
    <p class='ocr_par' dir='ltr' id='par_1_77' title="bbox 972 1475 1355 1513">
     <span class='ocr_line' id='line_1_77' title="bbox 972 1475 1355 1513; baseline -0.005 -9"><span class='ocrx_word' id='word_1_475' title='bbox 972 1477 1028 1513; x_wconf 87' lang='grc' dir='ltr'>γὰρ</span> <span class='ocrx_word' id='word_1_476' title='bbox 1040 1477 1070 1504; x_wconf 79' lang='grc' dir='ltr'>τὸ</span> <span class='ocrx_word' id='word_1_477' title='bbox 1084 1477 1121 1513; x_wconf 85' lang='grc' dir='ltr'>μὴ</span> <span class='ocrx_word' id='word_1_478' title='bbox 1136 1477 1304 1512; x_wconf 74' lang='grc' dir='ltr'><strong>ἁμαρτάνειν</strong></span> <span class='ocrx_word' id='word_1_479' title='bbox 1316 1475 1355 1512; x_wconf 83' lang='grc' dir='ltr'>τῷ</span> 
     </span>
    </p>
   </div>
   <div class='ocr_carea' id='block_1_78' title="bbox 544 1513 1354 1560">
    <p class='ocr_par' dir='ltr' id='par_1_78' title="bbox 544 1513 1354 1560">
     <span class='ocr_line' id='line_1_78' title="bbox 544 1513 1354 1560; baseline 0.004 -13"><span class='ocrx_word' id='word_1_480' title='bbox 544 1513 579 1539; x_wconf 72' lang='lat'><strong>5“-</strong></span> <span class='ocrx_word' id='word_1_481' title='bbox 593 1519 723 1547; x_wconf 71' lang='grc' dir='ltr'><strong>βθοοπεν</strong></span> <span class='ocrx_word' id='word_1_482' title='bbox 742 1514 787 1560; x_wconf 59' lang='grc' dir='ltr'><strong>ῼυί</strong></span> <span class='ocrx_word' id='word_1_483' title='bbox 810 1521 842 1540; x_wconf 62' lang='grc' dir='ltr'><strong>ει</strong></span> <span class='ocrx_word' id='word_1_484' title='bbox 866 1513 920 1541; x_wconf 70' lang='lat' dir='ltr'><strong>Deo</strong></span> <span class='ocrx_word' id='word_1_485' title='bbox 937 1531 958 1560; x_wconf 72' lang='grc' dir='ltr'><em>ε</em></span> <span class='ocrx_word' id='word_1_486' title='bbox 976 1523 1044 1560; x_wconf 65' lang='grc' dir='ltr'>(τοῦ)</span> <span class='ocrx_word' id='word_1_487' title='bbox 1059 1524 1096 1559; x_wconf 88' lang='grc' dir='ltr'>μὴ</span> <span class='ocrx_word' id='word_1_488' title='bbox 1108 1524 1195 1550; x_wconf 81' lang='grc' dir='ltr'><strong>ποιεῖν</strong></span> <span class='ocrx_word' id='word_1_489' title='bbox 1206 1522 1354 1559; x_wconf 77' lang='grc' dir='ltr'>ἁμαρτίαν.</span> 
     </span>
    </p>
   </div>
   <div class='ocr_carea' id='block_1_79' title="bbox 544 1558 922 1590">
    <p class='ocr_par' dir='ltr' id='par_1_79' title="bbox 544 1558 922 1590">
     <span class='ocr_line' id='line_1_79' title="bbox 544 1558 922 1590; baseline 0.005 -6"><span class='ocrx_word' id='word_1_490' title='bbox 544 1563 624 1585; x_wconf 90' lang='lat' dir='ltr'><strong>natus</strong></span> <span class='ocrx_word' id='word_1_491' title='bbox 640 1564 699 1590; x_wconf 90' lang='lat' dir='ltr'><strong>est,</strong></span> <span class='ocrx_word' id='word_1_492' title='bbox 715 1558 796 1586; x_wconf 88' lang='lat' dir='ltr'><strong>etiam</strong></span> <span class='ocrx_word' id='word_1_493' title='bbox 812 1567 922 1588; x_wconf 78' lang='lat' dir='ltr'><strong>causam</strong></span> 
     </span>
    </p>
   </div>
   <div class='ocr_carea' id='block_1_80' title="bbox 543 1605 922 1640">
    <p class='ocr_par' dir='ltr' id='par_1_80' title="bbox 543 1605 922 1640">
     <span class='ocr_line' id='line_1_80' title="bbox 543 1605 922 1640; baseline 0.011 -9"><span class='ocrx_word' id='word_1_494' title='bbox 543 1605 612 1632; x_wconf 78' lang='lat' dir='ltr'><strong>dixit</strong></span> <span class='ocrx_word' id='word_1_495' title='bbox 632 1605 722 1638; x_wconf 87' lang='lat' dir='ltr'><strong>idem,</strong></span> <span class='ocrx_word' id='word_1_496' title='bbox 744 1607 806 1640; x_wconf 87' lang='lat' dir='ltr'><strong>quia</strong></span> <span class='ocrx_word' id='word_1_497' title='bbox 830 1615 922 1635; x_wconf 87' lang='lat' dir='ltr'><strong>semen</strong></span> 
     </span>
    </p>
   </div>
   <div class='ocr_carea' id='block_1_81' title="bbox 544 1650 923 1688">
    <p class='ocr_par' dir='ltr' id='par_1_81' title="bbox 544 1650 923 1688">
     <span class='ocr_line' id='line_1_81' title="bbox 544 1650 923 1688; baseline 0.011 -12"><span class='ocrx_word' id='word_1_498' title='bbox 544 1650 603 1684; x_wconf 83' lang='lat' dir='ltr'><strong>ejus</strong></span> <span class='ocrx_word' id='word_1_499' title='bbox 623 1652 650 1678; x_wconf 94' lang='lat' dir='ltr'><strong>in</strong></span> <span class='ocrx_word' id='word_1_500' title='bbox 673 1660 706 1680; x_wconf 90' lang='lat' dir='ltr'><strong>eo</strong></span> <span class='ocrx_word' id='word_1_501' title='bbox 723 1657 824 1685; x_wconf 88' lang='lat' dir='ltr'><strong>manet,</strong></span> <span class='ocrx_word' id='word_1_502' title='bbox 852 1654 923 1688; x_wconf 87' lang='lat' dir='ltr'><strong>quod</strong></span> 
     </span>
    </p>
   </div>
   <div class='ocr_carea' id='block_1_82' title="bbox 544 1697 924 1726">
    <p class='ocr_par' dir='ltr' id='par_1_82' title="bbox 544 1697 924 1726">
     <span class='ocr_line' id='line_1_82' title="bbox 544 1697 924 1726; baseline 0.011 -3"><span class='ocrx_word' id='word_1_503' title='bbox 544 1697 673 1725; x_wconf 88' lang='lat' dir='ltr'><strong>divinitus</strong></span> <span class='ocrx_word' id='word_1_504' title='bbox 701 1699 783 1726; x_wconf 88' lang='lat' dir='ltr'><strong>venit.</strong></span> <span class='ocrx_word' id='word_1_505' title='bbox 801 1699 857 1726; x_wconf 89' lang='lat' dir='ltr'><strong>iloc</strong></span> <span class='ocrx_word' id='word_1_506' title='bbox 879 1706 924 1726; x_wconf 86' lang='lat' dir='ltr'><strong>se-</strong></span> 
     </span>
    </p>
   </div>
   <div class='ocr_carea' id='block_1_83' title="bbox 545 1745 924 1778">
    <p class='ocr_par' dir='ltr' id='par_1_83' title="bbox 545 1745 924 1778">
     <span class='ocr_line' id='line_1_83' title="bbox 545 1745 924 1778; baseline 0.011 -9"><span class='ocrx_word' id='word_1_507' title='bbox 545 1750 605 1770; x_wconf 85' lang='lat' dir='ltr'><strong>men</strong></span> <span class='ocrx_word' id='word_1_508' title='bbox 622 1749 669 1771; x_wconf 92' lang='lat' dir='ltr'><strong>aut</strong></span> <span class='ocrx_word' id='word_1_509' title='bbox 686 1745 771 1772; x_wconf 85' lang='lat' dir='ltr'><strong>virtus</strong></span> <span class='ocrx_word' id='word_1_510' title='bbox 791 1751 851 1778; x_wconf 82' lang='lat' dir='ltr'><strong>est,</strong></span> <span class='ocrx_word' id='word_1_511' title='bbox 876 1751 924 1773; x_wconf 83' lang='lat' dir='ltr'><strong>aut</strong></span> 
     </span>
    </p>
   </div>
   <div class='ocr_carea' id='block_1_84' title="bbox 544 1790 924 1828">
    <p class='ocr_par' dir='ltr' id='par_1_84' title="bbox 544 1790 924 1828">
     <span class='ocr_line' id='line_1_84' title="bbox 544 1790 924 1828; baseline 0.016 -13"><span class='ocrx_word' id='word_1_512' title='bbox 544 1790 654 1824; x_wconf 83' lang='lat' dir='ltr'><strong>spiritus</strong></span> <span class='ocrx_word' id='word_1_513' title='bbox 669 1791 784 1819; x_wconf 81' lang='lat' dir='ltr'><strong>filiorum</strong></span> <span class='ocrx_word' id='word_1_514' title='bbox 800 1793 924 1828; x_wconf 54' lang='lat' dir='ltr'><strong>adoptio.</strong></span> 
     </span>
    </p>
   </div>
   <div class='ocr_carea' id='block_1_85' title="bbox 545 1836 924 1873">
    <p class='ocr_par' dir='ltr' id='par_1_85' title="bbox 545 1836 924 1873">
     <span class='ocr_line' id='line_1_85' title="bbox 545 1836 924 1873; baseline 0.013 -11"><span class='ocrx_word' id='word_1_515' title='bbox 545 1836 597 1862; x_wconf 88' lang='lat' dir='ltr'><strong>nis.</strong></span> <span class='ocrx_word' id='word_1_516' title='bbox 611 1836 645 1863; x_wconf 84' lang='lat' dir='ltr'><strong>Et</strong></span> <span class='ocrx_word' id='word_1_517' title='bbox 661 1837 683 1864; x_wconf 88' lang='lat' dir='ltr'><strong>si</strong></span> <span class='ocrx_word' id='word_1_518' title='bbox 703 1843 846 1872; x_wconf 79' lang='lat' dir='ltr'><strong>propterea</strong></span> <span class='ocrx_word' id='word_1_519' title='bbox 864 1846 924 1873; x_wconf 83' lang='lat' dir='ltr'><strong>pec-</strong></span> 
     </span>
    </p>
   </div>
   <div class='ocr_carea' id='block_1_86' title="bbox 545 1884 923 1918">
    <p class='ocr_par' dir='ltr' id='par_1_86' title="bbox 545 1884 923 1918">
     <span class='ocr_line' id='line_1_86' title="bbox 545 1884 923 1918; baseline 0.005 -8"><span class='ocrx_word' id='word_1_520' title='bbox 545 1889 607 1910; x_wconf 85' lang='lat' dir='ltr'><strong>care</strong></span> <span class='ocrx_word' id='word_1_521' title='bbox 626 1884 738 1918; x_wconf 90' lang='lat' dir='ltr'><strong>nequit,</strong></span> <span class='ocrx_word' id='word_1_522' title='bbox 757 1885 923 1918; x_wconf 85' lang='lat' dir='ltr'><strong>possibilitas</strong></span> 
     </span>
    </p>
   </div>
   <div class='ocr_carea' id='block_1_87' title="bbox 545 1929 922 1959">
    <p class='ocr_par' dir='ltr' id='par_1_87' title="bbox 545 1929 922 1959">
     <span class='ocr_line' id='line_1_87' title="bbox 545 1929 922 1959; baseline 0.008 -3"><span class='ocrx_word' id='word_1_523' title='bbox 545 1929 601 1956; x_wconf 61' lang='lat' dir='ltr'><strong>haec</strong></span> <span class='ocrx_word' id='word_1_524' title='bbox 628 1930 758 1957; x_wconf 87' lang='lat' dir='ltr'><strong>naturalis</strong></span> <span class='ocrx_word' id='word_1_525' title='bbox 787 1939 840 1958; x_wconf 90' lang='lat' dir='ltr'><strong>non</strong></span> <span class='ocrx_word' id='word_1_526' title='bbox 871 1937 922 1959; x_wconf 86' lang='lat' dir='ltr'><strong>est.</strong></span> 
     </span>
    </p>
   </div>
   <div class='ocr_carea' id='block_1_88' title="bbox 544 1975 925 2012">
    <p class='ocr_par' dir='ltr' id='par_1_88' title="bbox 544 1975 925 2012">
     <span class='ocr_line' id='line_1_88' title="bbox 544 1975 925 2012; baseline 0.005 -10"><span class='ocrx_word' id='word_1_527' title='bbox 544 1975 597 2002; x_wconf 84' lang='lat' dir='ltr'><strong>Sed</strong></span> <span class='ocrx_word' id='word_1_528' title='bbox 611 1980 720 2010; x_wconf 86' lang='lat' dir='ltr'><strong>propter</strong></span> <span class='ocrx_word' id='word_1_529' title='bbox 730 1977 848 2012; x_wconf 86' lang='lat' dir='ltr'><strong>aliquam</strong></span> <span class='ocrx_word' id='word_1_530' title='bbox 863 1985 925 2005; x_wconf 88' lang='lat' dir='ltr'><strong>can-</strong></span> 
     </span>
    </p>
   </div>
   <div class='ocr_carea' id='block_1_89' title="bbox 544 2021 922 2058">
    <p class='ocr_par' dir='ltr' id='par_1_89' title="bbox 544 2021 922 2058">
     <span class='ocr_line' id='line_1_89' title="bbox 544 2021 922 2058; baseline 0.013 -12"><span class='ocrx_word' id='word_1_531' title='bbox 544 2028 601 2047; x_wconf 87' lang='lat' dir='ltr'><strong>saut</strong></span> <span class='ocrx_word' id='word_1_532' title='bbox 644 2021 757 2050; x_wconf 83' lang='lat' dir='ltr'><strong>facultas</strong></span> <span class='ocrx_word' id='word_1_533' title='bbox 793 2024 922 2058; x_wconf 74' lang='lat' dir='ltr'><strong>peccandi</strong></span> 
     </span>
    </p>
   </div>
   <div class='ocr_carea' id='block_1_90' title="bbox 544 2069 921 2103">
    <p class='ocr_par' dir='ltr' id='par_1_90' title="bbox 544 2069 921 2103">
     <span class='ocr_line' id='line_1_90' title="bbox 544 2069 921 2103; baseline 0.003 -7"><span class='ocrx_word' id='word_1_534' title='bbox 544 2069 679 2103; x_wconf 85' lang='lat' dir='ltr'><strong>prohibita</strong></span> <span class='ocrx_word' id='word_1_535' title='bbox 711 2074 769 2102; x_wconf 82' lang='lat' dir='ltr'><strong>est,</strong></span> <span class='ocrx_word' id='word_1_536' title='bbox 793 2070 844 2097; x_wconf 77' lang='lat' dir='ltr'><strong>hoc</strong></span> <span class='ocrx_word' id='word_1_537' title='bbox 869 2075 921 2103; x_wconf 76' lang='lat' dir='ltr'><strong>est,</strong></span> 
     </span>
    </p>
   </div>
   <div class='ocr_carea' id='block_1_91' title="bbox 544 2115 921 2152">
    <p class='ocr_par' dir='ltr' id='par_1_91' title="bbox 544 2115 921 2152">
     <span class='ocr_line' id='line_1_91' title="bbox 544 2115 921 2152; baseline 0 -9"><span class='ocrx_word' id='word_1_538' title='bbox 544 2120 654 2151; x_wconf 89' lang='lat' dir='ltr'><strong>propter</strong></span> <span class='ocrx_word' id='word_1_539' title='bbox 677 2115 724 2143; x_wconf 89' lang='lat' dir='ltr'><strong>Dei</strong></span> <span class='ocrx_word' id='word_1_540' title='bbox 744 2123 835 2144; x_wconf 79' lang='lat' dir='ltr'><strong>semen</strong></span> <span class='ocrx_word' id='word_1_541' title='bbox 853 2115 921 2152; x_wconf 71' lang='grc'><strong>(44).</strong></span> 
     </span>
    </p>
   </div>
   <div class='ocr_carea' id='block_1_92' title="bbox 975 1567 1356 1603">
    <p class='ocr_par' dir='ltr' id='par_1_92' title="bbox 975 1567 1356 1603">
     <span class='ocr_line' id='line_1_92' title="bbox 975 1567 1356 1603; baseline -0.003 -9"><span class='ocrx_word' id='word_1_542' title='bbox 975 1568 1011 1594; x_wconf 77' lang='grc' dir='ltr'><strong>Τὸ</strong></span> <span class='ocrx_word' id='word_1_543' title='bbox 1031 1568 1078 1603; x_wconf 82' lang='grc' dir='ltr'>μὲν</span> <span class='ocrx_word' id='word_1_544' title='bbox 1106 1567 1161 1603; x_wconf 85' lang='grc' dir='ltr'><strong>γὰρ</strong></span> <span class='ocrx_word' id='word_1_545' title='bbox 1176 1567 1230 1594; x_wconf 80' lang='grc' dir='ltr'><strong>ἀπὸ</strong></span> <span class='ocrx_word' id='word_1_546' title='bbox 1249 1567 1356 1602; x_wconf 82' lang='grc' dir='ltr'><strong>φύσεως</strong></span> 
     </span>
    </p>
   </div>
   <div class='ocr_carea' id='block_1_93' title="bbox 974 1612 1354 1644">
    <p class='ocr_par' dir='ltr' id='par_1_93' title="bbox 974 1612 1354 1644">
     <span class='ocr_line' id='line_1_93' title="bbox 974 1612 1354 1644; baseline -0.003 -4"><span class='ocrx_word' id='word_1_547' title='bbox 974 1613 1057 1643; x_wconf 74' lang='grc' dir='ltr'><strong>ἔοικε.</strong></span> <span class='ocrx_word' id='word_1_548' title='bbox 1070 1613 1101 1639; x_wconf 72' lang='grc' dir='ltr'>τὸ</span> <span class='ocrx_word' id='word_1_549' title='bbox 1117 1613 1145 1639; x_wconf 82' lang='grc' dir='ltr'><strong>δὲ</strong></span> <span class='ocrx_word' id='word_1_550' title='bbox 1161 1613 1193 1640; x_wconf 75' lang='grc' dir='ltr'><strong>ὲκ</strong></span> <span class='ocrx_word' id='word_1_551' title='bbox 1207 1612 1354 1644; x_wconf 79' lang='grc' dir='ltr'><strong>διαθέσεως</strong></span> 
     </span>
    </p>
   </div>
   <div class='ocr_carea' id='block_1_94' title="bbox 974 1661 1178 1697">
    <p class='ocr_par' dir='ltr' id='par_1_94' title="bbox 974 1661 1178 1697">
     <span class='ocr_line' id='line_1_94' title="bbox 974 1661 1178 1697; baseline -0.005 -8"><span class='ocrx_word' id='word_1_552' title='bbox 974 1662 1092 1697; x_wconf 79' lang='grc' dir='ltr'>ὑπάρχει</span> <span class='ocrx_word' id='word_1_553' title='bbox 1110 1661 1178 1697; x_wconf 83' lang='grc'><strong>(45).</strong></span> 
     </span>
    </p>
   </div>
   <div class='ocr_carea' id='block_1_95' title="bbox 1390 918 1771 954">
    <p class='ocr_par' dir='ltr' id='par_1_95' title="bbox 1390 918 1771 954">
     <span class='ocr_line' id='line_1_95' title="bbox 1390 918 1771 954; baseline -0.005 -8"><span class='ocrx_word' id='word_1_554' title='bbox 1390 919 1453 954; x_wconf 86' lang='lat' dir='ltr'><strong>quis</strong></span> <span class='ocrx_word' id='word_1_555' title='bbox 1484 926 1534 946; x_wconf 88' lang='lat' dir='ltr'><strong>nos</strong></span> <span class='ocrx_word' id='word_1_556' title='bbox 1563 918 1771 950; x_wconf 82' lang='lat' dir='ltr'><strong>circumveniat,</strong></span> 
     </span>
    </p>
   </div>
   <div class='ocr_carea' id='block_1_96' title="bbox 1391 963 1773 997">
    <p class='ocr_par' dir='ltr' id='par_1_96' title="bbox 1391 963 1773 997">
     <span class='ocr_line' id='line_1_96' title="bbox 1391 963 1773 997; baseline -0.005 -4"><span class='ocrx_word' id='word_1_557' title='bbox 1391 965 1495 997; x_wconf 81' lang='lat' dir='ltr'><strong>dicens,</strong></span> <span class='ocrx_word' id='word_1_558' title='bbox 1517 964 1585 992; x_wconf 88' lang='lat' dir='ltr'><strong>filios</strong></span> <span class='ocrx_word' id='word_1_559' title='bbox 1604 964 1651 992; x_wconf 84' lang='lat' dir='ltr'><strong>Dei</strong></span> <span class='ocrx_word' id='word_1_560' title='bbox 1668 971 1718 991; x_wconf 81' lang='lat' dir='ltr'><strong>nos</strong></span> <span class='ocrx_word' id='word_1_561' title='bbox 1731 963 1773 991; x_wconf 87' lang='lat' dir='ltr'><strong>di-</strong></span> 
     </span>
    </p>
   </div>
   <div class='ocr_carea' id='block_1_97' title="bbox 1391 1010 1774 1047">
    <p class='ocr_par' dir='ltr' id='par_1_97' title="bbox 1391 1010 1774 1047">
     <span class='ocr_line' id='line_1_97' title="bbox 1391 1010 1774 1047; baseline -0.008 -7"><span class='ocrx_word' id='word_1_562' title='bbox 1391 1019 1453 1040; x_wconf 84' lang='lat' dir='ltr'><strong>cere</strong></span> <span class='ocrx_word' id='word_1_563' title='bbox 1464 1020 1517 1041; x_wconf 85' lang='lat' dir='ltr'><strong>non</strong></span> <span class='ocrx_word' id='word_1_564' title='bbox 1536 1016 1692 1047; x_wconf 79' lang='lat' dir='ltr'><strong>peccantes.</strong></span> <span class='ocrx_word' id='word_1_565' title='bbox 1707 1010 1774 1038; x_wconf 85' lang='lat' dir='ltr'><strong>Par-</strong></span> 
     </span>
    </p>
   </div>
   <div class='ocr_carea' id='block_1_98' title="bbox 1390 1058 1771 1092">
    <p class='ocr_par' dir='ltr' id='par_1_98' title="bbox 1390 1058 1771 1092">
     <span class='ocr_line' id='line_1_98' title="bbox 1390 1058 1771 1092; baseline -0.005 -7"><span class='ocrx_word' id='word_1_566' title='bbox 1390 1058 1467 1086; x_wconf 89' lang='lat' dir='ltr'><strong>vulos</strong></span> <span class='ocrx_word' id='word_1_567' title='bbox 1479 1058 1551 1088; x_wconf 82' lang='lat' dir='ltr'><strong>enim</strong></span> <span class='ocrx_word' id='word_1_568' title='bbox 1567 1061 1707 1092; x_wconf 86' lang='lat' dir='ltr'><strong>peccatum</strong></span> <span class='ocrx_word' id='word_1_569' title='bbox 1716 1064 1771 1084; x_wconf 80' lang='lat' dir='ltr'><strong>non</strong></span> 
     </span>
    </p>
   </div>
   <div class='ocr_carea' id='block_1_99' title="bbox 1392 1104 1772 1137">
    <p class='ocr_par' dir='ltr' id='par_1_99' title="bbox 1392 1104 1772 1137">
     <span class='ocr_line' id='line_1_99' title="bbox 1392 1104 1772 1137; baseline -0.008 -5"><span class='ocrx_word' id='word_1_570' title='bbox 1392 1104 1535 1137; x_wconf 77' lang='lat' dir='ltr'><strong>facientes,</strong></span> <span class='ocrx_word' id='word_1_571' title='bbox 1557 1104 1702 1132; x_wconf 86' lang='lat' dir='ltr'><strong>dicendum</strong></span> <span class='ocrx_word' id='word_1_572' title='bbox 1718 1110 1772 1130; x_wconf 87' lang='lat' dir='ltr'><strong>non</strong></span> 
     </span>
    </p>
   </div>
   <div class='ocr_carea' id='block_1_100' title="bbox 1391 1148 1773 1183">
    <p class='ocr_par' dir='ltr' id='par_1_100' title="bbox 1391 1148 1773 1183">
     <span class='ocr_line' id='line_1_100' title="bbox 1391 1148 1773 1183; baseline -0.01 -5"><span class='ocrx_word' id='word_1_573' title='bbox 1391 1154 1443 1183; x_wconf 84' lang='lat' dir='ltr'><strong>est,</strong></span> <span class='ocrx_word' id='word_1_574' title='bbox 1463 1150 1533 1178; x_wconf 80' lang='lat' dir='ltr'><strong>ﬁlios</strong></span> <span class='ocrx_word' id='word_1_575' title='bbox 1551 1149 1598 1177; x_wconf 87' lang='lat' dir='ltr'><strong>Dei</strong></span> <span class='ocrx_word' id='word_1_576' title='bbox 1611 1157 1682 1177; x_wconf 87' lang='lat' dir='ltr'><strong>esse.</strong></span> <span class='ocrx_word' id='word_1_577' title='bbox 1695 1148 1773 1176; x_wconf 64' lang='lat' dir='ltr'><strong>Aita-</strong></span> 
     </span>
    </p>
   </div>
   <div class='ocr_carea' id='block_1_101' title="bbox 1393 1196 1774 1231">
    <p class='ocr_par' dir='ltr' id='par_1_101' title="bbox 1393 1196 1774 1231">
     <span class='ocr_line' id='line_1_101' title="bbox 1393 1196 1774 1231; baseline -0.005 -7"><span class='ocrx_word' id='word_1_578' title='bbox 1393 1201 1418 1224; x_wconf 87' lang='lat' dir='ltr'><strong>te</strong></span> <span class='ocrx_word' id='word_1_579' title='bbox 1440 1204 1558 1230; x_wconf 87' lang='lat' dir='ltr'><strong>namque</strong></span> <span class='ocrx_word' id='word_1_580' title='bbox 1585 1196 1774 1231; x_wconf 87' lang='lat' dir='ltr'><strong>prohibentur,</strong></span> 
     </span>
    </p>
   </div>
   <div class='ocr_carea' id='block_1_102' title="bbox 1391 1242 1774 1276">
    <p class='ocr_par' dir='ltr' id='par_1_102' title="bbox 1391 1242 1774 1276">
     <span class='ocr_line' id='line_1_102' title="bbox 1391 1242 1774 1276; baseline -0.008 -7"><span class='ocrx_word' id='word_1_581' title='bbox 1391 1250 1444 1270; x_wconf 90' lang='lat' dir='ltr'><strong>non</strong></span> <span class='ocrx_word' id='word_1_582' title='bbox 1460 1242 1570 1275; x_wconf 81' lang='lat' dir='ltr'><strong>virtute,</strong></span> <span class='ocrx_word' id='word_1_583' title='bbox 1590 1248 1712 1276; x_wconf 80' lang='lat' dir='ltr'><strong>peccare,</strong></span> <span class='ocrx_word' id='word_1_584' title='bbox 1744 1246 1774 1267; x_wconf 88' lang='lat' dir='ltr'><strong>ut</strong></span> 
     </span>
    </p>
   </div>
   <div class='ocr_carea' id='block_1_103' title="bbox 1391 1286 1774 1323">
    <p class='ocr_par' dir='ltr' id='par_1_103' title="bbox 1391 1286 1774 1323">
     <span class='ocr_line' id='line_1_103' title="bbox 1391 1286 1774 1323; baseline -0.016 -5"><span class='ocrx_word' id='word_1_585' title='bbox 1391 1297 1445 1318; x_wconf 88' lang='lat' dir='ltr'><strong>non</strong></span> <span class='ocrx_word' id='word_1_586' title='bbox 1459 1289 1531 1317; x_wconf 84' lang='lat' dir='ltr'><strong>aliud</strong></span> <span class='ocrx_word' id='word_1_587' title='bbox 1543 1288 1692 1323; x_wconf 87' lang='lat' dir='ltr'><strong>quidquam</strong></span> <span class='ocrx_word' id='word_1_588' title='bbox 1702 1286 1774 1313; x_wconf 87' lang='lat' dir='ltr'><strong>dica-</strong></span> 
     </span>
    </p>
   </div>
   <div class='ocr_carea' id='block_1_104' title="bbox 1391 1338 1772 1369">
    <p class='ocr_par' dir='ltr' id='par_1_104' title="bbox 1391 1338 1772 1369">
     <span class='ocr_line' id='line_1_104' title="bbox 1391 1338 1772 1369; baseline -0.016 -6"><span class='ocrx_word' id='word_1_589' title='bbox 1391 1343 1462 1369; x_wconf 84' lang='lat' dir='ltr'><strong>mus,</strong></span> <span class='ocrx_word' id='word_1_590' title='bbox 1480 1338 1633 1363; x_wconf 77' lang='lat' dir='ltr'><strong>asserentes</strong></span> <span class='ocrx_word' id='word_1_591' title='bbox 1656 1340 1707 1359; x_wconf 86' lang='lat' dir='ltr'><strong>non</strong></span> <span class='ocrx_word' id='word_1_592' title='bbox 1727 1338 1772 1358; x_wconf 86' lang='lat' dir='ltr'><strong>sa-</strong></span> 
     </span>
    </p>
   </div>
   <div class='ocr_carea' id='block_1_105' title="bbox 1391 1377 1772 1415">
    <p class='ocr_par' dir='ltr' id='par_1_105' title="bbox 1391 1377 1772 1415">
     <span class='ocr_line' id='line_1_105' title="bbox 1391 1377 1772 1415; baseline -0.016 -6"><span class='ocrx_word' id='word_1_593' title='bbox 1391 1381 1504 1409; x_wconf 88' lang='lat' dir='ltr'><strong>lubriter</strong></span> <span class='ocrx_word' id='word_1_594' title='bbox 1517 1379 1614 1415; x_wconf 84' lang='lat' dir='ltr'><strong>exponi</strong></span> <span class='ocrx_word' id='word_1_595' title='bbox 1630 1379 1663 1406; x_wconf 88' lang='lat' dir='ltr'><strong>de</strong></span> <span class='ocrx_word' id='word_1_596' title='bbox 1682 1377 1772 1405; x_wconf 75' lang='lat' dir='ltr'><strong>infan-</strong></span> 
     </span>
    </p>
   </div>
   <div class='ocr_carea' id='block_1_106' title="bbox 1392 1422 1773 1461">
    <p class='ocr_par' dir='ltr' id='par_1_106' title="bbox 1392 1422 1773 1461">
     <span class='ocr_line' id='line_1_106' title="bbox 1392 1422 1773 1461; baseline -0.018 -5"><span class='ocrx_word' id='word_1_597' title='bbox 1392 1429 1473 1460; x_wconf 87' lang='lat' dir='ltr'><strong>tibus,</strong></span> <span class='ocrx_word' id='word_1_598' title='bbox 1496 1427 1542 1461; x_wconf 90' lang='lat' dir='ltr'><strong>qui</strong></span> <span class='ocrx_word' id='word_1_599' title='bbox 1561 1429 1703 1461; x_wconf 87' lang='lat' dir='ltr'><strong>peccatum</strong></span> <span class='ocrx_word' id='word_1_600' title='bbox 1730 1422 1773 1450; x_wconf 73' lang='lat' dir='ltr'><strong>fa-</strong></span> 
     </span>
    </p>
   </div>
   <div class='ocr_carea' id='block_1_107' title="bbox 1392 1471 1772 1502">
    <p class='ocr_par' dir='ltr' id='par_1_107' title="bbox 1392 1471 1772 1502">
     <span class='ocr_line' id='line_1_107' title="bbox 1392 1471 1772 1502; baseline -0.016 0"><span class='ocrx_word' id='word_1_601' title='bbox 1392 1475 1475 1502; x_wconf 91' lang='lat' dir='ltr'><strong>ciunt.</strong></span> <span class='ocrx_word' id='word_1_602' title='bbox 1486 1473 1544 1500; x_wconf 82' lang='lat' dir='ltr'><strong>Non</strong></span> <span class='ocrx_word' id='word_1_603' title='bbox 1558 1472 1630 1500; x_wconf 90' lang='lat' dir='ltr'><strong>enim</strong></span> <span class='ocrx_word' id='word_1_604' title='bbox 1645 1471 1716 1498; x_wconf 83' lang='lat' dir='ltr'><strong>idem</strong></span> <span class='ocrx_word' id='word_1_605' title='bbox 1728 1475 1772 1497; x_wconf 84' lang='lat' dir='ltr'><strong>est</strong></span> 
     </span>
    </p>
   </div>
   <div class='ocr_carea' id='block_1_108' title="bbox 1392 1519 1772 1556">
    <p class='ocr_par' dir='ltr' id='par_1_108' title="bbox 1392 1519 1772 1556">
     <span class='ocr_line' id='line_1_108' title="bbox 1392 1519 1772 1556; baseline -0.018 -6"><span class='ocrx_word' id='word_1_606' title='bbox 1392 1529 1504 1556; x_wconf 85' lang='lat' dir='ltr'><strong>peccare</strong></span> <span class='ocrx_word' id='word_1_607' title='bbox 1514 1519 1582 1556; x_wconf 76' lang='grc'>(46),</span> <span class='ocrx_word' id='word_1_608' title='bbox 1592 1523 1619 1546; x_wconf 89' lang='lat' dir='ltr'><strong>et</strong></span> <span class='ocrx_word' id='word_1_609' title='bbox 1631 1522 1741 1552; x_wconf 83' lang='lat' dir='ltr'><strong>peccatu</strong></span> <span class='ocrx_word' id='word_1_610' title='bbox 1746 1525 1772 1544; x_wconf 92' lang='lat' dir='ltr'><strong>m</strong></span> 
     </span>
    </p>
   </div>
   <div class='ocr_carea' id='block_1_109' title="bbox 1391 1565 1773 1598">
    <p class='ocr_par' dir='ltr' id='par_1_109' title="bbox 1391 1565 1773 1598">
     <span class='ocr_line' id='line_1_109' title="bbox 1391 1565 1773 1598; baseline -0.013 -2"><span class='ocrx_word' id='word_1_611' title='bbox 1391 1577 1446 1596; x_wconf 86' lang='lat' dir='ltr'><strong>non</strong></span> <span class='ocrx_word' id='word_1_612' title='bbox 1461 1568 1562 1598; x_wconf 82' lang='lat' dir='ltr'><strong>facere,</strong></span> <span class='ocrx_word' id='word_1_613' title='bbox 1579 1565 1644 1594; x_wconf 90' lang='lat' dir='ltr'><strong>illud</strong></span> <span class='ocrx_word' id='word_1_614' title='bbox 1655 1571 1773 1598; x_wconf 87' lang='lat' dir='ltr'><strong>namque</strong></span> 
     </span>
    </p>
   </div>
   <div class='ocr_carea' id='block_1_110' title="bbox 1391 1611 1771 1648">
    <p class='ocr_par' dir='ltr' id='par_1_110' title="bbox 1391 1611 1771 1648">
     <span class='ocr_line' id='line_1_110' title="bbox 1391 1611 1771 1648; baseline -0.016 -6"><span class='ocrx_word' id='word_1_615' title='bbox 1391 1619 1456 1642; x_wconf 71' lang='lat' dir='ltr'><strong>aetas</strong></span> <span class='ocrx_word' id='word_1_616' title='bbox 1468 1611 1603 1648; x_wconf 83' lang='lat' dir='ltr'><strong>prohibet,</strong></span> <span class='ocrx_word' id='word_1_617' title='bbox 1615 1611 1666 1638; x_wconf 87' lang='lat' dir='ltr'><strong>hoc</strong></span> <span class='ocrx_word' id='word_1_618' title='bbox 1680 1615 1771 1637; x_wconf 88' lang='lat' dir='ltr'><strong>autem</strong></span> 
     </span>
    </p>
   </div>
   <div class='ocr_carea' id='block_1_111' title="bbox 1393 1657 1609 1692">
    <p class='ocr_par' dir='ltr' id='par_1_111' title="bbox 1393 1657 1609 1692">
     <span class='ocr_line' id='line_1_111' title="bbox 1393 1657 1609 1692; baseline -0.009 -6"><span class='ocrx_word' id='word_1_619' title='bbox 1393 1659 1479 1686; x_wconf 85' lang='lat' dir='ltr'><strong>virtus</strong></span> <span class='ocrx_word' id='word_1_620' title='bbox 1490 1657 1609 1692; x_wconf 83' lang='lat' dir='ltr'><strong>expellit.</strong></span> 
     </span>
    </p>
   </div>
   <div class='ocr_carea' id='block_1_112' title="bbox 1012 1703 1768 1741">
    <p class='ocr_par' dir='ltr' id='par_1_112' title="bbox 1012 1703 1768 1741">
     <span class='ocr_line' id='line_1_112' title="bbox 1012 1703 1768 1741; baseline -0.011 -6"><span class='ocrx_word' id='word_1_621' title='bbox 1012 1708 1092 1735; x_wconf 66' lang='lat' dir='ltr'><strong>Vsus.</strong></span> <span class='ocrx_word' id='word_1_622' title='bbox 1115 1708 1158 1735; x_wconf 77' lang='grc'><strong>10.</strong></span> <span class='ocrx_word' id='word_1_623' title='bbox 1175 1716 1185 1732; x_wconf 75' lang='grc' dir='ltr'>ι</span> <span class='ocrx_word' id='word_1_624' title='bbox 1210 1707 1315 1739; x_wconf 86' lang='lat' dir='ltr'><strong>Omnis,</strong></span> <span class='ocrx_word' id='word_1_625' title='bbox 1327 1706 1372 1741; x_wconf 90' lang='lat' dir='ltr'><strong>qui</strong></span> <span class='ocrx_word' id='word_1_626' title='bbox 1395 1713 1447 1733; x_wconf 86' lang='lat' dir='ltr'><strong>non</strong></span> <span class='ocrx_word' id='word_1_627' title='bbox 1471 1704 1534 1731; x_wconf 83' lang='lat' dir='ltr'><strong>facit</strong></span> <span class='ocrx_word' id='word_1_628' title='bbox 1548 1703 1693 1739; x_wconf 79' lang='lat' dir='ltr'><strong>justitiam,</strong></span> <span class='ocrx_word' id='word_1_629' title='bbox 1714 1709 1768 1730; x_wconf 88' lang='lat' dir='ltr'><strong>non</strong></span> 
     </span>
    </p>
   </div>
   <div class='ocr_carea' id='block_1_113' title="bbox 974 1751 1691 1787">
    <p class='ocr_par' dir='ltr' id='par_1_113' title="bbox 974 1751 1691 1787">
     <span class='ocr_line' id='line_1_113' title="bbox 974 1751 1691 1787; baseline -0.01 -6"><span class='ocrx_word' id='word_1_630' title='bbox 974 1759 1015 1781; x_wconf 84' lang='lat' dir='ltr'><strong>est</strong></span> <span class='ocrx_word' id='word_1_631' title='bbox 1028 1755 1060 1781; x_wconf 87' lang='lat' dir='ltr'><strong>de</strong></span> <span class='ocrx_word' id='word_1_632' title='bbox 1077 1753 1144 1785; x_wconf 88' lang='lat' dir='ltr'><strong>Deo,</strong></span> <span class='ocrx_word' id='word_1_633' title='bbox 1162 1758 1190 1780; x_wconf 86' lang='lat' dir='ltr'><strong>et</strong></span> <span class='ocrx_word' id='word_1_634' title='bbox 1210 1753 1255 1787; x_wconf 91' lang='lat' dir='ltr'><strong>qui</strong></span> <span class='ocrx_word' id='word_1_635' title='bbox 1271 1760 1324 1780; x_wconf 93' lang='lat' dir='ltr'><strong>uon</strong></span> <span class='ocrx_word' id='word_1_636' title='bbox 1338 1752 1428 1786; x_wconf 67' lang='lat' dir='ltr'><strong>diligit</strong></span> <span class='ocrx_word' id='word_1_637' title='bbox 1443 1751 1554 1778; x_wconf 80' lang='lat' dir='ltr'><strong>fratrem</strong></span> <span class='ocrx_word' id='word_1_638' title='bbox 1569 1757 1659 1776; x_wconf 86' lang='lat' dir='ltr'><strong>suum.</strong></span> <span class='ocrx_word' id='word_1_639' title='bbox 1681 1757 1691 1774; x_wconf 74' lang='grc' dir='ltr'>ι</span> 
     </span>
    </p>
   </div>
   <div class='ocr_carea' id='block_1_114' title="bbox 1009 1797 1770 1834">
    <p class='ocr_par' dir='ltr' id='par_1_114' title="bbox 1009 1797 1770 1834">
     <span class='ocr_line' id='line_1_114' title="bbox 1009 1797 1770 1834; baseline -0.007 -7"><span class='ocrx_word' id='word_1_640' title='bbox 1009 1800 1154 1834; x_wconf 79' lang='lat' dir='ltr'><strong>Quoniam,</strong></span> <span class='ocrx_word' id='word_1_641' title='bbox 1173 1799 1220 1834; x_wconf 85' lang='lat' dir='ltr'><strong>qui</strong></span> <span class='ocrx_word' id='word_1_642' title='bbox 1237 1799 1303 1827; x_wconf 84' lang='lat' dir='ltr'><strong>facit</strong></span> <span class='ocrx_word' id='word_1_643' title='bbox 1314 1798 1462 1832; x_wconf 76' lang='lat' dir='ltr'><strong>justitiam,</strong></span> <span class='ocrx_word' id='word_1_644' title='bbox 1479 1804 1514 1824; x_wconf 81' lang='lat' dir='ltr'><strong>ex</strong></span> <span class='ocrx_word' id='word_1_645' title='bbox 1538 1797 1593 1824; x_wconf 87' lang='lat' dir='ltr'><strong>Deo</strong></span> <span class='ocrx_word' id='word_1_646' title='bbox 1607 1801 1688 1823; x_wconf 89' lang='lat' dir='ltr'><strong>natus</strong></span> <span class='ocrx_word' id='word_1_647' title='bbox 1716 1799 1770 1827; x_wconf 82' lang='lat' dir='ltr'><strong>est,</strong></span> 
     </span>
    </p>
   </div>
   <div class='ocr_carea' id='block_1_115' title="bbox 973 1841 1769 1882">
    <p class='ocr_par' dir='ltr' id='par_1_115' title="bbox 973 1841 1769 1882">
     <span class='ocr_line' id='line_1_115' title="bbox 973 1841 1769 1882; baseline -0.008 -8"><span class='ocrx_word' id='word_1_648' title='bbox 973 1854 1145 1882; x_wconf 79' lang='lat' dir='ltr'><strong>consequens</strong></span> <span class='ocrx_word' id='word_1_649' title='bbox 1159 1851 1201 1873; x_wconf 88' lang='lat' dir='ltr'><strong>est</strong></span> <span class='ocrx_word' id='word_1_650' title='bbox 1216 1850 1256 1879; x_wconf 84' lang='lat' dir='ltr'><strong>ut,</strong></span> <span class='ocrx_word' id='word_1_651' title='bbox 1276 1845 1322 1880; x_wconf 91' lang='lat' dir='ltr'><strong>qui</strong></span> <span class='ocrx_word' id='word_1_652' title='bbox 1336 1845 1370 1871; x_wconf 93' lang='lat' dir='ltr'><strong>ita</strong></span> <span class='ocrx_word' id='word_1_653' title='bbox 1389 1849 1467 1871; x_wconf 88' lang='lat' dir='ltr'><strong>natus</strong></span> <span class='ocrx_word' id='word_1_654' title='bbox 1478 1848 1529 1876; x_wconf 86' lang='lat' dir='ltr'><strong>est,</strong></span> <span class='ocrx_word' id='word_1_655' title='bbox 1543 1843 1638 1878; x_wconf 77' lang='lat' dir='ltr'><strong>diligat</strong></span> <span class='ocrx_word' id='word_1_656' title='bbox 1660 1841 1769 1868; x_wconf 84' lang='lat' dir='ltr'><strong>fratres.</strong></span> 
     </span>
    </p>
   </div>
   <div class='ocr_carea' id='block_1_116' title="bbox 975 1887 1772 1926">
    <p class='ocr_par' dir='ltr' id='par_1_116' title="bbox 975 1887 1772 1926">
     <span class='ocr_line' id='line_1_116' title="bbox 975 1887 1772 1926; baseline -0.008 -7"><span class='ocrx_word' id='word_1_657' title='bbox 975 1893 1026 1926; x_wconf 88' lang='lat' dir='ltr'><strong>Qui</strong></span> <span class='ocrx_word' id='word_1_658' title='bbox 1042 1900 1096 1919; x_wconf 85' lang='lat' dir='ltr'><strong>non</strong></span> <span class='ocrx_word' id='word_1_659' title='bbox 1112 1892 1195 1920; x_wconf 81' lang='lat' dir='ltr'><strong>habet</strong></span> <span class='ocrx_word' id='word_1_660' title='bbox 1207 1891 1353 1926; x_wconf 84' lang='lat' dir='ltr'><strong>justitiam,</strong></span> <span class='ocrx_word' id='word_1_661' title='bbox 1365 1898 1419 1919; x_wconf 93' lang='lat' dir='ltr'><strong>non</strong></span> <span class='ocrx_word' id='word_1_662' title='bbox 1431 1889 1556 1918; x_wconf 87' lang='lat' dir='ltr'><strong>faciendo</strong></span> <span class='ocrx_word' id='word_1_663' title='bbox 1568 1896 1640 1921; x_wconf 86' lang='lat' dir='ltr'><strong>eam,</strong></span> <span class='ocrx_word' id='word_1_664' title='bbox 1657 1892 1685 1915; x_wconf 88' lang='lat' dir='ltr'><strong>et</strong></span> <span class='ocrx_word' id='word_1_665' title='bbox 1707 1887 1772 1914; x_wconf 91' lang='lat' dir='ltr'><strong>odio</strong></span> 
     </span>
    </p>
   </div>
   <div class='ocr_carea' id='block_1_117' title="bbox 976 1935 1771 1970">
    <p class='ocr_par' dir='ltr' id='par_1_117' title="bbox 976 1935 1771 1970">
     <span class='ocr_line' id='line_1_117' title="bbox 976 1935 1771 1970; baseline -0.009 -4"><span class='ocrx_word' id='word_1_666' title='bbox 976 1939 1098 1966; x_wconf 86' lang='lat' dir='ltr'><strong>habendo</strong></span> <span class='ocrx_word' id='word_1_667' title='bbox 1111 1938 1223 1965; x_wconf 89' lang='lat' dir='ltr'><strong>fratrem</strong></span> <span class='ocrx_word' id='word_1_668' title='bbox 1239 1945 1330 1970; x_wconf 73' lang='lat' dir='ltr'><strong>suum,</strong></span> <span class='ocrx_word' id='word_1_669' title='bbox 1344 1943 1377 1964; x_wconf 77' lang='lat' dir='ltr'><strong>ex</strong></span> <span class='ocrx_word' id='word_1_670' title='bbox 1401 1935 1458 1964; x_wconf 89' lang='lat' dir='ltr'><strong>Deo</strong></span> <span class='ocrx_word' id='word_1_671' title='bbox 1477 1940 1557 1963; x_wconf 88' lang='lat' dir='ltr'><strong>natus</strong></span> <span class='ocrx_word' id='word_1_672' title='bbox 1569 1942 1623 1962; x_wconf 87' lang='lat' dir='ltr'><strong>non</strong></span> <span class='ocrx_word' id='word_1_673' title='bbox 1638 1938 1688 1962; x_wconf 80' lang='lat' dir='ltr'><strong>est.</strong></span> <span class='ocrx_word' id='word_1_674' title='bbox 1716 1941 1771 1960; x_wconf 89' lang='lat' dir='ltr'><strong>non</strong></span> 
     </span>
    </p>
   </div>
   <div class='ocr_carea' id='block_1_118' title="bbox 975 1983 1769 2020">
    <p class='ocr_par' dir='ltr' id='par_1_118' title="bbox 975 1983 1769 2020">
     <span class='ocr_line' id='line_1_118' title="bbox 975 1983 1769 2020; baseline -0.009 -8"><span class='ocrx_word' id='word_1_675' title='bbox 975 1985 1066 2020; x_wconf 85' lang='lat' dir='ltr'><strong>aliquo</strong></span> <span class='ocrx_word' id='word_1_676' title='bbox 1082 1985 1140 2020; x_wconf 77' lang='grc'><strong>(47)</strong></span> <span class='ocrx_word' id='word_1_677' title='bbox 1156 1983 1246 2016; x_wconf 86' lang='lat' dir='ltr'><strong>modo,</strong></span> <span class='ocrx_word' id='word_1_678' title='bbox 1267 1984 1320 2011; x_wconf 87' lang='lat' dir='ltr'><strong>nisi</strong></span> <span class='ocrx_word' id='word_1_679' title='bbox 1343 1983 1406 2018; x_wconf 86' lang='lat' dir='ltr'><strong>quia</strong></span> <span class='ocrx_word' id='word_1_680' title='bbox 1430 1987 1512 2010; x_wconf 81' lang='lat' dir='ltr'><strong>natus</strong></span> <span class='ocrx_word' id='word_1_681' title='bbox 1531 1989 1566 2009; x_wconf 79' lang='lat' dir='ltr'><strong>ex</strong></span> <span class='ocrx_word' id='word_1_682' title='bbox 1585 1988 1618 2008; x_wconf 91' lang='lat' dir='ltr'><strong>eo</strong></span> <span class='ocrx_word' id='word_1_683' title='bbox 1639 1987 1691 2007; x_wconf 89' lang='lat' dir='ltr'><strong>non</strong></span> <span class='ocrx_word' id='word_1_684' title='bbox 1714 1985 1769 2006; x_wconf 90' lang='lat' dir='ltr'><strong>est.</strong></span> 
     </span>
    </p>
   </div>
   <div class='ocr_carea' id='block_1_119' title="bbox 975 2027 1772 2065">
    <p class='ocr_par' dir='ltr' id='par_1_119' title="bbox 975 2027 1772 2065">
     <span class='ocr_line' id='line_1_119' title="bbox 975 2027 1772 2065; baseline -0.008 -8"><span class='ocrx_word' id='word_1_685' title='bbox 975 2030 1032 2058; x_wconf 83' lang='lat' dir='ltr'><strong>Non</strong></span> <span class='ocrx_word' id='word_1_686' title='bbox 1042 2031 1113 2058; x_wconf 91' lang='lat' dir='ltr'><strong>enim</strong></span> <span class='ocrx_word' id='word_1_687' title='bbox 1131 2029 1292 2065; x_wconf 83' lang='lat' dir='ltr'><strong>respiciendi</strong></span> <span class='ocrx_word' id='word_1_688' title='bbox 1316 2034 1380 2056; x_wconf 85' lang='lat' dir='ltr'><strong>sunt</strong></span> <span class='ocrx_word' id='word_1_689' title='bbox 1395 2029 1433 2056; x_wconf 91' lang='lat' dir='ltr'><strong>illi</strong></span> <span class='ocrx_word' id='word_1_690' title='bbox 1453 2029 1499 2063; x_wconf 90' lang='lat' dir='ltr'><strong>qui</strong></span> <span class='ocrx_word' id='word_1_691' title='bbox 1517 2027 1621 2060; x_wconf 88' lang='lat' dir='ltr'><strong>dicunt,</strong></span> <span class='ocrx_word' id='word_1_692' title='bbox 1636 2034 1689 2053; x_wconf 84' lang='lat' dir='ltr'><strong>non</strong></span> <span class='ocrx_word' id='word_1_693' title='bbox 1709 2032 1772 2051; x_wconf 74' lang='lat' dir='ltr'><strong>esse</strong></span> 
     </span>
    </p>
   </div>
   <div class='ocr_carea' id='block_1_120' title="bbox 974 2076 1591 2111">
    <p class='ocr_par' dir='ltr' id='par_1_120' title="bbox 974 2076 1591 2111">
     <span class='ocr_line' id='line_1_120' title="bbox 974 2076 1591 2111; baseline -0.006 -7"><span class='ocrx_word' id='word_1_694' title='bbox 974 2076 1041 2105; x_wconf 84' lang='lat' dir='ltr'><strong>istos</strong></span> <span class='ocrx_word' id='word_1_695' title='bbox 1059 2083 1093 2104; x_wconf 77' lang='lat' dir='ltr'><strong>ex</strong></span> <span class='ocrx_word' id='word_1_696' title='bbox 1105 2076 1169 2107; x_wconf 85' lang='lat' dir='ltr'><strong>Deo,</strong></span> <span class='ocrx_word' id='word_1_697' title='bbox 1181 2080 1290 2111; x_wconf 87' lang='lat' dir='ltr'><strong>propter</strong></span> <span class='ocrx_word' id='word_1_698' title='bbox 1306 2079 1440 2102; x_wconf 79' lang='lat' dir='ltr'><strong>terrenam</strong></span> <span class='ocrx_word' id='word_1_699' title='bbox 1457 2080 1591 2101; x_wconf 87' lang='lat' dir='ltr'><strong>naturam.</strong></span> 
     </span>
    </p>
   </div>
   <div class='ocr_carea' id='block_1_121' title="bbox 1010 2117 1769 2155">
    <p class='ocr_par' dir='ltr' id='par_1_121' title="bbox 1010 2117 1769 2155">
     <span class='ocr_line' id='line_1_121' title="bbox 1010 2117 1769 2155; baseline -0.008 -5"><span class='ocrx_word' id='word_1_700' title='bbox 1010 2121 1091 2150; x_wconf 78' lang='lat' dir='ltr'><strong>Vens.</strong></span> <span class='ocrx_word' id='word_1_701' title='bbox 1107 2122 1136 2149; x_wconf 81' lang='lat' dir='ltr'><strong>li</strong></span> <span class='ocrx_word' id='word_1_702' title='bbox 1145 2141 1152 2153; x_wconf 87' lang='lat'><strong>,</strong></span> <span class='ocrx_word' id='word_1_703' title='bbox 1165 2121 1209 2150; x_wconf 73' lang='grc' dir='ltr'><strong>η.</strong></span> <span class='ocrx_word' id='word_1_704' title='bbox 1229 2132 1238 2148; x_wconf 76' lang='grc' dir='ltr'>ι</span> <span class='ocrx_word' id='word_1_705' title='bbox 1251 2120 1383 2155; x_wconf 86' lang='lat' dir='ltr'><strong>Quoniam</strong></span> <span class='ocrx_word' id='word_1_706' title='bbox 1398 2121 1449 2148; x_wconf 87' lang='lat' dir='ltr'><strong>hoc</strong></span> <span class='ocrx_word' id='word_1_707' title='bbox 1460 2123 1503 2147; x_wconf 84' lang='lat' dir='ltr'><strong>est</strong></span> <span class='ocrx_word' id='word_1_708' title='bbox 1517 2118 1684 2150; x_wconf 88' lang='lat' dir='ltr'><strong>mandatum,</strong></span> <span class='ocrx_word' id='word_1_709' title='bbox 1695 2117 1769 2151; x_wconf 87' lang='lat' dir='ltr'><strong>quod</strong></span> 
     </span>
    </p>
   </div>
   <div class='ocr_carea' id='block_1_122' title="bbox 129 2158 505 2196">
    <p class='ocr_par' dir='ltr' id='par_1_122' title="bbox 129 2158 505 2196">
     <span class='ocr_line' id='line_1_122' title="bbox 129 2158 505 2196; baseline 0.008 -12"><span class='ocrx_word' id='word_1_710' title='bbox 129 2158 251 2194; x_wconf 74' lang='grc' dir='ltr'>καθαρὰς</span> <span class='ocrx_word' id='word_1_711' title='bbox 277 2159 390 2195; x_wconf 76' lang='grc' dir='ltr'>πράξεις</span> <span class='ocrx_word' id='word_1_712' title='bbox 411 2161 505 2196; x_wconf 76' lang='grc' dir='ltr'>ἐπιτη-</span> 
     </span>
    </p>
   </div>
   <div class='ocr_carea' id='block_1_123' title="bbox 126 2203 507 2242">
    <p class='ocr_par' dir='ltr' id='par_1_123' title="bbox 126 2203 507 2242">
     <span class='ocr_line' id='line_1_123' title="bbox 126 2203 507 2242; baseline 0.008 -11"><span class='ocrx_word' id='word_1_713' title='bbox 126 2203 247 2238; x_wconf 81' lang='grc' dir='ltr'>δεύοντα,</span> <span class='ocrx_word' id='word_1_714' title='bbox 261 2207 320 2232; x_wconf 76' lang='grc' dir='ltr'>κατ¹</span> <span class='ocrx_word' id='word_1_715' title='bbox 334 2206 413 2233; x_wconf 71' lang='grc' dir='ltr'>αὑτὸν</span> <span class='ocrx_word' id='word_1_716' title='bbox 426 2207 507 2242; x_wconf 82' lang='grc' dir='ltr'>(κατὰ</span> 
     </span>
    </p>
   </div>
   <div class='ocr_carea' id='block_1_124' title="bbox 126 2251 509 2288">
    <p class='ocr_par' dir='ltr' id='par_1_124' title="bbox 126 2251 509 2288">
     <span class='ocr_line' id='line_1_124' title="bbox 126 2251 509 2288; baseline 0.005 -10"><span class='ocrx_word' id='word_1_717' title='bbox 126 2251 244 2282; x_wconf 74' lang='grc' dir='ltr'>ταυτὸν)</span> <span class='ocrx_word' id='word_1_718' title='bbox 260 2252 307 2278; x_wconf 73' lang='grc' dir='ltr'><strong>καὶ</strong></span> <span class='ocrx_word' id='word_1_719' title='bbox 331 2253 509 2288; x_wconf 80' lang='grc' dir='ltr'>ἁμαρτάνειν.</span> 
     </span>
    </p>
   </div>
   <div class='ocr_carea' id='block_1_125' title="bbox 163 2297 507 2335">
    <p class='ocr_par' dir='ltr' id='par_1_125' title="bbox 163 2297 507 2335">
     <span class='ocr_line' id='line_1_125' title="bbox 163 2297 507 2335; baseline 0.006 -11"><span class='ocrx_word' id='word_1_720' title='bbox 163 2297 218 2324; x_wconf 77' lang='grc' dir='ltr'><strong>Καὶ</strong></span> <span class='ocrx_word' id='word_1_721' title='bbox 236 2298 290 2333; x_wconf 89' lang='grc' dir='ltr'>γὰρ</span> <span class='ocrx_word' id='word_1_722' title='bbox 309 2298 450 2334; x_wconf 69' lang='grc' dir='ltr'>λέγοντες,</span> <span class='ocrx_word' id='word_1_723' title='bbox 469 2300 507 2335; x_wconf 87' lang='grc' dir='ltr'>μὴ</span> 
     </span>
    </p>
   </div>
   <div class='ocr_carea' id='block_1_126' title="bbox 127 2343 920 2382">
    <p class='ocr_par' dir='ltr' id='par_1_126' title="bbox 127 2343 920 2382">
     <span class='ocr_line' id='line_1_126' title="bbox 127 2343 920 2382; baseline 0.01 -13"><span class='ocrx_word' id='word_1_724' title='bbox 127 2343 230 2370; x_wconf 80' lang='grc' dir='ltr'>ἀδικεῖν</span> <span class='ocrx_word' id='word_1_725' title='bbox 260 2345 304 2372; x_wconf 78' lang='grc' dir='ltr'>τὸν</span> <span class='ocrx_word' id='word_1_726' title='bbox 335 2345 508 2382; x_wconf 74' lang='grc' dir='ltr'>δικαιοσύνην</span> <span class='ocrx_word' id='word_1_727' title='bbox 544 2354 605 2374; x_wconf 90' lang='lat' dir='ltr'><strong>cum</strong></span> <span class='ocrx_word' id='word_1_728' title='bbox 621 2348 755 2375; x_wconf 84' lang='lat' dir='ltr'><strong>contraria</strong></span> <span class='ocrx_word' id='word_1_729' title='bbox 770 2350 850 2377; x_wconf 84' lang='lat' dir='ltr'><strong>simul</strong></span> <span class='ocrx_word' id='word_1_730' title='bbox 868 2357 920 2378; x_wconf 90' lang='lat' dir='ltr'><strong>non</strong></span> 
     </span>
    </p>
   </div>
   <div class='ocr_carea' id='block_1_127' title="bbox 128 2388 922 2429">
    <p class='ocr_par' dir='ltr' id='par_1_127' title="bbox 128 2388 922 2429">
     <span class='ocr_line' id='line_1_127' title="bbox 128 2388 922 2429; baseline 0.009 -13"><span class='ocrx_word' id='word_1_731' title='bbox 128 2388 239 2425; x_wconf 74' lang='grc' dir='ltr'>ἔχοντα,</span> <span class='ocrx_word' id='word_1_732' title='bbox 277 2391 327 2418; x_wconf 79' lang='grc' dir='ltr'><strong>οὐκ</strong></span> <span class='ocrx_word' id='word_1_733' title='bbox 356 2392 507 2427; x_wconf 77' lang='grc' dir='ltr'>ἀδυναμίαν</span> <span class='ocrx_word' id='word_1_734' title='bbox 543 2393 694 2425; x_wconf 77' lang='lat' dir='ltr'><strong>exsistant,</strong></span> <span class='ocrx_word' id='word_1_735' title='bbox 708 2402 762 2421; x_wconf 90' lang='lat' dir='ltr'><strong>non</strong></span> <span class='ocrx_word' id='word_1_736' title='bbox 780 2400 867 2429; x_wconf 87' lang='lat' dir='ltr'><strong>potest</strong></span> <span class='ocrx_word' id='word_1_737' title='bbox 881 2395 922 2423; x_wconf 92' lang='lat' dir='ltr'><strong>in-</strong></span> 
     </span>
    </p>
   </div>
   <div class='ocr_carea' id='block_1_128' title="bbox 128 2433 920 2476">
    <p class='ocr_par' dir='ltr' id='par_1_128' title="bbox 128 2433 920 2476">
     <span class='ocr_line' id='line_1_128' title="bbox 128 2433 920 2476; baseline 0.01 -15"><span class='ocrx_word' id='word_1_738' title='bbox 128 2435 247 2471; x_wconf 83' lang='grc' dir='ltr'>φυσικὴν</span> <span class='ocrx_word' id='word_1_739' title='bbox 267 2436 418 2472; x_wconf 73' lang='grc' dir='ltr'><strong>δηλοῦμεν,</strong></span> <span class='ocrx_word' id='word_1_740' title='bbox 444 2438 506 2464; x_wconf 78' lang='grc' dir='ltr'>καθ’</span> <span class='ocrx_word' id='word_1_741' title='bbox 539 2433 788 2474; x_wconf 69' lang='lat' dir='ltr'><strong>justitiamficere,</strong></span> <span class='ocrx_word' id='word_1_742' title='bbox 801 2443 846 2476; x_wconf 91' lang='lat' dir='ltr'><strong>qui</strong></span> <span class='ocrx_word' id='word_1_743' title='bbox 859 2442 920 2476; x_wconf 87' lang='lat' dir='ltr'><strong>jus-</strong></span> 
     </span>
    </p>
   </div>
   <div class='ocr_carea' id='block_1_129' title="bbox 127 2481 921 2523">
    <p class='ocr_par' dir='ltr' id='par_1_129' title="bbox 127 2481 921 2523">
     <span class='ocr_line' id='line_1_129' title="bbox 127 2481 921 2523; baseline 0.014 -16"><span class='ocrx_word' id='word_1_744' title='bbox 127 2482 162 2517; x_wconf 85' lang='grc' dir='ltr'>ἥν</span> <span class='ocrx_word' id='word_1_745' title='bbox 188 2481 318 2517; x_wconf 79' lang='grc' dir='ltr'><strong>λέγομεν,</strong></span> <span class='ocrx_word' id='word_1_746' title='bbox 350 2482 381 2509; x_wconf 82' lang='grc' dir='ltr'>τὸ</span> <span class='ocrx_word' id='word_1_747' title='bbox 411 2482 507 2517; x_wconf 81' lang='grc' dir='ltr'>ἄλογον</span> <span class='ocrx_word' id='word_1_748' title='bbox 545 2485 630 2513; x_wconf 84' lang='lat' dir='ltr'><strong>titiam</strong></span> <span class='ocrx_word' id='word_1_749' title='bbox 648 2486 742 2518; x_wconf 82' lang='lat' dir='ltr'><strong>habet,</strong></span> <span class='ocrx_word' id='word_1_750' title='bbox 759 2495 813 2515; x_wconf 87' lang='lat' dir='ltr'><strong>nun</strong></span> <span class='ocrx_word' id='word_1_751' title='bbox 834 2490 921 2523; x_wconf 78' lang='lat' dir='ltr'><strong>possi—</strong></span> 
     </span>
    </p>
   </div>
   <div class='ocr_carea' id='block_1_130' title="bbox 579 2299 920 2338">
    <p class='ocr_par' dir='ltr' id='par_1_130' title="bbox 579 2299 920 2338">
     <span class='ocr_line' id='line_1_130' title="bbox 579 2299 920 2338; baseline 0.015 -12"><span class='ocrx_word' id='word_1_752' title='bbox 579 2299 705 2328; x_wconf 81' lang='lat' dir='ltr'><strong>Dicentes</strong></span> <span class='ocrx_word' id='word_1_753' title='bbox 725 2306 834 2335; x_wconf 84' lang='lat' dir='ltr'><strong>autem,</strong></span> <span class='ocrx_word' id='word_1_754' title='bbox 856 2303 920 2338; x_wconf 88' lang='lat' dir='ltr'><strong>quia</strong></span> 
     </span>
    </p>
   </div>
   <div class='ocr_carea' id='block_1_131' title="bbox 182 2541 964 2581">
    <p class='ocr_par' dir='ltr' id='par_1_131' title="bbox 182 2541 964 2581">
     <span class='ocr_line' id='line_1_131' title="bbox 182 2541 964 2581; baseline 0.012 -14"><span class='ocrx_word' id='word_1_755' title='bbox 182 2541 269 2568; x_wconf 83' lang='lat' dir='ltr'><strong>&quot;lsa.</strong></span> <span class='ocrx_word' id='word_1_756' title='bbox 287 2548 307 2575; x_wconf 94' lang='lat' dir='ltr'><strong>I,</strong></span> <span class='ocrx_word' id='word_1_757' title='bbox 322 2541 349 2568; x_wconf 74' lang='lat'><strong>2.</strong></span> <span class='ocrx_word' id='word_1_758' title='bbox 389 2541 412 2557; x_wconf 87' lang='grc'>³⁹</span> <span class='ocrx_word' id='word_1_759' title='bbox 428 2541 506 2570; x_wconf 90' lang='lat' dir='ltr'><strong>Deut.</strong></span> <span class='ocrx_word' id='word_1_760' title='bbox 525 2544 668 2576; x_wconf 77' lang='lat' dir='ltr'><strong>xxxtt,18.</strong></span> <span class='ocrx_word' id='word_1_761' title='bbox 707 2545 730 2561; x_wconf 77' lang='grc'><strong>⁸⁸</strong></span> <span class='ocrx_word' id='word_1_762' title='bbox 742 2546 802 2574; x_wconf 85' lang='lat' dir='ltr'><strong>Act.</strong></span> <span class='ocrx_word' id='word_1_763' title='bbox 820 2548 964 2581; x_wconf 77' lang='lat' dir='ltr'><strong>xtu,8-ii.</strong></span> 
     </span>
    </p>
   </div>
   <div class='ocr_carea' id='block_1_132' title="bbox 162 2609 651 2680">
    <p class='ocr_par' dir='ltr' id='par_1_132' title="bbox 162 2609 651 2680">
     <span class='ocr_line' id='line_1_132' title="bbox 162 2609 651 2680; baseline 0.008 -44"><span class='ocrx_word' id='word_1_764' title='bbox 162 2609 219 2680; x_wconf 42' lang='lat' dir='ltr'><strong>id?)</strong></span> <span class='ocrx_word' id='word_1_765' title='bbox 242 2609 394 2645; x_wconf 79' lang='lat' dir='ltr'><strong>Legendmn</strong></span> <span class='ocrx_word' id='word_1_766' title='bbox 411 2619 472 2638; x_wconf 84' lang='lat' dir='ltr'><strong>esse</strong></span> <span class='ocrx_word' id='word_1_767' title='bbox 490 2620 588 2640; x_wconf 82' lang='lat' dir='ltr'><strong>censeo</strong></span> <span class='ocrx_word' id='word_1_768' title='bbox 603 2613 651 2640; x_wconf 84' lang='lat' dir='ltr'><strong>illi.</strong></span> 
     </span>
     <span class='ocr_line' id='line_1_133' title="bbox 175 2645 649 2680; baseline 0.008 -9"><span class='ocrx_word' id='word_1_769' title='bbox 175 2645 220 2679; x_wconf 69' lang='grc'><strong>43)</strong></span> <span class='ocrx_word' id='word_1_770' title='bbox 241 2645 268 2672; x_wconf 93' lang='lat' dir='ltr'><strong>lu</strong></span> <span class='ocrx_word' id='word_1_771' title='bbox 284 2646 394 2673; x_wconf 85' lang='lat' dir='ltr'><strong>scholiis</strong></span> <span class='ocrx_word' id='word_1_772' title='bbox 416 2647 473 2674; x_wconf 76' lang='lat' dir='ltr'><strong>hzec</strong></span> <span class='ocrx_word' id='word_1_773' title='bbox 498 2653 627 2680; x_wconf 68' lang='lat' dir='ltr'><strong>prazterea</strong></span> <span class='ocrx_word' id='word_1_774' title='bbox 644 2659 649 2674; x_wconf 85' lang='lat'><strong>:</strong></span> 
     </span>
    </p>
   </div>
   <div class='ocr_carea' id='block_1_133' title="bbox 175 2645 916 2684">
    <p class='ocr_par' dir='ltr' id='par_1_133' title="bbox 175 2645 916 2684">
     <span class='ocr_line' id='line_1_134' title="bbox 175 2645 916 2684; baseline 0.011 -13"><span class='ocrx_word' id='word_1_775' title='bbox 175 2645 220 2679; x_wconf 69' lang='grc'><strong>43)</strong></span> <span class='ocrx_word' id='word_1_776' title='bbox 239 2645 268 2684; x_wconf 79' lang='lat' dir='ltr'><strong>_ln</strong></span> <span class='ocrx_word' id='word_1_777' title='bbox 284 2646 394 2684; x_wconf 63' lang='lat' dir='ltr'><strong>sclroliis</strong></span> <span class='ocrx_word' id='word_1_778' title='bbox 416 2647 473 2674; x_wconf 76' lang='lat' dir='ltr'><strong>hzec</strong></span> <span class='ocrx_word' id='word_1_779' title='bbox 497 2653 627 2684; x_wconf 68' lang='lat' dir='ltr'><strong>prazterea</strong></span> <span class='ocrx_word' id='word_1_780' title='bbox 644 2649 747 2681; x_wconf 85' lang='lat' dir='ltr'><strong>adjecta</strong></span> <span class='ocrx_word' id='word_1_781' title='bbox 763 2650 888 2684; x_wconf 66' lang='lat' dir='ltr'><strong>leguntur</strong></span> <span class='ocrx_word' id='word_1_782' title='bbox 910 2661 916 2680; x_wconf 93' lang='lat'>:</span> 
     </span>
    </p>
   </div>
   <div class='ocr_carea' id='block_1_134' title="bbox 126 2677 919 2722">
    <p class='ocr_par' dir='ltr' id='par_1_134' title="bbox 126 2677 919 2722">
     <span class='ocr_line' id='line_1_135' title="bbox 126 2677 919 2722; baseline 0.011 -17"><span class='ocrx_word' id='word_1_783' title='bbox 126 2677 538 2722; x_wconf 36' lang='lat' dir='ltr'><strong>&#39;Hirthso&#39;bzﬁtpi‘mautﬁpév,</strong></span> <span class='ocrx_word' id='word_1_784' title='bbox 553 2684 577 2710; x_wconf 78' lang='lat' dir='ltr'><strong>ei</strong></span> <span class='ocrx_word' id='word_1_785' title='bbox 594 2684 632 2720; x_wconf 82' lang='grc' dir='ltr'>μὴ</span> <span class='ocrx_word' id='word_1_786' title='bbox 647 2677 690 2711; x_wconf 69' lang='grc' dir='ltr'><strong>διᾶ</strong></span> <span class='ocrx_word' id='word_1_787' title='bbox 704 2686 759 2712; x_wconf 85' lang='grc' dir='ltr'>τῶν</span> <span class='ocrx_word' id='word_1_788' title='bbox 772 2677 919 2722; x_wconf 68' lang='grc' dir='ltr'><strong>αῖσχίστων</strong></span> 
     </span>
    </p>
   </div>
   <div class='ocr_carea' id='block_1_135' title="bbox 127 2715 492 2752">
    <p class='ocr_par' dir='ltr' id='par_1_135' title="bbox 127 2715 492 2752">
     <span class='ocr_line' id='line_1_136' title="bbox 127 2715 492 2752; baseline 0.005 -10"><span class='ocrx_word' id='word_1_789' title='bbox 127 2715 257 2752; x_wconf 53' lang='grc' dir='ltr'><strong>πρᾴξξων</strong></span> <span class='ocrx_word' id='word_1_790' title='bbox 269 2715 397 2752; x_wconf 85' lang='grc' dir='ltr'>λυπῶμεν</span> <span class='ocrx_word' id='word_1_791' title='bbox 417 2715 492 2751; x_wconf 66' lang='grc' dir='ltr'>αὐτό.</span> 
     </span>
    </p>
   </div>
   <div class='ocr_carea' id='block_1_136' title="bbox 163 2750 914 2791">
    <p class='ocr_par' dir='ltr' id='par_1_136' title="bbox 163 2750 914 2791">
     <span class='ocr_line' id='line_1_137' title="bbox 163 2750 914 2791; baseline 0.011 -16"><span class='ocrx_word' id='word_1_792' title='bbox 163 2750 224 2791; x_wconf 52' lang='lat'><strong>(4})-</strong></span> <span class='ocrx_word' id='word_1_793' title='bbox 241 2750 277 2790; x_wconf 77' lang='lat' dir='ltr'><strong>lbi</strong></span> <span class='ocrx_word' id='word_1_794' title='bbox 295 2750 528 2791; x_wconf 65' lang='lat' dir='ltr'><strong>interpretationis</strong></span> <span class='ocrx_word' id='word_1_795' title='bbox 544 2753 649 2791; x_wconf 80' lang='lat' dir='ltr'><strong>Didymi</strong></span> <span class='ocrx_word' id='word_1_796' title='bbox 663 2757 851 2791; x_wconf 72' lang='lat' dir='ltr'><strong>compendium</strong></span> <span class='ocrx_word' id='word_1_797' title='bbox 864 2757 914 2784; x_wconf 84' lang='lat' dir='ltr'><strong>ali-</strong></span> 
     </span>
    </p>
   </div>
   <div class='ocr_carea' id='block_1_137' title="bbox 125 2784 622 2825">
    <p class='ocr_par' dir='ltr' id='par_1_137' title="bbox 125 2784 622 2825">
     <span class='ocr_line' id='line_1_138' title="bbox 125 2784 622 2825; baseline 0.012 -15"><span class='ocrx_word' id='word_1_798' title='bbox 125 2784 315 2825; x_wconf 42' lang='lat' dir='ltr'><strong>quodul&#39;eftisse</strong></span> <span class='ocrx_word' id='word_1_799' title='bbox 325 2784 430 2825; x_wconf 67' lang='lat' dir='ltr'><strong>videtur</strong></span> <span class='ocrx_word' id='word_1_800' title='bbox 443 2784 622 2825; x_wconf 46' lang='lat' dir='ltr'><strong>Epiphanius.</strong></span> 
     </span>
    </p>
   </div>
   <div class='ocr_carea' id='block_1_138' title="bbox 162 2819 915 2856">
    <p class='ocr_par' dir='ltr' id='par_1_138' title="bbox 162 2819 915 2856">
     <span class='ocr_line' id='line_1_139' title="bbox 162 2819 915 2856; baseline 0.009 -10"><span class='ocrx_word' id='word_1_801' title='bbox 162 2819 264 2856; x_wconf 59' lang='grc' dir='ltr'><strong>(45)]ιι</strong></span> <span class='ocrx_word' id='word_1_802' title='bbox 278 2821 388 2850; x_wconf 88' lang='lat' dir='ltr'><strong>scholiis</strong></span> <span class='ocrx_word' id='word_1_803' title='bbox 404 2819 600 2850; x_wconf 75' lang='lat' dir='ltr'><strong>sententiarum</strong></span> <span class='ocrx_word' id='word_1_804' title='bbox 618 2825 712 2856; x_wconf 77' lang='lat' dir='ltr'><strong>series,</strong></span> <span class='ocrx_word' id='word_1_805' title='bbox 737 2832 765 2852; x_wconf 91' lang='lat' dir='ltr'><strong>ut</strong></span> <span class='ocrx_word' id='word_1_806' title='bbox 791 2826 816 2853; x_wconf 88' lang='lat' dir='ltr'><strong>in</strong></span> <span class='ocrx_word' id='word_1_807' title='bbox 839 2831 915 2854; x_wconf 81' lang='lat' dir='ltr'><strong>calc-</strong></span> 
     </span>
    </p>
   </div>
   <div class='ocr_carea' id='block_1_139' title="bbox 127 2855 914 2890">
    <p class='ocr_par' dir='ltr' id='par_1_139' title="bbox 127 2855 914 2890">
     <span class='ocr_line' id='line_1_140' title="bbox 127 2855 914 2890; baseline 0.009 -9"><span class='ocrx_word' id='word_1_808' title='bbox 127 2862 170 2881; x_wconf 78' lang='lat' dir='ltr'><strong>ms</strong></span> <span class='ocrx_word' id='word_1_809' title='bbox 191 2855 269 2888; x_wconf 43' lang='lat' dir='ltr'><strong>Flet,</strong></span> <span class='ocrx_word' id='word_1_810' title='bbox 291 2856 429 2890; x_wconf 83' lang='lat' dir='ltr'><strong>aliquanto</strong></span> <span class='ocrx_word' id='word_1_811' title='bbox 446 2859 555 2886; x_wconf 80' lang='lat' dir='ltr'><strong>turbata</strong></span> <span class='ocrx_word' id='word_1_812' title='bbox 573 2861 678 2888; x_wconf 76' lang='lat' dir='ltr'><strong>videtur</strong></span> <span class='ocrx_word' id='word_1_813' title='bbox 706 2855 771 2888; x_wconf 78' lang='lat' dir='ltr'><strong>Eun</strong></span> <span class='ocrx_word' id='word_1_814' title='bbox 796 2863 914 2889; x_wconf 74' lang='lat' dir='ltr'><strong>scnavit</strong></span> 
     </span>
    </p>
   </div>
   <div class='ocr_carea' id='block_1_140' title="bbox 974 2164 1769 2202">
    <p class='ocr_par' dir='ltr' id='par_1_140' title="bbox 974 2164 1769 2202">
     <span class='ocr_line' id='line_1_141' title="bbox 974 2164 1769 2202; baseline -0.009 -6"><span class='ocrx_word' id='word_1_815' title='bbox 974 2168 1088 2196; x_wconf 72' lang='lat' dir='ltr'><strong>audistis</strong></span> <span class='ocrx_word' id='word_1_816' title='bbox 1105 2168 1139 2195; x_wconf 83' lang='lat' dir='ltr'><strong>ab</strong></span> <span class='ocrx_word' id='word_1_817' title='bbox 1160 2168 1238 2195; x_wconf 89' lang='lat' dir='ltr'><strong>initio</strong></span> <span class='ocrx_word' id='word_1_818' title='bbox 1253 2172 1282 2195; x_wconf 90' lang='lat' dir='ltr'><strong>ut</strong></span> <span class='ocrx_word' id='word_1_819' title='bbox 1297 2167 1440 2202; x_wconf 79' lang='lat' dir='ltr'><strong>diligamus</strong></span> <span class='ocrx_word' id='word_1_820' title='bbox 1466 2165 1592 2198; x_wconf 86' lang='lat' dir='ltr'><strong>invicem,</strong></span> <span class='ocrx_word' id='word_1_821' title='bbox 1613 2172 1664 2191; x_wconf 91' lang='lat' dir='ltr'><strong>non</strong></span> <span class='ocrx_word' id='word_1_822' title='bbox 1695 2164 1769 2190; x_wconf 85' lang='lat' dir='ltr'><strong>sicut</strong></span> 
     </span>
    </p>
   </div>
   <div class='ocr_carea' id='block_1_141' title="bbox 936 2202 1768 2250">
    <p class='ocr_par' dir='ltr' id='par_1_141' title="bbox 936 2202 1768 2250">
     <span class='ocr_line' id='line_1_142' title="bbox 936 2202 1768 2250; baseline -0.01 -7"><span class='ocrx_word' id='word_1_823' title='bbox 936 2202 962 2232; x_wconf 76' lang='lat' dir='ltr'><strong>D</strong></span> <span class='ocrx_word' id='word_1_824' title='bbox 974 2215 1051 2248; x_wconf 86' lang='lat' dir='ltr'><strong>Cain,</strong></span> <span class='ocrx_word' id='word_1_825' title='bbox 1065 2215 1112 2250; x_wconf 89' lang='lat' dir='ltr'><strong>qui</strong></span> <span class='ocrx_word' id='word_1_826' title='bbox 1130 2222 1162 2242; x_wconf 75' lang='lat' dir='ltr'><strong>ex</strong></span> <span class='ocrx_word' id='word_1_827' title='bbox 1175 2214 1293 2249; x_wconf 72' lang='lat' dir='ltr'><strong>maligno</strong></span> <span class='ocrx_word' id='word_1_828' title='bbox 1306 2218 1376 2247; x_wconf 85' lang='lat' dir='ltr'><strong>erat,</strong></span> <span class='ocrx_word' id='word_1_829' title='bbox 1393 2208 1425 2242; x_wconf 80' lang='lat' dir='ltr'><strong>et</strong></span> <span class='ocrx_word' id='word_1_830' title='bbox 1437 2212 1538 2241; x_wconf 90' lang='lat' dir='ltr'><strong>occidit</strong></span> <span class='ocrx_word' id='word_1_831' title='bbox 1549 2212 1658 2239; x_wconf 87' lang='lat' dir='ltr'><strong>fratrem</strong></span> <span class='ocrx_word' id='word_1_832' title='bbox 1674 2217 1768 2242; x_wconf 75' lang='lat' dir='ltr'><strong>Suum,</strong></span> 
     </span>
    </p>
   </div>
   <div class='ocr_carea' id='block_1_142' title="bbox 974 2257 1768 2296">
    <p class='ocr_par' dir='ltr' id='par_1_142' title="bbox 974 2257 1768 2296">
     <span class='ocr_line' id='line_1_143' title="bbox 974 2257 1768 2296; baseline -0.006 -8"><span class='ocrx_word' id='word_1_833' title='bbox 974 2261 1038 2296; x_wconf 86' lang='lat' dir='ltr'><strong>quia</strong></span> <span class='ocrx_word' id='word_1_834' title='bbox 1067 2267 1149 2296; x_wconf 84' lang='lat' dir='ltr'><strong>opera</strong></span> <span class='ocrx_word' id='word_1_835' title='bbox 1179 2260 1238 2294; x_wconf 86' lang='lat' dir='ltr'><strong>ejus</strong></span> <span class='ocrx_word' id='word_1_836' title='bbox 1276 2259 1394 2294; x_wconf 74' lang='lat' dir='ltr'><strong>maligna</strong></span> <span class='ocrx_word' id='word_1_837' title='bbox 1426 2263 1525 2292; x_wconf 85' lang='lat' dir='ltr'><strong>erant,</strong></span> <span class='ocrx_word' id='word_1_838' title='bbox 1554 2257 1646 2286; x_wconf 80' lang='lat' dir='ltr'><strong>fratris</strong></span> <span class='ocrx_word' id='word_1_839' title='bbox 1673 2262 1768 2284; x_wconf 85' lang='lat' dir='ltr'><strong>autem</strong></span> 
     </span>
    </p>
   </div>
   <div class='ocr_carea' id='block_1_143' title="bbox 972 2307 1084 2342">
    <p class='ocr_par' dir='ltr' id='par_1_143' title="bbox 972 2307 1084 2342">
     <span class='ocr_line' id='line_1_144' title="bbox 972 2307 1084 2342; baseline -0.009 -8"><span class='ocrx_word' id='word_1_840' title='bbox 972 2307 1054 2342; x_wconf 83' lang='lat' dir='ltr'><strong>justa.</strong></span> <span class='ocrx_word' id='word_1_841' title='bbox 1074 2316 1084 2333; x_wconf 78' lang='grc' dir='ltr'>ι</span> 
     </span>
    </p>
   </div>
   <div class='ocr_carea' id='block_1_144' title="bbox 1010 2351 1767 2387">
    <p class='ocr_par' dir='ltr' id='par_1_144' title="bbox 1010 2351 1767 2387">
     <span class='ocr_line' id='line_1_145' title="bbox 1010 2351 1767 2387; baseline -0.003 -7"><span class='ocrx_word' id='word_1_842' title='bbox 1010 2353 1146 2387; x_wconf 81' lang='lat' dir='ltr'><strong>Quoniam</strong></span> <span class='ocrx_word' id='word_1_843' title='bbox 1171 2354 1329 2380; x_wconf 88' lang='lat' dir='ltr'><strong>mandatum</strong></span> <span class='ocrx_word' id='word_1_844' title='bbox 1346 2352 1381 2379; x_wconf 88' lang='lat' dir='ltr'><strong>ab</strong></span> <span class='ocrx_word' id='word_1_845' title='bbox 1401 2352 1480 2380; x_wconf 89' lang='lat' dir='ltr'><strong>initio</strong></span> <span class='ocrx_word' id='word_1_846' title='bbox 1494 2351 1636 2384; x_wconf 82' lang='lat' dir='ltr'><strong>habemus,</strong></span> <span class='ocrx_word' id='word_1_847' title='bbox 1651 2355 1678 2377; x_wconf 93' lang='lat' dir='ltr'><strong>ut</strong></span> <span class='ocrx_word' id='word_1_848' title='bbox 1694 2351 1767 2378; x_wconf 81' lang='lat' dir='ltr'><strong>iuvi-</strong></span> 
     </span>
    </p>
   </div>
   <div class='ocr_carea' id='block_1_145' title="bbox 975 2396 1766 2432">
    <p class='ocr_par' dir='ltr' id='par_1_145' title="bbox 975 2396 1766 2432">
     <span class='ocr_line' id='line_1_146' title="bbox 975 2396 1766 2432; baseline -0.001 -8"><span class='ocrx_word' id='word_1_849' title='bbox 975 2404 1033 2424; x_wconf 86' lang='lat' dir='ltr'><strong>cem</strong></span> <span class='ocrx_word' id='word_1_850' title='bbox 1047 2397 1201 2432; x_wconf 76' lang='lat' dir='ltr'><strong>diligamus,</strong></span> <span class='ocrx_word' id='word_1_851' title='bbox 1224 2404 1276 2424; x_wconf 91' lang='lat' dir='ltr'><strong>non</strong></span> <span class='ocrx_word' id='word_1_852' title='bbox 1307 2401 1414 2432; x_wconf 87' lang='lat' dir='ltr'><strong>oportet</strong></span> <span class='ocrx_word' id='word_1_853' title='bbox 1433 2397 1523 2425; x_wconf 71' lang='lat' dir='ltr'><strong>odisse</strong></span> <span class='ocrx_word' id='word_1_854' title='bbox 1546 2396 1667 2427; x_wconf 88' lang='lat' dir='ltr'><strong>fratrem,</strong></span> <span class='ocrx_word' id='word_1_855' title='bbox 1685 2404 1719 2423; x_wconf 86' lang='lat' dir='ltr'><strong>ne</strong></span> <span class='ocrx_word' id='word_1_856' title='bbox 1735 2396 1766 2423; x_wconf 81' lang='lat' dir='ltr'><strong>in</strong></span> 
     </span>
    </p>
   </div>
   <div class='ocr_carea' id='block_1_146' title="bbox 975 2443 1766 2480">
    <p class='ocr_par' dir='ltr' id='par_1_146' title="bbox 975 2443 1766 2480">
     <span class='ocr_line' id='line_1_147' title="bbox 975 2443 1766 2480; baseline 0 -10"><span class='ocrx_word' id='word_1_857' title='bbox 975 2444 1094 2479; x_wconf 79' lang='lat' dir='ltr'><strong>maligno</strong></span> <span class='ocrx_word' id='word_1_858' title='bbox 1116 2445 1264 2471; x_wconf 88' lang='lat' dir='ltr'><strong>secundum</strong></span> <span class='ocrx_word' id='word_1_859' title='bbox 1289 2444 1355 2471; x_wconf 89' lang='lat' dir='ltr'><strong>Cain</strong></span> <span class='ocrx_word' id='word_1_860' title='bbox 1371 2451 1431 2471; x_wconf 88' lang='lat' dir='ltr'><strong>esse</strong></span> <span class='ocrx_word' id='word_1_861' title='bbox 1448 2445 1626 2480; x_wconf 83' lang='lat' dir='ltr'><strong>reperiamnr,</strong></span> <span class='ocrx_word' id='word_1_862' title='bbox 1645 2444 1689 2478; x_wconf 90' lang='lat' dir='ltr'><strong>qui</strong></span> <span class='ocrx_word' id='word_1_863' title='bbox 1708 2443 1766 2470; x_wconf 83' lang='lat' dir='ltr'><strong>fra-</strong></span> 
     </span>
    </p>
   </div>
   <div class='ocr_carea' id='block_1_147' title="bbox 976 2489 1766 2526">
    <p class='ocr_par' dir='ltr' id='par_1_147' title="bbox 976 2489 1766 2526">
     <span class='ocr_line' id='line_1_148' title="bbox 976 2489 1766 2526; baseline -0.003 -8"><span class='ocrx_word' id='word_1_864' title='bbox 976 2495 1045 2518; x_wconf 88' lang='lat' dir='ltr'><strong>trem</strong></span> <span class='ocrx_word' id='word_1_865' title='bbox 1059 2490 1159 2518; x_wconf 87' lang='lat' dir='ltr'><strong>occidit</strong></span> <span class='ocrx_word' id='word_1_866' title='bbox 1173 2498 1264 2518; x_wconf 81' lang='lat' dir='ltr'><strong>suum.</strong></span> <span class='ocrx_word' id='word_1_867' title='bbox 1282 2490 1333 2518; x_wconf 87' lang='lat' dir='ltr'><strong>Iste</strong></span> <span class='ocrx_word' id='word_1_868' title='bbox 1353 2498 1469 2526; x_wconf 80' lang='lat' dir='ltr'><strong>namque</strong></span> <span class='ocrx_word' id='word_1_869' title='bbox 1487 2491 1602 2526; x_wconf 78' lang='lat' dir='ltr'><strong>peremit</strong></span> <span class='ocrx_word' id='word_1_870' title='bbox 1614 2490 1690 2522; x_wconf 65' lang='lat' dir='ltr'><strong>Abel,</strong></span> <span class='ocrx_word' id='word_1_871' title='bbox 1706 2489 1766 2517; x_wconf 81' lang='lat' dir='ltr'><strong>fra-</strong></span> 
     </span>
    </p>
   </div>
   <div class='ocr_carea' id='block_1_148' title="bbox 969 2615 1639 2657">
    <p class='ocr_par' dir='ltr' id='par_1_148' title="bbox 969 2615 1639 2657">
     <span class='ocr_line' id='line_1_149' title="bbox 969 2615 1639 2657; baseline 0.001 -13"><span class='ocrx_word' id='word_1_872' title='bbox 969 2617 1103 2657; x_wconf 43' lang='lat' dir='ltr'><strong>integram</strong></span> <span class='ocrx_word' id='word_1_873' title='bbox 1122 2615 1298 2657; x_wconf 78' lang='lat' dir='ltr'><strong>Epiphanius.</strong></span> <span class='ocrx_word' id='word_1_874' title='bbox 1313 2650 1331 2657; x_wconf 42' lang='grc' dir='ltr'>Α</span> <span class='ocrx_word' id='word_1_875' title='bbox 1391 2651 1397 2657; x_wconf 83' lang='lat'>_</span> <span class='ocrx_word' id='word_1_876' title='bbox 1509 2651 1527 2657; x_wconf 55' lang='grc' dir='ltr'>η</span> <span class='ocrx_word' id='word_1_877' title='bbox 1633 2651 1639 2657; x_wconf 82' lang='lat'>_</span> 
     </span>
    </p>
   </div>
   <div class='ocr_carea' id='block_1_149' title="bbox 1005 2650 1760 2687">
    <p class='ocr_par' dir='ltr' id='par_1_149' title="bbox 1005 2650 1760 2687">
     <span class='ocr_line' id='line_1_150' title="bbox 1005 2650 1760 2687; baseline -0.003 -9"><span class='ocrx_word' id='word_1_878' title='bbox 1005 2651 1062 2687; x_wconf 85' lang='grc'><strong>(46)</strong></span> <span class='ocrx_word' id='word_1_879' title='bbox 1081 2651 1118 2678; x_wconf 82' lang='lat' dir='ltr'><strong>Ex</strong></span> <span class='ocrx_word' id='word_1_880' title='bbox 1135 2650 1297 2678; x_wconf 79' lang='lat' dir='ltr'><strong>auctoritate</strong></span> <span class='ocrx_word' id='word_1_881' title='bbox 1311 2650 1398 2679; x_wconf 75' lang='lat' dir='ltr'><strong>Grzeci</strong></span> <span class='ocrx_word' id='word_1_882' title='bbox 1412 2651 1527 2686; x_wconf 70' lang='lat' dir='ltr'><strong>exempli</strong></span> <span class='ocrx_word' id='word_1_883' title='bbox 1556 2650 1760 2687; x_wconf 67' lang='lat' dir='ltr'><strong>rescribi-nilum</strong></span> 
     </span>
    </p>
   </div>
   <div class='ocr_carea' id='block_1_150' title="bbox 954 2685 1756 2721">
    <p class='ocr_par' dir='ltr' id='par_1_150' title="bbox 954 2685 1756 2721">
     <span class='ocr_line' id='line_1_151' title="bbox 954 2685 1756 2721; baseline -0.004 -7"><span class='ocrx_word' id='word_1_884' title='bbox 954 2685 1020 2719; x_wconf 50' lang='lat' dir='ltr'><strong>ﬁrst,</strong></span> <span class='ocrx_word' id='word_1_885' title='bbox 1033 2694 1084 2713; x_wconf 82' lang='lat' dir='ltr'><strong>non</strong></span> <span class='ocrx_word' id='word_1_886' title='bbox 1101 2694 1218 2720; x_wconf 74' lang='lat' dir='ltr'><strong>peccare,</strong></span> <span class='ocrx_word' id='word_1_887' title='bbox 1243 2687 1314 2721; x_wconf 86' lang='lat' dir='ltr'><strong>quod</strong></span> <span class='ocrx_word' id='word_1_888' title='bbox 1339 2686 1380 2714; x_wconf 75' lang='lat' dir='ltr'><strong>vel</strong></span> <span class='ocrx_word' id='word_1_889' title='bbox 1403 2687 1459 2721; x_wconf 76' lang='lat' dir='ltr'><strong>ipse</strong></span> <span class='ocrx_word' id='word_1_890' title='bbox 1473 2685 1568 2714; x_wconf 82' lang='lat' dir='ltr'><strong>sensus</strong></span> <span class='ocrx_word' id='word_1_891' title='bbox 1585 2685 1706 2720; x_wconf 67' lang='lat' dir='ltr'><strong>flagitare</strong></span> <span class='ocrx_word' id='word_1_892' title='bbox 1719 2686 1756 2714; x_wconf 78' lang='lat' dir='ltr'><strong>vi-</strong></span> 
     </span>
    </p>
   </div>
   <div class='ocr_carea' id='block_1_151' title="bbox 967 2722 1054 2749">
    <p class='ocr_par' dir='ltr' id='par_1_151' title="bbox 967 2722 1054 2749">
     <span class='ocr_line' id='line_1_152' title="bbox 967 2722 1054 2749; baseline -0.011 0"><span class='ocrx_word' id='word_1_893' title='bbox 967 2722 1054 2749; x_wconf 78' lang='lat' dir='ltr'><strong>detur.</strong></span> 
     </span>
    </p>
   </div>
   <div class='ocr_carea' id='block_1_152' title="bbox 1005 2756 1760 2791">
    <p class='ocr_par' dir='ltr' id='par_1_152' title="bbox 1005 2756 1760 2791">
     <span class='ocr_line' id='line_1_153' title="bbox 1005 2756 1760 2791; baseline 0.001 -9"><span class='ocrx_word' id='word_1_894' title='bbox 1005 2756 1061 2791; x_wconf 78' lang='grc'><strong>(47)</strong></span> <span class='ocrx_word' id='word_1_895' title='bbox 1077 2756 1233 2783; x_wconf 77' lang='lat' dir='ltr'><strong>Gallandius</strong></span> <span class='ocrx_word' id='word_1_896' title='bbox 1254 2766 1260 2783; x_wconf 85' lang='lat'><strong>:</strong></span> <span class='ocrx_word' id='word_1_897' title='bbox 1278 2766 1287 2781; x_wconf 80' lang='grc' dir='ltr'>ι</span> <span class='ocrx_word' id='word_1_898' title='bbox 1301 2756 1406 2783; x_wconf 77' lang='lat' dir='ltr'><strong>Mallem</strong></span> <span class='ocrx_word' id='word_1_899' title='bbox 1422 2764 1472 2782; x_wconf 83' lang='lat' dir='ltr'><strong>non</strong></span> <span class='ocrx_word' id='word_1_900' title='bbox 1484 2757 1536 2783; x_wconf 75' lang='lat' dir='ltr'><strong>alio</strong></span> <span class='ocrx_word' id='word_1_901' title='bbox 1549 2765 1611 2791; x_wconf 77' lang='lat' dir='ltr'><strong>quo.</strong></span> <span class='ocrx_word' id='word_1_902' title='bbox 1623 2765 1632 2780; x_wconf 81' lang='grc' dir='ltr'>ι</span> <span class='ocrx_word' id='word_1_903' title='bbox 1652 2757 1678 2782; x_wconf 67' lang='lat' dir='ltr'><strong>\t</strong></span> <span class='ocrx_word' id='word_1_904' title='bbox 1691 2756 1760 2783; x_wconf 65' lang='lat' dir='ltr'><strong>reti--</strong></span> 
     </span>
    </p>
   </div>
   <div class='ocr_carea' id='block_1_153' title="bbox 968 2791 1759 2825">
    <p class='ocr_par' dir='ltr' id='par_1_153' title="bbox 968 2791 1759 2825">
     <span class='ocr_line' id='line_1_154' title="bbox 968 2791 1759 2825; baseline 0.001 -8"><span class='ocrx_word' id='word_1_905' title='bbox 968 2793 1024 2817; x_wconf 76' lang='grc' dir='ltr'>ιιι-τί</span> <span class='ocrx_word' id='word_1_906' title='bbox 1037 2797 1134 2822; x_wconf 73' lang='lat' dir='ltr'><strong>potest.</strong></span> <span class='ocrx_word' id='word_1_907' title='bbox 1149 2799 1208 2825; x_wconf 79' lang='lat' dir='ltr'><strong>qme</strong></span> <span class='ocrx_word' id='word_1_908' title='bbox 1224 2793 1354 2825; x_wconf 71' lang='lat' dir='ltr'><strong>impressa</strong></span> <span class='ocrx_word' id='word_1_909' title='bbox 1367 2796 1408 2817; x_wconf 55' lang='lat' dir='ltr'><strong>est</strong></span> <span class='ocrx_word' id='word_1_910' title='bbox 1429 2792 1526 2822; x_wconf 73' lang='lat' dir='ltr'><strong>Im&#39;tio;</strong></span> <span class='ocrx_word' id='word_1_911' title='bbox 1549 2792 1588 2818; x_wconf 67' lang='lat' dir='ltr'><strong>vel</strong></span> <span class='ocrx_word' id='word_1_912' title='bbox 1600 2793 1671 2817; x_wconf 79' lang='lat' dir='ltr'><strong>culm</strong></span> <span class='ocrx_word' id='word_1_913' title='bbox 1686 2791 1759 2824; x_wconf 73' lang='lat' dir='ltr'><strong>alnul</strong></span> 
     </span>
    </p>
   </div>
   <div class='ocr_carea' id='block_1_154' title="bbox 967 2825 1760 2861">
    <p class='ocr_par' dir='ltr' id='par_1_154' title="bbox 967 2825 1760 2861">
     <span class='ocr_line' id='line_1_155' title="bbox 967 2825 1760 2861; baseline 0.003 -9"><span class='ocrx_word' id='word_1_914' title='bbox 967 2827 1020 2853; x_wconf 66' lang='lat' dir='ltr'><strong>(lita</strong></span> <span class='ocrx_word' id='word_1_915' title='bbox 1031 2834 1079 2854; x_wconf 89' lang='lat' dir='ltr'><strong>ron</strong></span> <span class='ocrx_word' id='word_1_916' title='bbox 1090 2834 1123 2851; x_wconf 74' lang='grc' dir='ltr'><strong>ἸΙΙ</strong></span> <span class='ocrx_word' id='word_1_917' title='bbox 1147 2827 1242 2860; x_wconf 81' lang='lat' dir='ltr'><strong>n’iquis</strong></span> <span class='ocrx_word' id='word_1_918' title='bbox 1264 2835 1312 2860; x_wconf 70' lang='lat' dir='ltr'><strong>pro</strong></span> <span class='ocrx_word' id='word_1_919' title='bbox 1326 2827 1394 2851; x_wconf 70' lang='lat' dir='ltr'><strong>alius</strong></span> <span class='ocrx_word' id='word_1_920' title='bbox 1420 2828 1475 2860; x_wconf 69' lang='lat' dir='ltr'><strong>quis</strong></span> <span class='ocrx_word' id='word_1_921' title='bbox 1492 2833 1644 2861; x_wconf 80' lang='lat' dir='ltr'><strong>usurpatur.</strong></span> <span class='ocrx_word' id='word_1_922' title='bbox 1663 2825 1692 2853; x_wconf 71' lang='grc' dir='ltr'>ν.</span> <span class='ocrx_word' id='word_1_923' title='bbox 1719 2826 1760 2857; x_wconf 77' lang='lat' dir='ltr'><strong>De</strong></span> 
     </span>
    </p>
   </div>
   <div class='ocr_carea' id='block_1_155' title="bbox 967 2861 1362 2894">
    <p class='ocr_par' dir='ltr' id='par_1_155' title="bbox 967 2861 1362 2894">
     <span class='ocr_line' id='line_1_156' title="bbox 967 2861 1362 2894; baseline 0 -7"><span class='ocrx_word' id='word_1_924' title='bbox 967 2862 1030 2894; x_wconf 69' lang='lat' dir='ltr'><strong>o/Jic.</strong></span> <span class='ocrx_word' id='word_1_925' title='bbox 1051 2869 1070 2888; x_wconf 89' lang='grc' dir='ltr'><strong>ι.</strong></span> <span class='ocrx_word' id='word_1_926' title='bbox 1090 2861 1114 2894; x_wconf 83' lang='grc'><strong>7,</strong></span> <span class='ocrx_word' id='word_1_927' title='bbox 1130 2861 1165 2888; x_wconf 77' lang='grc' dir='ltr'><strong>ιιε</strong></span> <span class='ocrx_word' id='word_1_928' title='bbox 1184 2868 1251 2888; x_wconf 81' lang='lat' dir='ltr'><strong>urul.</strong></span> <span class='ocrx_word' id='word_1_929' title='bbox 1270 2870 1298 2894; x_wconf 86' lang='lat' dir='ltr'><strong>ll,</strong></span> <span class='ocrx_word' id='word_1_930' title='bbox 1319 2861 1362 2888; x_wconf 66' lang='lat'><strong>32.</strong></span> 
     </span>
    </p>
   </div>
  </div>
