1913 3071
144 158 211 184 1735

587 153 788 182 ENARR.\TIO
810 153 843 180 IN
864 154 1061 182 EI‘ISTOIAM
1085 153 1091 179 Ι
1112 153 1139 180 S.
1162 153 1314 180 JOANNIS.

1708 153 1774 182 ΠΜ

142 219 209 242 trem
222 220 311 240 suum.
333 212 397 246 Quae
422 220 484 238 vero
509 219 589 239 causa
606 212 688 239 fuerit
711 211 851 238 occidendi
876 211 966 244 [κισ-Α
981 211 1115 244 Quoniam
1143 210 1216 236 inulti
1240 209 1483 245 pseudoprophetze
1505 210 1662 244 prodierttnt
1679 210 1705 238 itt
1725 212 1775 239 hoc

141 264 221 292 trem,
235 258 411 291 significavit:
432 257 513 290 tQuia
525 264 607 291 opera
623 256 691 291 ejus,
709 256 827 290 tinquit.
844 265 853 281 ι
870 263 926 282 ma-

140 305 211 340 ligna
239 309 327 335 erant,
356 303 446 331 fratris
469 303 652 338 autemjusta.
675 313 684 329 ι
706 303 772 330 Cum
792 303 863 329 enim
885 310 927 328 re-

140 352 274 387 spexisset
298 351 369 380 Deus
392 359 475 387 super
489 352 554 379 Abel
576 356 603 379 et
620 351 675 386 (48)
694 358 816 382 munera,
847 357 928 384 super

140 397 206 425 Cain
221 401 311 425 autem
332 401 359 424 ct
370 397 534 424 oblationem
549 397 607 430 eius
619 404 672 424 non
688 396 821 429 respexit;
836 399 864 422 ct
878 395 928 422 hac

141 450 222 470 causa
241 449 387 477 percussus
402 442 502 469 invidia
525 442 590 469 Cain
615 446 729 468 mortem
747 445 876 475 operatus
887 445 928 467 est

140 489 270 516 adversus
280 488 417 523 proprium
431 488 550 514 fratrem.
561 487 741 521 Quapropter,
753 486 815 513 licet
823 487 929 513 dicatur

141 541 174 562 ex
189 534 306 568 maligno
331 540 392 560 esse
416 538 529 568 propter
552 539 633 567 opera
650 538 714 559 tunc
739 532 818 565 mala,
839 536 928 558 tamen

142 588 194 608 non
223 579 383 607 naturaliter
404 584 448 607 est
478 579 504 606 in
533 578 587 606 illo.
615 578 665 605 Per
689 578 760 605 hunc
777 583 929 604 sermonem

141 626 269 658 ostendit,
283 625 346 660 quia
362 625 396 652 sit
424 625 557 652 homicida
573 624 650 656 Cain,
668 624 771 656 dicens,
788 630 850 650 eum
867 630 930 656 per-

143 672 241 699 emisse
256 668 394 706 proprium
410 671 533 698 fratrem.
557 670 624 698 Nam
640 675 667 697 et
695 671 721 697 in
738 670 806 697 libro
820 669 864 704 qui
883 669 931 695 Le-

141 717 289 751 progcnnis
316 717 371 753 (49)
397 717 556 752 appellatur,
584 717 620 744 ita
643 717 750 752 legitur,
777 717 841 751 quia
864 715 930 743 Cain

142 763 231 796 lapide
247 769 292 790 aut
321 763 394 798 ligno
418 763 581 797 percusserit
607 763 685 795 Abel,
707 763 777 790 ttnde
802 763 931 796 deputan-

142 808 205 835 dum
223 817 274 836 non
289 814 339 841 est,
360 810 534 844 percussione
555 809 607 836 dici
620 809 786 836 solummodo
800 808 857 835 ﬁeri
873 807 932 834 vul-

142 861 202 884 nus,
220 854 266 880 sed
281 854 404 881 absolute
414 861 521 881 onmem
537 854 653 890 plagam,
667 862 727 889 quae
741 854 930 881 lacerationem

143 899 207 926 facit
223 900 248 925 iu
271 907 395 935 corpore.

179 945 261 974 Vens.
278 946 323 978 15,
340 946 383 973 14.
402 956 412 972 t
432 946 518 974 Nolite
532 945 636 977 mirari,
654 945 763 976 fratres,
779 945 801 972 si
814 944 870 971 odit
884 951 931 970 vos

143 995 269 1018 mundus.
286 991 339 1020 Nos
351 993 463 1024 scimus,
478 993 606 1027 quoniam
618 991 791 1018 transivimus
804 991 837 1018 de
847 995 932 1017 morte

143 1038 175 1064 ad
188 1039 281 1071 vitam,
295 1039 356 1073 quia
371 1039 508 1073 diligimus
520 1039 628 1065 fratres.
652 1047 662 1064 ι

178 1084 235 1111 Non
251 1089 293 1111 est
313 1085 476 1117 mirandum,
494 1085 516 1112 si
534 1085 608 1120 pravi
639 1084 770 1115 homines,
785 1083 830 1117 qui
846 1081 934 1109 nomi-

143 1135 242 1156 nantur
270 1131 397 1163 mundus,
419 1131 481 1158 odio
505 1131 603 1158 habent
630 1138 688 1162 eos,
714 1123 760 1164 qui
783 1130 931 1157 secundum

142 1175 279 1203 Christum
289 1177 440 1210 pievirunt.
453 1177 529 1203 Tunc
542 1178 613 1204 cnim
623 1178 708 1213 magis
719 1181 790 1204 esset
800 1176 932 1207 mirabile,

143 1222 165 1249 si
183 1222 326 1257 diligerent
340 1230 396 1250 eos.
417 1223 586 1258 Quapropter
601 1229 628 1250 et
642 1225 663 1250 si
677 1231 725 1250 nos
738 1223 793 1250 odit
806 1222 932 1252 mundus,

144 1264 260 1293 Joannes
279 1266 374 1301 inquit,
393 1272 579 1294 verumtamen
597 1267 832 1302 disciplinabiliter
855 1266 931 1293 novi-

145 1319 213 1342 mus,
226 1312 297 1347 quod
315 1313 498 1347 relinque-ntus
514 1319 638 1344 mortem,
657 1313 681 1340 in
695 1314 747 1340 vita
761 1320 864 1344 sumus,
879 1312 934 1338 fra-

144 1363 247 1394 ternam
266 1359 426 1387 charitatem
444 1359 575 1386 habentes
591 1359 615 1385 in
637 1364 758 1393 pectore.
776 1358 888 1386 Mortem
906 1362 933 1384 et

143 1407 225 1433 vitam
250 1406 276 1433 in
302 1406 352 1437 his,
368 1414 420 1433 non
444 1406 499 1437 illa,
523 1413 584 1440 qum
598 1405 778 1431 connunniter
797 1405 932 1435 dicuntur,

143 1452 284 1486 percipere
294 1452 434 1484 debemus,
453 1452 553 1485 quibus
566 1452 647 1478 etiam
664 1450 860 1477 irrationabilia
874 1449 934 1476 ani-

145 1497 224 1523 malia
247 1497 456 1531 participantur,
477 1497 524 1523 sed
543 1497 626 1523 vitam
651 1501 791 1528 aeternam,
813 1502 873 1529 qua:
900 1501 934 1520 ex

145 1543 197 1570 lide
211 1543 360 1570 Salvatoris
373 1547 398 1568 et
412 1543 511 1569 virtute
525 1547 680 1577 generatur,
692 1546 718 1568 et
731 1542 893 1568 contrariam
909 1540 932 1566 ei

146 1594 271 1621 mortem,
285 1593 443 1623 sequentem
461 1596 521 1616 mox
537 1593 718 1623 peccatoreut,
735 1588 872 1622 quoniam,
888 1587 932 1621 qui

145 1636 170 1662 in
186 1637 235 1662 hac
251 1641 337 1662 tuorte
356 1641 407 1667 est,
429 1643 481 1662 non
505 1635 585 1662 habet
604 1635 649 1662 Dci
677 1634 843 1664 memoriam,
871 1633 934 1668 quia

144 1689 195 1709 nec
212 1681 330 1716 respexit
345 1681 538 1716 intelligibilem
552 1681 650 1708 lucem.
669 1689 678 1705 ι
695 1678 754 1707 Non
767 1683 808 1706 est
827 1681 910 1711 enim,
922 1688 932 1705 ι

145 1727 241 1761 inquit,
266 1736 275 1753 I
292 1728 318 1754 in
340 1734 435 1761 morte,
453 1727 499 1762 qui
514 1735 616 1754 tuemur
629 1727 664 1753 sit
682 1727 718 1753 ttti
734 1726 769 1742 ⁴⁰”
788 1735 795 1753 :
810 1736 818 1752 l
837 1731 863 1753 et
883 1725 935 1752 itc-

146 1781 204 1801 rum
221 1781 228 1800 :
252 1783 261 1799 (
281 1774 405 1801 lllumina
434 1774 527 1801 oculos
553 1782 638 1806 meos,
656 1781 688 1800 ne
703 1779 821 1808 unquam
837 1772 937 1799 obdor-

146 1821 227 1848 miam
247 1821 272 1847 ln
298 1827 384 1848 tuorte
395 1821 428 1846 “.
457 1830 466 1846 ι
486 1821 681 1857 Discedendunt
696 1819 731 1847 ab
750 1827 782 1846 ea
801 1824 842 1846 est
869 1819 935 1854 jant,

147 1873 198 1893 nou
228 1867 380 1900 peccando,
405 1874 454 1893 nec
477 1866 639 1893 ohliiionem
664 1865 787 1892 habendo
814 1865 878 1896 Dei,
909 1868 937 1890 ιιι.

147 1917 316 1939 transeamus
341 1913 374 1938 ad
395 1913 488 1943 vitum,
505 1919 564 1946 qua:
583 1911 662 1938 morti
678 1911 786 1938 videtur
800 1918 860 1937 esse
872 1918 937 1937 con-

146 1958 240 1986 traria.
256 1957 323 1985 Nam
338 1966 399 1993 qua:
414 1958 521 1985 deducit
537 1966 553 1984 ιι
566 1965 586 1984 .s
596 1958 629 1984 ad
638 1957 797 1984 charilatcm
813 1955 936 1988 fratrum,

147 2005 284 2039 sequenda
303 2009 354 2032 est.

185 2051 266 2079 Vens.
288 2051 333 2078 M.
357 2059 366 2076 ι
383 2050 432 2084 Qui
455 2058 508 2078 non
519 2050 614 2085 diligit,
633 2048 808 2084 perntauetin
822 2054 936 2076 morte.)

184 2099 315 2132 Quoniam
332 2098 377 2133 qui
393 2098 476 2132 diligit
493 2097 590 2123 fratres
618 2096 765 2123 secundum
789 2095 884 2126 Deum,
904 2094 938 2121 ad

148 2146 231 2173 vitam
243 2153 274 2173 ex
302 2150 388 2172 morte
403 2145 515 2176 transit;
539 2145 583 2178 qui
603 2151 654 2169 non
670 2143 750 2170 habet
765 2142 834 2168 hanc
849 2142 939 2168 citari-

149 2196 243 2224 tatem,
258 2197 398 2225 permanet
414 2190 440 2217 itt
455 2195 551 2216 morte.
569 2187 646 2215 Sicut
658 2192 831 2222 erptmortna
849 2186 938 2217 vidua,

978 257 1086 283 satenlo.

980 303 1086 337 ’Ὁνπερ
1105 302 1159 337 γὰρ
1181 301 1282 336 τρόπον
1307 300 1360 336 πρὸ

979 350 1028 385 τῆς
1038 349 1156 385 Χριστοῦ
1167 349 1320 385 παρουσίας
1332 349 1361 375 ἐν

978 397 1012 432 τῇ
1045 395 1158 430 Ἰουδαίᾳ
1184 394 1269 421 ΰντων
1293 394 1360 421 Θεοῦ

979 442 1128 478 προφητῶν
1142 441 1288 477 ἐτύγχανον
1299 441 1362 468 πολ-

979 490 1020 517 λοὶ
1027 490 1234 526 ὑποκρινόμενοι
1240 489 1289 524 τὴν
1297 497 1363 525 προ-

980 537 1104 573 φητείαν,
1121 537 1160 568 ὡς
1177 536 1273 571 χρείαν
1291 534 1362 562 εἶναι

980 585 1156 621 ἐξεταστικῆς
1163 606 1171 617 ,
1199 585 1271 617 τινὲς
1307 585 1363 611 τῶν

979 630 1199 666 λεγόντων,Τάδε
1211 631 1292 666 λέγει
1303 631 1358 657 Κύ-

977 688 1054 715 ριος,
1070 678 1185 714 Πνεῦμα
1212 679 1290 713 ἅγιον
1315 678 1362 705 καὶ

981 726 1049 753 Θεοῦ
1066 725 1145 760 λόγον
1162 724 1244 761 εἶχον,
1259 726 1306 752 καί
1322 735 1361 752 τι-

981 782 1026 806 νες
1040 773 1093 800 ὑπὸ
1109 771 1227 808 πονηροῦ
1241 772 1308 798 πνεύ
1314 781 1363 806 μα-

981 829 1027 851 τος
1047 819 1211 854 κινούμενοι,
1235 819 1282 845 τοῦ
1299 818 1364 853 ψεύ-

981 865 1041 897 δους
1049 863 1119 900 ἦσαν
1127 864 1265 901 προφῆται
1274 872 1280 879 ·
1293 863 1364 890 οὕτω

983 911 1030 937 καὶ
1047 910 1117 946 μετὰ
1131 911 1181 946 τὴν
1205 909 1362 945 ἐπιδημίαν,

982 957 1036 984 τῶν
1058 957 1215 984 ἀποστόλων
1244 956 1272 982 ὲν
1295 957 1364 991 Χρι-

984 1003 1038 1039 στῷ
1053 1003 1205 1030 λαλούντων
1218 1002 1266 1029 καὶ
1278 1001 1364 1028 Πνεῦ-

985 1060 1022 1086 μοι
1039 1050 1115 1084 ἅγιον
1135 1049 1260 1084 ἑχόντων,
1286 1048 1300 1074 ὃ
1324 1048 1366 1074 δέ·

983 1096 1067 1123 δωκεν
1092 1097 1107 1122 ὁ
1135 1095 1248 1132 Κύριος,
1276 1095 1367 1121 πολλοὶ

983 1141 1195 1177 ψευδαπόστολοι
1230 1141 1362 1176 προεκλή-

984 1187 1134 1223 θησαν(51)
1147 1187 1199 1213 ὑπὸ
1214 1186 1260 1213 τοῦ
1276 1186 1367 1213 διαΰό-

983 1233 1047 1265 λου,
1073 1232 1282 1267 ὑποκρινόμενοι
1317 1230 1366 1266 τὴν

984 1277 1163 1312 εὐαγγελικὴν
1179 1276 1364 1302 διδασκαλίαν.

990 1325 1153 1358 Ἀναγκαῖον
1174 1320 1220 1349 οὖν
1251 1322 1321 1357 ἔχειν
1337 1322 1365 1348 ὲ-

985 1372 1059 1398 κεϊνο
1076 1369 1106 1396 τδ
1114 1369 1237 1405 χάρισμα
1245 1369 1275 1395 τὺ
1284 1377 1366 1394 πνευ-

987 1415 1110 1452 ματικὸν,
1128 1416 1210 1450 ῆγουν
1221 1414 1267 1440 τοῦ
1287 1414 1366 1448 ἁγίου

985 1461 1155 1497 Πνεύματος,
1173 1462 1188 1489 ὅ
1210 1460 1367 1495 ὠνόμασται

984 1507 1119 1542 διάκρισις
1136 1505 1311 1540 πνευμάτων,
1325 1504 1368 1530 ἵνα

986 1552 1141 1588 ἐπιστήμην
1167 1551 1273 1587 ἔχωμεν
1293 1550 1367 1577 δοκι-

989 1599 1084 1636 μάζειν
1092 1598 1125 1625 τὰ
1136 1598 1288 1633 πνεύματα,
1297 1596 1367 1623 ὥστε

986 1645 1025 1681 τῷ
1041 1645 1089 1681 μὲν
1112 1644 1261 1675 πιστεύειν,
1285 1642 1324 1677 τῷ
1340 1642 1368 1669 δὲ

988 1691 1176 1719 ἀνθίστασθαι.

1397 300 1629 334 Quemadmodum
1649 306 1712 330 ante
1726 302 1775 330 ad-

1398 353 1507 375 ventum
1525 347 1639 380 Christi,
1655 355 1716 375 cum
1733 356 1777 376 es-

1397 399 1459 422 sent
1482 395 1509 422 in
1532 394 1625 422 Judzea
1653 395 1699 422 Dei
1717 403 1778 430 pro.

1399 442 1496 476 phetm,
1506 442 1582 468 multi
1598 442 1775 474 exsistebaut,

1400 488 1532 523 [iungentes
1558 495 1588 515 se
1604 488 1702 516 habere
1717 497 1778 524 pro-

1399 535 1535 569 phetiam,
1565 540 1592 561 et
1623 542 1690 569 opus
1721 539 1779 561 erat

1398 579 1573 608 examinabili
1612 580 1774 614 disciplina,

1400 628 1527 662 quoniam
1552 626 1661 660 quidam
1684 632 1777 653 corutn

1400 674 1523 701 dicentes
1541 682 1547 700 :
1563 672 1627 700 Ηιινε
1645 672 1707 698 dicit
1723 671 1777 699 Do-

1399 719 1499 752 minus,
1513 718 1643 752 Spiritum
1654 722 1778 744 sanctum

1400 771 1427 793 et
1444 765 1490 792 Dei
1509 765 1621 791 verbum
1632 764 1779 796 habebant,

1400 811 1544 846 etquidam
1557 810 1651 845 spiritu
1662 809 1780 842 maligno

1402 859 1466 885 moti
1480 861 1568 888 erant,
1585 856 1721 891 prophetae
1734 855 1779 880 lal-

1401 903 1502 934 sitatis;
1521 902 1560 929 sic
1568 906 1594 928 et
1607 907 1667 935 post
1678 901 1780 926 adven»

1402 955 1457 976 tum
1477 947 1576 975 Christi
1597 946 1725 981 apostolis
1752 945 1779 971 in

1401 996 1511 1024 CInisto
1546 993 1717 1028 loquentibus
1750 995 1778 1018 et

1402 1043 1664 1078 Spiritnmsanctum
1679 1038 1781 1065 haben-

1405 1090 1484 1120 tilms,
1503 1094 1584 1121 quem
1600 1085 1672 1112 dedit
1691 1082 1781 1115 Iesus,

1403 1144 1463 1163 cum
1482 1133 1674 1162 resnrrexisset
1687 1139 1700 1157 a
1714 1137 1781 1156 mor-

1404 1183 1457 1210 tuis
1479 1186 1507 1208 et
1528 1179 1677 1214 largissime
1699 1176 1779 1203 mini-

1402 1227 1509 1258 stravit,
1519 1230 1672 1258 assumptus
1686 1222 1713 1249 in
1727 1228 1782 1249 etn-

1403 1276 1435 1302 lis
1450 1273 1518 1309 (5‘2),
1533 1271 1607 1298 multi
1634 1269 1691 1297 falsi
1716 1275 1782 1301 apo-

1403 1319 1464 1348 stoli
1478 1327 1493 1346 a
1512 1316 1619 1344 diabolo
1644 1318 1707 1342 sunt
1720 1320 1783 1347 pro-

1402 1365 1485 1395 ducti,
1501 1363 1632 1398 fingentes
1646 1358 1782 1392 evangeli-

1403 1417 1461 1436 cam
1476 1415 1504 1435 se
1513 1404 1782 1434 haberedoctrinam.

1403 1455 1571 1489 Quapropter
1599 1449 1782 1478 necessarium

1404 1505 1445 1528 est
1465 1499 1530 1526 illud
1547 1496 1632 1525 sancti
1664 1494 1782 1528 Spiritus

1403 1549 1515 1578 donum,
1544 1543 1615 1578 quod
1638 1541 1781 1576 spirituum

1405 1592 1533 1620 discretio
1553 1591 1736 1622 nuncupatur,
1754 1589 1783 1611 nt

1405 1638 1575 1673 disciplinam
1623 1633 1782 1661 habeamus.

1405 1692 1454 1719 per
1468 1690 1548 1718 quam
1569 1680 1712 1715 probemus
1729 1676 1784 1710 spi-

1404 1731 1483 1761 ritus,
1500 1734 1529 1755 ut
1542 1727 1585 1753 alii
1602 1724 1710 1759 quidem
1724 1729 1784 1749 creo

1404 1776 1510 1806 damus,
1523 1771 1567 1799 alii
1578 1770 1747 1797 resistamus.

989 1826 1056 1854 Cum
1082 1826 1173 1860 itaque
1194 1824 1356 1851 reddidisset
1381 1827 1501 1852 causam,
1517 1817 1642 1853 quoniam
1660 1817 1784 1849 oporteat

989 1873 1096 1908 probari
1114 1859 1236 1906 spiritus,
1250 1875 1277 1897 et
1292 1877 1344 1896 ttou
1365 1867 1491 1895 omnibus
1512 1863 1597 1894 credi,
1621 1861 1721 1892 intulit,
1742 1859 1782 1886 di-

993 1906 1072 1951 cens,
1088 1917 1187 1944 multos
1203 1915 1285 1942 falsos
1299 1914 1443 1949 prophetas
1455 1912 1481 1938 in
1495 1909 1623 1937 mundum
1637 1906 1781 1941 prodiisse.

989 1964 1023 1991 Et
1041 1962 1150 1997 quidem
1167 1960 1463 1996 pseudoprophetarum
1493 1955 1634 1991 pluraliter
1653 1952 1782 1984 edixisse,

990 2017 1043 2037 non
1058 2008 1236 2035 admiremur.
1254 2006 1304 2040 Qui
1316 2013 1382 2032 vero
1393 2006 1474 2031 etiam
1495 2002 1542 2029 Dei
1559 2000 1675 2036 Spiritus
1689 1999 1724 2025 ita
1737 1998 1783 2024 de-

991 2054 1152 2086 uotuiuarit,
1170 2060 1231 2080 cum
1246 2051 1398 2085 adiectione
1413 2046 1557 2075 universali
1576 2046 1702 2072 dicens”
1715 2042 1782 2070 Om~

991 2101 1032 2128 nis
1058 2100 1182 2134 spiritus,
1210 2098 1254 2132 qui
1273 2097 1417 2124 confitetur
1429 2095 1520 2122 Jesum
1534 2092 1684 2122 Christum,
1705 2099 1714 2115 ι
1733 2095 1782 2116 nec

991 2153 1043 2172 non
1055 2151 1084 2172 et
1099 2145 1162 2171 illud
1176 2153 1183 2171 :
1205 2153 1214 2170 ι
1226 2144 1346 2178 Spiritus
1359 2141 1550 2177 prophetarum
1567 2136 1704 2173 prophetis
1718 2135 1782 2162 sub-

987 2190 1050 2226 jecti
1069 2196 1133 2218 sunt
1150 2190 1173 2205 ⁸³
1187 2199 1193 2216 :
1210 2198 1219 2215 ι
1237 2195 1406 2222 consequens
1415 2192 1456 2214 est
1472 2187 1572 2216 dicere,
1588 2183 1659 2218 quod
1676 2188 1744 2208 unus
1755 2185 1781 2206 et

148 2245 208 2272 qua:
225 2239 250 2265 in
274 2237 378 2264 deliciis
391 2236 504 2271 degebat
518 2235 551 2268 “,
564 2235 626 2261 licet
643 2241 811 2261 communem
824 2233 936 2259 haberet
953 2242 974 2270 υ
989 2238 1059 2264 id...“
1084 2236 1202 2271 spiritu,-
1222 2235 1280 2265 θεῖ,
1298 2240 1340 2262 εει
1360 2234 1432 2261 Patri
1451 2233 1548 2259 unicus
1564 2235 1591 2257 et
1621 2228 1709 2256 Filio:
1735 2226 1780 2262 qui

149 2286 242 2312 vitam.
256 2283 305 2317 Qui
322 2284 392 2310 enim
409 2283 448 2310 sic
459 2282 534 2314 vivit,
553 2281 706 2308 necessu-io
717 2279 772 2315 (50)
789 2280 869 2306 abibit
884 2286 938 2305 me-

149 2331 234 2358 moria
251 2330 307 2356 D.-i.
330 2329 376 2356 llis
391 2330 425 2355 ita
443 2327 631 2359 tuanifcstalis,
655 2327 676 2354 si
696 2327 756 2360 quis
778 2334 831 2352 l|0l|
858 2326 939 2352 habet

149 2377 274 2412 figuram,
289 2383 341 2410 qua
358 2375 518 2402 charitatcm
537 2375 658 2409 designat
672 2372 776 2405 fratris,
801 2373 827 2399 in
853 2377 940 2399 tuurlc

149 2430 200 2456 rst,
222 2425 292 2451 sicut
312 2431 327 2450 e
342 2423 448 2449 diverso
465 2420 557 2457 procul
573 2421 660 2448 abest.
681 2420 724 2453 qui
749 2419 874 2445 virtutem
890 2419 940 2445 ha-

149 2471 206 2504 bet,
229 2471 376 2498 secundum
393 2477 473 2504 quam
497 2476 549 2495 non
573 2472 679 2503 reputat
703 2466 804 2501 aliquid
829 2466 939 2497 malum,

150 2522 200 2542 nec
215 2516 337 2548 proximo
356 2514 454 2541 malum
478 2513 542 2540 facit

185 2561 261 2588 CAP.
290 2561 333 2591 IV,
350 2569 424 2588 rens.
443 2561 468 2590 ί.
484 2560 512 2588 2.
535 2570 544 2586 ι
568 2559 737 2592 Cltarissitni,
764 2558 844 2585 nolite
867 2557 940 2584 otuni

150 2608 253 2641 spiritu
265 2607 439 2639 credere,st
448 2607 559 2641 probate
569 2607 691 2641 spiritus,
704 2606 725 2633 si
737 2613 768 2632 ex
782 2605 835 2632 Deo
847 2609 919 2631 sinit.
927 2614 937 2630 ι

188 2663 221 2679 ⁸⁸⁸
238 2663 356 2695 Psal.v|,
368 2663 394 2688 6.
434 2662 454 2677 ⁵³
476 2662 545 2690 I‘sal.
562 2662 647 2692 Χιιμί.
686 2662 730 2689 ⁸²1
749 2662 819 2690 Tim.
835 2669 858 2693 ι’,
877 2662 903 2688 6.

186 2721 243 2756 (48)
255 2721 350 2749 Omisit
366 2721 424 2748 Gal.
437 2726 519 2748 recte.

187 2755 243 2792 (t9)
260 2757 473 2784 llcsm-ibemlnm
490 2762 531 2792 est
548 2756 739 2791 Leptam-nexis.
756 2757 792 2783 De
804 2764 858 2791 quo
870 2755 940 2784 libro

150 2791 319 2827 apnctyplm,
333 2791 378 2825 qui
394 2797 474 2817 etiam
489 2791 574 2827 λεπτὴ
587 2791 705 2826 γένεσις,
721 2793 755 2819 τὰ
768 2792 853 2818 λεπτὰ
865 2792 941 2826 γενέ-

152 2836 232 2859 σεως,
248 2827 439 2863 μικρογένεσις
456 2832 575 2863 vocatur.
592 2836 613 2863 si
636 2829 696 2859 quis
711 2829 786 2863 plura
809 2828 878 2854 scire
892 2834 942 2863 cur

152 2863 226 2926 vati.
238 2860 344 2910 evntiat
365 2861 389 2888 J.
405 2864 436 2905 ιγ.
457 2861 572 2904 Fabricii
593 2861 698 2890 Cudirit
712 2860 938 2897 ‘paeudept'gmphi

180 2917 187 2926 .
228 2916 236 2926 .
253 2897 304 2925 tul.
315 2898 333 2926 Ι,
346 2906 371 2926 ι).
384 2897 513 2925 θοι-θυι.

180 2917 187 2926 .
204 2896 236 2926 Τ.
253 2897 304 2925 t'ul.
315 2898 333 2930 Ι,
345 2906 371 2933 p.
384 2897 513 2925 861-864.

987 2282 1127 2317 pluraliter
1144 2281 1309 2313 nominatur,
1325 2280 1351 2306 in
1367 2278 1482 2306 diversis
1498 2275 1669 2304 describitur.
1686 2273 1730 2307 qlti
1749 2280 1782 2299 co

988 2329 1194 2364 participantur,
1222 2326 1301 2362 qnalc
1326 2330 1368 2352 est
1394 2324 1506 2358 spiritus
1529 2322 1602 2353 Elius,
1620 2325 1647 2347 ct
1670 2319 1782 2354 spiritus

989 2371 1202 2405 uniuscujusque
1227 2375 1394 2402 sanctorum,
1413 2369 1447 2395 ita
1467 2367 1571 2394 uttanti
1592 2366 1703 2400 spiritus
1721 2370 1782 2391 eese

990 2419 1143 2449 videantur,
1160 2417 1254 2452 quanti
1267 2421 1339 2450 sunt,
1355 2416 1401 2451 qui
1418 2422 1451 2442 eo
1464 2414 1671 2450 participantur.
1689 2410 1781 2438 Possi—

993 2464 1046 2492 bile
1057 2469 1099 2492 est
1118 2465 1202 2496 enim,
1218 2468 1245 2491 et
1263 2462 1474 2496 uniuscujusque
1485 2460 1554 2487 sacri
1572 2456 1691 2486 doctoris
1702 2455 1781 2483 disci-

992 2511 1091 2547 plinam
1105 2511 1229 2546 spiritum
1246 2511 1304 2544 ejus
1321 2509 1384 2536 dici.
1400 2508 1445 2535 Sic
1456 2507 1528 2535 enim
1545 2505 1701 2539 intelligitur
1709 2501 1781 2537 quod

992 2557 1092 2584 dictum
1108 2560 1160 2589 est,
1175 2560 1203 2583 ut
1219 2563 1272 2582 non
1288 2555 1360 2582 omni
1374 2553 1480 2588 spiritui
1493 2553 1628 2581 credatur,
1647 2551 1780 2583 quatenus

992 2610 1023 2629 ea
1036 2609 1095 2636 ιμιιῑ
1111 2602 1406 2637 psemlopmphetarutu
1421 2604 1494 2632 sunt,
1515 2597 1699 2627 adversetuur,
1715 2600 1781 2620 con-

942 2660 966 2676 ⁸³
986 2660 1073 2688 lCor.
1090 2667 1144 2693 xiv,
1161 2659 1206 2686 52.

1031 2720 1087 2755 (50)
1106 2721 1203 2748 Decsse
1214 2719 1320 2746 videtur
1329 2718 1362 2755 ei.
1448 2751 1469 2755 Δ
1484 2750 1510 2755 __
1622 2754 1626 2755 ν
1657 2754 1672 2755 ἡ
1701 2745 1760 2755 ΙΨ,

1213 2745 1238 2782 in
1253 2745 1314 2791 cod.
1333 2753 1362 2780 Ι).
1377 2750 1593 2788 προεὸλήθησαν,
1617 2754 1676 2782 tptte
1701 2745 1780 2773 lectio

996 2790 1093 2818 Latina
1111 2791 1235 2817 versione
1248 2790 1388 2823 probatur.
1412 2823 1416 2824 ν
1484 2821 1531 2824 ___
1582 2818 1587 2824 _
1623 2817 1629 2823 .
1643 2817 1649 2824 _
1668 2821 1674 2824 _
1699 2814 1741 2824 "ﬂ
1761 2814 1765 2824 ε

1103 2814 1292 2861 Ᾰιιιβίίίιξςιέεέ
1300 2814 1463 2855 sententiam
1484 2818 1590 2856 Didymi
1606 2817 1711 2845 videtur
1721 2814 1780 2849 Ε,ιί-

993 2862 1117 2897 phanius.
