1913 3071
123 137 196 165 1705

747 134 862 163 ιιιιιγιιι
883 123 1119 161 “sinuatum

1687 131 1761 159 1796

123 197 274 225 sentiamus
297 195 346 227 cis.
374 202 441 230 quos
455 202 502 228 per
523 195 709 230 probationem
726 203 758 222 ex
777 196 831 222 Deo
857 203 917 222 esse
932 197 953 225 Λ
968 193 1106 222 Christum
1122 199 1254 219 consensu
1270 191 1372 226 integro
1388 195 1414 218 et
1431 198 1504 222 vero,
1520 189 1545 217 itt
1565 197 1646 218 carne
1665 191 1760 217 venis-

123 244 309 277 cognovimus.
324 241 380 269 Non
397 247 437 269 est
451 243 541 275 itaque
558 242 720 273 mirandum,
735 242 757 269 si
774 242 831 268 falsi
849 249 913 276 apo-

123 289 184 316 stoli
210 289 247 320 hi,
265 289 310 323 qui
329 288 558 316 transformamur
581 289 606 315 iu
634 289 774 315 ministros
800 288 912 318 Christi,

125 335 185 362 falsi
200 335 336 369 prophetae
348 339 410 361 sunt
426 335 500 366 dicti,
518 335 625 369 quando
636 335 718 361 etiaut
735 335 784 368 ipsi
800 335 912 368 apostoli

125 380 280 414 frequenter
296 380 321 406 itt
336 379 510 406 Testamento
524 379 599 406 Novo
615 381 753 414 propheta:
770 380 914 407 nominan-

125 431 184 453 tur:
204 427 272 453 sicut
292 426 317 452 in
346 426 464 461 Epistula
492 426 524 452 ad
547 426 702 453 Corinthios
720 426 864 458 invenitur,
888 426 914 452 itt

124 481 177 506 qtta
193 473 326 506 legimus:
348 481 356 496 t
382 473 414 498 Et
430 472 541 506 spiritus
562 473 753 506 prophetartttn
779 472 916 506 prophetis

125 517 248 544 subditus
258 523 310 548 est,
332 527 341 542 t
361 525 420 543 rum
442 518 475 544 de
489 517 618 551 apostolis
632 518 747 550 diceret;
760 522 786 544 et
804 518 828 544 itt
845 518 915 551 Apo-

125 563 226 599 calypsi
243 564 399 598 frequenter
415 563 532 590 Joannes
550 564 678 598 propheta
698 564 861 590 nominatur.

161 609 232 636 \‘tcns
257 610 284 641 2,
299 610 326 638 3.
342 619 351 635 t
369 610 436 636 llinc
449 610 620 644 cognoseitur
635 610 750 643 Spirittts
768 609 831 637 Dei:
851 609 916 637 Om-

126 655 167 682 nis
185 656 296 689 Spiritus
312 656 355 689 qtti
371 655 520 682 conﬁtetur
531 655 622 682 Jcsutu
639 655 778 683 Clu-istum
798 656 822 682 in
835 663 918 683 carne

125 699 244 730 venisse,
258 707 290 726 cx
314 700 367 726 Deo
380 704 432 731 est,
445 704 471 728 et
485 700 574 736 omnis
591 700 703 734 spiritus
718 701 763 735 qui
780 706 859 736 negat
873 700 919 728 Je-

127 751 198 775 sum.
211 752 242 770 ex
259 744 313 770 Dt-o
328 752 380 771 non
395 749 445 776 est,
461 750 487 771 et
502 745 545 771 hic
559 750 599 771 est
614 745 807 778 Antichristus,
837 754 918 781 quem

127 787 251 817 audistis.
274 788 335 821 quia
365 794 493 815 venturus
522 795 571 815 cst.
606 790 635 816 ΕΙ
664 798 734 817 nunc
761 791 786 817 itt
821 791 918 820 sacculo

125 838 176 861 est.
198 842 207 858 ι

162 879 228 906 Ctttn
249 880 371 913 dixisset,
387 881 460 908 omtti
474 882 580 916 spiritui
598 891 649 910 non
664 891 725 911 esse
740 885 917 917 credendum,
934 892 955 919 Β

126 930 273 960 antequam
285 927 319 954 ab
336 927 425 961 :tliqno
445 929 574 962 probatus
588 937 648 957 esse
665 935 792 958 noscatur
808 939 840 959 ex
854 931 918 965 Deo,

127 972 199 999 dedit
212 973 294 999 etiam
317 973 436 1007 signant,
453 976 523 1007 quod
538 975 560 1002 si
577 976 611 1003 ab
623 976 713 1011 aliquo
726 978 821 1012 spiritu
836 979 917 1011 desit,

127 1015 171 1043 ille
185 1016 276 1050 utique
290 1019 402 1050 erroris,
418 1026 470 1045 non
486 1024 528 1046 est
545 1019 601 1046 Dei.
634 1019 692 1048 Hoc
710 1029 775 1056 ergo
790 1023 918 1051 indicium

127 1062 206 1096 hujus
225 1064 294 1090 tnodi
313 1064 348 1090 rei
367 1064 460 1091 dicunt
474 1072 551 1093 esse:
567 1076 576 1092 t
592 1066 698 1101 Omnis,
711 1078 720 1093 t
732 1069 828 1104 inquit,
841 1079 850 1095 ι
865 1071 919 1105 spi-

127 1109 196 1135 ritus
210 1110 254 1143 qni
265 1110 410 1138 conﬁtetur
426 1111 531 1139 Dotttitti
547 1113 674 1141 Verbum.
696 1124 704 1140 t
732 1115 781 1148 Qui
798 1124 858 1143 cntn
873 1125 917 1144 cs-

127 1160 168 1182 set
184 1156 208 1182 ιιι
225 1156 308 1183 forma
327 1157 384 1191 Dei,
402 1158 516 1186 formam
533 1161 685 1195 suscipit-ns
696 1163 778 1194 servi,
796 1163 821 1189 iu
837 1171 920 1190 carne

127 1203 211 1234 venit,
230 1202 266 1229 ita
278 1208 306 1229 ttt
324 1209 466 1238 appareret
479 1210 506 1231 et
526 1209 665 1239 pateretur
677 1207 703 1232 in
716 1214 746 1233 ea
766 1215 813 1241 pro
829 1208 919 1239 nobis,

127 1249 274 1275 secundum
306 1250 378 1284 quod
406 1250 506 1276 dictum
534 1257 575 1278 est
602 1261 608 1278 :
635 1260 644 1276 t
675 1251 863 1279 illanilestatnr
893 1253 918 1280 in

128 1300 212 1320 carne
226 1293 262 1326 ⁸⁵,
281 1303 289 1319 ι
303 1300 330 1320 et
344 1294 406 1321 illtttl
423 1304 430 1321 :
449 1304 459 1320 ι
483 1295 592 1322 Christo
612 1303 690 1330 passo
708 1305 756 1330 pro
785 1300 862 1324 nobis
893 1300 918 1325 itt

128 1345 211 1366 carne
225 1338 257 1366 ⁸³.
278 1348 287 1364 ι
307 1339 357 1372 Qui
378 1347 440 1374 ergo
456 1341 490 1366 ita
508 1341 661 1373 conﬁtetur,
678 1350 709 1368 ex
724 1342 777 1370 Deo
789 1348 840 1376 est,
857 1343 918 1370 dum

128 1384 358 1419 dispensationem
376 1393 438 1413 vere
451 1386 551 1414 iactant
564 1388 780 1416 doctriuahiliter
791 1390 918 1418 fateatur.

130 1430 158 1456 Si
177 1431 237 1465 quis
253 1438 316 1459 vero
335 1432 413 1459 solvit
429 1432 531 1465 Jesutn.
548 1439 574 1461 et
592 1442 689 1469 purum
707 1435 790 1462 lletnu
809 1437 918 1464 verbum

128 1481 204 1502 extra
218 1483 325 1504 carnem
337 1484 398 1504 esse
413 1482 498 1511 putat,
512 1483 538 1504 et
552 1486 602 1505 non
622 1487 683 1506 vere
696 1481 829 1507 hominem
845 1481 919 1515 dicit,

129 1521 294 1548 etnniversa
310 1523 520 1557 dispenSationis
533 1524 591 1557 ejus
613 1523 682 1551 facta
705 1533 754 1559 pro
776 1526 918 1560 phantasia

129 1566 282 1600 conﬁrmat,
297 1575 358 1594 cum
381 1567 535 1602 hujusmodi
553 1569 663 1603 spiritus
685 1571 796 1604 erroris,
811 1580 843 1598 ex
867 1572 920 1599 Deo

129 1619 182 1638 non
199 1617 250 1639 est.
265 1613 320 1640 Sed
337 1612 403 1639 dicit
417 1613 523 1648 aliquis,
537 1614 635 1641 tnultos
650 1614 838 1642 hmreticorunt
854 1624 920 1643 cett-

129 1657 198 1684 ﬁteri
215 1657 274 1690 ejus
292 1658 462 1692 prtesentiatu
477 1659 660 1691 incantatam,
676 1660 768 1695 quales
779 1666 841 1688 sunt
859 1662 920 1689 novi

129 1705 266 1739 prophetat:
293 1706 325 1731 de
344 1705 457 1742 Phrygia
482 1707 670 1740 procedentes.
690 1708 738 1734 His
753 1710 919 1742 responden-

127 1751 191 1777 dntn
208 1756 259 1782 est,
275 1751 336 1785 quia
363 1751 431 1778 Sit‘tll
459 1752 547 1779 ttttllns
571 1753 637 1780 dicit
659 1753 801 1781 Dominum
827 1754 918 1782 Jcsnut

129 1797 180 1824 nisi
199 1798 223 1823 in
237 1791 339 1832 Spiritu
357 1805 452 1825 sattcto
468 1799 501 1832 “,
524 1807 575 1826 non
593 1801 764 1827 vocitaudum
781 1801 848 1838 (‘53).
866 1802 921 1830 Nec

129 1847 326 1876 consequenter
347 1844 484 1872 daemones
504 1851 530 1872 ct
549 1846 672 1873 homines
694 1847 780 1879 ﬁctos,
798 1855 848 1876 nec
868 1857 920 1876 non

128 1893 155 1913 et
181 1888 324 1916 haereticos
356 1889 479 1917 dicamus
498 1891 629 1925 Spiritum
657 1892 756 1920 habere
784 1899 919 1927 sanctum,

129 1935 200 1968 quod
222 1939 265 1962 est
277 1935 454 1970 incongruum
473 1937 539 1964 satis
554 1942 580 1964 et
595 1938 704 1972 itnpittnt
719 1948 726 1965 :
747 1947 809 1966 nam
827 1941 848 1967 si
868 1949 920 1968 non

128 1987 195 2007 voce
206 1982 302 2014 Solum,
320 1983 366 2009 sed
385 1983 467 2010 etiam
481 1984 610 2018 operibus
626 1989 652 2011 et
668 1984 763 2012 affectu
780 1994 853 2018 vero,
867 1995 919 2014 non

129 2025 190 2052 dolo
203 2025 444 2055 Dominutnlesnm
463 2028 535 2055 dicat
551 2028 659 2062 aliquis,
677 2030 719 2056 hic
735 2037 796 2058 vcre
812 2032 837 2059 ιιι
856 2032 919 2067 Spi-

130 2072 182 2098 ritu
194 2078 288 2100 sancto
300 2074 423 2100 emndetu
446 2074 587 2101 Dominutu
602 2076 756 2104 conﬁtetur.
774 2077 848 2104 Sicut
861 2079 917 2113 qui-

131 2119 180 2145 bus
204 2119 269 2146 dixit
293 2118 396 2146 Jesus:
425 2129 434 2145 t
453 2119 506 2147 Vos
524 2128 566 2147 me
594 2122 696 2148 vocatis
716 2121 871 2157 Magistratu
893 2130 922 2152 et

132 2165 284 2198 D-uninnm,
298 2172 323 2193 et
345 2166 411 2194 bene
431 2167 540 2194 facitis:
557 2175 616 2194 sum
631 2168 730 2195 etenim
756 2174 846 2197 vester
863 2170 921 2198 Ma-

130 2210 214 2244 gistcr
228 2211 260 2242 “,7,
282 2220 291 2236 ι
313 2210 358 2245 qui
378 2211 514 2246 suscipitis
537 2212 685 2239 doctrinam
704 2221 790 2241 nteant
818 2220 845 2242 et
870 2217 919 2244 do-

132 2255 375 2287 minittnt,servitis
389 2257 461 2283 enim
492 2257 630 2285 voluntate
653 2266 791 2293 germana,
818 2259 920 2288 facien-

132 2304 171 2326 tes
187 2308 247 2334 qute
263 2300 332 2333 dico,
363 2300 481 2335 impletis
505 2301 671 2329 voluntatem
690 2301 777 2330 Patris
798 2304 862 2336 mei,
875 2304 920 2338 qui

130 2345 157 2371 itt
175 2346 244 2372 ((1-10
270 2351 321 2378 est,
339 2347 410 2374 sicut
439 2355 498 2381 ego.
514 2346 571 2374 Non
591 2348 690 2376 habent
713 2348 842 2384 Spiritum
860 2358 922 2377 sau-

130 2396 216 2424 ctutn,
234 2392 279 2427 qui
301 2393 395 2420 dicunt
424 2393 564 2420 Dominum
581 2393 684 2427 Jesunt,
706 2400 733 2422 et
753 2403 804 2422 non
821 2395 923 2423 faciunt

129 2444 190 2473 qua;
213 2439 345 2473 praecipit,
362 2447 423 2466 cum
448 2440 541 2474 procul
569 2441 603 2467 ab
617 2448 649 2468 eo
672 2441 726 2468 sint
749 2443 840 2474 corde,
859 2443 923 2470 solis

130 2492 192 2512 eum
212 2485 289 2513 labiis
306 2486 480 2513 honorantes.
497 2485 610 2518 Quando
621 2487 677 2522 (δι)
694 2487 730 2514 illi
746 2487 845 2515 habent
860 2488 922 2524 Spi-

131 2532 212 2558 ritum
225 2537 359 2566 sanctutn,
375 2533 420 2567 qtti
435 2533 562 2567 operibus
576 2538 603 2559 ct
629 2533 727 2561 alTectu
757 2540 854 2562 vocant
870 2535 922 2563 Do-

132 2577 232 2605 minum
247 2577 338 2606 Jesnm
355 2586 363 2606 :
387 2579 422 2606 ita
438 2579 483 2614 qui
503 2579 646 2607 conﬁtetur
665 2580 806 2607 Dominum
829 2580 920 2609 Jesum

165 2635 207 2662 ιιι
222 2637 291 2664 Τὶιιι.
315 2646 355 2667 ιιι,
375 2638 416 2666 16.
456 2638 478 2654 ⁸⁵
491 2639 498 2665 l
513 2637 586 2666 Pctr.
605 2647 640 2671 tv,
654 2639 678 2666 l.

132 2670 154 2687 ⁵ο
169 2672 234 2700 ibid.
249 2673 292 2699 55.

166 2731 223 2767 (b5)
240 2732 390 2767 Legendutn
408 2739 459 2764 est.
475 2743 533 2761 race
544 2739 655 2762 (mnum.

168 2767 226 2802 (Siti)
238 2767 405 2795 Gallandins
423 2772 562 2802 quomodo,
579 2776 661 2797 recte.

167 2802 224 2837 (55)
239 2802 306 2840 Gali.
324 2805 480 2834 specialiter.
495 2804 594 2840 Vereor
610 2810 708 2837 tamen,
725 2813 757 2832 ne
769 2805 818 2833 hoc
830 2813 860 2833 et
877 2812 921 2832 er-

133 2838 351 2877 roretypotlteta:
373 2841 466 2874 magis,
485 2838 564 2874 quam
581 2847 614 2866 ex
636 2842 789 2875 conjectura
810 2841 923 2869 editoris

132 2876 222 2898 ortum
241 2876 283 2900 su.

718 2639 740 2655 “
755 2638 837 2667 lCor.
851 2648 899 2672 xu,
912 2640 938 2667 5.

965 247 1005 271 se,
1021 240 1114 266 dicens
1141 239 1269 272 sapiendo
1282 243 1309 264 et
1334 237 1444 272 agendo,
1464 244 1524 272 qua:
1541 237 1567 263 in
1586 236 1761 263 humanitate

967 285 1068 316 docuit,
1086 285 1196 317 insuper
1225 287 1251 310 et
1278 282 1395 309 imitator
1418 281 1475 316 ejus
1488 281 1597 308 elfectus
1611 286 1662 313 est,
1687 288 1760 316 pra:—

967 335 1042 358 seute
1055 330 1206 356 imitatione
1231 336 1355 363 superum
1373 328 1598 359 conversationis,
1616 327 1659 354 hic
1677 326 1762 362 spiri-

967 380 1023 402 tum
1040 375 1121 402 habet
1132 383 1164 402 ex
1185 375 1249 407 Deo,
1269 374 1386 401 maxime
1400 375 1422 401 si
1440 379 1568 407 sequatur
1579 371 1701 407 vestigia,
1715 379 1761 399 ve—

967 422 1044 449 niens
1056 429 1142 456 usque
1150 422 1182 448 ad
1201 422 1262 452 ltoc,
1275 426 1304 448 ttt
1315 421 1494 455 t-ompatiatnr
1506 426 1533 447 et
1547 419 1722 455 cruciﬁgatur
1733 425 1762 447 et

967 468 1163 495 comtuoriatur
1177 468 1200 494 ei
1213 477 1220 499 ;
1233 475 1293 494 ctttu
1305 467 1416 501 spiritus
1426 467 1528 494 erroris
1542 475 1556 493 ιι
1567 466 1677 494 diverso
1694 474 1762 494 con-

968 515 1058 546 sistat,
1074 514 1135 541 licet
1149 514 1227 540 labiis
1245 514 1408 540 conﬁteatur
1423 512 1515 540 Jesutn
1532 513 1558 540 itt
1573 520 1657 540 carne
1670 514 1761 540 venis-

969 567 1018 592 se;
1037 567 1139 595 negans
1162 561 1234 586 enim
1261 559 1399 591 virtutem,
1434 567 1486 594 qua
1502 558 1650 594 ﬁngitcsse
1675 559 1760 593 pittm,

968 606 1093 641 operibus
1114 607 1215 640 reSpuit
1235 605 1339 637 Iesum,
1364 610 1391 632 et
1417 605 1479 632 licet
1513 605 1674 632 conﬁteatur
1698 612 1760 633 eum

970 652 996 678 in
1011 660 1093 679 carne
1104 652 1221 679 venisse.
1250 650 1380 678 Veniente
1407 658 1523 685 namque
1552 659 1585 679 eo
1598 659 1720 686 qua-rere
1734 656 1762 678 et

969 698 1075 725 salvare
1091 699 1162 733 quod
1179 699 1307 732 perierat,
1340 703 1366 725 et
1387 697 1480 725 tollere
1498 698 1589 725 mttndi
1608 703 1761 732 peccatum,

969 750 1030 770 cum
1044 743 1101 777 ipse
1123 743 1149 770 iu
1175 743 1325 777 perditione
1353 748 1380 770 et
1395 749 1506 778 peccato
1519 744 1661 775 consistat,
1681 744 1763 772 rebus

973 787 1038 822 ipsis
1053 793 1142 822 negat,
1162 789 1306 815 adventum
1334 788 1392 823 ejus
1419 788 1444 815 in
1465 796 1546 816 carne
1562 788 1674 816 factum.
1694 789 1763 816 Sunt

970 839 1059 860 autem
1075 834 1182 868 quidam
1201 833 1332 865 haeretici,
1346 833 1391 869 qui
1409 841 1495 868 neque
1511 841 1595 868 usque
1610 834 1642 861 ad
1657 842 1764 862 surmo-

970 887 1031 906 netn
1051 880 1233 912 consentiunt,
1261 880 1286 906 itt
1304 887 1388 907 carne
1407 881 1515 907 venisse
1534 880 1637 913 Jesum,
1658 881 1704 908 sed
1717 887 1766 907 aut

970 934 1072 961 corpus
1087 926 1198 954 cmleste
1217 934 1278 953 eum
1294 927 1426 954 detulisse
1445 931 1552 961 putant,
1569 932 1615 953 aut
1628 931 1703 954 certe
1719 935 1766 954 us-

970 981 1022 1008 que
1035 973 1066 1000 ad
1082 973 1252 1007 phantasiam
1265 972 1403 1000 hominem
1417 973 1574 1006 apparuisse
1591 973 1763 999 conﬁrmant.

972 1018 1088 1046 Possunt.
1103 1019 1185 1054 igitur
1204 1019 1262 1046 hanc
1276 1019 1357 1045 etiam
1387 1019 1566 1053 spiritualiler
1580 1019 1635 1054 (55)
1653 1020 1764 1052 exponi.

972 1065 1106 1099 Quoniam
1125 1065 1197 1092 enim
1218 1073 1311 1092 verum
1336 1070 1377 1091 est
1395 1065 1470 1095 illud,
1483 1065 1554 1098 quod
1570 1065 1655 1091 dicit:
1673 1074 1682 1089 (
1700 1063 1767 1091 Vivo

971 1119 1032 1146 ego,
1048 1112 1104 1146 jam
1135 1107 1265 1145 non'ego,
1282 1111 1347 1137 vivit
1364 1115 1452 1138 atttetn
1468 1111 1493 1138 itt
1522 1118 1564 1138 nte
1579 1111 1703 1138 Christus
1715 1110 1764 1139 “,t

972 1164 1001 1185 ιιι
1019 1166 1126 1193 semper
1143 1157 1456 1185 mortilicationetulesu
1474 1158 1500 1184 in
1517 1165 1567 1185 suo
1587 1165 1703 1192 corpore
1713 1158 1760 1184 cir-

971 1203 1106 1230 cumferre
1121 1203 1253 1236 videatur,
1269 1202 1440 1230 manifestata
1455 1202 1482 1229 in
1499 1203 1605 1230 mortali
1619 1210 1701 1230 carne
1715 1211 1765 1231 sua

971 1247 1025 1274 vita
1052 1247 1121 1282 ejus,
1143 1255 1222 1281 quem
1250 1247 1406 1278 conﬁtetur,
1419 1248 1545 1280 ostendit,
1570 1248 1595 1275 itt
1613 1256 1666 1282 qua
1678 1256 1764 1276 carne

971 1294 1077 1321 venerit
1091 1293 1180 1324 Jesus,
1198 1301 1258 1321 enm
1277 1294 1302 1320 iu
1322 1294 1427 1320 diversa
1448 1294 1655 1321 conversatione
1670 1294 1706 1321 sit
1717 1303 1768 1328 [τοο

971 1341 1048 1368 situs.
1068 1341 1112 1374 qui
1124 1340 1204 1367 solvit
1217 1345 1242 1367 et
1255 1339 1372 1373 seiungit
1387 1348 1400 1366 ιι
1419 1341 1565 1374 semetipso
1578 1338 1679 1368 Jesutn.
1694 1340 1766 1374 Qua-

972 1386 1004 1412 lis
1021 1389 1062 1412 est
1078 1385 1122 1420 qui
1137 1390 1213 1418 negat
1234 1393 1306 1412 eum.
1324 1385 1374 1418 Qui
1407 1386 1478 1413 enim
1493 1386 1635 1413 conﬁtetur
1661 1385 1766 1418 Iesum,

971 1431 1052 1458 habet
1066 1438 1127 1458 eam
1145 1431 1170 1457 ιιι
1199 1430 1356 1464 semetipso,
1383 1435 1410 1457 et
1427 1430 1563 1458 exsistens
1581 1431 1606 1457 itt
1621 1439 1652 1456 co
1666 1438 1767 1457 secun-

971 1478 1034 1503 dum
1045 1478 1115 1510 quod
1133 1477 1261 1510 scriptum
1279 1481 1340 1502 est:
1359 1485 1368 1501 t
1384 1475 1514 1510 Quisquis
1528 1476 1668 1504 confessus
1686 1476 1768 1503 fuerit

972 1531 1026 1554 tne,
1051 1522 1202 1550 conﬁtebor
1227 1527 1254 1549 et
1274 1530 1335 1550 eutn
1365 1530 1456 1550 coram
1473 1522 1552 1550 Patre
1569 1531 1627 1549 meo
1641 1522 1673 1550 ‘°.
1689 1533 1698 1548 ι
1715 1523 1767 1556 Qui

935 1566 955 1594 C
973 1577 1038 1597 vero
1053 1575 1142 1605 negat,
1157 1577 1189 1596 cx
1214 1569 1340 1596 omnibus
1354 1573 1513 1604 segregatus
1527 1574 1567 1597 est
1590 1569 1627 1596 De
1642 1577 1674 1597 co
1691 1577 1769 1596 natu-

976 1623 1029 1650 qttc
1042 1616 1112 1650 quod
1128 1615 1193 1642 dicit
1208 1624 1214 1642 :
1233 1624 1242 1640 t
1257 1614 1417 1649 Quicunque
1440 1615 1577 1649 negaverit
1595 1622 1646 1645 me,
1664 1615 1769 1648 negabo

971 1666 998 1688 et
1012 1669 1060 1695 ego
1073 1669 1134 1687 ettm
1153 1670 1159 1687 :
1176 1670 1185 1686 ι
1210 1661 1252 1688 hic
1267 1660 1416 1694 propositio
1437 1658 1489 1687 non
1516 1660 1674 1692 assumitur,
1697 1661 1770 1687 sicut

974 1707 1010 1734 ait
1020 1707 1054 1734 ibi
1067 1716 1073 1733 :
1087 1716 1096 1732 ε
1108 1706 1263 1733 Contitelmr
1273 1710 1297 1733 et
1315 1713 1364 1739 ego
1375 1714 1435 1734 eum
1451 1714 1542 1733 coratn
1557 1706 1633 1733 Patre
1643 1707 1743 1734 meo".
1757 1716 1766 1731 ι

973 1753 1136 1786 Figuraliter
1150 1753 1239 1787 itaque
1254 1752 1316 1779 dicit
1333 1752 1365 1778 de
1383 1753 1560 1783 Auticltristo,
1577 1760 1659 1788 quem
1675 1753 1770 1780 venire

971 1799 1132 1830 audivimus,
1149 1799 1210 1832 quia
1224 1797 1278 1833 jam
1294 1797 1321 1824 iu
1342 1798 1441 1824 tnuudo
1454 1803 1506 1830 est,
1523 1799 1573 1826 hoc
1585 1803 1638 1830 est,

972 1844 1146 1880 προώδευσαν
1162 1845 1217 1881 γὰρ
1230 1845 1312 1872 αὑτοῦ
1325 1845 1352 1871 αἱ

971 1893 1101 1927 αἱρέσεις,
1127 1892 1185 1927 (56)
1210 1902 1351 1929 χαρακτη-

973 1939 1092 1974 ptati.th
1106 1938 1136 1965 τὸ
1152 1938 1195 1964 διὰ
1204 1938 1353 1974 ψευδοπρο-

972 1986 1065 2021 φητῶν
1108 1986 1153 2012 καὶ
1190 1987 1352 2022 πνευμάτων

971 2031 1045 2058 λύειν
1067 2031 1111 2058 τὸν
1130 2031 1243 2066 Ἰησοῦν,
1266 2033 1294 2058 ἐν
1314 2033 1353 2068 τῷ

974 2077 1011 2113 μὴ
1036 2076 1177 2112 ὁμολογεῖν
1210 2077 1292 2104 αὐτὸν
1324 2078 1353 2104 ἐν

972 2124 1055 2159 σαρκὶ
1066 2123 1234 2158 ἐληλυθέναι.
1245 2123 1298 2151 Τοῦ
1307 2124 1352 2151 λέ-

972 2177 1032 2202 γειν
1048 2168 1113 2203 (57),
1130 2167 1177 2194 καὶ
1195 2168 1262 2200 νῦν,
1280 2178 1352 2206 πρα-

975 2213 1078 2245 κτικῶς
1094 2214 1252 2241 ἀκουστέον.

1389 1852 1438 1879 per
1462 1846 1710 1881 pseudoprophetas
1740 1851 1768 1872 et

1390 1892 1500 1926 spiritus
1544 1900 1676 1925 errorum,
1720 1900 1770 1927 per

1390 1946 1458 1973 quos
1468 1939 1581 1966 solvitur
1589 1939 1676 1971 Jesus,
1684 1947 1770 1974 quan-

1390 1986 1423 2013 do
1456 1993 1508 2013 non
1524 1986 1686 2013 conﬁtentur
1705 1993 1768 2013 ettm

1391 2033 1416 2059 iu
1443 2040 1526 2060 carne
1558 2032 1672 2059 venisse.
1688 2033 1767 2065 Quod

1390 2084 1478 2106 autent
1500 2079 1536 2106 ait
1551 2087 1629 2110 nunc,
1647 2086 1694 2113 per
1716 2079 1768 2105 hoe

1390 2125 1461 2159 quod
1473 2125 1561 2158 agitur
1575 2124 1609 2152 ab
1623 2125 1674 2152 illis
1689 2124 1769 2151 intel-

1391 2171 1528 2207 ligendum
1543 2177 1594 2200 est.

1008 2259 1088 2286 Vsus.
1101 2259 1127 2285 ti.
1142 2269 1151 2284 ‹
1162 2259 1212 2292 Qui
1226 2260 1365 2294 cognoscit
1379 2260 1473 2291 Deum,
1487 2260 1561 2287 audit
1578 2268 1640 2293 nos;
1655 2259 1700 2294 qui
1713 2267 1769 2288 non

972 2311 1014 2332 est
1032 2313 1063 2332 cx
1083 2305 1147 2337 Deo,
1164 2313 1215 2332 non
1228 2314 1278 2333 uos
1294 2307 1377 2333 audit.
1391 2316 1401 2333 ι

1009 2350 1037 2378 Si
1064 2352 1212 2378 sccunduut
1239 2352 1355 2380 litteram
1373 2353 1484 2380 verbum
1508 2352 1633 2379 audiendi
1650 2352 1768 2386 percipi-

975 2404 1045 2427 mus,
1064 2404 1117 2423 non
1134 2398 1240 2424 videtur
1255 2406 1315 2426 esse
1327 2406 1430 2431 verum,
1442 2399 1513 2433 qttod
1525 2399 1625 2426 dictttm
1638 2403 1689 2430 est,
1702 2399 1768 2424 dum

974 2450 1080 2474 omnes,
1094 2444 1169 2478 parti
1186 2449 1212 2471 et
1236 2445 1347 2472 studiosi
1369 2445 1505 2477 similiter,
1538 2453 1629 2472 vocem
1655 2445 1769 2472 audiant

976 2490 1147 2523 exponentis.
1163 2490 1238 2518 Unde
1251 2491 1359 2526 quidam
1382 2500 1430 2527 pro
1448 2492 1621 2527 intelligentia
1637 2492 1693 2519 haec
1704 2499 1768 2526 per-

974 2536 1087 2569 cipiunt,
1104 2536 1128 2563 id
1144 2541 1197 2569 est,
1216 2541 1243 2564 ul
1268 2539 1484 2570 consentiamus,
1498 2543 1535 2570 et,
1553 2545 1613 2572 qua;
1628 2538 1766 2568 dicutttur,

974 2581 1116 2609 attdieutes
1128 2582 1258 2610 faciamus
1284 2592 1289 2610 :
1307 2585 1351 2617 qni
1369 2585 1484 2619 ignorat.
1513 2590 1576 2620 qua:
1603 2585 1694 2614 faciat.
1712 2592 1767 2611 non

978 2640 1000 2656 "’
1012 2640 1090 2668 Joan.
1105 2649 1165 2673 xtu,
1187 2642 1227 2668 l5.
1267 2642 1290 2658 ’⁸⁸
1302 2643 1387 2670 Galat.
1406 2651 1432 2674 ιι,
1451 2643 1495 2670 20.
1535 2644 1557 2660 δ’
1568 2643 1660 2671 Matth.
1678 2642 1765 2675 x,59.

977 2768 992 2780 ⁷
1011 2735 1068 2771 (56)
1081 2736 1232 2764 llhuthatins
1258 2740 1330 2764 recte
1345 2736 1570 2771 interponendum
1584 2741 1643 2762 esse
1659 2738 1767 2766 censet,

973 2780 1065 2840 ωνξδῗ)
1081 2806 1117 2833 Τὸ
1134 2807 1223 2841 λέγειν
1238 2807 1377 2834 verissima
1390 2812 1430 2833 est
1447 2806 1572 2834 Matthmii
1595 2803 1764 2839 conjectura,

978 2841 1082 2869 Latinis
1098 2844 1185 2870 verbis
1199 2843 1382 2878 t'ontprobala.
