1913 3071
165 99 230 129 1801

634 94 833 124 ENARRATIO
854 94 888 121 IN
908 93 1101 122 EPISTOLAM
1123 94 1132 121 Ι
1151 94 1182 123 S.
1200 93 1352 122 .lOANNlS.

1728 97 1801 126 £802

163 167 231 188 vero
254 158 422 194 unigenitum
440 158 488 186 Dei
503 157 611 190 Filium,
627 158 674 192 qui
686 161 728 185 est
743 157 813 184 Deus
827 157 952 184 substan-

1008 155 1112 192 ἐκείνην
1127 156 1176 192 τὴν
1187 155 1290 188 πίστιν,
1307 151 1324 192 ἦ
1339 154 1387 182 καὶ
1424 155 1458 183 tis
1473 162 1556 190 opera
1586 155 1798 190 coniunguntur,

165 206 266 234 tialiter
283 209 506 241 reprmsentatus,
523 205 595 233 sicut
613 204 736 239 exempla
751 203 887 239 proposita
904 210 953 237 pa-

171 253 314 281 tefaciunt.
350 253 446 280 Diccns
469 252 540 279 enim
564 251 707 286 Apostolus
733 250 830 278 alicubi
845 249 880 265 ¹⁵⁶
895 249 955 284 qui-

163 300 223 327 dem
240 302 373 326 mortuum
390 302 416 324 et
433 298 565 332 sepultum
582 297 735 330 Christum,
757 296 854 324 alicubi
867 296 890 312 ⁶⁶
906 304 956 323 au—

165 351 219 373 tem
237 345 375 372 Christum
394 344 440 371 Dei
455 344 616 379 sapientiam
631 348 658 370 et
670 343 717 370 Dei
735 343 860 370 virtutem
882 349 954 374 esse,

163 395 256 427 aperte
268 392 357 423 docet.
372 393 436 426 quia
453 391 504 418 hoc
525 398 637 422 nomen,
653 390 679 417 id
694 394 745 423 est,
763 390 889 417 Christus
904 396 954 424 pou

164 439 233 466 situs
255 439 282 465 in
305 438 424 468 homine,
449 437 494 472 qui
518 442 641 464 mortuus
665 442 707 464 est
723 441 750 463 et
769 436 907 471 sepultus;
927 439 955 463 et

164 491 260 512 rursus
284 483 347 510 alibi
372 483 398 509 in
423 483 478 510 Deo
500 482 600 514 Verbo,
623 482 668 517 qui
686 482 731 509 Dei
748 482 843 514 virtus,
860 484 887 509 et
907 481 954 508 Dei

163 530 307 564 sapientia.
327 529 368 556 Ad
388 529 446 556 haec
466 533 555 556 autem
579 521 721 556 scribens:
739 527 844 555 «Nobis
862 531 952 554 autem

163 582 233 602 anus
250 575 380 602 Dominus
406 573 484 601 Jesus
505 574 638 605 Christus,
660 582 707 608 per
721 581 800 608 quem
817 573 908 601 omnia
927 578 955 600 et

164 628 213 648 nos
228 627 276 655 per
287 621 374 655 ipsum
390 621 424 652 ",
442 630 452 647 ›
472 621 499 648 ῑιι
510 620 668 648 Creatorem
680 620 791 648 verbum
803 621 860 648 haec
870 621 952 648 verba

163 667 252 701 ponit.
268 665 325 693 Non
338 667 409 693 enim
426 674 474 701 per
485 674 557 698 eum,
571 666 616 701 qui
633 667 780 693 secundum
796 673 905 693 carnem
918 673 952 694 ex

163 712 267 739 semine
287 711 370 738 David
384 712 471 740 factus
490 716 543 744 est,
563 712 651 739 omnis
666 717 791 739 creatura
806 712 834 739 in
852 719 885 739 eo
899 717 952 744 est,

164 757 191 784 in
207 764 261 792 quo
274 757 400 785 universa
420 757 583 790 consistunt,
604 763 631 785 et
649 757 694 792 qui
712 762 754 785 est
771 763 833 785 ante
850 758 951 785 omnia.

164 802 270 830 Rursus
283 806 372 829 autem
387 806 415 829 et
430 802 457 829 in
473 801 526 829 alio
539 802 607 834 loco,
619 802 664 829 ubi
676 801 732 829 ait:
748 810 757 828 ι
770 801 866 829 Mortui
880 801 951 829 enim

163 848 243 880 estis.
257 852 285 876 et
300 848 354 875 vita
377 852 468 875 vestra
484 848 643 876 abscondita
658 852 700 876 est
717 855 778 875 cum
794 848 904 876 Christo
924 848 951 874 in
968 835 989 862 Β

165 894 222 922 Deo
243 903 250 921 :
270 901 330 922 cum
343 894 497 930 apparuerit
517 894 644 923 Christus
665 895 720 922 vita
742 899 833 922 vestra
849 894 882 928 "‘,
895 904 905 921 ι
926 898 954 921 et

163 940 288 975 reliqua:
304 940 443 968 Christum
465 940 533 968 dicit
561 940 736 976 Unigenitum
762 941 810 968 Dei
835 947 896 968 esse
914 941 954 967 vi-

163 990 231 1019 tam,
254 986 301 1014 sed
315 986 401 1013 etiam
425 986 564 1014 Christum
589 987 842 1019 maniiestat,‘eum
869 986 953 1013 vitam

162 1030 279 1059 celatum
306 1032 435 1065 hominis,
458 1032 520 1067 quia
542 1037 696 1067 assumptus
721 1033 754 1059 ab
771 1040 804 1060 eo
819 1036 872 1060 est.
890 1031 953 1059 Plu-

163 1077 235 1105 rima
252 1077 405 1112 hujusmodi
432 1078 458 1105 in
482 1078 584 1105 sanctis
608 1078 763 1114 Evangeliis
784 1077 952 1112 referuntur,

163 1129 224 1157 quae
237 1122 423 1156 manifestam,
448 1123 512 1157 quia
528 1122 591 1150 Iesu
609 1130 705 1150 nomen
717 1124 845 1158 congruit
857 1123 894 1156 ei,
908 1123 952 1158 qui

162 1167 281 1195 lassatus
304 1171 346 1195 est
368 1175 402 1195 ex
428 1167 525 1195 itinere
539 1168 560 1183 ⁶⁹
571 1172 599 1195 et
624 1168 651 1194 in
671 1167 796 1202 sepulcro
819 1169 954 1202 repositus

163 1216 204 1238 est
215 1210 249 1243 "°,
262 1211 299 1237 ita
314 1215 344 1238 ut
356 1210 441 1238 Maria
459 1211 562 1239 diceret
581 1211 614 1239 de
636 1211 691 1239 Deo
706 1212 781 1248 (67):
798 1221 808 1238 ‹
822 1212 955 1240 Tulerunt

162 1255 307 1283 Dominum
319 1263 420 1289 meum,
436 1261 464 1283 et
478 1256 569 1283 nescio
584 1256 628 1283 ubi
643 1262 793 1290 posuerunt
805 1264 866 1284 cum
889 1257 924 1284 "'.
940 1266 951 1282 ι

162 1302 202 1329 De
223 1309 260 1330 eo
297 1302 385 1337 angeli
410 1301 568 1330 mulieribus
588 1302 779 1330 accedentibus
803 1302 838 1330 ad
861 1303 953 1338 sepul-

163 1355 251 1382 crum,
285 1349 432 1376 dixerunt:
450 1348 564 1377 «Jesum
590 1348 721 1383 quaeritis,
751 1357 804 1376 non
830 1354 873 1377 est
897 1349 953 1382 hic,

163 1396 313 1421 resurrexit
328 1401 342 1420 a
354 1395 469 1421 mortuis
480 1395 529 1420 τ’.)
541 1394 683 1429 Cumergo
694 1394 752 1421 haec
765 1394 901 1422 distinctio
915 1394 952 1422 ita

163 1443 305 1470 servetur;
329 1440 507 1467 dubitandum
532 1447 585 1466 non
606 1445 651 1466 est
674 1439 745 1474 apud
769 1439 871 1473 ﬁdeles,
890 1440 953 1474 quia

164 1484 244 1512 Jesus
267 1485 352 1512 Filius
370 1485 417 1513 Dei
433 1485 480 1512 sit.
500 1485 578 1512 Sicut
594 1489 683 1512 autem
701 1485 811 1512 nomina
824 1485 952 1517 hominis,
968 1503 989 1531 ο

164 1530 192 1558 id
217 1534 271 1563 est,
297 1530 396 1563 Jesus,
423 1535 451 1557 et
474 1530 589 1564 similia,
617 1530 763 1566 aliquando
795 1530 880 1558 Deum
907 1538 953 1557 vo-

164 1582 226 1603 cum
240 1575 296 1611 (68)
312 1575 477 1611 signiﬁcant,
503 1576 539 1603 ita
561 1581 589 1604 et
613 1576 695 1603 homo
716 1576 822 1603 Domini
841 1580 956 1604 vocatur

164 1626 194 1649 et
206 1621 256 1649 Dei
268 1621 364 1649 Filius.
377 1622 424 1649 Ait
438 1622 510 1649 enim
525 1630 533 1650 ε
551 1630 560 1647 ι
575 1622 650 1656 Quod
670 1622 696 1649 in
714 1626 741 1649 te
756 1627 883 1650 nascetur
895 1629 955 1649 san-

165 1675 249 1703 ctum,
265 1669 410 1697 vocabitur
420 1669 505 1697 Filius
521 1669 567 1696 Dei
583 1669 635 1696 vivi
651 1669 686 1695 ⁷³.
700 1678 709 1694 »

201 1713 278 1741 CAP.
294 1713 327 1745 ν,
340 1721 417 1742 νιιιε.
438 1714 464 1741 1.
488 1722 498 1739 ι
513 1712 606 1740 Omnis
620 1713 667 1748 qui
684 1714 780 1747 credit,
801 1714 864 1749 quia
878 1714 956 1742 Jesus

165 1759 291 1787 Christus
306 1767 339 1787 ex
357 1760 413 1787 Deo
435 1765 514 1787 natus
527 1763 579 1792 est,
596 1763 624 1787 et
639 1759 728 1787 omnis
744 1760 790 1794 qui
802 1760 955 1795 diiigitGe-

165 1806 292 1838 nitorem,
311 1806 397 1841 diligit
412 1813 473 1833 eum
492 1805 538 1840 qui
553 1809 632 1833 natus
646 1811 687 1833 est
702 1813 735 1833 ex
755 1813 797 1833 eo.
816 1816 825 1832 ι

200 1865 237 1871 -
259 1851 306 1878 Ἐκ
333 1851 379 1878 τοῦ
400 1851 468 1878 Θεοῦ
484 1859 545 1885 γεν-
616 1851 666 1884 Qui
682 1858 715 1879 ex
734 1851 790 1879 Deo
798 1856 956 1884 nascuntur,

166 1897 266 1925 νῶνται
283 1898 315 1924 ἐκ
329 1897 377 1924 τοῦ
396 1897 545 1933 κατορθοῦν
581 1897 752 1931 adimplenda
768 1905 828 1933 qua:
849 1898 957 1926 virtutis

166 1944 278 1981 ἀρετὴν,
288 1945 494 1977 πιστεύσαντες,
504 1945 545 1972 ὅτι
581 1948 655 1977 sunt,
666 1944 818 1979 hujusmodi
833 1945 910 1972 ﬁunt.

173 1992 276 2027 Ἰησοῦς
295 1993 368 2019 ἐστιν
385 1993 399 2019 ὁ
417 1992 544 2028 Χριστός.

168 2039 217 2066 His
232 2039 321 2072 itaque
335 2039 457 2073 proxime
472 2039 573 2066 dictth
588 2043 631 2067 est
651 2040 732 2068 etiam
748 2041 812 2068 illud
827 2048 834 2068 :
848 2041 898 2074 Qui
917 2041 956 2067 fa-

168 2086 205 2112 cit
220 2085 365 2120 justitiam,
386 2089 413 2112 et
442 2085 529 2120 diligit
546 2086 671 2114 inimicos
687 2094 760 2119 suos,
777 2091 805 2114 et
833 2092 894 2114 orat
909 2095 957 2121 pro

168 2132 218 2164 eis,
235 2133 281 2159 liet
291 2132 377 2159 Filius
390 2131 479 2159 Patris
494 2131 612 2159 caelestis
622 2140 655 2159 ex
670 2139 702 2159 eo
719 2138 807 2160 natus.
820 2133 885 2161 Cum
901 2134 958 2161 haec

1007 202 1040 230 τὰ
1051 202 1121 230 κατὰ
1137 203 1186 238 τὴν
1203 202 1304 238 ἀρετὴν
1317 201 1387 237 ἔργα
1422 202 1497 230 nasci
1510 201 1609 230 dicitur
1625 209 1657 229 ex
1675 201 1740 229 Deo.

1008 249 1194 282 συνέζευκται.

1007 298 1094 331 Quam
1123 298 1202 325 ﬁdem
1218 297 1299 325 etiam
1323 296 1460 324 Abraham
1473 293 1586 324 habens,
1605 297 1745 327 reputatus
1758 296 1799 319 est

1007 344 1185 377 interjustos.
1202 342 1355 370 Secundum
1370 341 1442 368 hanc
1456 338 1678 374 signiﬁcationem
1694 337 1796 365 dictum

1005 394 1048 417 est
1065 390 1129 416 illud
1147 398 1154 416 :
1173 399 1182 415 ι
1195 388 1290 416 Virum
1308 391 1399 415 autem
1422 385 1526 414 ﬁdelem
1548 384 1625 412 labor
1637 384 1798 412 estinveni-

1005 443 1036 463 re
1050 435 1086 463 7".
1100 445 1109 462 ι
1133 436 1230 463 Raram
1245 435 1340 469 utique
1363 432 1546 463 inventionem
1564 431 1644 465 hujus
1661 430 1731 457 modi
1746 429 1797 456 ha-

1005 481 1069 509 bere
1087 486 1187 516 potest,
1208 488 1271 508 cum
1299 480 1375 507 multi
1391 483 1457 506 sunt
1473 482 1571 513 praeter
1587 484 1671 511 opera
1691 475 1796 507 ﬁdeles,

1005 533 1140 556 mortuam
1157 529 1289 556 habentes
1305 518 1395 560 ﬁdem,
1414 533 1473 561 quae
1499 524 1610 552 omnino
1628 532 1682 552 non
1705 528 1749 551 est
1763 524 1796 550 ﬁ-

1006 576 1063 603 des.
1078 576 1129 609 Qui
1147 583 1212 611 ergo
1227 575 1263 602 ita
1291 574 1386 607 credit,
1402 577 1431 599 ut
1447 575 1573 599 nascatur
1587 578 1621 598 ex
1634 571 1700 603 Deo,
1714 570 1798 598 habet

1005 622 1031 648 vi
1038 628 1091 648 tam
1108 626 1248 649 aeternam.

1003 668 1036 694 Ei
1069 667 1102 703 δὴ
1121 668 1260 702 .γεννᾶταΐ
1287 676 1329 699 τις
1351 667 1384 693 ὲκ

1004 715 1082 747 Θεοῦ,
1100 715 1240 750 κατορθῶν
1255 715 1289 742 τὰ
1308 715 1384 750 εἰρη-

1006 761 1084 795 μένα,
1102 761 1237 796 ἀποδοχῆς
1251 761 1325 793 ἄξιον
1340 760 1384 787 ὅν-

1421 664 1449 693 Si
1469 671 1533 700 ergo
1554 664 1678 692 nascitur
1700 663 1797 698 aliquis

1420 719 1451 740 ex
1469 712 1534 744 Deo,
1548 712 1653 746 agendo
1664 719 1724 746 quae
1735 715 1798 738 sunt

1419 759 1558 793 prmdicta,
1585 765 1646 785 cum
1671 758 1706 785 sit
1720 764 1798 784 acce-

1419 804 1536 839 ptabiiis,
1564 808 1593 831 et
1616 804 1674 839 ipse
1687 803 1797 837 diligen-

1420 850 1470 877 dus
1497 854 1548 883 est,
1583 854 1610 877 et
1625 855 1687 877 ante
1705 849 1796 877 omnia

1421 894 1500 922 debet
1513 895 1572 930 ipse
1587 895 1699 930 diligere
1720 894 1796 928 geni-

1421 946 1518 970 torem.

1005 984 1054 1012 His
1066 992 1131 1020 ergo
1154 985 1346 1014 monitionibus
1366 987 1461 1015 invitat
1473 988 1618 1024 Apostolus
1651 989 1685 1016 ad
1720 994 1796 1015 amo-

1010 1038 1067 1058 rem
1099 1031 1285 1059 fraternitatis.
1324 1032 1494 1068 Quapropter
1521 1035 1602 1062 etiam
1637 1038 1794 1068 competen—

1006 1080 1049 1103 ter
1066 1076 1168 1104 indicat
1181 1077 1394 1112 magnitudinem
1409 1078 1561 1110 charitatis,
1573 1084 1602 1106 et
1623 1078 1798 1114 pulchritudi-

1006 1129 1068 1150 nem
1094 1130 1188 1150 eorum
1219 1123 1265 1157 qui
1282 1123 1411 1158 diligendi
1440 1128 1513 1156 sunt,
1531 1124 1635 1156 dicens,
1653 1124 1715 1159 quia
1730 1131 1795 1158 pro—

1005 1167 1094 1202 prium
1113 1167 1201 1200 situt,
1219 1168 1264 1201 qui
1278 1167 1369 1203 diligit
1388 1168 1482 1202 Deum,
1510 1169 1602 1205 diligat
1619 1170 1700 1197 etiam
1723 1176 1797 1198 eum.

1006 1213 1050 1247 qui
1062 1217 1143 1240 natus
1153 1220 1227 1240 exeo
1241 1218 1292 1240 est.
1309 1212 1400 1241 Potest
1410 1214 1491 1240 etiam
1505 1214 1556 1242 hoc
1569 1215 1649 1242 modo
1661 1214 1712 1242 iste
1723 1214 1799 1242 locus

1006 1259 1116 1293 exponi,
1132 1259 1194 1293 quia
1211 1259 1269 1286 haec
1281 1264 1391 1294 propter
1409 1267 1456 1288 eos
1467 1261 1514 1295 qui
1538 1265 1615 1288 erant
1635 1260 1680 1288 illo
1693 1265 1798 1295 tempo-

1006 1311 1045 1336 re,
1059 1311 1120 1332 cum
1136 1304 1194 1332 haec
1211 1304 1328 1340 Epistoia
1354 1305 1529 1337 scriberetur,
1549 1305 1604 1333 sint
1619 1305 1702 1333 dicta.
1736 1306 1799 1333 Dis-

1006 1350 1164 1385 pensatione
1188 1357 1306 1384 namque
1328 1351 1464 1385 completa
1482 1350 1631 1377 secundum
1645 1350 1799 1386 evangelica

1007 1396 1101 1429 verba,
1124 1400 1152 1422 et
1174 1400 1314 1430 assumpto
1329 1395 1468 1423 Saivatore
1486 1396 1513 1423 in
1528 1395 1616 1427 caelis,
1629 1397 1800 1429 quaerebatur

1007 1445 1081 1474 tunc,
1093 1441 1116 1468 si
1129 1440 1207 1468 Jesus
1221 1441 1279 1476 ipse
1301 1446 1373 1468 esset
1386 1440 1512 1468 Christus
1524 1441 1568 1476 qui
1580 1441 1798 1475 exspectabatur,

1006 1485 1107 1513 Judaeis
1130 1487 1223 1521 utique
1245 1485 1450 1518 resultantibus,
1465 1491 1492 1514 et
1502 1485 1630 1513 ﬁdelibus
1649 1487 1800 1513 conﬁtenti-

1006 1534 1057 1561 bus
1068 1533 1160 1561 Jesum
1172 1540 1233 1560 esse
1243 1532 1391 1564 Christum,
1408 1532 1454 1567 qui
1468 1532 1687 1566 exspectabatur.
1702 1531 1800 1566 Hujus-

1007 1579 1082 1608 modi
1094 1586 1159 1614 ergo
1172 1579 1292 1606 hominis
1316 1578 1505 1606 credulitatem
1530 1577 1661 1610 indicans,
1691 1582 1800 1613 propter

1006 1625 1089 1653 ﬁdem
1103 1633 1184 1660 quam
1204 1624 1310 1656 habuit,
1322 1632 1355 1652 ex
1367 1624 1423 1652 Deo
1435 1631 1496 1651 eum
1510 1627 1602 1650 natum
1619 1623 1744 1652 asseruit.

1042 1670 1124 1697 Vsus.
1134 1669 1192 1697 5-5.
1208 1668 1285 1696 «Haec
1297 1674 1339 1696 est
1350 1669 1422 1696 enim
1434 1669 1553 1696 charitas
1561 1667 1619 1700 Dei,
1632 1673 1661 1695 ut
1674 1668 1799 1695 mandata

1007 1716 1065 1751 ejus
1081 1722 1220 1744 servemus
1250 1726 1255 1743 :
1272 1720 1300 1743 et
1318 1715 1444 1742 mandata
1460 1715 1520 1749 ejus
1545 1714 1636 1748 gravia
1649 1721 1701 1741 non
1720 1719 1796 1746 sunt,

1008 1763 1071 1797 quia
1083 1769 1164 1789 omne
1175 1761 1245 1795 quod
1261 1766 1352 1788 natum
1363 1764 1449 1788 estex
1462 1761 1526 1791 Deo,
1543 1759 1626 1786 vincit
1643 1759 1769 1786 sacculum
1785 1768 1792 1786 :

1008 1812 1035 1835 et
1046 1808 1103 1836 haec
1117 1811 1160 1834 est
1173 1806 1297 1838 victoria,
1310 1813 1371 1841 quae
1397 1806 1482 1833 vincit
1509 1804 1649 1837 saeculum,
1677 1805 1802 1832 ﬁdesne-

1009 1858 1077 1881 stra.
1094 1852 1161 1886 Quis
1189 1855 1232 1879 est
1246 1855 1335 1879 autem
1358 1851 1403 1886 qui
1429 1851 1513 1878 vincit
1529 1850 1668 1884 saeculum,
1692 1850 1743 1877 nisi
1755 1851 1800 1886 qui

1008 1899 1106 1930 credit.
1121 1898 1183 1933 quia
1199 1898 1277 1925 Jesus
1294 1896 1379 1925 Filius
1393 1902 1434 1925 est
1446 1896 1493 1924 Dei
1505 1897 1516 1924 ?
1526 1906 1535 1923 ι

1004 814 1048 836 τα,
1063 806 1172 841 ἀγαπᾷν
1190 807 1230 833 δεῖ
1261 807 1309 834 καὶ
1328 807 1382 842 πρὸ

1005 852 1087 879 αὑτοῦ
1099 853 1145 879 τὸν
1159 854 1328 889 γεννήσαντα
1337 855 1384 880 αὑ·-

1004 898 1060 924 τόν.

1044 1944 1173 1970 Τουτέστι
1198 1943 1248 1979 τὴν
1271 1942 1388 1969 ὑπόστα-

1010 2000 1063 2024 σιν,
1079 1991 1136 2021 καὶ,
1152 1990 1185 2016 ἵν’
1203 1989 1289 2020 οὕτως
1307 1988 1387 2020 εἴπω,

1010 2035 1086 2074 ὕλην,
1115 2036 1149 2073 ἧς
1174 2037 1246 2072 ἔχειν
1263 2036 1303 2062 δεῖ
1321 2034 1389 2070 πρὸς

1009 2084 1055 2111 τὸν
1067 2084 1144 2114 Θεὸν,
1161 2082 1272 2118 ἀγάπης
1284 2081 1332 2116 τὴν
1343 2080 1390 2115 τή-

1012 2138 1090 2166 ρησιν
1105 2128 1160 2155 τῶν
1182 2127 1261 2154 θείων
1274 2125 1387 2153 ἐντολῶν

169 2179 206 2205 ita
223 2178 286 2210 sint,
316 2182 343 2205 et
361 2178 406 2212 qui
436 2178 556 2205 nascitur
573 2185 606 2205 ex
624 2178 689 2212 Deo,
714 2179 826 2207 credens
850 2179 954 2214 utique,

1008 2177 1077 2204 εἶναὶ
1093 2185 1185 2212 φησιν,
1208 2176 1310 2206 αἵτινες
1323 2175 1389 2201 ἀνα-

169 2223 231 2258 quia
242 2223 319 2250 Jesus
334 2228 376 2251 est
390 2223 523 2255 Christus,

169 2270 200 2296 οὺ
215 2269 268 2304 γὰρ
284 2271 297 2296 ὁ
309 2269 389 2305 ψιλὴν
409 2271 545 2304 συγκατά-
581 2278 633 2298 non
661 2271 744 2299 solam
760 2272 956 2300 confeSsionem

171 2316 245 2342 855w
267 2316 336 2351 ἔχων
353 2317 417 2352 περὶ
438 2317 544 2351 τῆςτοῦ
582 2318 661 2353 hujus
699 2319 731 2345 de
771 2319 957 2353 assumptione

169 2363 288 2397 Χριστοῦ
310 2363 458 2398 atumem;
477 2364 544 2398 (69),
581 2365 692 2396 Christi,
710 2365 757 2392 sed
772 2365 844 2393 illam
863 2366 956 2398 ﬁdem,

170 2410 296 2444 γεννᾶται
327 2411 359 2437 ὲκ
388 2411 466 2443 Θεοῦ,
488 2411 544 2438 ἀλλ’
581 2412 727 2439 secundum
741 2420 820 2447 quam
835 2413 858 2440 ei
876 2413 958 2439 virtu-

1007 2223 1122 2259 φέρουσι
1134 2223 1202 2258 πρὸς
1213 2221 1258 2247 τὸν
1267 2220 1332 2247 Θεὸν
1343 2219 1388 2246 τὸν

1009 2269 1069 2297 κατ’
1102 2269 1186 2300 αὐτὰς
1212 2266 1386 2302 ἐνεργοῦντα.

1011 2315 1093 2343 Ὅθεν
1119 2315 1149 2340 οὐ
1179 2312 1347 2348 κατωφερεῖς
1370 2312 1386 2347 ἢ

1011 2363 1118 2398 βαρεῖαι
1131 2360 1318 2394 τυγχάνουσιν.

1460 1941 1638 1970 Subsistentia
1655 1945 1683 1969 et
1709 1941 1750 1977 (ut
1764 1941 1800 1969 ita

1425 1988 1523 2024 dicam)
1542 1989 1655 2016 materia
1681 1988 1802 2016 charila-

1426 2036 1477 2068 tis,
1511 2043 1591 2071 quam
1624 2043 1672 2063 nos
1702 2035 1801 2063 habere

1424 2086 1530 2116 Oportet
1551 2082 1584 2109 ad
1598 2083 1692 2114 Deum,
1711 2087 1801 2109 custo-

1424 2130 1496 2157 diam
1514 2130 1666 2157 divinorum
1682 2129 1800 2157 asseruit

1424 2175 1625 2208 mandatorum,
1645 2182 1704 2209 qua:
1722 2182 1800 2201 man-

1424 2222 1485 2248 data
1495 2221 1636 2253 facientes,
1650 2228 1681 2248 ea
1691 2227 1798 2247 rursum

1423 2266 1514 2293 ferunt
1547 2266 1603 2302 (70)
1635 2267 1668 2293 ad
1705 2266 1799 2297 Deum,

1424 2318 1590 2348 quapropter
1617 2313 1649 2340 ad
1674 2313 1799 2341 inferiora

1424 2368 1478 2388 non
1494 2361 1613 2393 trahunt,
1630 2361 1692 2395 quia
1707 2361 1799 2394 gravia

1425 2414 1477 2434 non
1491 2413 1563 2435 Slliil.

208 2491 240 2507 "‘
254 2491 333 2519 Rom.
349 2499 403 2522 xiv,
418 2491 445 2517 9.
483 2489 596 2517 “lCor.
610 2498 629 2522 I,
646 2489 690 2517 24.
731 2491 753 2506 ⁸⁷
765 2490 773 2517 l
786 2490 848 2518 Cor.
863 2499 922 2523 \‘ili,
939 2491 964 2518 6.
1004 2491 1026 2507 "
1042 2490 1099 2517 Col.
1116 2497 1158 2521 ill,
1171 2490 1197 2516 5.
1238 2478 1260 2505 θί
1272 2489 1349 2517 Joan.
1365 2497 1401 2524 tv,
1420 2489 1446 2517 6.
1485 2491 1508 2506 ’ν
1528 2489 1622 2517 Matth.
1637 2497 1738 2522 xxxv",
1757 2489 1798 2516 60.

172 2527 196 2543 "
208 2526 287 2555 Joan.
302 2527 407 2559 xx,15.

173 2666 189 2692 d
208 2630 264 2667 (67)
294 2631 327 2658 Et
343 2631 471 2658 facillima
499 2634 526 2658 et
544 2630 682 2658 verissima
709 2633 751 2656 est
778 2628 933 2664 conjectura
949 2648 957 2662 ,

191 2674 204 2692 ε
220 2675 260 2692 ιο.

191 2674 264 2736 εῶίὲἐ)
277 2701 296 2728 Α
303 2709 317 2727 ιι
338 2701 417 2727 Deum
426 2700 556 2727 Verbum?

209 2734 265 2771 (69)
281 2737 369 2762 Malim
383 2736 432 2770 τῆς
445 2735 566 2770 περὶτοῦ
582 2734 700 2770 Χριστοῦ
716 2734 877 2769 atumem;
893 2734 958 2760 Διά-

174 2771 254 2806 ληψιν
275 2771 332 2798 Ιι.Ι.
362 2771 396 2796 ita
423 2772 536 2804 :tCt'lpiO,
563 2771 747 2806 utsitsermo,
766 2771 917 2806 disputatio
928 2777 960 2796 ac

175 2804 286 2834 ouinino
304 2806 397 2833 notitia
414 2806 446 2832 de
461 2805 568 2832 Christo
588 2806 613 2831 in
628 2804 738 2832 Litteris
751 2806 836 2833 sacris
852 2805 957 2832 tradita.

313 2865 450 2895 Panos.
469 2863 525 2894 Gtt.
543 2864 698 2896 XXXIX.

444 2527 466 2542 ⁷³
485 2525 577 2553 Matth.
597 2533 692 2558 xxviii,
707 2526 734 2558 5,
747 2526 773 2552 6.
812 2525 911 2553 "Luc.
928 2536 947 2559 ι,
970 2527 1014 2553 55.
1055 2526 1078 2540 ⁷⁸
1091 2524 1169 2552 Prov.
1187 2532 1232 2559 xx,
1248 2524 1273 2551 6.

1011 2627 1049 2655 Ita
1061 2626 1226 2654 Matthmius.
1243 2626 1290 2653 His
1304 2626 1339 2653 ita
1358 2625 1500 2656 assentior,
1516 2629 1544 2651 ut
1557 2631 1615 2661 eam
1633 2623 1739 2658 quidem
1756 2629 1800 2661 ve-

1012 2671 1068 2690 ram
1082 2669 1142 2690 esse
1161 2663 1270 2688 credam
1286 2661 1335 2688 loci
1351 2662 1523 2694 scripturam,
1540 2660 1581 2685 cui
1600 2658 1692 2684 Latina
1710 2658 1800 2684 versio

1012 2697 1239 2725 accommodanda
1254 2697 1298 2723 sit.
1309 2696 1332 2729 ρ

1335 2697 1385 2722 uod
1403 2693 1465 2722 vero
1480 2696 1512 2721 ad
1525 2693 1650 2728 διάληψιν
1667 2702 1697 2720 π.
1711 2701 1736 2719 τ.
1753 2700 1798 2727 χρ.

1013 2733 1119 2763 attinet,
1135 2733 1185 2759 hoc
1201 2733 1227 2758 in
1241 2731 1298 2759 loco
1312 2738 1371 2759 eam
1391 2730 1506 2757 dixerim
1518 2737 1577 2757 csse
1588 2729 1749 2756 sententiam
1767 2730 1800 2753 de

1012 2767 1131 2795 Christo.

1049 2803 1103 2838 (70)
1118 2801 1238 2830 Pessime
1256 2805 1319 2829 ante
1335 2800 1417 2835 Gall.,
1434 2800 1549 2835 (Iterum.

1638 2859 1676 2888 57
