1913 3071
165 128 235 156 l8'35

164 185 311 221 καιοσύνην
326 185 382 220 ἔχει
401 184 431 211 τὸ
444 185 476 211 ὲκ
494 182 541 212 τοῦ

164 232 231 258 Θεοῦ
246 230 327 264 εἶναι,
339 232 397 267 ἅμα
409 232 438 258 δὲ
451 232 543 268 ἁμαρ-

164 278 256 304 τάνειν
272 278 319 304 καὶ
338 279 425 306 ποιεῖν
443 277 545 304 δικαιο-

167 323 249 357 σύνην
264 323 403 355 ἀδύνατον,
429 323 544 359 φανερὸν

166 370 231 405 ἄρα,
242 371 282 397 ὃτι
292 370 362 397 οὕτω
375 371 545 406 διακείμενος

166 416 215 451 οὐχ
263 417 426 452 ἁμαρτάνει.
480 416 545 444 Εἶτα

167 462 391 497 ἀσφαλιζόμενος,
405 463 441 494 ὡς
455 463 486 489 οὐ
499 463 547 498 φύ-

168 517 209 535 σει
249 509 324 535 ἐστὶν
359 509 374 535 ὁ
405 509 546 545 ἄνθρωπος

167 556 226 588 υἱὸξ
250 556 327 588 Θεοῦ,
351 556 488 592 ἁρμοδίως
501 557 547 582 ἑπ-

167 602 281 636 ήγαγεψ
296 611 305 627 t
321 601 388 628 ἀλλὰ
397 604 475 637 τηρεῖ
482 603 546 629 ἐαυ-

168 647 224 677 τὸν,
233 647 281 673 καὶ
289 647 304 673 ὁ
311 648 428 682 πονηρὸς
434 648 483 682 οὐχ
494 648 547 675 ᾶπ-

168 701 244 720 τεται
260 693 351 720 αὑτοῦ.
366 703 375 719 ι
392 694 422 720 EE
435 694 488 730 γὰρ
504 694 547 721 διὰ

168 742 247 768 τοῦτο
257 743 272 768 ὁ
284 741 399 778 πονηρὸς
409 742 457 776 οὺχ
469 743 549 769 ἅπτε-

169 796 212 814 ται
233 787 313 815 αὐτοῦ
326 808 332 818 ,
350 789 399 814 οὐκ
417 790 448 814 ἐκ
465 797 548 814 κοιτα-

171 836 272 870 σχευῆς
279 855 286 866 ,
318 834 385 861 ἀλλὰ
411 834 548 870 προσοχῆς

170 881 227 917 ἔχει
242 882 271 908 τὸ
288 881 324 916 μὴ
345 881 522 916 ἁμαρτάνειν.

623 120 824 150 ENARRATiO
844 120 878 148 [Ν
898 118 1096 148 EPISTOLAM
1116 119 1126 146 1
1147 119 1176 146 S.
1196 117 1349 146 JOANNIS.

579 182 655 213 tiam,
669 181 750 208 habet
762 180 834 208 utsit
845 187 878 207 ex
889 178 953 210 Deo.
969 183 991 210 Λ
1006 180 1021 205 ὁ
1059 177 1254 213 εὺαγγελιστὴς

579 228 659 256 simul
679 231 768 254 autem
783 233 844 254 esse
859 232 955 260 pecca-

582 279 636 301 tum
657 278 683 301 et
699 272 831 307 justitiam
853 272 955 305 impos—

580 321 658 348 sibile
672 324 731 346 est:
747 318 835 352 palam
850 321 892 344 est
907 316 956 351 igi-

583 372 636 399 tur,
662 366 732 401 quod
755 365 817 392 dum
836 364 877 391 sic
890 371 956 398 ope-

580 418 657 440 ratur
682 412 762 439 homo
783 411 874 446 justus
898 414 956 442 est,

581 465 609 487 et
633 467 684 487 non
704 459 845 494 delinquit.
875 459 958 486 Dein-

581 514 646 542 ceps
662 507 726 533 dum
740 505 956 541 prtemonnisset,

583 554 709 589 quoniam
747 552 899 580 voluntarie
931 556 959 579 et

583 608 636 628 non
651 601 809 627 naturaliter
827 600 896 628 ﬁlius
918 603 960 627 est

585 647 632 675 Dei
670 647 751 675 homo
787 646 959 681 huiusmodi,

584 698 769 729 competenter
813 693 911 728 adjecit
952 699 961 719 ε

587 749 597 766 r
615 740 661 767 sed
672 743 762 767 servat
774 740 960 774 semetipsum,

585 791 611 813 et
637 787 771 821 malignus
795 794 848 813 non
876 787 962 821 tangit

585 841 657 861 eum.
673 844 682 860 ›
700 834 727 861 Si
741 841 806 869 ergo
820 837 960 869 propterea

585 881 718 915 malignus
727 888 779 908 non
793 881 877 914 tangit
887 887 960 912 eum,

170 928 242 962 quod
255 931 345 954 servat
358 928 544 961 semetipsum,
564 935 616 954 non
638 935 670 954 ex
688 932 794 958 natura,
814 926 863 954 sed
883 934 963 953 acce-

171 974 265 1001 dentes
276 973 331 1008 (76)
346 973 437 1006 habet,
455 977 483 1000 ttt
497 981 548 1000 non
563 973 710 1008 delinquat.

172 1031 200 1058 Si
224 1031 284 1065 quis
304 1035 393 1058 autem
414 1031 589 1066 semetipsum
617 1035 723 1063 servat,
748 1035 808 1057 orat
833 1030 963 1058 divinitus

170 1076 322 1109 custodiri,
348 1081 377 1103 ut
393 1077 507 1104 intactus
528 1080 686 1111 permaneat
702 1084 717 1103 a
738 1077 865 1111 maligno.
889 1076 963 1103 Prm-

171 1127 280 1157 ceptum
297 1130 413 1157 namque
426 1123 555 1150 custodiae
569 1131 628 1158 quae
643 1123 733 1150 studio
746 1129 839 1150 nostro
854 1123 894 1156 lit,
911 1123 962 1150 hoc

171 1173 224 1201 cst,
236 1168 306 1203 quod
322 1169 370 1200 ait,
388 1177 397 1194 ‹
413 1167 521 1195 Custodi
535 1173 608 1195 tuum
621 1175 668 1196 cor
680 1168 714 1202 “°,
731 1178 739 1195 I
759 1174 786 1196 ct
802 1173 863 1203 post
876 1175 962 1204 pauca

172 1213 256 1249 (vers.
274 1214 336 1249 2|):
363 1224 372 1239 ι
400 1213 541 1241 Custodite
560 1221 609 1241 vos
628 1215 661 1241 ab
680 1214 768 1242 idolis.
796 1224 806 1240 ι
828 1215 964 1242 Custodire

173 1268 238 1288 vero
261 1260 358 1287 divime
379 1260 532 1295 exemplum
556 1265 617 1293 est,
642 1261 714 1295 quod
727 1260 785 1288 ait:
807 1269 818 1286 ‹
838 1260 962 1294 Domine,

173 1306 295 1334 servabis
310 1313 369 1337 nos.
384 1310 411 1334 et
423 1306 557 1334 custodies
570 1314 619 1333 nos
634 1306 670 1338 ⁸ι,
687 1316 696 1332 ›
720 1311 747 1333 et
774 1306 837 1333 illud
851 1315 858 1333 :
881 1314 892 1332 σ
908 1306 964 1334 Sub

174 1352 268 1379 umbra
284 1351 387 1378 alarum
413 1355 519 1378 tuarum
547 1355 658 1386 protege
682 1358 725 1379 me
735 1351 768 1383 ⁸³,
794 1360 804 1376 ι
828 1357 855 1378 et
878 1350 963 1378 illud:

177 1407 186 1423 ι
201 1398 281 1424 Pater
303 1401 411 1429 sancte.
426 1397 532 1424 custodi
551 1405 598 1425 eos
609 1398 642 1424 ".
661 1407 670 1423 ι
695 1397 792 1432 Tangit
809 1402 899 1424 autem
916 1397 966 1424 ali-

174 1450 253 1477 quem
269 1442 401 1477 malignus
414 1442 522 1474 laedens,
538 1446 564 1468 et
574 1442 695 1476 alliigcns
719 1449 780 1468 eum
791 1459 798 1471 ,
821 1441 891 1474 quod
909 1447 966 1467 rna-

176 1488 302 1516 nilestnm
326 1493 367 1514 est
383 1495 415 1514 ex
434 1495 481 1519 eo,
505 1488 577 1522 quod
595 1487 632 1514 ait
647 1496 653 1513 :
671 1496 681 1513 (
701 1486 759 1513 Non
783 1487 922 1520 continget
939 1490 965 1512 te

177 1534 275 1561 malum
288 1534 323 1565 “,
339 1542 348 1558 ι
369 1537 395 1560 et
409 1540 441 1560 ex
456 1540 488 1560 eo
502 1532 573 1567 quod
588 1532 690 1560 dictum
706 1540 719 1559 a
737 1532 792 1559 Deo
806 1531 965 1559 benefacto-
979 1528 1000 1557 C

177 1579 271 1606 ribus:
291 1588 300 1604 ι
321 1579 371 1612 Qui
387 1578 472 1613 tetigit
488 1577 615 1613 vos(vel,
630 1584 659 1605 ut
675 1577 730 1609 alii,
746 1577 791 1612 qui
811 1576 966 1611 tetigerit),

178 1626 264 1661 tangit
274 1624 401 1660 pupillam
417 1624 486 1651 Oculi
503 1624 554 1651 mei
568 1624 602 1650 "'.
625 1633 634 1649 ι
656 1623 760 1657 Quibus
779 1627 806 1649 et
822 1622 885 1649 illud
901 1629 968 1649 con-

178 1671 273 1698 cordat
287 1680 293 1697 :
312 1679 321 1695 t
338 1669 425 1697 Nolite
441 1674 551 1704 tangere
565 1669 682 1696 ehristos
696 1675 770 1695 meos
785 1667 831 1693 εν.
850 1676 858 1692 ›

213 1727 296 1754 Vens.
322 1727 364 1754 l9.
393 1736 403 1752 ι
427 1725 534 1753 Scimus
550 1725 676 1760 quoniam
696 1731 728 1752 ex
746 1723 799 1751 Deo
817 1730 925 1755 sumus,
942 1727 969 1749 et

180 1777 252 1801 totus
269 1773 384 1800 mundus
399 1773 424 1799 in
440 1771 556 1806 maligno
574 1771 678 1806 positus
696 1774 747 1798 est.
767 1779 776 1795 ι

216 1831 342 1863 Mundus,
362 1831 387 1858 id
408 1835 465 1864 est,
488 1829 579 1857 mundi
597 1833 734 1855 amatores
755 1827 872 1862 maligno
898 1826 970 1853 ortui

180 1882 245 1905 sunt
262 1877 386 1912 subjecti.
404 1876 488 1903 Totus
512 1876 567 1908 ait,
588 1875 659 1909 quod
680 1881 776 1902 omnes
791 1874 841 1900 sub
857 1877 969 1907 peccato

183 1923 332 1956 naseimur,
349 1929 465 1957 quorum
481 1922 538 1956 ipse
552 1927 630 1949 ortus
645 1922 671 1948 in
691 1921 757 1948 vitio
770 1925 825 1947 est.

184 1978 268 2006 Ὅταν
282 1978 367 2012 λέγει,
380 1977 421 2004 ὅτι
435 1978 449 2004 ὁ
461 1977 562 2012 κόσμος
598 1975 735 2003 Permulta
758 1978 952 2010 cognoscentes
965 1993 973 2006 ,

182 2025 243 2057 ὅλος
251 2026 280 2051 ὲν
288 2024 326 2060 τῷ
339 2023 450 2059 πονηρῷ
463 2024 562 2053 κεῖται.
600 2022 725 2050 homines
733 2028 831 2057 pravos
838 2021 976 2048 insinuare

184 2072 214 2099 οὐ
228 2071 307 2098 τοῦτὸ
320 2079 412 2106 φησιν,
430 2070 470 2096 ὅτι
485 2070 502 2104 ἡ
518 2068 564 2095 τοῦ
601 2071 672 2098 hanc
681 2077 775 2098 vocem
786 2069 819 2096 de
830 2069 930 2096 mundo
938 2069 976 2094 di-

184 2118 252 2145 Θεοῦ
266 2117 365 2149 κτίσις,
378 2116 478 2151 κόσμος
488 2113 565 2146 οὖσα,
603 2116 749 2150 ctam,jam
757 2115 909 2143 dubitamus
920 2113 975 2148 (77)

185 2166 214 2192 ἐν
225 2164 263 2200 τῷ
277 2162 388 2198 πονηρῷ
401 2162 516 2197 ἵδρυται,
529 2160 566 2192 ὥς
603 2163 748 2191 secundum
763 2162 911 2194 haereticos,
927 2168 977 2188 nec

185 2219 259 2243 τινες
275 2210 428 2245 ὑπενόησαν
454 2209 509 2235 τῶν
526 2208 567 2235 αὶ-

189 2261 317 2295 ρετικῶν,
334 2260 395 2287 ἀλλ”
407 2260 448 2286 ὅτι
465 2259 567 2293 κόσμον

187 2304 242 2333 οἶδε
257 2306 349 2332 καλεῖν
364 2307 381 2341 ἡ
392 2306 488 2341 Γραφὴ
504 2305 566 2338 τοὺς

188 2352 308 2388 φαύλους
327 2351 498 2387 ἀνθρώπους,
516 2359 567 2378 κα-

190 2399 246 2430 θὼς
278 2399 325 2425 καὶ
359 2396 478 2424 ἐνταῦθα
521 2397 568 2423 καὶ

188 2446 220 2472 ὲν
255 2443 431 2480 Εὑαγγελίοις
468 2443 570 2478 γράφει

227 2514 249 2530 ³ο
267 2513 346 2540 Prov.
363 2520 398 2544 μ’,
415 2511 460 2538 25.
498 2512 518 2528 ³¹
537 2511 606 2538 Psal.
632 2518 670 2541 XI.
686 2509 712 2536 8.

603 2255 738 2283 credimus
762 2254 894 2281 facturam
918 2260 978 2280 esse

604 2301 715 2332 tnundi,
742 2305 769 2327 ct
798 2300 825 2326 in
862 2299 979 2333 maligno

604 2346 754 2375 constituti.
795 2345 902 2373 Positns
939 2348 982 2370 est

604 2395 675 2421 enim
684 2394 729 2420 hic
738 2400 827 2420 sermo
840 2393 871 2419 de
882 2391 982 2418 mundo

605 2449 654 2477 pro
664 2440 827 2472 hominibus,
840 2439 908 2465 sicut
919 2445 983 2472 pra:-

760 2508 783 2524 ⁸¹
802 2507 877 2534 Psal.
894 2514 955 2537 XVI,
984 2505 1011 2531 8.

1727 117 1794 144 l806

1293 176 1384 203 Ἰωάν-
1421 174 1475 203 dixi
1487 179 1514 202 et
1527 174 1553 202 in
1566 174 1616 202 hac
1627 173 1758 208 Epistola,
1767 178 1797 201 et

1007 235 1055 262 νης
1065 226 1131 261 (⁸18).
1306 234 1319 242 ο
1420 221 1446 249 in
1464 221 1626 256 Evangeliis,

1006 281 1038 300 cx
1052 273 1150 307 quibus
1164 278 1248 306 pauca
1261 270 1295 298 de
1308 268 1400 296 multis
1413 267 1563 302 promenda
1578 266 1744 301 putavimus.
1763 265 1792 292 lu

1007 320 1060 346 hac
1072 317 1192 352 Epistula
1201 315 1324 343 scribens
1335 314 1454 342 Joannes
1466 313 1516 340 ait:
1532 321 1541 338 ‹
1554 312 1645 340 Nolite
1655 311 1796 343 admirari,

1007 364 1028 391 si
1044 363 1102 390 odit
1113 370 1159 389 vos
1174 360 1298 388 mundus.
1314 369 1325 386 »
1341 359 1433 386 Palam
1445 363 1487 385 est
1497 358 1570 385 enim
1581 358 1653 385 omni
1667 357 1796 391 sapienti,

1007 409 1078 444 quod
1094 408 1208 435 mumlus
1221 407 1275 434 odit
1290 410 1408 438 sanctos,
1424 411 1472 439 per
1483 411 1563 439 quem
1581 403 1691 438 maligni
1711 403 1798 430 homi-

1009 464 1058 484 nes
1075 455 1261 490 designantur.
1280 452 1313 479 Et
1335 452 1399 479 illud
1416 459 1423 478 :
1449 460 1460 477 ι
1481 450 1533 486 Ipsi
1548 451 1581 477 de
1595 449 1696 477 mundo
1716 453 1797 479 sunt,

1009 506 1036 529 et
1055 501 1090 529 de
1116 499 1216 527 mundo
1239 498 1395 532 loquuntur,
1418 501 1446 524 et
1468 495 1585 523 mundus
1610 501 1658 522 eos
1681 493 1765 521 audit.
1786 502 1795 518 ι

1010 547 1088 581 Quod
1103 551 1192 574 autem
1207 545 1244 572 ait
1265 543 1358 571 audire
1376 543 1515 573 mundum.
1529 541 1668 569 seductive
1685 539 1798 574 loquen-

1012 599 1071 625 tes,
1091 599 1145 619 non
1166 596 1340 621 creaturam,
1359 589 1406 616 sed
1429 587 1571 622 passibiles
1593 585 1650 621 (79)
1676 585 1800 613 homines

1011 638 1177 667 manifestat.
1203 637 1241 664 lla
1266 636 1293 663 in
1316 633 1468 668 Evangeliis
1487 632 1612 660 Salvator
1633 632 1693 658 ait:
1722 640 1732 657 t
1758 629 1802 657 Me

1011 685 1128 714 mundus
1143 691 1196 712 non
1217 686 1309 717 potest
1319 687 1412 708 amare
1423 699 1430 711 ,
1450 679 1514 714 quia
1539 677 1722 706 testimonium
1739 683 1802 711 per.

1013 732 1096 759 hibeo
1108 729 1236 764 operibus
1246 728 1313 763 ejus,
1327 726 1456 760 quoniam
1470 724 1590 759 maligna
1605 728 1668 751 sunt
1678 723 1716 755 “,
1731 731 1743 748 ι
1755 727 1800 750 et:

1016 787 1025 803 ί
1045 777 1091 804 Va:
1107 775 1205 803 mundo
1226 781 1241 801 a
1258 772 1395 801 scandatis
1408 771 1449 804 “7;
1470 780 1480 796 ι
1500 774 1527 798 et
1542 778 1550 797 :
1580 779 1589 795 ε
1607 768 1634 796 Si
1656 768 1752 796 essetis
1768 774 1802 794 ex

1013 822 1132 854 mundo,
1155 820 1271 847 mundus
1291 818 1362 854 quod
1379 821 1437 844 erat
1458 823 1537 844 suum
1561 814 1700 849 diligeret;
1730 820 1804 841 nunc

1014 873 1102 896 autent
1117 874 1169 894 non
1187 865 1258 893 estis
1276 871 1310 892 ex
1327 863 1440 896 mundo,
1455 861 1502 890 sed
1519 868 1570 896 ego
1583 861 1651 895 elegi
1665 867 1725 892 vos,
1741 867 1804 894 pro~

1013 918 1105 948 pterea
1117 913 1175 939 odit
1189 909 1366 948 vosAntundus
1378 909 1412 934 ⁸⁸.
1434 917 1443 934 ι
1464 907 1522 935 Non
1541 907 1614 934 enim
1627 914 1675 941 per
1690 907 1747 933 haec
1760 912 1803 931 ar-

1013 945 1168 987 bitraudum
1189 945 1247 989 est;
1269 956 1335 983 dum
1349 954 1437 989 arguit
1456 953 1549 988 utique
1567 960 1648 987 opera
1667 952 1784 986 maligna
1796 972 1804 984 ,

1013 1009 1040 1033 cl.
1055 1003 1181 1032 scandala
1196 1002 1364 1033 manifestat,
1380 1005 1407 1027 et
1418 1000 1486 1027 odiri
1502 999 1568 1027 dicit
1580 998 1726 1033 discipulos
1740 1005 1805 1024 suos

1015 1059 1030 1080 a
1055 1051 1170 1083 mundo,
1187 1049 1258 1084 quod
1279 1048 1312 1075 de
1335 1046 1527 1074 constitutione
1544 1049 1622 1073 terrm
1637 1049 1664 1072 et
1683 1043 1744 1072 εωιί
1757 1063 1765 1076 ,
1778 1048 1806 1070 et

1014 1104 1074 1133 qua:
1091 1095 1117 1122 in
1136 1095 1179 1122 his
1194 1098 1268 1126 sunt,
1287 1093 1344 1120 hanc
1358 1091 1441 1119 dicat.
1458 1090 1565 1125 Maligni
1581 1096 1697 1124 namque
1714 1093 1742 1116 et
1756 1097 1801 1116 vc-

1015 1142 1094 1170 nctici
1114 1146 1142 1169 et
1162 1143 1340 1174 conceptores
1363 1137 1417 1165 odii
1443 1136 1567 1164 homines
1591 1140 1674 1168 sunt,
1689 1135 1734 1171 qui
1758 1143 1807 1170 per

1014 1188 1155 1217 Dominica
1167 1186 1250 1214 verba
1267 1184 1466 1220 signiﬁcantur.
1483 1183 1539 1211 llos
1557 1183 1640 1218 igitur
1653 1182 1741 1217 arguit
1757 1189 1806 1216 pro

1015 1234 1140 1269 malignis
1152 1232 1291 1268 operibus,
1308 1238 1376 1266 quos
1392 1229 1476 1257 etiam
1491 1233 1597 1260 notans,
1616 1228 1680 1256 dicit
1701 1234 1761 1254 esse
1773 1227 1807 1254 de

1015 1279 1150 1308 scandatis
1160 1298 1167 1310 ,
1179 1282 1206 1305 ct
1220 1277 1353 1304 habentes
1363 1275 1425 1302 odio
1437 1278 1547 1301 sanctos
1560 1274 1644 1300 viros.
1661 1273 1709 1300 llis
1725 1273 1806 1307 igitur

1016 1323 1208 1356 manifestans,
1227 1321 1357 1350 mundum
1374 1319 1401 1347 in
1418 1319 1536 1355 maligno
1556 1318 1673 1354 positum
1687 1318 1808 1346 ostendit

1016 1378 1076 1401 esse
1094 1378 1170 1403 eum,
1183 1368 1229 1403 qui
1249 1367 1382 1402 arguitur,
1400 1369 1428 1393 et
1449 1369 1569 1397 notatur,
1584 1368 1611 1392 et
1628 1365 1690 1392 odio
1707 1364 1806 1391 habere

1017 1417 1173 1452 designatur
1182 1414 1331 1449 apostolos.
1341 1411 1441 1439 Horum
1454 1417 1572 1444 namque
1587 1409 1684 1444 singuli
1697 1415 1809 1445 propter

1017 1463 1157 1493 malitiam,
1174 1459 1246 1494 quod
1261 1459 1288 1486 in
1300 1457 1417 1492 maligno
1429 1464 1490 1484 esse
1501 1455 1640 1486 dicuntur,
1663 1455 1809 1483 deliberari

1018 1508 1143 1540 dicimur,
1152 1507 1215 1533 dum
1225 1510 1350 1532 oramus:
1366 1511 1375 1528 ι
1387 1501 1483 1528 Libera
1494 1508 1542 1528 nos
1555 1508 1570 1528 a
1584 1500 1653 1528 malo
1662 1500 1695 1527 ".
1707 1509 1716 1527 ι
1730 1500 1812 1528 Redi—

1019 1558 1129 1581 munlut‘
1140 1555 1257 1584 namque
1271 1552 1298 1576 et.
1312 1547 1461 1574 liberantur
1479 1545 1513 1573 ab
1526 1553 1558 1573 co
1572 1546 1672 1578 cuncti,
1698 1545 1744 1581 qui
1761 1553 1810 1573 ne-

1019 1605 1154 1635 quaquam
1166 1596 1200 1624 ab
1212 1594 1303 1630 ignitis
1314 1592 1373 1628 ejus
1383 1590 1482 1627 iaculis
1495 1591 1682 1625 vulnerantur,
1696 1599 1729 1619 eo
1739 1592 1810 1626 quod

1021 1646 1049 1673 in
1058 1643 1184 1672 omnibus
1196 1642 1519 1674 assumpseruutscutum
1531 1636 1591 1664 lidei
1605 1637 1743 1665 salutaris.
1759 1637 1813 1664 νο-

1020 1693 1080 1721 lens
1093 1692 1183 1725 itaque
1195 1688 1320 1716 Salvator
1328 1686 1380 1713 hoc
1396 1692 1411 1712 a
1423 1684 1503 1711 Patre
1513 1684 1625 1712 concedi
1636 1703 1644 1716 ,
1663 1683 1769 1711 dicebat
1780 1685 1813 1710 de

1022 1736 1162 1772 discipulis
1174 1734 1230 1762 suis
1243 1743 1251 1761 :
1273 1742 1283 1758 ι
1300 1732 1392 1764 Pater,
1405 1737 1481 1757 serva
1494 1736 1541 1757 eos
1555 1736 1569 1756 a
1581 1729 1695 1756 malo".
1712 1738 1722 1754 ι
1739 1729 1813 1762 Qua-

1021 1788 1131 1820 propter
1151 1780 1261 1810 deviare
1278 1775 1406 1806 credendi
1420 1780 1492 1806 sunt,
1511 1775 1556 1810 qui
1572 1778 1668 1810 putant
1684 1775 1812 1802 mundum

1022 1831 1140 1866 positum
1152 1828 1179 1855 in
1192 1826 1319 1860 maligno,
1333 1823 1410 1859 quasi
1424 1822 1451 1849 in
1466 1822 1562 1856 opilice
1576 1827 1635 1848 suo.
1650 1820 1705 1849 lloc
1720 1821 1814 1856 itaque

1024 1877 1137 1905 verbum
1151 1874 1287 1909 signiﬁcat
1301 1871 1382 1899 etiam
1396 1869 1549 1898 voluntates
1561 1872 1587 1895 et
1599 1868 1704 1900 modos,
1717 1866 1744 1894 id
1760 1873 1812 1898 est,

1025 1932 1078 1952 non
1099 1926 1224 1950 naturam
1245 1927 1306 1948 esse
1323 1922 1350 1945 et
1370 1923 1489 1948 causam,
1511 1919 1539 1942 ut
1554 1914 1697 1949 quisquam
1710 1921 1741 1941 ex
1761 1913 1816 1940 Dm

1026 1973 1145 2006 putetur,
1168 1971 1215 1994 attt
1232 1965 1288 2001 (80)
1314 1966 1344 1992 in
1359 1963 1477 1997 maligno
1500 1962 1536 1989 sit
1554 1961 1729 1992 constitutus,
1754 1967 1815 1987 cum

1027 2017 1102 2047 dicit,
1117 2022 1165 2042 nos
1175 2013 1276 2041 Christi
1289 2010 1413 2045 discipuli
1426 2007 1662 2043 disciplinabiliter
1677 2007 1815 2038 norimus,

1027 2063 1089 2099 quia
1102 2069 1136 2090 ex
1153 2060 1208 2088 Dco
1222 2065 1327 2089 sumus.
1348 2057 1381 2084 ab
1400 2064 1433 2083 co
1450 2055 1620 2090 participium
1644 2052 1786 2082 habentes.
1802 2060 1818 2079 a

1029 2117 1082 2145 quo
1096 2107 1173 2136 electi
1200 2107 1232 2134 de
1248 2104 1347 2132 mundo
1358 2123 1365 2135 .
1381 2110 1415 2130 ex
1439 2102 1496 2129 Deo
1519 2105 1630 2135 propter
1646 2099 1817 2126 sanctitatem

1031 2144 1087 2183 nati
1104 2160 1207 2185 sumus,
1221 2152 1274 2180 hoc
1287 2150 1422 2181 scientes,
1440 2147 1503 2183 quia
1517 2146 1607 2173 omnis
1627 2144 1743 2172 mundus
1756 2150 1818 2178 pro-

603 2189 747 2244 cujusdani
764 2189 910 2236 creatoris,
931 2207 978 2234 Dei
995 2204 1016 2231 D
1032 2207 1092 2237 pter
1113 2199 1280 2235 impietatem
1291 2217 1298 2229 ,
1314 2202 1395 2230 quam
1419 2194 1522 2224 habet,
1540 2192 1565 2219 in
1580 2191 1691 2219 malitia
1716 2189 1819 2223 positus

1031 2235 1093 2280 est,
1119 2245 1280 2274 incumbens
1297 2243 1321 2270 ci
1341 2242 1386 2276 qui
1411 2238 1550 2275 przecessit
1566 2237 1591 2265 in
1616 2236 1706 2264 malo:
1732 2235 1769 2262 ita
1790 2239 1820 2262 ut

1033 2295 1103 2322 idem
1119 2299 1180 2320 esse
1196 2290 1331 2321 videatur,
1348 2287 1464 2322 positum
1481 2291 1541 2311 esse
1558 2284 1686 2311 mundum
1701 2282 1728 2308 in
1744 2282 1820 2308 maliv

1032 2348 1096 2376 gno.
1114 2338 1184 2374 quod
1197 2343 1257 2364 esse
1271 2335 1355 2362 illud:
1372 2342 1381 2358 ‹
1401 2332 1451 2366 Qui
1467 2331 1530 2358 facit
1549 2335 1699 2364 peccatum,
1712 2335 1745 2355 ex
1759 2327 1819 2354 dia-

1033 2373 1094 2415 bolo
1110 2389 1163 2417 est,
1181 2383 1245 2418 quia
1269 2382 1302 2409 ab
1319 2380 1397 2407 initio
1417 2377 1540 2406 diabolus
1555 2375 1695 2410 peccat".
1716 2383 1725 2400 ι
1744 2373 1820 2400 Mali-

1033 2441 1101 2469 gnus
1116 2431 1187 2459 enim
1209 2434 1235 2457 et
1250 2427 1308 2464 (81)
1333 2424 1455 2454 diabolus
1480 2427 1538 2455 est,
1559 2426 1588 2449 et
1605 2428 1658 2448 non
1680 2420 1759 2448 aliter
1780 2423 1820 2446 est

1049 2503 1071 2518 "3
1085 2502 1162 2528 Joan.
1181 2506 1247 2527 xv".
1260 2496 1303 2523 ll.
1346 2494 1369 2510 ⁸⁴
1387 2493 1457 2521 Psal.
1476 2500 1519 2522 xc,
1534 2490 1583 2528 lQ._
1607 2490 1638 2528 _"
1653 2488 1734 2516 Zach.
1747 2486 1819 2528 tt,_§.

227 2521 249 2530 ¹’¹’
267 2521 346 2540 ιΤον.
363 2521 398 2544 I“,
415 2521 460 2538 Ζο.
498 2521 518 2528 "'
538 2521 606 2538 I'Sﬂl.
632 2521 670 2541 XI,
686 2521 712 2536 ο.
761 2521 783 2524 ”
804 2521 877 2534 ram.
896 2521 937 2533 tu:
949 2526 955 2537 η

191 2549 225 2564 ⁸⁵⁸
242 2549 312 2576 Psal.
330 2555 385 2578 Civ.
402 2547 444 2573 15.
481 2547 504 2563 ³⁸
518 2547 596 2574 Joan.
612 2553 662 2579 vn,
677 2546 703 2571 7.
735 2545 757 2559 ⁸⁷
772 2542 866 2570 Matth.
883 2549 958 2572 xvm,
976 2540 982 2564 τ

1029 2538 1052 2554 ⁸⁸
1282 2521 1313 2547 ⁷⁸³
1329 2530 1466 2557 Matth.vt.
1481 2527 1525 2554 15.
1563 2526 1585 2541 ⁵⁸
1601 2524 1677 2552 Joan.
1693 2530 1758 2554 xvu.
1775 2521 1820 2549 i5.

192 2583 213 2599 “
228 2584 330 2612 ann.
347 2590 388 2611 tu.
403 2583 428 2608 8.

231 2645 286 2680 (76)
304 2645 360 2671 l‘loc
384 2647 492 2680 aperte,"
502 2641 598 2680 falsum
611 2660 617 2672 ,
634 2637 694 2680 Gal.
717 2636 982 2680 legen‘dunt'putat‘,

195 2671 354 2711 accidentes,
375 2671 454 2705 male.
473 2677 570 2703 Veram
589 2671 729 2711 lectionem
746 2681 778 2699 ex
792 2671 894 2711 Gra-ci‘s
909 2677 982 2696 assc-

195 2717 241 2750 qui
257 2707 416 2750 ('Olljtg‘iurq
429 2712 539 2746 poteris.
555 2710 707 2743 cheudum
724 2712 776 2750 est,
791 2707 942 2750 attentione.

233 2739 448 2785 (V7.7)Vtallandi'o
464 2755 496 2774 ex
525 2739 877 2785 contextu"rescribendum
908 2739 981 2780 vide-

197 2777 242 2813 tur
269 2777 321 2811 γιόη
345 2783 513 2812 dubitamus.
538 2786 620 2807 recte.
648 2777 980 2813 SecundumAltazrclicoa,

197 2811 331 2855 adjectum
346 2824 387 2846 est
402 2820 451 2846 hoc
467 2824 557 2849 sensu,
572 2822 601 2843 ut
617 2814 737 2842 bwretici
755 2811 879 2840 dubitare
897 2811 931 2837 de
949 2817 980 2836 ea

199 2863 230 2883 re
243 2856 378 2883 dicantur.

1069 2631 1125 2665 (78)
1140 2630 1196 2657 Hoc
1214 2628 1347 2656 scholium
1359 2648 1365 2659 ,
1382 2618 1820 2665 qttantvis‘ponnullaaliterue};

1034 2654 1126 2700 pri-$511
1143 2654 1344 2698 iiahcatqnam
1361 2654 1450 2688 ve'rsio
1471 2657 1584 2689 Latina,
1607 2661 1695 2682 tamen
1714 2654 1821 2688 Didymi

1034 2709 1094 2728 esse.
1114 2700 1228 2726 \idetur.

1070 2736 1126 2767 (79)
1142 2735 1211 2761 Gall.
1227 2732 1374 2768 possibiles,
1393 2729 1473 2768 male.

1069 2760 1125 2806 {de
1144 2760 1316 2806 Culta-iuius,
1338 2760 1418 2793 sensu
1442 2764 1491 2791 loci
1512 2771 1567 2806 non
1591 2760 1746 2793 intellecto,
1773 2763 1821 2792 pro

1033 2803 1090 2834 aui.
1106 2803 1132 2831 ut
1157 2803 1358 2831 rescribendum
1377 2808 1438 2827 esse
1452 2803 1555 2827 censet.

1068 2840 1124 2877 (Si)
1140 2840 1173 2867 G.
1191 2846 1243 2866 non
1258 2838 1384 2866 omittere
1401 2835 1517 2863 debebat
1531 2838 1567 2860 et.
