1913 3071
97 101 166 130 1307

717 94 837 123 DIDYMI
856 94 1094 124 ALEXANDRINI

1667 99 1741 130 1808

96 157 213 186 mundus
229 163 309 191 quam
321 156 361 190 is,
376 155 422 190 qui
435 154 501 182 facit
519 157 674 189 peccatum.
690 151 739 180 llis
753 153 791 180 ita
807 151 891 180 decli-
905 153 930 183 Α
944 151 1105 186 inspiciendi
1123 155 1196 185 sunt,
1211 151 1259 189 qui
1271 151 1384 181 alterius
1408 152 1567 182 substantiae
1591 154 1694 189 dicunt,
1710 162 1741 184 et

97 205 168 232 natis
184 202 253 238 (82).
267 203 356 230 locum
374 200 488 229 tallaciaz
503 206 557 227 non
569 198 681 228 habebit
691 199 783 234 opinio
800 199 888 226 haere—

95 251 222 281 ticorum,
238 247 400 282 putantinm,
422 249 578 274 creaturam
596 244 745 280 signiﬁcari
761 251 809 279 per
825 243 888 277 hoc,

93 296 166 331 quod
185 294 287 322 dictum
304 292 341 320 sit
357 302 363 319 :
390 301 400 318 ‹
428 291 513 320 Totus
531 291 648 319 mundus
667 290 696 318 in
715 290 832 326 maligno
847 295 889 318 est

93 340 209 376 positus.
235 348 246 365 ι
275 338 344 366 Nam
362 338 427 366 licet
447 337 563 365 mundus
581 337 719 372 signiticet
741 336 888 372 aliquando

93 391 257 418 creaturam,
277 392 331 413 non
364 389 454 412 tamen
492 384 519 411 in
542 383 661 419 maligno
691 383 888 418 positam,sed

92 434 119 460 in
135 431 238 465 Verbo,
254 439 303 467 per
316 431 389 466 quod
401 430 493 458 omnia
511 429 582 458 facta
597 434 662 458 sunt
677 430 712 463 ",
726 429 884 458 stabilitatis

92 486 147 507 suae
162 478 266 506 obtinet
282 478 386 506 robur:
404 478 430 504 in
446 476 557 504 Christo
574 475 722 504 invisibilia
740 480 768 503 et
788 475 886 503 visibi-

91 525 138 557 lia,
150 524 272 552 caelestia
287 528 314 551 et
328 523 468 552 terrestria
482 527 546 551 sunt
557 527 661 555 creata,
673 526 704 550 et
718 525 781 550 ante
793 522 886 549 omnia

90 576 132 598 est
149 571 194 606 (et
209 570 236 598 in
254 577 286 598 eo
317 574 416 598 cuncta
445 569 599 597 consistunt
616 568 821 596 fundamentum
839 568 886 595 ha-

91 617 180 644 bentia
190 617 212 652 ),
228 616 320 652 opifex
329 615 460 644 Verbum.
474 615 520 644 Sic
533 616 606 643 enim
619 622 715 643 verum
728 614 883 648 eritetiam,

89 664 161 698 quod
172 663 273 691 dictum
287 666 329 691 est
345 670 353 689 :
377 666 468 690 creata
485 669 501 689 a
520 660 576 689 Deo
591 661 681 689 omnia
691 681 700 694 ,
715 667 777 688 cum
793 660 885 695 utique

89 709 156 736 dicit
166 708 302 744 Sapientia
320 707 354 735 de
368 707 514 742 semetipsa
528 715 536 734 :
555 716 566 733 ‹
586 707 657 734 Ante
668 705 767 734 saecula
782 705 883 734 funda-

89 755 128 783 vit
143 763 196 788 me,
212 754 239 782 in
262 754 410 790 principio,
434 759 580 788 antequam
603 758 703 782 terram
722 752 841 786 faceret,
855 756 884 780 et

88 802 202 837 abyssos
215 805 322 829 crearet
333 800 368 833 ",
389 809 399 825 ι
417 804 471 827 etc.

125 846 207 875 Vsus.
222 846 269 880 20,
281 846 328 874 21.
345 855 354 872 ι
371 845 479 874 Scimus
496 846 626 881 quoniam
652 844 741 872 Filius
758 844 806 873 Dei
832 851 881 872 ve-

89 893 139 926 nit,
157 897 185 920 et
196 892 272 920 dedit
287 891 366 919 nobis
384 891 562 925 intellectum,
585 896 616 919 ut
641 891 761 931 sciamus
789 898 883 918 verum

88 939 186 972 Deum,
200 942 228 966 et
242 938 328 966 simus
354 938 381 966 in
407 946 472 966 vero
493 938 562 967 Filio
575 938 646 973 ejus.
662 937 710 966 Hic
737 942 779 966 est
803 943 885 965 verus

894 810 920 864 in

941 205 996 226 non
1012 197 1134 232 ejusdem
1150 199 1258 227 Patrem
1274 203 1302 227 et
1315 198 1425 233 Filium,
1441 204 1586 234 quatenus,
1604 202 1668 230 dum
1681 211 1738 231 una

940 244 1069 272 divinitas
1087 244 1177 273 Patris
1191 249 1219 273 et
1233 244 1296 272 Filii
1313 245 1455 279 asseritur,
1473 246 1556 274 etiam
1569 248 1670 276 veritas
1682 256 1738 276 una

939 294 967 318 et
979 290 1075 319 eadem
1091 295 1264 326 agnoscatur.
1282 291 1424 325 Quomodo
1437 293 1510 321 enim
1526 300 1581 321 non
1593 301 1646 322 una
1662 294 1735 322 divi-

939 336 1011 364 nitas
1028 336 1117 366 Patris
1136 342 1164 365 et
1177 337 1250 371 Filii,
1274 345 1336 365 cum
1352 338 1486 374 propheta
1511 339 1602 367 dicat:
1630 348 1641 366 ί
1656 339 1691 367 Ει
1711 345 1740 368 te

938 383 1064 416 orabunt,
1078 383 1142 418 quia
1152 383 1228 411 Deus
1245 383 1271 410 in
1287 388 1314 411 te
1324 388 1379 417 est,
1394 388 1422 412 et
1443 391 1496 412 non
1521 389 1564 413 est
1587 390 1685 420 praeter
1711 391 1740 414 te

937 427 1023 461 Deus,
1035 433 1062 456 tu
1073 429 1145 457 enim
1160 437 1190 457 es
1203 429 1288 464 Deus,
1303 434 1330 457 et
1341 429 1544 466 ignorabamus,
1557 430 1629 459 Deus
1639 431 1740 465 Israel,

937 475 1065 503 salvator.
1085 484 1094 501 ι
1122 475 1225 504 Horum
1251 477 1343 511 itaque
1371 476 1475 511 singula
1508 478 1739 507 enminationem

937 521 978 557 (ut
1001 521 1052 549 fuit
1066 521 1214 558 possibile),
1232 522 1258 549 in
1278 522 1338 550 aliis
1354 523 1519 551 habuerunt.

938 567 1030 600 Ἀξιον
1042 567 1246 600 εἰπεῖν,πιῖ›ςδι’
1256 568 1321 603 ὅλης
1357 568 1538 602 Quaerendum
1582 571 1738 605 quomodo,

935 615 986 649 τῆς
1000 613 1322 649 Ἑπιστολῆςτελειότητα
1358 615 1421 643 dum
1434 622 1482 650 per
1493 620 1576 643 totam
1587 616 1738 651 Epistulam

936 658 1029 690 αὐτοῖς
1058 659 1237 695 μαρτυρήσας
1269 658 1317 685 νῦν
1353 659 1528 696 perfectionis
1541 665 1569 688 et
1581 662 1739 689 sanctitatis

935 705 1213 742 προτρέπειὲαυτοὺς
1223 705 1318 741 τηρεῖν
1354 713 1469 739 eorum,
1499 706 1595 741 quibus
1623 707 1737 740 scribit.

89 976 161 1012 Deus
182 988 211 1012 et
224 983 280 1011 vita
301 987 414 1011 aeterna.
430 984 530 1018 Filioli,
550 984 686 1012 custodite
705 990 753 1012 vos
770 983 804 1011 ab
822 981 883 1011 ido-

88 1033 131 1059 lis.
149 1040 159 1057 ι

122 1076 231 1112 Ταύτην
266 1077 317 1114 τὴν
350 1076 470 1104 διάνοιαν

85 1124 176 1153 λαϐὼν
207 1125 222 1151 ὸ
259 1124 331 1156 θεῖος
364 1123 471 1156 Παῦλος

87 1171 148 1198 καθ’
185 1171 219 1207 ἢν
252 1171 418 1206 γινώσκεται
455 1172 470 1198 ὁ

85 1216 211 1253 ἀληθινὸς
241 1216 297 1252 (85)
330 1216 395 1248 Υἱὸς
421 1216 468 1243 τοῦ

86 1263 166 1298 Θεοῦ,
182 1263 287 1297 ιλεγεψ
303 1272 313 1288 ι
331 1263 425 1298 Ἦμεῐς
439 1262 469 1289 δὲ

86 1311 148 1338 νοῦν
184 1310 305 1346 Χριστοῦ
333 1309 465 1345 ἔχομεν.)

92 1359 121 1386 '0
150 1358 253 1394 ταύτην
273 1357 322 1394 τὴν
348 1357 468 1385 διάνοιαν

86 1404 133 1431 καὶ
145 1404 193 1432 τὸν
204 1403 266 1431 νοῦν
287 1403 367 1439 ἔχων,
384 1402 468 1438 γινώο

87 1459 147 1478 σκει
165 1450 211 1477 τὸν
221 1449 281 1477 κατ’
295 1449 391 1477 οὐσίαν
402 1449 469 1485 ἀλη-

86 1495 172 1531 θινὸν,
189 1495 237 1523 καὶ
248 1494 323 1522 ἔστιν
343 1495 373 1522 ἐν
393 1493 468 1531 αὺτῷ

87 1542 147 1570 ὲνού
151 1550 232 1578 μενος
268 1541 339 1579 πρὸς
367 1541 449 1568 αὐτὸν
458 1562 467 1576 ,

87 1588 250 1624 πρακτικῶς
276 1588 369 1624 νόησιν
385 1587 468 1616 αὐτοῦ

541 1078 697 1107 intellectus
707 1086 786 1115 quem
799 1077 884 1111 dedit,

505 1127 655 1154 secundum
678 1134 760 1162 quem
784 1132 885 1161 cogno-

505 1173 602 1206 scitur,
627 1173 690 1208 quia
715 1173 788 1201 venit
804 1178 885 1200 verus

504 1218 591 1246 Filius
599 1219 658 1252 Dei,
669 1219 739 1247 idem
750 1222 802 1252 est,
813 1218 886 1254 quod

506 1271 583 1292 mens
596 1263 708 1297 Christi,
728 1263 762 1291 de
778 1271 829 1299 qua
846 1264 886 1291 dl-

505 1314 579 1338 ctum
603 1314 666 1338 est:
683 1319 694 1336 ί
716 1309 771 1338 Nos
795 1315 886 1338 autem

505 1361 623 1385 mentem
661 1356 764 1384 Christi
801 1356 886 1384 habe-

504 1409 566 1431 mus
577 1402 612 1428 ”.
623 1410 633 1427 ι
651 1401 718 1435 Quia
733 1408 798 1436 ergo
815 1402 887 1431 hunc

504 1447 674 1477 intellectum
687 1453 714 1475 et
729 1447 799 1475 hanc
815 1455 888 1476 men.

935 753 990 781 ἀπὸ
1004 753 1060 780 τῶν
1077 752 1205 780 εἰδώλων.

935 847 1093 880 admoneat,
1128 846 1222 874 dicens
1251 854 1259 872 :

935 893 1059 928 Λέγομεν
1086 889 1145 925 οὖν,
1177 892 1238 919 ἐπεὶ
1265 891 1316 928 ὅλῃ

935 940 993 976 (τῇ)
1014 938 1162 975 Ἐκκλησίᾳ
1175 938 1283 974 ἑγράιφη
1301 940 1319 973 ἡ

942 985 1097 1021 Ἐπιστολὴ,
1115 984 1188 1017 εικδς
1202 984 1230 1011 δὲ
1243 982 1277 1021 ἧν
1291 985 1321 1012 ὲν

935 1033 1049 1071 τοιαύτῃ
1070 1033 1173 1068 συνόδῳ
1185 1032 1249 1069 ἄρτι
1264 1032 1318 1067 ἀφ-

936 1082 1106 1117 εσταμένους
1118 1081 1168 1116 τῆς
1177 1079 1319 1108 εἰδωλολα-

936 1129 1031 1164 τρεεας
1066 1126 1137 1155 εἷναί
1172 1136 1258 1159 τινας,
1289 1127 1319 1153 ὲν

936 1177 994 1208 τοῖς
1035 1172 1166 1206 τοιούτοις
1207 1173 1318 1201 ἐκείνων

1355 753 1538 781 testimonium
1557 753 1736 788 perhibuerit,

900 794 909 834 ξ
934 801 969 828 ad
997 800 1078 834 ﬁdem
1105 799 1138 828 de
1169 798 1298 827 brevibus
1326 798 1408 826 rebus
1433 803 1461 826 et
1487 797 1639 826 utilissimis
1665 799 1738 834 (88)

1289 854 1299 872 ι
1315 844 1404 874 Filioli
1421 865 1430 878 ,
1459 845 1593 873 custodite
1621 853 1670 874 vos
1701 846 1737 874 ab

1355 891 1445 919 idolis.
1457 900 1468 918 ι
1489 891 1532 918 Ad
1557 892 1616 919 haec
1636 898 1736 919 occur-

1356 943 1429 970 rens,
1446 935 1544 972 aliquis
1563 935 1647 964 dicit:
1663 935 1739 970 Quo-

1357 985 1430 1022 niam
1455 985 1590 1013 universae
1607 983 1737 1011 Ecclesiae

1354 1031 1451 1060 scribit
1468 1031 1629 1067 Epistulam.
1645 1035 1673 1060 et
1688 1038 1737 1066 po-

1355 1078 1418 1106 terit
1431 1078 1459 1106 in
1481 1077 1562 1106 tertio
1585 1077 1641 1114 (89)
1666 1085 1736 1106 con-

1355 1124 1432 1158 cilio,
1459 1132 1546 1160 nuper
1575 1124 1734 1157 constituto.

1354 1173 1453 1208 aliquis
1462 1180 1496 1201 ex
1505 1172 1657 1201 idololatria
1670 1180 1736 1201 con-

937 1223 1019 1250 ἐνεκα
1028 1223 1079 1258 τὴν
1092 1221 1164 1255 λέξιν
1175 1221 1319 1258 ἐχάραξεν.
1355 1227 1451 1249 versus
1465 1226 1539 1254 esse,
1551 1223 1580 1247 et
1596 1219 1660 1248 dum
1674 1226 1737 1247 cre-

936 1269 987 1298 bro
1019 1269 1134 1303 eveniat,
1169 1272 1211 1302 ut,
1243 1268 1290 1304 qui
1321 1267 1489 1296 descendunt
1530 1273 1547 1293 a
1588 1266 1735 1294 multorum

938 1315 1050 1344 deorum
1065 1315 1182 1348 cultura,
1204 1314 1324 1342 nondum
1341 1314 1418 1342 ﬁrme
1437 1313 1590 1346 credentes,
1606 1312 1737 1349 reliquias

938 1361 1138 1397 superstitionis
1168 1365 1259 1389 mente
1292 1360 1437 1394 retineant,
1452 1363 1563 1396 propter
1594 1359 1657 1388 illos
1683 1359 1736 1388 hoc

937 1409 1049 1437 verbum
1064 1408 1163 1443 posuit.

973 1453 1031 1482 Hoc
1043 1454 1114 1482 enim
1129 1452 1213 1481 moris
1224 1456 1266 1480 est
1277 1451 1374 1480 divina:
1386 1451 1534 1486 doctrinm;
1547 1458 1610 1479 nam
1624 1454 1652 1480 et
1665 1450 1735 1478 Pau-

505 1500 560 1523 tem
573 1493 789 1522 substantialiter
801 1501 880 1530 agno-

967 1508 980 1529 s
995 1499 1143 1536 apostolus,
1157 1498 1306 1527 Corinthiis
1317 1497 1452 1530 scribens.
1470 1504 1531 1524 cum
1540 1496 1677 1526 laudasset
1686 1503 1736 1524 eos

504 1541 557 1571 scit
574 1547 679 1573 veram,
692 1544 721 1568 et
742 1545 784 1568 est
806 1540 832 1568 in
853 1548 887 1569 eo

504 1587 591 1616 virtus
616 1586 680 1620 Dei,
702 1590 730 1614 ct
758 1587 886 1622 operibus

503 1632 670 1663 intellectum
685 1632 767 1661 habet
779 1632 837 1667 ejus
849 1633 884 1666 is,

118 1712 124 1720 ,
504 1680 531 1708 in
546 1686 600 1714 quo
618 1679 757 1714 cognoscit
775 1687 848 1706 cum.

87 1732 175 1760 Verus
191 1729 277 1758 Filius
299 1728 347 1756 Dei
374 1732 416 1756 est
440 1726 519 1755 Jesus
543 1725 680 1758 Christus,
704 1733 786 1753 verus
815 1725 886 1754 Deus

88 1776 233 1805 exsistens.
249 1774 284 1803 Et
297 1773 440 1802 considam
456 1771 685 1808 quemadmodum
704 1771 884 1800 consubstan-

89 1822 162 1850 tialis
173 1821 258 1855 Patri,
273 1825 301 1849 et
317 1827 370 1848 non
395 1819 466 1847 idem
482 1825 595 1846 numero
620 1817 771 1846 secundum
788 1817 885 1846 Sabel-

90 1870 156 1897 lium
174 1867 259 1896 Filius
282 1867 318 1895 sit
343 1874 405 1895 cum
422 1866 514 1894 Patre.
537 1864 609 1892 Cum
623 1863 698 1892 solus
711 1864 784 1892 enim
799 1871 881 1892 verus

89 1915 162 1942 Deus
177 1913 281 1943 sciatur
293 1913 385 1946 Pater,
397 1919 479 1939 verus
494 1911 566 1938 Deus
587 1909 732 1944 inspicitur
750 1909 836 1937 Filius
851 1909 885 1937 ab

87 1635 167 1673 ἔχων.

90 1961 141 1993 eis,
157 1960 257 1996 quibus
269 1959 451 1990 intellectum,
467 1956 590 1988 veniens,
611 1955 669 1990 ipse
688 1956 774 1984 dedit.
800 1955 885 1991 Igitur

90 2007 114 2034 si
128 2006 186 2042 (8i)
202 2005 316 2033 alterius
329 2003 487 2033 substantia
503 2003 540 2030 sit
556 2002 639 2030 Pater
657 2006 685 2029 et
698 2002 796 2036 Filius,
822 2011 884 2031 cum

95 2052 177 2080 Pater
192 2052 267 2080 solus
278 2058 359 2079 verus
367 2050 408 2079 sit
423 2049 503 2083 Deus,
513 2048 603 2076 'Filius
620 2055 789 2083 nequaquam
804 2056 884 2077 verus

89 2099 142 2126 erit
154 2098 234 2126 Deus.
249 2097 278 2126 Si
297 2102 386 2125 autem
402 2095 486 2124 Filius
502 2102 581 2123 verus
597 2095 632 2122 sit
649 2095 729 2128 Deus,
739 2095 761 2123 si
774 2096 884 2131 utrique

90 2141 203 2169 alterius
214 2140 373 2170 substantiae
381 2139 447 2172 sint,
455 2138 536 2167 Pater
545 2139 601 2175 (85)
608 2140 756 2167 secundum
765 2141 884 2175 speciem

939 1547 967 1574 in
991 1545 1117 1574 omnibus
1146 1544 1249 1573 divitiis
1273 1542 1532 1578 intclligibilibus“,
1547 1543 1576 1570 in
1596 1543 1655 1578 ipsa
1669 1541 1736 1577 Epi-

938 1591 1007 1619 stola
1019 1591 1125 1624 scribit,
1140 1594 1171 1618 ut
1182 1590 1217 1618 ab
1243 1588 1403 1625 idolothytis
1427 1588 1590 1624 semetipsos
1611 1587 1734 1616 abstine-

937 1643 1010 1671 rent,
1026 1644 1060 1666 ne
1080 1637 1146 1665 socii
1160 1636 1358 1664 daemoniorum
1374 1635 1480 1668 ﬁerent,
1492 1638 1519 1663 et
1532 1641 1586 1662 non
1602 1634 1735 1662 haberent

937 1683 1115 1712 differentiam
1136 1682 1171 1710 ab
1184 1683 1236 1716 eis,
1247 1682 1294 1718 qui
1319 1682 1347 1709 in
1365 1681 1444 1710 idolis
1467 1681 1612 1717 epulantur
1623 1681 1657 1709 ".
1677 1680 1735 1708 Ali-

938 1734 980 1757 ter
995 1734 1086 1757 autem
1103 1729 1202 1764 aliquis
1218 1728 1295 1761 dicit,
1314 1728 1444 1763 quoniam
1455 1727 1578 1756 scribens
1594 1727 1732 1763 signiﬁca-

937 1776 986 1810 vit,
999 1776 1039 1804 eis
1057 1775 1156 1803 multos
1180 1775 1358 1803 antichristus
1381 1774 1439 1808 jam
1462 1775 1592 1803 venisse:
1621 1778 1650 1802 et
1672 1781 1734 1802 esse

935 1822 1197 1857 pseudoprophetas,
1209 1822 1266 1857 qui,
1279 1822 1312 1849 de
1320 1821 1434 1849 veritate
1451 1821 1589 1854 cadentes,
1605 1824 1735 1856 saperent

936 1872 964 1896 et
989 1868 1204 1904 dogmatizarent
1228 1868 1296 1896 nihil
1324 1868 1432 1901 stabile,
1448 1868 1516 1895 nihil
1540 1868 1658 1901 ﬁrmum,
1684 1868 1733 1895 sed

936 1914 1113 1951 quilibet(90)
1146 1915 1248 1943 idolum
1281 1915 1381 1943 factum
1409 1919 1491 1951 atque
1514 1915 1677 1951 plasmatum
1705 1915 1733 1942 in

935 1961 1073 1990 mentibus
1087 1962 1140 1990 sibi
1160 1961 1335 1990 credentibus
1362 1962 1542 1990 seminarent.
1570 1961 1633 1990 Haec
1654 1968 1732 1997 ergo,

935 2015 996 2043 quae
1013 2008 1051 2035 ita
1066 2008 1260 2044 depinguntur,
1277 2015 1325 2036 seu
1342 2008 1501 2044 plautantur
1527 2008 1554 2036 in
1582 2008 1732 2041 mentibus,

935 2053 1011 2082 falsa:
1028 2054 1149 2082 scientiae
1164 2054 1298 2087 doctrina,
1325 2062 1379 2083 non
1402 2054 1503 2084 frustra
1528 2055 1640 2091 quilibet
1661 2055 1731 2083 idola

936 2104 1026 2135 vocat,
1056 2107 1071 2128 a
1098 2101 1195 2136 quibus
1221 2101 1301 2130 idolis
1334 2105 1436 2136 monet,
1465 2106 1494 2129 ut
1522 2109 1552 2129 se
1577 2101 1733 2130 custodiant

937 2154 1043 2180 omnes,
1057 2147 1104 2183 qui
1118 2148 1153 2175 ad
1171 2147 1257 2176 Deum
1284 2155 1378 2176 verum
1407 2153 1566 2177 reverenter
1587 2148 1731 2176 accedunt.

91 2187 212 2220 habebit,
223 2191 254 2215 ut
263 2194 344 2215 verus
354 2186 391 2215 sit
401 2186 484 2214 Deus.
493 2185 608 2218 Rursus,
616 2186 638 2213 si
651 2185 708 2222 (86)
715 2193 794 2214 verus
805 2186 880 2218 Deus.

965 2193 987 2220 ic
999 2192 1071 2220 enirn
1088 2193 1232 2221 intellectis
1253 2193 1344 2222 verbis
1370 2194 1558 2228 praesentibus,
1586 2192 1732 2221 terminum

91 2234 250 2268 prohibetur
262 2233 314 2262 hoc
326 2240 388 2261 esse
404 2232 496 2260 Pater.
510 2232 680 2268 Quapropter
694 2237 821 2270 tanquam
830 2234 886 2272 (87)

126 2302 150 2318 "
162 2301 240 2330 Joan.
249 2306 269 2334 t,
288 2302 316 2330 5.

95 2346 122 2373 ιι,
142 2337 175 2364 id
210 2345 270 2372 sqq.

127 2405 184 2477 (8%)
203 2405 297 2433 Recte.
310 2420 346 2425 —
360 2406 393 2433 G.
408 2405 534 2438 coniecit,
554 2405 704 2445 declaratis,
721 2407 803 2435 male.

127 2441 172 2477 (83
204 2439 304 2477 Ἐλθών
319 2441 466 2476 interponit
482 2440 514 2467 Ι).
530 2440 608 2468 Facit
623 2448 685 2468 cum
717 2442 769 2469 hoc
791 2449 803 2469 c

127 2439 184 2477 (83)
204 2439 304 2477 Ἐλθών
319 2441 466 2476 interponit
482 2440 514 2467 Ι).
530 2440 608 2468 Facit
623 2448 685 2468 cum
717 2442 769 2469 hoc
791 2442 884 2470 codice

91 2476 187 2503 Latina
202 2476 302 2503 versio.

128 2511 186 2545 (84)
202 2510 241 2546 ita
254 2511 362 2546 egregie
376 2510 409 2538 G.
424 2509 522 2546 Vulgo,
537 2510 620 2546 igitur
633 2511 753 2540 alterius.

128 2545 310 2580 (85)~Repone
322 2545 421 2573 Filius.

129 2580 185 2620 (86)
206 2579 430 2620 Interponendum
442 2580 549 2609 videtur
560 2580 652 2610 Pater.
665 2581 726 2611 llo:
741 2582 883 2620 legendum

91 2617 209 2651 Videtur,
223 2615 380 2651 perhibetur.

365 2301 388 2319 ’³
404 2299 488 2329 Eccli.
500 2308 576 2334 xxrv,
590 2300 642 2335 li;
672 2301 754 2330 Prov.
769 2310 827 2337 vui,
845 2304 882 2334 25
898 2314 958 2343 sqq.

940 2239 1096 2274 percepisse
1109 2238 1258 2274 Epistolam
1273 2247 1335 2268 cum
1350 2240 1454 2268 ratione
1469 2239 1623 2268 fatebimur.

1011 2308 1035 2325 ’δ
1054 2307 1142 2336 lCor.
1158 2316 1207 2342 vn,
1225 2308 1271 2336 40.
1309 2309 1333 2325 ’⁵
1352 2307 1362 2336 l
1386 2308 1450 2338 Cor.
1475 2317 1512 2343 tv,
1531 2310 1560 2337 8.
1597 2309 1620 2326 ’⁸
1638 2309 1648 2336 Ι
1666 2309 1730 2338 Cor.

941 2445 947 2451 ο
976 2410 1032 2446 (87)
1043 2409 1185 2451 Gallaudio
1196 2410 1338 2447 legendum
1357 2411 1464 2439 videtur
1479 2416 1603 2446 (unquam
1613 2411 1730 2440 heretici

938 2450 1021 2476 θην..
1036 2450 1119 2474 recte.

974 2454 1257 2550 (’88)r§:is%ribendum
1272 2485 1315 2510 est
1328 2501 1336 2512 ,
1355 2482 1497 2511 vilissimis.

986 2516 1031 2550 89)
1048 2515 1087 2543 Er
1102 2515 1203 2544 Graecus
1217 2518 1246 2543 ἐν
1260 2517 1373 2550 τοιαύτῃ
1393 2517 1495 2550 συνόδῳ

986 2515 1031 2550 89)
1048 2515 1087 2543 Ex
1102 2515 1246 2553 Gnecisév
1260 2517 1373 2553 τοιαύτῃ
1393 2517 1495 2553 συνόδῳ
1519 2516 1582 2552 ἄρτι
1609 2517 1731 2551 ἀφεστα-

941 2551 1048 2586 μένους,
1061 2555 1125 2584 etc.,
1143 2552 1258 2586 corrige,
1272 2552 1300 2579 in
1315 2551 1389 2579 lanio
1405 2551 1516 2580 concilia
1531 2551 1613 2585 nuper
1629 2554 1729 2579 consli-

939 2592 1004 2623 ιιιιρ.
1020 2586 1192 2623 sententiam
1207 2595 1259 2614 non
1277 2587 1310 2614 ad
1324 2588 1404 2616 verba
1419 2588 1535 2616 reddidit
1550 2586 1730 2623 Epiphanius.

973 2621 1030 2657 (90)
1047 2621 1159 2658 Corrige
1175 2623 1310 2658 quidlibet.
