1913 3071
175 170 243 199 1809

617 173 821 206 ENARRATIO
839 177 873 206 IN
894 178 1089 210 EPISTOLAM
1107 183 1129 211 ll
1153 183 1182 211 S.
1197 184 1349 216 JOANNIS.

1740 193 1810 226 1810

182 251 1803 283 Ἢ

639 337 862 385 ΒῘΒῩΜΙ
900 340 1324 394 ALEXANDRINI

539 508 735 539 EPISTOLAM
753 511 822 540 DlVl
841 513 986 545 JOANNIS
1005 517 1193 549 SECUNDAM
1212 521 1426 556 ENARRATIO.

204 665 286 694 Vens.
317 666 344 694 6.
371 667 425 695 tEt
450 668 509 697 haec
533 674 575 698 est
599 672 731 710 charitas,

165 714 313 741 secundum
325 714 451 742 mandata
465 716 534 751 ejus.
548 726 558 744 ι

746 680 776 704 ut
791 677 958 710 ambulemus
972 685 997 715 Α

202 759 324 787 Praesens
338 761 438 788 dictum
463 763 610 792 concordat
632 765 673 794 bis
701 775 762 803 quae
791 770 819 798 in
836 771 957 808 Epistola

164 806 250 840 prima
266 806 353 834 relata
367 812 440 841 sunt,
457 809 503 837 ubi
518 811 587 838 ait"
601 819 609 839 :
628 821 638 838 ‹
653 813 688 841 Et
702 815 814 850 scimus,
827 806 955 854 quoniam

162 852 208 886 qui
225 851 313 888 diligit
326 852 422 886 Deum,
448 856 572 884 mandata
586 858 645 892 ejus
656 865 758 894 servat,
769 872 779 888 ι
792 851 857 892 etin
870 865 958 895 Evan-

162 898 241 932 geliis
258 900 296 927 ait
304 900 348 928 9':
369 909 378 926 t
394 900 425 928 Si
437 902 498 936 quis
514 902 601 939 diligit
616 912 670 941 me,
695 909 820 938 mandata
835 919 894 940 mea
907 921 956 941 cu-

161 945 271 973 stodiat.
289 955 298 972 ι

197 990 302 1019 Ταυτὸν
314 993 371 1020 ἐστι
380 994 411 1020 τὺ
423 1003 541 1031 περιπα-

159 1037 217 1063 τεῖν
244 1038 315 1066 κατὰ
337 1039 387 1071 τὰς
413 1041 540 1074 ἐντολὰς,

158 1086 199 1122 τῷ
221 1088 314 1122 τηρεῖν
338 1088 434 1120 αὐτάς.
465 1088 541 1116 Ἐπεὶ

159 1134 214 1170 γὰρ
237 1136 389 1170 πρακτικαὶ
409 1136 459 1171 (αἱ)
477 1137 541 1173 ἀρε-

158 1181 215 1214 ταὶ,
229 1183 257 1208 αἱ
271 1182 342 1209 κατὰ
362 1182 412 1215 τὰς
430 1183 540 1216 ἐντολὰς

159 1227 201 1253 ὲνε
207 1228 271 1263 ργού
275 1236 354 1264 μεναι
359 1249 366 1261 ,
394 1237 426 1255 πε
431 1231 541 1264 ριπατεῖ

159 1275 220 1300 κατ’
234 1274 321 1306 αὑτὰς
333 1275 347 1301 ὁ
363 1276 400 1311 μὴ
418 1275 471 1308 ἔξω
490 1276 540 1302 αὺ-

159 1318 214 1347 τῶν
228 1320 381 1355 γινόμενος.
397 1322 442 1348 Ἐν
452 1321 539 1358 τούτῳ

156 1365 186 1391 δὲ
213 1366 311 1393 ταυτὸν
332 1366 372 1402 τῷ
397 1368 539 1404 τηρεῖσθαι

157 1411 252 1443 αὐτάς.
269 1412 350 1439 Ὅθεν
366 1414 413 1439 καὶ
435 1415 449 1440 ὁ
467 1422 538 1440 παυ-

158 1456 275 1492 σάμενος
292 1458 338 1484 τοῦ
363 1460 424 1486 κατ’
437 1459 539 1494 ἀρετὴν

158 1503 290 1537 ἐνεργεῖν,
305 1503 365 1530 οὐδὲ
391 1505 470 1539 τηρεῖ
488 1504 539 1535 τὰς

158 1548 279 1581 ἐντολὰς,
303 1548 365 1576 οὔτε
392 1551 540 1585 περιπατεῖ

157 1594 218 1621 κατ’
241 1595 335 1627 αὑτάς.
364 1595 392 1622 '0
405 1595 461 1631 γὰρ
477 1596 538 1623 κατ’

157 1641 258 1677 ἀρετὴν
284 1641 447 1676 προκόπτων
468 1642 538 1670 κατὰ

156 1687 207 1719 τὰς
229 1686 338 1719 ἐντολὰς
365 1687 479 1722 βαδίζει,
503 1703 538 1709 -

155 1733 204 1761 τοῦ
222 1734 380 1770 περιπατεῖν
396 1735 537 1771 προκοπὴν

155 1778 299 1815 δηλοῦντος
318 1778 366 1806 τοῦ
382 1779 442 1806 τελε
447 1780 539 1808 ιωθέν-

155 1835 212 1860 τος,
226 1827 295 1862 μετὰ
307 1827 338 1853 τὸ
351 1836 538 1864 περιπεπατη-

156 1873 233 1900 κέναι
257 1873 328 1900 κατὰ
354 1873 404 1905 τὰς
429 1874 537 1906 ἐντολὰς

156 1917 306 1954 τηροῦντας
321 1918 376 1954 (91)
391 1918 486 1951 αὐτάς.

576 996 650 1025 Idem
668 1006 785 1035 namque
802 1007 844 1032 est
859 1004 956 1032 ambu-

578 1039 635 1070 lare
650 1047 798 1074 secundum
817 1049 955 1085 mandata,

576 1088 648 1122 quod
676 1097 787 1120 servare
811 1101 855 1122 ea.
878 1094 956 1127 Quod

575 1133 648 1161 enim
678 1138 798 1167 actuales
821 1145 884 1167 sunt
901 1140 956 1168 vir-

578 1183 666 1215 tutes,
702 1191 762 1218 quae
805 1186 956 1216 secundum

576 1227 703 1256 mandata
728 1230 812 1265 ﬁunt,
835 1234 958 1263 ambulat

575 1273 722 1302 secundum
740 1283 797 1310 eas,
812 1279 857 1313 qui
876 1285 954 1308 extra

575 1324 621 1344 eas
634 1326 686 1347 non
702 1321 826 1351 eﬂicitur.
851 1324 880 1352 ln
903 1326 956 1354 hoc

574 1366 644 1393 enim
663 1367 734 1396 idem
748 1372 887 1401 ambulare
909 1383 954 1403 se-
970 1358 993 1386 Β

575 1411 690 1439 cundum
713 1421 756 1448 ea,
777 1419 849 1451 quod
866 1424 955 1448 custo-

575 1455 633 1484 dire
644 1462 695 1484 est.
711 1458 797 1494 Unde,
807 1463 853 1496 qui
866 1470 955 1493 cessat

575 1499 601 1526 in
618 1508 699 1536 opere
720 1507 869 1535 secundum
897 1509 953 1536 vir-

577 1550 680 1581 tutem,
708 1557 795 1586 neque
829 1555 953 1582 mandata

575 1598 667 1621 servat
707 1596 837 1632 ulterius,
867 1608 954 1636 neque

575 1639 695 1668 ambulat
724 1644 874 1672 secundum
909 1654 952 1675 ea.

575 1686 615 1715 Ex
627 1688 808 1726 abundantiis,
820 1693 952 1729 siquidem

574 1733 679 1762 dicetur
704 1741 732 1764 et
757 1738 809 1767 hoc
846 1742 950 1770 modo:

574 1781 621 1816 qui
646 1785 793 1813 secundum
823 1787 951 1818 virtutem

574 1827 695 1862 prolicit,
714 1831 836 1860 ambulat
860 1835 952 1870 utique

573 1875 722 1902 secundum
789 1880 914 1908 mandata
942 1902 951 1916 ,

573 1921 681 1954 quando
698 1922 836 1952 ambulare
861 1926 952 1960 profe-

155 1969 230 1991 ctum
269 1963 389 1991 insinuat
417 1964 531 1999 perfecti
558 1965 623 1998 viri,
662 1967 707 2001 qui
725 1973 867 2004 postquam
893 1978 951 1999 am-

156 2008 289 2036 bulaverit
308 2009 456 2037 secundum
480 2011 617 2044 mandata,
640 2012 721 2040 etiam
757 2019 846 2043 servat
871 2023 913 2045 ea.

157 2054 227 2082 Huic
242 2053 315 2082 dicto
333 2055 482 2083 concordat
495 2056 589 2090 etiam,
601 2057 673 2091 quod
688 2058 716 2085 iii
736 2060 882 2096 aenigmate
909 2063 946 2091 le-

157 2100 240 2135 gitur,
253 2101 324 2136 quod
336 2101 421 2128 Adam
436 2102 540 2136 positus
554 2107 596 2130 est
613 2104 639 2131 in
655 2105 794 2140 paradiso,
811 2112 840 2135 ut
850 2115 947 2143 opera-

156 2151 234 2174 retur
250 2151 277 2175 et
290 2147 438 2175 custodiret
454 2156 515 2176 eum
534 2149 568 2177 ”.
584 2149 634 2178 Ubi
650 2158 699 2186 per
709 2154 892 2188 operationem
904 2156 946 2184 et-

156 2193 244 2221 iectus
257 2194 456 2228 provectionem
471 2195 607 2231 designat,
632 2204 681 2232 per
704 2201 855 2229 custodiam
881 2210 947 2232 vero

156 2237 331 2272 perfectionis
344 2240 429 2275 ipsius
446 2245 546 2268 statum
566 2246 647 2277 atque
660 2245 856 2274 constantiam.

192 2283 274 2312 Vsus.
289 2285 364 2314 9-H.
384 2295 394 2312 ι
408 2286 512 2321 Omnis,
525 2288 572 2323 qui
591 2289 702 2322 recedit,
719 2295 747 2318 et
770 2299 824 2320 non
840 2300 948 2328 perma-

156 2334 203 2357 net
216 2330 244 2357 in
259 2331 381 2358 doctrina
396 2332 506 2366 Christi,
523 2334 607 2362 Deum
623 2343 675 2363 non
695 2337 798 2371 habet;
817 2339 864 2374 qui
880 2347 944 2375 per-

157 2381 248 2404 tuanet
270 2378 297 2405 in
326 2378 458 2413 doctrina,
473 2379 518 2408 hic
533 2385 560 2407 et
571 2379 678 2409 Patrem
692 2386 720 2409 et
737 2382 836 2411 Filium
851 2385 944 2414 habet.

157 2422 186 2449 Si
203 2423 264 2457 quis
280 2424 353 2451 venit
367 2425 400 2452 ad
414 2432 470 2457 vos,
485 2430 514 2452 et
534 2425 604 2454 hanc
620 2427 770 2457 doctrinam
786 2437 840 2458 non
856 2430 944 2466 aﬂ’ert,

157 2468 241 2496 nolite
258 2470 379 2505 recipere
392 2478 453 2498 eum
465 2472 491 2499 in
507 2471 626 2506 domum,
642 2481 692 2501 nec
706 2482 757 2503 ave
772 2477 796 2504 ei
807 2476 945 2507 dixeritis.

156 2513 208 2546 Qui
227 2514 298 2541 enim
318 2515 383 2544 dicit
409 2515 447 2544 illi
462 2523 529 2552 ave,
545 2519 728 2548 communicat
745 2521 873 2556 operibus
887 2523 947 2559 ejus

156 2558 292 2594 malignis.
309 2569 319 2586 ι

1046 685 1136 716 Manet
1153 689 1248 726 utique
1259 691 1287 720 in
1301 695 1455 731 evangelica
1468 698 1600 734 doctrinm,
1630 703 1676 738 qui
1704 713 1803 735 secun-

1008 732 1072 761 dum
1090 743 1150 763 eam
1167 739 1238 773 sapit
1251 741 1357 775 etagit.
1375 743 1438 771 dum
1455 752 1565 780 separat
1577 732 1803 787 semetipsum—ab

1008 778 1064 811 illo,
1092 781 1138 816 qui
1167 782 1233 812 facit
1255 784 1356 821 aliquid
1381 796 1398 817 e
1423 778 1531 821 diverso
1548 798 1576 822 et
1589 778 1804 832 apiario-inde

1008 826 1137 859 quoniatn
1151 835 1201 863 per
1216 832 1353 861 actualem
1367 835 1449 864 vitam
1470 838 1506 866 sit
1526 826 1640 877 alicujus
1657 845 1739 880 Deus,
1756 851 1802 884 qui

1009 876 1117 900 creator
1146 879 1188 902 est
1213 878 1344 913 omnium,
1369 883 1440 910 sicut
1463 876 1610 923 Abraham,
1642 892 1685 919 cui
1710 876 1800 923 dixit:

1011 926 1021 942 ι
1035 917 1092 952 Ego
1116 919 1190 949 Deus
1212 925 1303 959 tuus‘;
1318 935 1328 952 ι
1354 928 1478 965 quisquis
1498 938 1577 962 extra
1602 917 1703 966 rectam
1722 941 1801 970 tidem

1009 967 1300 1005 conversationemque
1316 975 1505 1006 mandatorum
1531 980 1595 1009 Jesu
1621 983 1715 1018 fuerit,
1742 988 1802 1017 sine

1009 1008 1060 1018 nn
1127 1016 1132 1018 Α
1259 1016 1265 1018 _

1008 1008 1064 1037 Deo
1093 1016 1144 1045 est,
1171 1016 1345 1052 semetipsum
1368 1027 1507 1057 separaris,
1540 1033 1590 1055 nec
1610 1028 1692 1058 habet
1704 1008 1799 1066 Deum.

1010 1054 1068 1066 Am
1298 1063 1304 1066 .

1009 1054 1072 1082 dum
1090 1056 1134 1085 ille
1150 1063 1317 1094 separaverit
1332 1054 1506 1102 semetipsum
1524 1078 1539 1098 a
1556 1072 1654 1102 divina.
1665 1054 1799 1112 doctrina:

1008 1102 1137 1134 praedicto
1151 1106 1241 1136 modo.
1260 1117 1270 1134 ι
1285 1108 1311 1137 ls
1328 1112 1375 1146 qui
1389 1120 1481 1142 manet
1493 1116 1520 1144 in
1535 1124 1568 1146 eo
1592 1124 1619 1147 et
1644 1120 1760 1151 Patrem.
1772 1102 1801 1153 ei

1008 1146 1104 1175 Filium
1116 1149 1208 1178 habet.
1224 1162 1233 1178 ›
1246 1153 1287 1181 Ad
1302 1162 1363 1183 eum
1375 1165 1501 1194 namque,
1513 1162 1560 1197 qui
1573 1146 1799 1196 servat—mandata

1008 1192 1077 1227 ejus,
1093 1195 1158 1223 dicit
1176 1196 1270 1233 Filius,
1285 1200 1391 1230 Patrem
1407 1192 1499 1233 secum
1507 1192 1725 1248 venturum,(92)
1742 1222 1800 1242 ma-

1007 1244 1073 1267 neat
1086 1242 1156 1276 apud
1170 1250 1243 1277 eum,
1260 1253 1321 1274 cum
1335 1248 1423 1277 factus
1434 1250 1518 1280 fuerit
1531 1242 1659 1290 templum
1673 1242 1799 1288 sanctum

1007 1285 1169 1315 aadilicatum
1199 1296 1249 1324 per
1272 1291 1489 1325 observationem
1522 1285 1711 1332 mandatorum
1740 1306 1797 1335 Dei.

1007 1329 1075 1358 Cum
1095 1333 1192 1368 duplex
1208 1335 1300 1372 itaque
1316 1339 1351 1367 sit
1366 1342 1461 1370 modus
1476 1344 1592 1374 habendi
1730 1329 1799 1381 alter

1007 1376 1114 1410 quldem
1136 1382 1288 1410 communis
1312 1388 1353 1411 est
1384 1387 1504 1416 omnium
1532 1394 1729 1430 creaturarum,
1751 1405 1799 1432 per

1006 1426 1087 1454 quem
1110 1423 1289 1460 signiﬁcatur,
1315 1435 1410 1458 omnes
1434 1431 1536 1461 habere
1546 1423 1799 1474 creatorempairter

1006 1471 1071 1492 vero
1085 1472 1179 1494 eorum
1193 1467 1295 1498 iudicat
1311 1473 1432 1507 modum,
1455 1476 1502 1510 qui
1526 1485 1576 1513 per
1587 1480 1687 1511 bonam
1703 1467 1797 1514 volun-

1007 1514 1089 1538 tatem
1107 1512 1214 1546 placant
1228 1522 1302 1549 eum,
1315 1519 1465 1549 secundum
1479 1512 1551 1557 quod
1563 1524 1661 1562 legitur
1674 1538 1681 1557 :
1700 1540 1710 1556 ι
1724 1512 1797 1561 Deus

1005 1557 1156 1593 Abraham,
1171 1559 1242 1589 Deus
1257 1562 1344 1596 lsaac,
1360 1565 1429 1594 Deus
1447 1566 1533 1598 Jacob
1551 1576 1578 1600 et
1589 1557 1796 1608 vomniumii'l;

1004 1602 1169 1633 braeorum’.
1186 1615 1197 1632 ι
1227 1607 1345 1637 Adverte
1372 1611 1506 1647 siquidem
1532 1619 1604 1652 quod
1630 1602 1797 1654 hiemdi—ctuin

1005 1653 1065 1677 est:
1078 1659 1087 1676 ι
1103 1650 1154 1685 Qui
1170 1652 1262 1688 habet,
1275 1655 1373 1691 inquit,
1385 1657 1494 1694 Filium,
1506 1650 1589 1691 habet
1604 1670 1632 1693 et
1645 1650 1793 1698 Patrem—:3

1004 1697 1191 1732 etediverso,
1218 1709 1266 1735 per
1292 1710 1352 1737 quae
1377 1706 1483 1735 scilicet
1508 1708 1674 1747 intelligitur,
1700 1716 1795 1745 eadem

1003 1743 1153 1772 substantia
1169 1746 1225 1781 (95)
1240 1754 1300 1776 esse
1315 1750 1475 1782 divinitatis.
1493 1754 1562 1789 Quia
1578 1743 1655 1787 enim
1667 1743 1796 1791 'Pateriin

1003 1788 1073 1817 Filio
1092 1795 1144 1825 est,
1164 1793 1211 1828 qui
1229 1793 1310 1823 habet
1325 1795 1434 1832 Filium,
1448 1788 1530 1829 habet
1543 1807 1571 1830 et
1585 1803 1703 1840 Patrem,
1717 1788 1796 1843 ita;

1003 1836 1085 1864 etiam
1120 1839 1288 1873 reciprocum
1319 1848 1381 1872 est:
1409 1851 1472 1873 nam
1496 1848 1542 1882 qui
1567 1849 1649 1878 habet
1675 1852 1794 1887 Patrem,

1003 1881 1084 1910 habet
1108 1887 1136 1910 et
1161 1883 1270 1918 Filium,
1291 1888 1336 1922 qui
1361 1894 1403 1918 est
1423 1890 1451 1918 in
1468 1881 1558 1921 Patre.
1581 1894 1610 1923 Si
1627 1897 1688 1932 quis
1705 1881 1794 1929 autem

1002 1927 1159 1958 incumbere
1171 1932 1265 1960 volens
1281 1934 1373 1964 dicat:
1402 1941 1431 1965 et
1457 1940 1504 1974 qui
1531 1927 1677 1978 discipulos
1701 1927 1794 1981 habet,

1004 1974 1086 2003 habet
1111 1981 1139 2004 et
1160 1976 1277 2007 Filium:
1303 1985 1330 2009 et
1359 1983 1405 2018 qui
1427 1983 1527 2014 Filium
1555 1974 1647 2023 habet,
1671 1974 1796 2023 habete;

963 2027 985 2057 α
1002 2019 1122 2055 Patrem,
1145 2025 1294 2053 secundum
1319 2028 1390 2062 quod
1416 2031 1550 2067 scriptum
1565 2038 1605 2062 est
1619 2044 1626 2064 :
1638 2019 1660 2063 ἐ
1677 2037 1728 2072 Qui
1746 2048 1794 2068 vos

1000 2067 1124 2102 suscipit,
1137 2073 1166 2096 et
1181 2077 1225 2098 me
1238 2073 1361 2107 suscipit,
1378 2079 1406 2103 et
1430 2075 1544 2106 Patrem.
1562 2087 1651 2109 meum
1663 2067 1790 2120 suscipit,

1000 2111 1046 2146 qui
1061 2112 1136 2141 misit
1149 2116 1230 2145 me’:
1247 2126 1258 2144 ι
1274 2118 1353 2152 sciat,
1370 2122 1441 2155 quod
1455 2130 1508 2151 non
1533 2125 1604 2154 sicut
1628 2134 1736 2163 oportet
1749 2132 1792 2159 iu-

999 2158 1098 2186 sinuat.
1111 2159 1174 2190 Haec
1191 2163 1263 2190 enim
1278 2165 1312 2193 de
1326 2166 1449 2196 doctrina
1463 2175 1526 2198 sunt
1540 2172 1624 2207 dicta,
1642 2158 1714 2210 quod
1742 2179 1790 2212 qui

1000 2204 1115 2240 suscipit
1142 2208 1292 2242 apostolos,
1320 2212 1494 2242 consentiens
1524 2223 1618 2245 eorum
1648 2204 1790 2255 doctrinae,

1000 2251 1113 2286 suscipit
1137 2259 1186 2287 per
1211 2262 1259 2282 eos
1284 2255 1382 2285 Filium
1406 2259 1488 2288 simul
1516 2267 1544 2289 et
1565 2262 1688 2299 Patrem,
1710 2274 1791 2302 quem

1000 2297 1158 2330 pra-dicant.
1185 2299 1230 2328 Est
1249 2306 1278 2330 et
1302 2302 1380 2332 aliter
1403 2305 1616 2343 intelligendum,
1649 2297 1791 2346 quoniam,

999 2342 1045 2376 qui
1069 2348 1160 2371 manet
1182 2345 1210 2372 in
1238 2346 1371 2381 doctrina,
1399 2350 1482 2379 habet
1503 2342 1614 2383 Patrem
1640 2342 1667 2385 et
1680 2342 1789 2389 Filium.

998 2387 1156 2417 Manserunt
1167 2390 1195 2418 in
1209 2391 1332 2421 doctrina
1346 2393 1404 2428 ejus
1419 2398 1544 2432 apostoli,
1563 2401 1600 2429 ita
1617 2407 1647 2430 ut
1659 2407 1791 2439 praedica-

998 2439 1150 2464 renteam:
1166 2438 1212 2473 qui
1239 2439 1322 2474 igitur
1340 2441 1453 2477 suscipit
1468 2451 1528 2479 eos,
1554 2454 1616 2476 cum
1643 2438 1697 2479 sint
1720 2457 1790 2482 tem-

997 2480 1070 2515 plum
1096 2481 1157 2517 Dei,
1179 2491 1228 2519 per
1246 2485 1310 2520 [hoc
1333 2490 1406 2522 quod
1432 2492 1546 2527 suscipit
1558 2493 1630 2528 illos,
1650 2480 1790 2528 habetrin-

998 2526 1165 2557 habitaan
1181 2529 1209 2558 in
1225 2531 1265 2560 eis
1281 2531 1379 2562 Filium
1397 2535 1481 2565 simul
1492 2542 1519 2566 et
1532 2526 1651 2569 Patrem.

193 2629 216 2645 ’⁷
235 2629 331 2658 lJoan.
347 2639 377 2665 tt,
402 2631 429 2659 5.
467 2632 490 2648 ’⁸
509 2632 587 2662 .loan.
607 2642 663 2669 xtv,
692 2635 737 2664 {5.
770 2635 865 2666 "Gen.
884 2643 914 2675 n,
934 2640 973 2670 l5.

1018 2640 1183 2678 ‘Gen.xvn,
1198 2644 1226 2673 7.
1263 2646 1274 2662 ³
1290 2646 1376 2676 Exod.
1389 2657 1429 2684 Ill,
1446 2650 1473 2685 6,
1488 2652 1532 2680 i8.
1571 2654 1582 2671 ³
1599 2655 1666 2685 Luc.
1687 2665 1725 2693 ix,
1743 2661 1787 2691 i8.

264 2713 375 2753 gorrige
390 2717 539 2753 τηροῦντος
555 2719 649 2748 Matth.

190 2748 247 2785 (92)
267 2749 335 2778 Gall.
344 2748 479 2788 'conje'cit,
493 2748 547 2790 qui.
560 2755 661 2790 Malim,
675 2762 712 2786 ut.

1033 2728 1090 2763 (95)
1108 2729 1213 2760 Poteris
1229 2733 1372 2774 conjicere,
1391 2737 1707 2774 eamdentsubslanliam.
1731 2742 1787 2774 Nec

1003 2766 1094 2793 tamen
1109 2769 1263 2797 necessaria
1274 2766 1315 2799 est
1331 2766 1387 2800 haec
1400 2771 1524 2802 lectionis
1540 2766 1664 2806 mutatio:
