1913 3071
758 173 880 202 DIDYMI
896 171 1136 202 ALEXANDRINI
1702 173 1777 202 {812

135 182 200 212 ‘IBH

145 255 1744 269 ________._..___..____._.—_—_—————-—_—_——__—_.

659 338 848 378 DIDYMI
886 336 1236 378 ALEXANDRINI

937 434 963 454 ΙΝ

522 502 676 530 ΤΕΒΤΙΑΜ
695 502 766 531 DIVI
785 502 928 531 JOANNIS
947 501 1146 531 EPISTOLAM
1164 501 1377 532 ENABRATID.

170 660 249 687 Vens.
268 659 310 686 Η.
329 667 338 684 ι
353 657 528 691 Charissime,
548 658 603 685 noli
620 658 720 685 imitari
743 658 855 691 malum,
873 659 920 686 sed

992 659 1090 694 ρᾶσθαι
1126 658 1185 693 ὕψει
1232 657 1279 684 κα)¹
1319 656 1357 693 μὴ

134 705 205 739 quod
226 704 324 731 bonum
344 708 395 731 est.
406 703 455 736 Qui
468 703 611 735 benefacit,
627 710 658 731 ex
678 703 734 731 Deo
746 707 799 736 est;
813 705 858 739 qui
873 712 922 732 au-

132 756 185 778 tem
201 751 269 777 male
284 750 356 783 facit,
371 757 421 777 non
437 749 506 776 videt
521 747 615 778 Deum.
629 758 637 774 )

174 796 316 831 Μηδεμιᾶς
370 795 510 826 κοινωνίας

130 843 215 879 οὔσης
233 843 303 878 φωτὶ
318 842 386 878 πρὸς
404 841 509 874 σκότος,

130 892 148 927 ἢ
166 891 325 928 συμφωνίας
390 890 510 927 Χριστοῦ

131 938 202 974 πρὸς
229 935 340 973 Βελίαρ,
364 937 378 964 ὁ
408 936 510 972 ἀγαθο-

131 984 216 1010 ποιῶν
260 983 421 1020 πρακτικῶς
463 982 511 1009 καὶ

131 1030 315 1066 θωρητικῶς,
332 1029 448 1066 Χριστὸν
465 1028 510 1055 τὸν

130 1076 197 1103 Θεὸν
225 1075 294 1110 ἔχων
320 1075 398 1111 (9-1),
421 1074 510 1108 ὑπάρ-

130 1129 212 1156 χοντα
262 1120 320 1156 φῶς
367 1119 509 1156 ἀληθινὸν,

130 1167 225 1202 πόρρω
249 1166 296 1193 τοῦ
325 1165 435 1197 σκότους
461 1165 510 1192 καὶ

129 1212 176 1240 τοῦ
204 1213 302 1248 Βελίαρ
328 1212 410 1239 ἐστίν.
431 1211 512 1238 Ἀλλὰ

131 1259 180 1286 καὶ
217 1259 277 1285 ἐπεὶ
314 1258 433 1285 ἐναντίον
472 1256 511 1292 τῷ

130 1304 304 1339 ἀγαθοποιεῖν
311 1304 342 1330 τὸ
351 1303 435 1330 κακὸν
444 1302 509 1338 (95),

129 1352 145 1378 ὁ
156 1350 312 1382 κακοποιὸς,
321 1350 355 1376 δι’
368 1348 450 1375 αὑτοῦ
464 1348 511 1375 τοῦ

129 1397 216 1429 οὕτως
243 1397 376 1433 ἐνεργεῖν,
405 1396 438 1421 ὲκ
464 1395 511 1421 τοῦ

130 1444 230 1479 Βελίαρ
249 1443 296 1470 καὶ
325 1441 371 1468 τοῦ
400 1441 512 1472 σκότους

131 1489 179 1522 ὢν,
190 1490 238 1525 οὐχ
255 1488 361 1525 ἑώρακε
375 1487 420 1514 τὸν
433 1486 510 1519 Θεὸν,

131 1535 191 1562 οὐδὲ
214 1534 285 1561 κατὰ
307 1534 391 1561 ποσὸν
413 1532 512 1567 γνῶσιν

131 1580 213 1608 αὑτοῦ
237 1580 316 1616 ἔχων.
339 1579 397 1612 Πᾶς
420 1578 474 1615 γὰρ
497 1579 511 1605 ὁ

132 1627 297 1663 ἁμαρτάνων
327 1627 376 1661 οὐχ
404 1624 510 1660 ἑώρακε

131 1674 177 1700 τὸν
204 1673 280 1705 Θεὸν,
306 1671 368 1698 οὐδὲ
393 1672 511 1705 ἔγνωκεν

132 1719 224 1747 αὐτόν.
243 1718 320 1745 Ἐπεὶ
341 1717 368 1744 δὲ
392 1717 422 1743 τὸ
446 1717 511 1752 ὸρᾷν

579 794 647 822 Cum
674 795 745 823 nulla
769 796 924 824 communio

545 839 581 868 sit
598 840 650 867 luci
668 841 701 868 ad
723 841 860 876 tenebras,
877 846 924 869 aut

545 886 689 914 concordia
723 887 831 915 Christo
861 895 922 915 cum

544 931 638 965 Belial,
662 932 708 967 qui
734 932 833 960 bonum
858 934 924 961 facit

545 977 687 1004 actualiter
702 982 783 1013 alque
804 983 924 1006 contem-

544 1025 654 1059 plative,
678 1025 760 1053 Deum
784 1025 923 1054 Clu-istum

545 1071 658 1104 habens,
671 1072 718 1106 qui
731 1076 774 1099 est
787 1079 851 1099 vera
865 1072 924 1105 lux,

545 1118 639 1152 procul
658 1123 700 1146 est
723 1126 738 1145 a
761 1119 880 1146 tenebris
899 1123 925 1146 et

545 1163 647 1191 Belial:
665 1165 791 1199 quoniam
815 1170 925 1192 contra-

545 1210 614 1237 riutn
623 1215 664 1238 est
675 1209 853 1238 benefacienti
873 1218 926 1237 ma-

545 1257 688 1286 leiacere:
715 1258 762 1292 qui
790 1257 925 1286 malefacit

545 1311 592 1339 per
604 1303 655 1330 hoc
668 1303 755 1338 ipsum
768 1311 847 1338 opus,
862 1311 922 1331 cum

546 1350 581 1378 sit
596 1351 678 1378 Belial
693 1355 720 1378 et
737 1351 922 1384 tenebrarum,

546 1397 569 1422 is
587 1403 639 1423 non
654 1396 727 1423 videt.
753 1395 848 1430 Deum,
874 1404 924 1424 nec

545 1442 691 1470 secundum
708 1442 863 1477 qualitatem
876 1443 924 1470 ali-

545 1494 625 1521 quam
650 1486 814 1522 agnitionem
843 1487 924 1515 habet

546 1533 612 1567 ejus.
638 1531 733 1560 Omnis
760 1533 852 1565 enim,
877 1534 923 1568 qui

548 1583 655 1614 peccat,
678 1587 730 1606 non
756 1580 822 1607 vidit
846 1587 924 1614 eum,

548 1633 597 1652 ncc
623 1626 732 1660 agnovit
757 1633 836 1658 eum;
856 1626 928 1661 quod

548 1679 613 1699 vero
636 1672 728 1700 videre
751 1679 861 1707 corpus,
883 1677 930 1700 aut

550 1724 602 1744 non
627 1717 734 1750 videre,
758 1723 869 1752 aspectu
891 1718 928 1746 uti

134 1765 214 1801 σῶμα
226 1785 233 1798 ,
254 1764 302 1792 καὶ
325 1763 362 1800 μὴ
383 1764 460 1799 ὁρᾷν,
479 1762 517 1798 τῷ
555 1761 596 1790 vel
611 1769 664 1790 non
683 1763 721 1790 uti
738 1768 854 1798 constat,
867 1771 929 1791 cum

152 1823 164 1839 ⁵
181 1822 253 1851 Psal.
269 1830 362 1854 xxxvr,
376 1822 420 1850 27.

171 1895 226 1930 (94)
239 1895 306 1922 Θεὸν
319 1895 364 1922 τὸν
381 1894 498 1930 Χριστὸν
512 1894 582 1930 ἔχων
597 1893 628 1920 D.
645 1893 720 1921 Hanc
748 1899 838 1919 veram
866 1899 927 1920 csse

134 1929 277 1959 lectionem
292 1929 458 1957 demonstrat
476 1929 546 1956 vers.
562 1929 623 1956 Lat.

171 1966 228 1999 (95)
247 1966 411 1992 Κακοποιεῖν
426 1965 458 1998 D,
474 1969 560 1992 recte.
577 1963 665 1991 liabet
682 1962 754 1991 enim
780 1969 850 1990 vers.
871 1971 927 1989 ma—

974 705 1092 741 χρᾶσθαι
1102 703 1276 740 γνωρίζεται,
1287 705 1358 740 ὁρω-

975 750 1058 786 μένου
1083 749 1130 776 τοῦ
1157 748 1287 784 αἰσθητοῦ
1311 749 1358 776 καὶ

973 795 1012 831 τῷ
1025 794 1226 827 κακοποιοῦντι,
1237 795 1283 822 ἐὰν
1296 794 1357 829 ὄψιν

978 842 1035 878 ἔχει
1052 842 1119 877 (96),
1135 842 1173 878 μὴ
1189 841 1357 877 βλεπομένου

974 887 1003 915 δὲ
1018 888 1057 924 τῷ
1069 887 1241 924 στερουμένῳ
1257 888 1356 923 ὅψεως,

976 935 1026 962 κᾶν
1051 934 1214 969 ἀγαθοποιὸς
1231 934 1260 971 ᾖ,
1278 935 1359 962 ἀναν-

974 982 1122 1019 τιρρήτως.
1147 979 1195 1014 Οἷς
1220 981 1278 1017 ἅμα.
1305 981 1357 1009 δεί-

975 1037 1071 1055 κνυται
1092 1028 1159 1064 (97),
1178 1028 1236 1062 εἴγε
1259 1027 1359 1062 ἀγαθο-

976 1074 1107 1108 ποιοῦντι,
1122 1075 1165 1101 διὰ
1185 1075 1218 1101 τὸ
1235 1074 1358 1110 καθαρὰν

976 1122 1089 1157 καρδίαν
1124 1121 1197 1157 ἔχειν
1205 1142 1212 1152 .
1243 1122 1339 1157 ὁρᾶται
1350 1141 1358 1154 ,

976 1167 1028 1194 κᾶν
1044 1168 1132 1202 ὅψεως
1154 1168 1292 1202 λείπηται,
1309 1167 1359 1202 οὐχ

976 1212 1113 1249 ὁρώμενος
1129 1213 1167 1248 τῷ
1180 1212 1359 1240 κακοποιοῦν-

976 1267 1013 1291 τι,
1032 1259 1084 1286 κᾶν
1100 1259 1308 1292 ὀξυωπέστατος

978 1304 1148 1339 Παρίσταταί
1171 1313 1201 1331 τε
1229 1305 1358 1331 τάναντία

977 1349 1058 1382 εἶναι,
1069 1350 1116 1376 καὶ
1132 1350 1176 1377 διὰ
1187 1350 1266 1377 τοῦτο
1278 1351 1359 1377 ἀσυν-

978 1397 1117 1433 ὑπαρκτα,
1135 1397 1166 1423 τὺ
1185 1397 1360 1431 ἀγαθοποιεῖν

979 1451 1060 1480 φημι,
1073 1443 1119 1470 καὶ
1133 1445 1301 1475 κακοποιεῖν,
1312 1442 1360 1470 καὶ

977 1489 1010 1516 ἐκ
1017 1489 1074 1523 τοῦ,
1084 1498 1093 1515 ι
1101 1489 1243 1516 ’Έκκλινον
1252 1489 1305 1516 ἀπὺ
1315 1497 1362 1516 κα-

978 1536 1027 1564 κοῦ
1042 1536 1088 1564 καὶ
1099 1537 1211 1572 ποίησον
1223 1536 1334 1571 ἀγαθὸν,
1348 1547 1359 1563 ›

979 1583 1026 1610 καὶ
1039 1583 1092 1610 τῶν
1107 1583 1305 1619 παραπλησίως
1319 1593 1362 1619 γε-

977 1629 1153 1664 γραμμένων.

977 1676 1058 1707 malo,
1083 1681 1110 1703 et
1132 1675 1176 1703 fac
1199 1676 1298 1703 bonum
1310 1675 1352 1708 ⁵,»

979 1721 1118 1757 Scriptura
1141 1722 1231 1749 divina
1251 1722 1355 1749 relatis.

1016 1892 1072 1928 (96)
1096 1893 1160 1929 Ἐχῇ
1177 1893 1210 1925 Ι),
1226 1898 1308 1929 recte.

1392 655 1500 691 aliquod
1511 655 1638 684 sensibile
1648 655 1775 684 videatur

1393 704 1474 730 etiam
1496 702 1531 730 ab
1549 710 1591 736 eo,
1610 703 1658 737 qui
1685 703 1773 731 male-

1390 748 1465 781 facit,
1475 750 1497 777 si
1509 753 1646 784 aspectum
1656 748 1772 782 habeat;

1391 799 1420 822 et
1448 794 1471 822 si
1510 802 1564 822 non
1595 794 1700 826 videat,
1726 795 1775 830 qui

1392 844 1502 875 aspectu
1538 839 1668 874 privatur,
1710 841 1776 869 licet

1392 887 1428 915 sit
1451 888 1561 916 bonus:
1584 887 1771 915 indubitanter

1392 935 1558 968 ostenditur,
1595 935 1678 962 Deum
1718 942 1773 963 non

1392 989 1452 1009 esse
1467 989 1575 1016 corpus,
1597 982 1706 1016 quando
1726 983 1775 1010 be-

1393 1027 1542 1060 nefaciens,
1566 1035 1599 1055 eo
1624 1029 1696 1062 quod
1727 1036 1777 1055 cor

1393 1074 1491 1102 habeat
1524 1074 1672 1108 mundum,
1700 1075 1775 1102 videt

1394 1119 1489 1152 Deum,
1506 1120 1568 1147 licet
1585 1123 1695 1154 aspectu
1714 1127 1777 1147 car-

1394 1165 1447 1192 nali
1478 1166 1601 1201 privatus
1629 1166 1683 1199 sit,
1710 1174 1774 1194 cum

1394 1220 1448 1240 non
1468 1213 1557 1240 videat
1580 1220 1641 1240 eum
1664 1213 1777 1240 malefa-

1393 1260 1479 1292 cieus,
1500 1259 1624 1292 quamvis
1644 1259 1704 1286 acie
1727 1267 1775 1287 re-

1394 1307 1535 1334 hementer
1543 1311 1622 1334 acuta
1631 1306 1774 1334 consistat.

1394 1352 1427 1379 Et
1441 1360 1475 1380 ex
1491 1352 1542 1380 hoc
1565 1360 1629 1387 ergo
1655 1353 1718 1389 (hoc
1735 1358 1777 1381 est

1393 1397 1580 1425 benefaciendi
1606 1403 1633 1426 et
1663 1398 1779 1426 malefa-

1396 1444 1484 1471 ciendi
1504 1444 1641 1479 sermone)
1665 1445 1777 1472 deumn-

1397 1495 1484 1522 strat,
1510 1497 1571 1524 qua:
1611 1490 1691 1517 simul
1721 1498 1776 1518 non

1397 1537 1559 1570 subsistunt,
1580 1545 1640 1565 esse
1665 1543 1778 1565 contra-

1398 1583 1455 1617 ria;
1473 1584 1537 1610 item
1552 1591 1585 1610 ex
1601 1591 1633 1611 eo
1648 1584 1720 1618 quod
1735 1583 1778 1611 di-

1397 1633 1471 1656 ctum
1505 1635 1547 1657 est
1569 1638 1603 1656 :4
1618 1629 1729 1657 Declina
1759 1638 1776 1657 τι

1391 1681 1419 1704 et
1445 1675 1601 1710 hujusmodi
1628 1675 1717 1704 verbis
1749 1676 1778 1704 in

1017 1923 1072 1963 (97)
1087 1929 1115 1955 In
1126 1923 1186 1961 'h'i's,
1200 1923 1221 1956 si
1239 1928 1335 1956 Latina
1348 1929 1438 1956 versio
1470 1933 1653 1962 comparatur,
1683 1927 1775 1963 aliqua

981 1964 1076 1991 deesse
1091 1964 1226 1998 videntur,
1242 1969 1270 1991 et
1290 1964 1473 2000 interpunctio
1485 1964 1624 1992 mutanda.

142 2076 1753 2091 ,_______________________________._____________.

134 2000 254 2036 lefacere.

663 2158 852 2198 DIDYMI
892 2156 1243 2196 ALEXANDBINI

940 2253 966 2274 IN

118 2348 149 2355 χ,
166 2354 259 2362 ﬁ,“
471 2325 667 2354 EPISTOLAM
695 2323 806 2358 _BEAT[
824 2322 924 2352 .IUDxE
944 2323 1114 2353 APOSTOLI
1133 2321 1334 2351 ENARRATIO
1354 2322 1421 2358 (98).

170 2476 255 2506 Vens.
272 2476 299 2503 4.
342 2484 351 2501 ‹
371 2475 590 2504 Subintroierunt
618 2476 690 2504 enim
732 2475 841 2510 quidam
871 2475 922 2502 ho-
940 2480 962 2511 ο
1015 2473 1132 2502 Omnino
1145 2473 1272 2508 quoniam
1299 2471 1377 2500 Jesus
1401 2471 1484 2499 semel
1507 2471 1632 2506 populum
1649 2471 1682 2498 de
1698 2475 1773 2498 terra

137 2522 224 2550 mines
237 2521 324 2557 impii,
343 2521 388 2556 qui
417 2521 480 2548 olim
511 2521 676 2555 praescripti,
700 2525 728 2549 et
741 2521 925 2556 pradestinati
980 2520 1091 2555 Egypti
1108 2520 1237 2551 liberans,
1256 2519 1384 2554 deinceps
1397 2527 1445 2546 eos
1460 2519 1506 2553 qui
1516 2525 1567 2545 non
1584 2517 1773 2549 crediderunt,

137 2572 215 2595 erant
230 2568 256 2595 in
274 2568 326 2596 hoc
340 2566 482 2602 judicium,
495 2567 602 2594 Domini
619 2567 703 2594 nostri
714 2567 830 2602 gratiam
841 2573 927 2595 trans-

137 2612 257 2642 icrentes
273 2613 300 2641 in
317 2613 461 2646 luxuriam,
481 2618 508 2641 et
522 2612 609 2641 solum
625 2613 900 2646 Dominatorcm,elc.
915 2621 925 2639 ›

173 2682 230 2720 (9S)
255 2683 285 2711 In
305 2682 540 2720 sc_hpliis_Grazcis
569 2689 653 2720 pauca
679 2682 825 2720 admodum
851 2683 925 2720 inje-

140 2717 253 2746 ninntitr
277 2725 311 2745 ex
329 2717 487 2753 Didymiana
501 2718 684 2753 enarratione
706 2718 857 2752 desumpta.
873 2718 924 2753 De-

137 2753 268 2788 prehendi
281 2752 405 2787 equidem
422 2752 555 2780 interdum
584 2753 732 2788 maximum
758 2753 784 2780 in
809 2752 925 2787 singulis

137 2788 279 2816 sententiis
292 2794 462 2820 consensum,
475 2787 511 2815 ita
527 2792 555 2815 ut
567 2788 599 2815 ad
616 2787 721 2822 Didymi
735 2788 924 2815 auctoritatem

139 2827 167 2849 et
179 2822 367 2857 inventionem
385 2823 505 2849 revocari
523 2830 601 2857 posse
614 2824 705 2850 omnia
720 2823 872 2850 videantur.
891 2823 926 2850 At

140 2856 184 2892 ubi
197 2858 279 2885 verba
295 2856 543 2892 sententiarumque
565 2865 663 2885 nexum
679 2858 784 2885 diversa
802 2865 862 2886 esse
880 2858 924 2884 in-

139 2891 238 2928 tcilcxi,
257 2891 340 2921 malui
367 2892 480 2927 Didyme
505 2892 594 2928 aliqua
619 2894 712 2922 deesse
736 2900 818 2927 quam
836 2893 925 2922 aliena

981 2566 1099 2601 perdidit
1115 2565 1182 2601 (99).
1204 2564 1319 2598 Quidam
1347 2565 1471 2592 homines
1498 2564 1583 2598 impii,
1601 2564 1773 2598 Scripturam

983 2612 1101 2640 divinam
1121 2613 1236 2648 quodam
1264 2616 1371 2639 utentes
1396 2611 1459 2638 dolo
1482 2616 1562 2645 atque
1590 2610 1775 2645 malignitate.

981 2681 1127 2710 vindicari.
1152 2681 1207 2709 Hoc
1224 2686 1326 2713 tamen,
1341 2681 1363 2708 si
1377 2681 1438 2716 quis
1453 2680 1605 2708 accuratius
1618 2687 1679 2707 cum
1692 2680 1774 2707 scho-

978 2717 1021 2744 liis
1039 2717 1239 2744 enarrationem
1262 2717 1368 2752 Didymi
1395 2716 1604 2752 comparaverit,
1633 2716 1773 2752 neminem

978 2752 1073 2786 fugiet,
1090 2752 1254 2779 scholiorum
1270 2750 1465 2787 compositores
1477 2751 1620 2786 Didymqu
1640 2750 1774 2778 multisin

977 2787 1044 2814 locis
1059 2792 1166 2814 secutos
1181 2794 1250 2814 esse.

1015 2822 1071 2858 (99)
1093 2821 1155 2850 Hmc
1170 2830 1223 2850 non
1240 2822 1366 2858 Didymo.
1387 2822 1434 2849 sed
1461 2821 1538 2858 .lndae
1571 2820 1712 2858 tribuenda
1728 2820 1774 2848 vi-

979 2856 1086 2888 dentur.
1116 2858 1153 2884 ita
1183 2862 1214 2884 ut
1236 2856 1299 2884 non'
1316 2862 1442 2892 quartum
1466 2857 1564 2889 solmn,
1581 2856 1628 2892 sed
1643 2856 1772 2890 quintum

977 2892 1059 2921 simul
1073 2892 1200 2928 Epistolze
1213 2891 1329 2921 versum
1347 2892 1537 2928 explicandum
1555 2891 1607 2922 sibi
1621 2892 1774 2927 sumpserit
