1913 3071
149 175 217 203 1815

641 172 842 201 ENARRATIO
861 172 894 200 ΙΝ
915 170 1110 200 EPISTOLAM
1139 172 1171 200 Β,
1200 172 1310 201 ιυῡέε.

1706 177 1778 204 1815

145 231 311 267 subingressi
325 236 396 264 sunt,
411 238 471 260 eam
484 238 514 260 se
527 232 675 267 pratdicare
688 233 857 265 simulantes,
867 240 937 267 prac-
951 236 973 264 A
989 231 1081 259 .lesum
1103 230 1257 259 Christum.
1277 232 1550 261 Animadvertendum
1568 237 1609 261 est
1623 233 1710 261 solum
1725 233 1776 261 Do-

147 278 243 312 scripti
258 278 374 310 scilicet,
392 278 418 305 id
437 282 490 311 est,
505 280 539 306 ad
555 280 606 307 hoc
628 280 780 315 praescripti
792 279 937 314 judicium,

147 332 201 358 quo
219 332 234 351 a
254 324 408 359 semetipsis
425 324 578 359 dijudirati,
605 326 694 353 traditi
719 331 782 354 sunt
814 326 937 361 improbo

148 369 252 397 sensui.
266 369 297 396 Hi
310 377 427 404 namque
444 375 554 405 propter
571 371 732 398 immensam
759 371 936 406 impietatem,

147 422 206 442 cum
224 416 470 450 cssentimpudici,
498 417 614 451 gratiam
644 416 751 444 Domini
767 417 855 445 nostri
873 417 937 445 Jesu

145 460 246 487 Christi
265 460 292 487 in
304 460 439 487 luxuriam
454 466 640 495 mutaverunt,
667 470 715 497 per
732 463 938 498 ipsain‘spurci-

146 507 211 532 tiam
229 514 306 533 suam
325 511 455 542 negantes
469 515 552 535 unum
578 509 779 537 Dominatorem
793 509 937 538 Dominum

145 551 236 579 Jesnm
252 552 388 579 Christum
408 560 513 585 eorum,
545 554 591 588 qui
612 561 661 589 per
684 554 858 590 Evangeliuin
875 560 938 583 sunt

148 599 247 625 vocali.
264 598 378 632 Dehinc,
391 603 420 625 ut
432 604 538 627 revocet
550 607 607 634 eos,
626 600 672 636 qui
692 601 867 628 crediderunt
879 610 937 628 ma-

145 644 225 679 lignis
242 649 270 672 et
283 645 382 679 impiis,
397 646 527 677 ostendit,
544 651 644 681 quanta
660 647 696 674 sit
713 647 870 682 magnitudo
885 647 938 675 Do-

147 691 225 723 mini,
236 697 315 725 quem
326 695 503 726 negaverunt,
515 691 604 726 palam
617 691 730 725 faciens,
741 693 869 728 quoniam
881 694 937 728 ipse

144 741 196 769 est,
211 738 256 771 qui
275 738 368 765 eduxit
398 737 525 772 populum
557 746 590 765 cx
613 737 742 774 Egypto,
770 743 798 767 et
820 740 936 767 salutem

144 784 270 818 praebuit.
286 784 452 818 Secundum,
464 785 592 820 quoniam
605 785 745 814 instabiles
759 790 840 821 atque
851 791 937 814 muta-

146 829 214 857 biles
231 835 310 858 erant
324 831 434 865 quidam
450 838 556 864 eorum,
574 836 699 867 gerentes
712 832 739 859 in
753 833 855 865 animo,
865 833 937 868 quod

146 875 173 902 in
197 875 316 911 {Egypto
352 876 506 904 habuerant
532 877 712 911 voluntatem,
743 878 861 912 perdidit
891 885 938 906 eos

989 277 1150 304 minatorem
1161 285 1222 305 esse
1238 278 1387 312 Christum,
1416 287 1448 307 eo
1470 281 1541 314 quod
1560 281 1633 308 solus
1647 288 1728 308 verus
1743 283 1778 309 sit

989 322 1069 350 Deus.
1086 323 1131 351 Sic
1146 324 1230 357 enim,
1249 332 1310 352 cum
1324 325 1399 353 solus
1410 326 1445 353 sit
1461 326 1620 355 Dominator
1636 333 1663 356 et
1684 327 1778 356 Domi-

989 376 1039 396 nus
1051 369 1141 402 Jcsus,
1170 377 1221 397 non
1245 371 1356 406 expellit
1370 373 1534 400 auctoritate
1556 373 1673 406 Patrem,
1686 374 1779 404 dicens

988 415 1023 448 ci,
1043 425 1052 441 ε
1067 415 1180 444 Domine
1192 416 1253 444 caeli
1267 421 1294 444 et
1309 421 1386 445 terra:
1401 418 1420 445 '.
1432 427 1442 444 ι
1463 418 1508 446 Sic
1521 426 1606 454 neque
1617 419 1706 453 Pater,
1717 427 1778 447 cum

988 461 1063 489 solus
1082 463 1118 490 sit
1132 469 1213 490 verus
1226 462 1308 496 Dens,
1322 468 1481 492 extraneum
1496 465 1560 492 facit
1574 474 1589 493 a
1605 473 1669 493 vera
1679 466 1779 494 deitate

989 508 1097 537 Filium.
1113 509 1219 537 Dictum
1236 518 1353 545 namque
1367 516 1409 539 est
1426 516 1488 539 ante
1515 512 1573 539 hazc
1590 513 1624 540 de
1648 520 1690 546 eo,
1706 515 1778 548 quod

988 554 1023 581 sit
1038 562 1118 582 verus
1141 555 1213 583 Deus
1242 556 1293 584 iste
1318 557 1392 584 solus
1419 556 1580 586 Dominator
1596 563 1623 585 ct
1647 559 1778 586 Dominus

987 597 1066 626 JeSus
1080 599 1215 633 Christus,
1241 601 1287 636 qui
1305 602 1397 629 eduxit
1409 602 1537 638 populum
1555 610 1588 630 ex
1601 603 1717 639 {Egypto
1731 611 1788 639 per_

989 643 1109 679 Moysen,
1128 646 1227 680 quibus
1244 647 1279 674 ita
1297 647 1376 675 dictis
1402 655 1571 683 consequens
1595 653 1648 681 est,
1678 654 1707 676 ut
1723 657 1777 677 non

987 690 1024 717 sit
1040 691 1109 718 alter
1122 691 1192 719 Deus
1205 691 1337 728 Moyseos.
1354 693 1446 728 Neque
1457 694 1529 720 enim
1545 698 1587 721 est
1597 694 1666 722 alius
1680 701 1778 730 praeter

989 735 1163 765 Trinitatem.
1183 738 1271 766 Unum
1285 739 1367 766 etiam
1384 738 1491 774 Moyses
1513 740 1668 768 ministrare
1684 741 1779 776 digno-

989 783 1084 815 scitur,
1111 784 1258 811 secundnm
1284 785 1354 820 quod
1380 786 1481 813 dictum
1507 791 1566 814 est:
1595 796 1605 812 ι
1622 786 1668 814 Ille
1684 788 1716 814 de
1737 795 1780 815 mc

989 828 1097 863 scripsit
1110 829 1131 855 '.
1149 838 1158 854 ι
1177 828 1210 855 Ει
1226 829 1303 863 illud,
1328 831 1399 864 quod
1422 830 1530 866 scripsit
1546 830 1662 867 Moyses,
1677 832 1780 860 inveni-

990 881 1050 901 mus
1074 873 1167 902 Jesum
1187 875 1352 909 implevisse.
1374 875 1543 911 Quapropter
1559 882 1586 904 et
1612 878 1669 912 ipse
1683 878 1779 913 praevi—

146 921 302 949 diﬂ‘erentes
319 921 345 949 in
359 929 460 956 eremo,
476 922 539 950 licet
562 923 668 951 liberati
693 923 792 951 fuerint
807 931 839 952 ex
853 923 936 960 Egy-
952 917 976 948 B
991 919 1057 947 deus
1087 920 1236 955 prophetia:
1264 921 1364 949 virtute
1387 929 1509 956 crucem,
1530 923 1663 951 maximas
1679 924 1780 952 habere

145 973 192 1003 pto
206 976 254 1003 per
265 968 356 996 (idem.
372 969 419 997 llis
447 970 484 997 ita
515 970 672 1004 prtelibatis,
699 971 881 998 necessarium
896 975 938 998 est

145 1014 294 1048 requirere,
310 1015 355 1049 qui
382 1015 447 1048 sint,
474 1023 542 1050 quos
571 1016 637 1043 dicit
656 1018 771 1051 gratiam
784 1016 891 1044 Domini
910 1017 937 1044 in

145 1059 282 1086 luxuriant
305 1060 488 1093 transtulisse,
520 1060 572 1088 hoc
592 1065 635 1088 est
665 1061 762 1096 impios
790 1066 817 1089 et
840 1061 938 1089 divinat

147 1106 277 1132 doctrina:
289 1106 471 1138 simulatores,
484 1107 536 1134 nisi
551 1107 664 1134 forsitan
680 1108 723 1135 isti
733 1113 796 1135 sunt
809 1108 938 1143 praesules

146 1150 283 1179 hmreseos
306 1151 511 1185 Nicolaitarum,
541 1153 640 1180 nullam
659 1154 776 1188 speciem
796 1154 937 1188 impuden-

146 1197 190 1223 tiie
212 1197 442 1231 derelinquentes.
472 1197 536 1225 Sive
562 1203 653 1226 autem
681 1200 792 1226 haeresis
819 1200 875 1233 ipsa
897 1204 939 1227 est

145 1241 286 1269 voluntate
299 1242 412 1277 polluta,
434 1243 513 1278 cujus
528 1243 558 1270 ﬁt
572 1244 700 1271 memoria
714 1245 740 1271 in
753 1244 915 1280 Apocalypsi
926 1246 936 1261 ⁵

145 1295 194 1322 per
208 1287 329 1321 Iezabel,
346 1295 406 1323 qua:
432 1295 514 1322 super
531 1289 738 1317 fornicationem
757 1297 818 1317 esse
832 1291 937 1318 descri-

145 1334 229 1367 bitur,
245 1341 293 1361 seu
306 1334 403 1366 altera.
419 1335 659 1369 contemplandum
676 1342 727 1363 est.
747 1336 813 1364 Puto
833 1343 936 1372 autem,

144 1379 206 1414 quia
227 1379 265 1415 (1)
282 1384 310 1407 et
336 1380 369 1407 de
400 1381 492 1408 multis
521 1381 689 1414 hatresibns,
712 1390 771 1416 quae
797 1390 937 1418 cmperunt

145 1427 313 1460 temporibus
332 1427 530 1460 apostolorum,
547 1427 646 1454 dicitur
661 1428 724 1460 hac,
740 1433 767 1455 et
783 1430 938 1457 auctoribus

146 1479 254 1506 earum,
269 1473 314 1507 qui
338 1473 442 1500 scilicet
463 1473 656 1508 impudentiam
684 1474 848 1507 multamque
861 1475 939 1501 luxu-

149 1518 216 1545 riam
230 1523 293 1545 sunt
312 1519 420 1552 sectati,
434 1519 470 1546 ita
483 1525 511 1545 ut
527 1520 612 1553 ipsam
636 1520 792 1553 spurcitiam
805 1528 880 1547 suam
895 1525 938 1547 at-

148 1571 201 1598 que
227 1563 362 1590 luxuriam
391 1564 525 1591 idolorum
556 1564 700 1591 sacriﬁciis
728 1565 935 1599 pcrmiscerent.

991 965 1099 993 divitias
1115 973 1146 993 se
1162 967 1266 1001 putavit
1293 967 1486 1003 improperium
1507 968 1606 997 Christi
1624 970 1663 997 ¹⁰;
1680 975 1706 997 et
1723 978 1778 998 non

989 1011 1067 1039 aliter
1084 1019 1163 1047 quam
1182 1013 1237 1047 ille,
1255 1015 1300 1049 qui
1315 1014 1399 1041 dixit:
1414 1024 1423 1040 ‹
1440 1014 1503 1041 Mihi
1516 1015 1684 1050 gloriandum
1700 1017 1778 1044 estin

989 1063 1071 1084 cruce
1088 1058 1188 1086 CltriSti
1205 1059 1237 1086 “.
1251 1069 1260 1085 ι
1279 1059 1346 1086 Cum
1360 1067 1423 1094 ergo
1437 1059 1515 1088 .lcsus
1531 1061 1576 1094 sit,
1593 1062 1637 1096 qui
1652 1070 1683 1089 ex
1696 1061 1779 1097 Egy-

990 1107 1036 1137 pto
1049 1102 1176 1132 Hebraeos
1191 1105 1295 1138 eduxit,
1312 1110 1418 1133 constat
1433 1107 1504 1140 quod
1524 1115 1576 1134 non
1600 1108 1633 1135 de
1653 1108 1776 1135 humani-

990 1153 1044 1175 tate
1057 1156 1088 1176 ex
1107 1150 1190 1177 Maria
1203 1153 1385 1185 proeedentc:
1409 1153 1569 1185 secundum,
1591 1154 1662 1188 quod
1680 1154 1712 1181 dc
1725 1154 1780 1182 Ι)υο

990 1193 1108 1222 Verbum
1133 1196 1236 1224 dicttim
1268 1202 1310 1225 est
1332 1198 1421 1232 Jesus,
1444 1199 1522 1225 sicuti
1546 1200 1668 1234 proxime
1692 1200 1776 1227 dixit:

991 1249 1001 1266 ι
1018 1240 1100 1268 Nobis
1119 1247 1207 1269 autem
1226 1250 1295 1270 unus
1314 1243 1441 1272 Dominus
1468 1245 1546 1273 Jcsus
1570 1245 1634 1272 Chri
1653 1250 1712 1277 tus,
1732 1253 1778 1280 per

989 1293 1068 1320 quem
1084 1287 1174 1313 omnia
1190 1287 1220 1315 ¹².
1232 1297 1240 1312 ι
1259 1287 1336 1320 Quod
1351 1295 1439 1317 autem
1455 1290 1502 1322 ait,
1524 1300 1533 1316 ε
1549 1291 1611 1325 quia
1628 1291 1777 1326 praescripti

989 1336 1063 1364 sunt,
1073 1332 1118 1366 qui
1133 1333 1323 1360 transtulerunt
1333 1335 1447 1369 gratiam
1460 1335 1564 1364 Domitii
1577 1337 1602 1363 in
1616 1337 1778 1369 luxuriam,»

990 1378 1032 1403 cui
1046 1377 1159 1412 subjecti
1177 1384 1250 1409 sunt,
1276 1379 1302 1406 id
1321 1385 1371 1412 est,
1403 1381 1435 1407 ad
1464 1382 1514 1408 hoc
1543 1383 1691 1417 prmscripti
1707 1383 1780 1417 judi-

989 1422 1072 1453 cium,
1085 1425 1135 1448 etc.
1150 1422 1231 1456 (sicut
1244 1430 1329 1456 nuper
1342 1423 1458 1451 edictum
1474 1425 1538 1458 est),
1552 1425 1779 1454 considerandum

991 1471 1043 1500 est,
1060 1475 1093 1494 ne
1106 1467 1221 1495 forsitan
1235 1469 1285 1495 lioc
1301 1470 1387 1503 possit
1409 1471 1508 1505 exponi
1529 1472 1610 1498 etiam
1627 1473 1660 1499 de
1676 1473 1717 1500 his
1734 1473 1779 1507 qui

989 1513 1093 1540 similes
1104 1512 1180 1541 Juda:
1193 1515 1343 1549 praiscripti
1359 1520 1432 1547 sunt,
1460 1517 1553 1551 utique
1569 1519 1727 1552 prophetiis.
1742 1519 1778 1545 De

990 1557 1037 1584 illo
1052 1566 1167 1593 namque
1181 1559 1281 1586 dictum
1299 1564 1361 1587 est:
1381 1569 1390 1586 t
1408 1560 1440 1588 Et
1461 1562 1646 1597 episcopatum
1663 1562 1779 1597 ejusac-

147 1609 215 1636 Nam
229 1614 255 1636 et
267 1609 367 1637 Paulus
389 1611 423 1637 de
451 1610 605 1645 hujusmodi
634 1610 789 1638 hominibus
807 1611 843 1637 ita
856 1611 937 1639 dicit:
953 1604 974 1633 C
993 1603 1075 1636 cipirt
1095 1603 1233 1638 ειιετης»
1260 1609 1288 1632 et
1302 1606 1383 1634 illud:
1403 1616 1411 1632 ι
1427 1607 1537 1634 Levavit
1552 1614 1645 1636 contra
1666 1617 1708 1636 me
1723 1610 1779 1637 cal-

154 1665 164 1682 ι
179 1656 212 1683 Et
232 1655 316 1684 nolite
336 1657 539 1684 communicare
559 1657 687 1692 operibus
703 1657 848 1685 immundis
864 1664 938 1685 tene-

147 1700 271 1734 brarum,
289 1701 374 1736 magis
387 1707 476 1728 autem
492 1702 574 1728 etiam
597 1702 721 1736 arguitc:
742 1710 772 1729 ea
788 1702 939 1737 cnin1,qu.'c

148 1746 254 1774 occulta
272 1747 307 1774 ab
323 1747 364 1775 eis
380 1747 458 1781 l'iunl,
471 1753 548 1782 turpe
569 1752 611 1775 est
625 1748 706 1775 etiam
725 1749 776 1776 dici
788 1749 798 1764 °
814 1749 862 1785 (Ξ).
874 1759 883 1776 ι

147 1793 253 1829 Αἰσχρὰ
269 1793 323 1829 γὰρ
347 1794 394 1821 καὶ
409 1794 470 1822 λίαν
487 1796 530 1821 αι-
565 1795 664 1829 Turpia
682 1803 797 1830 namque
812 1802 837 1822 et
860 1796 940 1824 vehe-

148 1839 529 1876 σχρὰὲπιτελοῡσιδῆθενμυ-
564 1846 671 1868 menter
701 1842 786 1875 turpia
819 1841 938 1875 faciunt,

150 1886 259 1917 στικῶς.
273 1887 345 1921 Πρὸς
360 1886 466 1919 τούτοις
483 1888 529 1913 καὶ
563 1888 639 1922 quasi
660 1889 772 1923 mystico
788 1890 879 1922 modo,
894 1891 939 1924 qui

148 1932 174 1958 ei.
188 1932 242 1958 ἀπὸ
258 1932 379 1966 Σιμωνῡς
391 1933 437 1958 καὶ
454 1933 530 1967 Μαρ-
563 1939 663 1961 sectam
679 1935 797 1961 Simonis
816 1935 884 1970 Magi
901 1943 941 1962 sc-

149 1980 246 2011 κίωνος
267 1980 314 2006 καὶ
337 1980 526 2014 Οὐαλεντίνου,
563 1986 691 2015 quuntur.
705 1981 768 2008 Post
785 1982 835 2008 hoc
850 1987 939 2010 autem

150 2027 264 2062 Σηοανοί
287 2035 315 2053 τε
338 2029 385 2054 καὶ
413 2029 527 2055 Καῖανῖ-
562 2032 589 2054 et
604 2027 769 2054 Marcionita:
793 2033 873 2062 atque
889 2027 940 2055 Va-

134 2080 209 2108 ]ιαι,
231 2069 268 2099 ὧν
284 2073 302 2108 ἡ
326 2073 455 2107 ἀσέλγεια
481 2074 527 2100 ἐκ·
563 2074 870 2103 lentianietSithiniani
893 2085 942 2104 nc-

150 2117 257 2149 θεςιιος.
562 2121 640 2150 fanda
657 2123 837 2149 committunt.

151 2176 228 2204 Unde
245 2181 273 2204 et
290 2177 315 2204 in
331 2177 383 2205 alia
401 2178 520 2213 Epistola
536 2179 568 2206 de
580 2179 619 2206 eis
634 2179 738 2212 scribit,
753 2179 861 2206 dicens:
873 2188 881 2204 ι
894 2179 940 2206 lsti

151 2228 223 2256 stitit,
249 2224 294 2259 qui
319 2225 508 2260 ingrediuntur
523 2226 548 2252 in
563 2226 667 2258 domos,
681 2231 708 2252 et
724 2225 862 2259 cuptivant
879 2233 939 2252 mu—

152 2268 290 2302 lierculas,
320 2271 441 2304 peccatis
474 2272 610 2299 involutas
636 2277 663 2299 et
690 2271 843 2299 libidinibus
858 2271 938 2298 variis

152 2315 247 2342 ductas
261 2316 283 2348 ⁷,
295 2325 304 2341 ι
321 2321 346 2343 et
366 2317 416 2343 sub
432 2320 575 2346 occasione
591 2319 728 2354 religionis
743 2324 824 2354 agunt
839 2318 936 2352 turpia.

152 2360 323 2395 Quapropter
348 2362 374 2389 in
393 2363 525 2390 luxuriam
547 2365 719 2392 transtulisse
739 2373 784 2391 eos
801 2364 939 2398 dicitgra-

153 2407 217 2433 tiam
236 2406 352 2441 Domini,
370 2416 417 2442 per
442 2416 522 2443 quam
548 2409 682 2437 luxuriam
711 2416 738 2438 et
751 2409 861 2438 cllectus
880 2409 939 2444 ejus

152 2457 250 2486 negant
266 2453 353 2479 solum
379 2453 579 2482 Dominatorem
609 2459 636 2482 et
650 2455 793 2483 Dominum
818 2460 939 2482 nostrtnn

990 1655 1103 1676 cuneum
1118 1657 1196 1677 suum
1217 1651 1253 1684 ιδ,
1266 1660 1275 1677 ι
1301 1652 1431 1681 adversus
1458 1653 1606 1688 doctorem,
1621 1662 1703 1689 panes
1720 1656 1779 1690 cjus

989 1696 1083 1728 edens,
1097 1697 1174 1730 quasi
1204 1698 1286 1724 ctiam
1318 1698 1470 1734 hujusmodi
1490 1700 1579 1735 impiis
1595 1702 1779 1737 pmscriptum

989 1743 1035 1775 sit,
1052 1743 1121 1770 sicut
1132 1743 1165 1770 dc
1180 1744 1270 1778 impiis
1287 1744 1393 1773 Veteris
1409 1745 1583 1774 Testamenti.

1028 1788 1111 1817 Vens.
1128 1788 1155 1816 9.
1180 1798 1189 1814 ε
1210 1789 1323 1817 Michael
1339 1795 1440 1823 autem,
1456 1793 1636 1827 archangelns
1649 1813 1656 1826 ,
1671 1794 1778 1828 quando

991 1842 1052 1862 cum
1072 1835 1178 1862 diabolo
1189 1835 1324 1864 altercans
1341 1837 1486 1872 disputavit
1500 1838 1534 1865 dc
1548 1845 1663 1874 corpore
1677 1840 1778 1876 Moysi;

991 1888 1042 1908 nec
1054 1879 1104 1908 fuit
1129 1888 1211 1909 ausus
1236 1882 1368 1916 judicium
1398 1882 1499 1911 inferre
1529 1884 1778 1920 blasphe1nite,scd

992 1927 1081 1954 dixit:
1102 1928 1218 1962 Imperet
1238 1929 1285 1956 tibi
1304 1928 1383 1956 Deus.
1397 1937 1407 1955 ι

1028 1986 1055 2014 Si
1070 1986 1282 2014 substantialiter
1295 1986 1380 2015 malus
1392 1991 1433 2014 est
1446 1987 1579 2022 diabolus,
1597 1988 1675 2016 sicuti
1685 1993 1779 2024 putant

993 2037 1115 2060 terrenas
1134 2038 1244 2060 naturas
1272 2033 1484 2066 introducemes,
1504 2035 1549 2069 qui
1571 2035 1663 2061 dicunt
1678 2035 1779 2069 aliquid

992 2080 1123 2106 adversus
1142 2087 1213 2112 eum,
1231 2079 1338 2106 crimini
1364 2079 1415 2114 (3),
1452 2088 1504 2107 non
1529 2081 1687 2108 substantia:
1706 2081 1779 2108 blas-

991 2126 1117 2160 phemim.
1136 2126 1163 2152 Si
1182 2133 1270 2160 neque
1286 2125 1485 2153 rationabiliter
1509 2126 1629 2161 increpat
1645 2135 1706 2154 eum
1723 2127 1777 2155 Do-

992 2173 1092 2204 minus,
1105 2174 1165 2200 cunt
1179 2177 1302 2199 naturain
1323 2180 1375 2198 non
1403 2172 1493 2205 habet,
1515 2177 1542 2199 ut
1569 2173 1778 2208 increpationein

992 2226 1041 2253 pro
1053 2225 1135 2253 opere
1149 2226 1200 2244 non
1215 2218 1284 2244 bono
1295 2218 1424 2252 suscipiet
1438 2217 1487 2252 (4).
1505 2218 1557 2245 Sed
1572 2219 1633 2245 dum
1654 2223 1680 2245 et
1694 2218 1782 2245 incre~

993 2268 1073 2298 patur
1088 2271 1102 2290 a
1131 2267 1256 2290 creatore
1285 2263 1453 2298 Dominoque
1465 2269 1634 2295 cunctorum,
1653 2268 1778 2297 tanquam

992 2310 1056 2336 dum
1086 2310 1171 2344 possit
1198 2317 1232 2337 ex
1247 2309 1298 2337 hoc
1325 2309 1414 2344 aliqua
1444 2309 1546 2336 utilitas
1575 2309 1727 2343 provenire,
1753 2314 1780 2336 ct

993 2355 1188 2390 blasphemiam
1203 2355 1350 2382 arbitratus
1370 2355 1505 2382 maximus
1523 2355 1701 2388 archangelus
1716 2362 1780 2389 pro-

993 2402 1065 2430 ferre
1081 2401 1229 2437 quidquam
1253 2401 1381 2428 adversus
1408 2409 1479 2434 cum,
1506 2401 1569 2428 licet
1593 2401 1780 2428 decertaretnr

993 2457 1042 2485 pro
1058 2455 1172 2483 corpore
1183 2447 1316 2483 Moyscos.
1337 2446 1391 2474 Nec
1406 2451 1447 2474 est
1462 2446 1583 2474 diabolus
1598 2451 1703 2474 terrena
1715 2447 1779 2474 suh—

187 2522 197 2536 "
212 2523 295 2555 Apoc.
311 2524 397 2554 11,20.
435 2523 445 2539 ⁶
466 2523 563 2557 Ephcs.
592 2531 618 2555 v,
648 2523 691 2550 ll.
729 2524 739 2538 "
760 2523 780 2549 ll
808 2523 876 2549 Tim.
896 2522 968 2555 111,6.
1006 2521 1017 2536 ³
1030 2518 1130 2557 Matth,
1148 2526 1185 2550 xr,
1198 2517 1248 2557 25."
1271 2516 1281 2532 '
1295 2517 1381 2557 _Joan.
1400 2525 1427 2549 v,
1455 2517 1503 2557 dii;
1541 2517 1563 2532 ¹⁰
1582 2515 1664 2542 llcbr.
1679 2522 1715 2548 xi,
1732 2513 1778 2541 ‘26.

153 2557 172 2572 “
193 2551 281 2584 Galat.
302 2551 338 2592 v1,
365 2559 407 2586 li.
447 2560 468 2574 “
487 2551 497 2585 i
514 2559 576 2585 Cor.
597 2551 654 2592 viii,
669 2559 696 2585 ti.
735 2558 756 2572 ¹³
782 2557 851 2585 Psal.
870 2551 936 2585 cvm-

1029 2555 1051 2570 η
1073 2554 1141 2581 Ρδιιι.
1158 2553 1269 2586 x1.,lO;
1291 2551 1369 2580 Joan.
1393 2560 1452 2586 x111,
1471 2551 1515 2580 18.

153 2628 292 2663 Didymus.
309 2627 475 2658 Gallnndius.
502 2632 531 2654 ut
556 2628 710 2663 periocham
726 2627 873 2663 scriptum
886 2626 934 2653 ali-

152 2662 253 2698 quanto
271 2663 415 2697 pleniorem
433 2664 522 2694 lactat,
540 2662 588 2698 pro
606 2664 711 2690 omnino
725 2662 935 2698 lcgeiidntnesse

150 2695 236 2732 jubet.
251 2695 358 2725 scientes
374 2699 451 2725 semel
466 2695 564 2730 omnia,
581 2699 693 2728 scilicet,
706 2705 739 2724 ne
752 2695 813 2724 cum
825 2695 936 2732 Vulgata

152 2731 282 2761 dissideat
304 2732 415 2760 Latinus
443 2734 586 2767 interpres.
617 2733 746 2768 Equidem
766 2739 834 2768 Acum
851 2731 936 2766 hypo-

154 2769 236 2796 lltesis
252 2769 394 2795 manifesto
410 2776 503 2795 manca
516 2766 561 2800 sit,
580 2766 655 2796 nihif
664 2773 748 2795 muto.
766 2766 842 2794 Patet
858 2773 933 2797 vero.

153 2804 306 2839 Didyinum,
320 2804 362 2831 vel
376 2804 469 2831 saltent
496 2804 671 2839 interpretem
697 2803 833 2839 Lati11111n_,
849 2802 936 2839 locum

153 2836 228 2865 Judie
249 2840 481 2873 impeditissimum
498 2839 533 2866 ita
558 2836 666 2874 legisse,
680 2838 721 2865 ὅτι
743 2837 847 2874 Ἰησοῦς
864 2836 937 2871 ἆποιξ

151 2874 217 2901 λαὸν
231 2874 262 2900 ὲκ
273 2875 324 2909 γῆς
337 2874 474 2909 Αἰγύπτου
489 2874 589 2906 σώσας,
603 2879 655 2902 etc.

190 2909 228 2944 (1)
248 2909 275 2937 ln
290 2909 384 2939 (ἐγειτςο
399 2911 528 2946 scriptum
544 2910 626 2938 l'uissc
647 2909 762 2943 videtur,
778 2909 830 2938 ὅτι,

1025 2622 1064 2660 (ἓ)
1083 2622 1110 2649 In
1123 2622 1225 2660 scholio
1240 2625 1372 2660 praeterea
1391 2621 1493 2653 adiecta
1506 2624 1576 2660 _sunt_
1596 2619 1778 2660 liceantur-reti:

990 2653 1082 2688 coru’ul
1113 2653 1247 2684 notninaz'
1265 2658 1310 2684 καὶ
1344 2655 1517 2683 Ἑστωτιανοὶ
1535 2655 1582 2681 καὶ
1605 2653 1781 2688 Βορὸοριανοὶ

990 2695 1036 2722 καὶ
1051 2691 1226 2729 Βαβυλώνιοι.
1267 2727 1272 2729 _
1448 2726 1453 2729 _
1484 2726 1518 2729 __
1567 2725 1572 2729 _
1674 2724 1680 2729 ε
1755 2724 1760 2729 _

1026 2730 1065 2764 (5)
1087 2728 1154 2755 Puto
1180 2727 1320 2764 legendum
1337 2734 1396 2755 esse
1416 2726 1547 2764 criminis.
1560 2725 1594 2751 At
1611 2731 1643 2751 ne
1659 2725 1699 2764 sic
1713 2725 1778 2764 qui-

992 2760 1183 2793 dein'sanatur
1207 2760 1283 2790 locus
1312 2766 1464 2797 corruptus.
1492 2760 1593 2788 Vellem
1623 2760 1779 2794 scripsisset

993 2805 1098 2829 auctor,
1113 2806 1165 2825 non
1179 2799 1307 2830 criminis,
1325 2798 1370 2824 sed
1385 2796 1547 2824 Substaniiw.

1029 2834 1067 2871 (4)
1088 2829 1369 2871 Eortassclegendum
1384 2836 1436 2868 cst,
1448 2840 1506 2860 cunt
1522 2835 1643 2859 naturam
1660 2838 1711 2858 non
1728 2829 1779 2856 lia<

993 2868 1044 2904 bet,
1060 2874 1082 2898 et
1100 2868 1312 2904 increpationem,
1327 2873 1379 2896 etc.
