1913 3071
145 137 211 166 1815

738 131 858 160 DlDYMl
876 131 1110 160 ALEXANDMNI

1691 130 1769 159 1816

138 194 248 222 stantia.
262 194 360 222 llabuit
371 194 443 221 enim
470 192 613 227 aliquando
635 192 753 220 divinam
766 191 878 226 gloriam
885 190 924 226 (5)
939 193 962 222 Α
977 191 1048 218 viam
1063 191 1134 226 ejus,
1147 195 1174 219 et
1190 195 1266 218 extra
1282 191 1384 218 vultum
1397 190 1444 218 Dei
1462 194 1570 225 propter
1582 189 1767 225 ignorantiam

140 246 167 268 et
181 245 302 267 sanctam
319 238 365 266 Dei
381 238 533 270 scientiam,
563 237 627 265 licet
649 243 796 264 conversus
822 236 856 264 de
867 243 924 263 ma-

139 286 280 321 gnituditte
310 289 383 311 tanta
414 284 552 311 ceciderit.
584 282 741 311 Ostenditur
770 282 862 316 itaque
889 288 921 308 ex

140 331 277 358 communi
291 337 384 362 sensu,
399 336 477 364 quem
492 328 621 355 habemus
635 328 667 354 de
683 327 788 355 cunctis
803 327 925 354 rationa-

140 377 222 408 libus,
236 376 375 410 quoniam,
390 382 451 402 cum
468 378 532 401 sunt
549 373 654 401 arbitrii
668 373 756 406 liberi,
770 377 924 401 etconver-

140 423 181 450 sio
196 423 231 450 sit
244 423 313 450 facta
326 421 436 454 diaboli,
450 425 546 447 natura
562 427 614 447 non
629 420 715 447 malus
728 424 779 453 est,
791 420 926 454 quomodo

142 477 192 497 nec
206 468 272 504 ipse,
287 468 334 503 qui
348 472 460 495 cunctos
480 466 647 502 malignitate
672 466 850 498 transcendit,
875 466 926 493 hu-

138 514 261 549 jusmodi
281 519 332 545 est,
346 513 410 540 licet
426 513 574 539 adversarii
597 511 675 546 hujus
690 512 926 547 contemplationis

142 560 320 595 praescribant
344 559 382 594 (6)
401 558 526 594 prazscnti
552 558 677 592 Epistolas:
692 562 718 585 et
745 558 867 593 Moyseos
883 565 927 586 as-

145 605 294 641 sumptioni
309 605 358 640 (7),
374 610 484 639 propter
503 611 563 631 eum
579 604 678 636 locum,
699 603 744 630 ubi
759 603 927 639 significatur

142 652 256 678 verbum
273 649 428 685 archangeli
457 649 490 676 de
506 656 619 683 corpOre
644 649 769 683 Moyseos
780 649 814 676 ad
831 648 926 676 diabo-

141 698 196 724 lum
214 697 328 724 factum.
346 695 403 723 Non
419 695 491 722 enirn
512 702 544 722 ex
561 695 604 722 his
628 694 825 728 tantummodo,
842 695 889 722 sed
901 695 927 722 in

145 742 219 770 omni
239 742 329 770 divina
346 741 485 776 Scriptura
501 745 669 768 monstratur
683 740 716 768 de
732 748 795 768 casu
813 741 885 775 ejus:
902 746 929 769 et

141 796 213 816 unus
228 795 299 816 nunc
311 795 401 815 sermo
422 792 475 819 cst,
498 792 640 822 propterea
656 787 736 814 etiam
753 787 874 814 diabolus
882 795 928 822 ap-

143 835 258 869 pellatus
281 838 332 862 est.
363 833 517 861 Voluntatis
543 833 614 860 enim
645 832 714 867 ejus,
740 840 793 860 non
806 833 929 860 essentia:

977 237 1073 270 factos,
1085 237 1133 265 sed
1143 237 1225 265 etiam
1243 241 1430 272 praeponentes
1445 236 1606 272 semetipsos
1624 236 1766 269 Creatori,

977 283 1051 310 illum
1067 283 1199 318 siquidem
1216 282 1341 311 animalis
1372 288 1484 316 naturae,
1517 290 1547 311 se
1573 287 1662 310 autem
1685 282 1769 317 Spiri-

980 328 1067 356 tuales
1085 335 1145 356 esse
1162 329 1294 356 dicentes.
1320 328 1492 364 Quapropter
1517 336 1571 356 non
1596 333 1670 356 recte
1698 328 1770 355 divi—

977 375 1044 402 dunt
1063 374 1085 390 "
1100 382 1143 408 ea,
1169 381 1230 409 quae
1248 374 1341 402 volunt
1363 373 1418 409 (11)
1435 373 1604 401 immolantes
1617 373 1716 401 otl'errc
1733 381 1767 401 se

978 424 1084 455 putattt,
1102 420 1231 454 quottiam
1256 420 1391 455 primitias
1408 419 1525 452 sibimet,
1547 420 1680 447 secundas
1698 427 1769 447 vero

979 472 1069 502 partes
1083 466 1198 494 offerunt
1225 467 1291 494 Deo.
1306 466 1344 493 Ex
1368 465 1521 500 hujusmodi
1545 466 1616 493 enim
1645 465 1769 500 nequitia

979 519 1061 548 atque
1078 512 1184 540 fallacia
1200 513 1343 540 homicida:
1357 513 1426 540 fiunt
1441 513 1554 540 fratrum
1570 511 1769 545 suorum,otfe—

981 564 1071 587 rentes
1087 559 1126 586 eis
1139 565 1199 594 quae
1216 559 1345 593 sapienda
1358 565 1411 586 non
1437 562 1511 591 suttt,
1526 558 1611 592 magis
1627 563 1718 585 autem
1733 558 1769 585 ad

980 612 1056 632 suam
1069 604 1247 632 imitationem
1255 609 1381 632 vocantes
1387 611 1444 636 eos,
1451 610 1511 631 cum
1519 603 1628 630 dicunt:
1640 611 1650 628 ι
1663 602 1769 629 Trans—

980 659 1072 679 eamus
1084 651 1112 678 in
1123 658 1247 685 campum
1263 651 1295 677 ".
1311 659 1321 677 ι
1341 650 1411 677 Dicit
1427 650 1508 684 igitur
1530 650 1639 677 eosdem
1663 648 1770 676 similes

980 703 1040 723 esse
1054 696 1173 729 Balaam,
1189 699 1372 730 prmponentes
1399 694 1493 730 pietati
1515 694 1667 722 mercedem
1691 693 1769 721 obla-

980 745 1036 769 tam
1050 742 1074 769 ei
1089 749 1104 768 a
1116 749 1178 777 rege
1193 740 1351 773 Madianita,
1366 745 1397 767 ut
1416 740 1591 768 malediceret
1601 739 1651 772 eis,
1662 739 1708 774 qui
1720 739 1771 767 Dei

981 788 1169 816 benedictione
1194 787 1357 815 fruebantur
1383 787 1416 814 ³³.
1443 786 1495 820 Qui
1522 786 1603 814 etiam
1628 786 1770 820 iujustitia:

982 835 1108 863 mercede
1120 834 1208 862 dill'usi
1222 838 1296 868 sunt,
1308 834 1487 862 vaticinantes
1501 833 1573 862 enim
1584 832 1768 864 inveniuntur,

144 880 244 908 diaboli
260 887 356 908 nomen
373 884 424 912 est,
439 883 469 906 ut
488 874 766 914 frequenter'dictum
784 882 834 906 est.
850 878 927 906 Sicut
943 875 964 903 B
979 887 1006 910 ei
1019 889 1068 917 pro
1083 887 1177 909 sancio
1197 881 1299 915 spiritu
1332 881 1457 915 spiritum
1485 879 1587 907 erroris
1624 879 1769 911 habentes,

143 927 217 954 enim
233 927 260 954 in
272 925 341 953 Juda
363 925 506 953 dicendum
529 931 581 958 est,
597 932 658 952 cum
674 924 854 952 substantiam
871 924 930 960 ejus

143 972 338 1007 significamus,
350 971 486 998 hominem
515 970 634 998 dicentes
651 978 724 1003 eutn,
750 977 839 997 mores
855 977 930 1003 vero,

144 1025 205 1044 cum
217 1016 256 1052 (8)
271 1016 405 1045 diabolum
418 1015 594 1050 appellamus,
613 1019 789 1050 agnoscentes
804 1022 818 1042 a
839 1013 932 1042 Salva-

144 1069 214 1095 tore,
227 1063 273 1097 qui
285 1062 353 1090 dixit
366 1061 522 1097 discipulis:
539 1070 549 1088 ι
567 1061 642 1089 Unus
661 1068 695 1088 ex
717 1060 792 1088 vobis
810 1061 932 1088 diabolus

143 1113 186 1136 εει
201 1107 223 1124 ⁸⁸
236 1114 242 1132 ε
257 1115 267 1131 ι
285 1107 324 1134 sic
339 1106 366 1134 in
381 1107 433 1134 isto
447 1114 545 1134 nomen
573 1105 672 1138 diaboli
700 1105 797 1132 malam
811 1105 870 1140 ejus
887 1104 925 1132 si-

146 1153 258 1188 gnificat
283 1152 462 1185 voluntatem,
489 1160 551 1179 cuin
579 1151 648 1179 forte
665 1151 737 1178 aliud
751 1158 849 1178 nomen
865 1150 929 1177 sub-

144 1198 272 1225 stantiam
288 1197 347 1232 ejus
359 1197 487 1225 insinuat.
502 1197 536 1223 Et
551 1196 612 1224 ideo
643 1197 697 1224 dixi
715 1196 792 1230 forte,
805 1195 932 1230 quoniam

145 1251 198 1271 non
218 1243 350 1270 habemus
380 1243 408 1270 in
430 1242 521 1270 divina
548 1242 690 1276 Scriptura
706 1242 781 1269 clare
796 1242 866 1268 dicta
884 1248 933 1268 no-

144 1289 218 1316 mina
234 1288 343 1324 propria
357 1288 570 1315 rationabilium.
590 1287 666 1320 Quod
676 1287 726 1315 etsi
739 1294 793 1314 non
805 1291 934 1319 est,atta-

145 1342 208 1362 tuen
221 1333 359 1361 communi
374 1333 484 1360 nomine
499 1333 586 1368 angeli
606 1333 665 1366 ejus
680 1332 830 1360 substantia
843 1332 933 1359 decla-

148 1385 234 1413 ratur,
249 1379 338 1414 aliqua
358 1379 462 1407 scilicet
486 1379 622 1406 exsistens
643 1383 741 1413 praeter
757 1378 855 1405 malam
870 1385 933 1413 ope-

146 1426 291 1458 rationem,
307 1424 379 1459 quod
405 1424 469 1452 dum
496 1424 617 1458 fecisset,
644 1424 768 1452 diabolus
783 1424 933 1459 appellatus

146 1475 199 1499 est.
873 1487 885 1489 »

181 1517 265 1545 Vens.
282 1518 326 1545 11.
349 1527 359 1544 ε
374 1517 420 1545 Va:
434 1516 497 1550 illis,
517 1516 563 1551 qui
578 1515 605 1543 in
625 1515 696 1542 viam
716 1515 781 1542 Cain
798 1514 933 1547 abierunt,

982 925 1052 952 unde
1066 925 1146 952 etiam
1167 925 1233 952 dant
1257 929 1285 952 et
1312 924 1358 952 isti
1375 924 1517 952 consilium
1540 923 1730 951 fornicationis
1742 928 1772 950 et

982 971 1114 998 idolorum
1127 970 1251 1003 culturae,
1276 971 1347 998 sicut
1369 970 1416 998 ille
1446 970 1598 1005 proditione
1612 970 1667 1006 (12)
1680 970 1770 1005 populi

982 1016 1039 1044 Dei.
1054 1015 1118 1044 Hzec
1133 1020 1222 1043 autem
1250 1016 1283 1043 de
1312 1016 1446 1044 haereticis
1474 1016 1587 1050 quilibet
1613 1016 1713 1048 (licens,
1736 1016 1771 1042 ad

982 1061 1122 1095 superiora
1134 1060 1269 1095 proficiat,
1285 1065 1313 1088 et
1326 1069 1378 1088 non
1405 1065 1509 1088 tantum
1534 1061 1560 1087 in
1573 1061 1665 1092 verbo,
1680 1060 1726 1088 sed
1743 1060 1770 1087 in

982 1105 1072 1132 littera
1084 1113 1137 1140 qua
1154 1109 1291 1136 constant,
1304 1112 1357 1139 qua
1372 1105 1454 1132 etiam
1466 1105 1493 1132 in
1511 1105 1670 1140 Apocalypsi
1686 1104 1772 1132 Joan—

983 1153 1027 1179 nis
1049 1155 1210 1186 tanguntur,
1236 1151 1308 1186 quod
1329 1151 1386 1178 haec
1410 1150 1528 1178 habeant
1553 1150 1773 1178 intellectualiter

983 1197 1044 1225 falsi
1058 1198 1193 1231 doctores,
1210 1205 1271 1224 cutn
1284 1197 1338 1224 sint
1357 1202 1494 1224 amatores
1512 1197 1678 1232 principatus
1690 1202 1772 1232 atque

984 1244 1126 1279 superbia,
1141 1249 1168 1271 et
1180 1243 1341 1278 prwsulibus
1360 1243 1486 1271 Ecclesiae
1502 1244 1666 1276 resistentes,
1685 1245 1772 1279 magis

985 1294 1074 1316 autem
1087 1289 1226 1324 apostolis,
1243 1289 1289 1323 qui
1305 1296 1337 1316 ex
1354 1289 1408 1316 Deo
1434 1289 1546 1321 habent,
1571 1294 1599 1316 ut
1617 1290 1771 1318 sacerdotes

987 1335 1051 1362 sint.
1067 1334 1099 1362 lli
1117 1341 1235 1369 namque
1252 1333 1322 1361 Core
1338 1335 1552 1362 contradictione
1566 1334 1670 1362 scilicet
1695 1342 1773 1362 erra-

988 1385 1095 1408 verunt.
1107 1379 1153 1407 Ille
1170 1379 1303 1414 siquidem
1321 1380 1420 1407 restitit
1443 1381 1605 1412 sacerdotio,
1621 1381 1711 1408 Aaron
1723 1381 1771 1408 Dei

985 1426 1124 1454 voluntate
1138 1426 1246 1457 collato,
1271 1429 1296 1453 et
1325 1430 1435 1460 propter
1449 1426 1688 1454 contradictionem
1701 1434 1772 1454 nova

985 1477 1072 1502 morte
1087 1472 1218 1500 multatus
1236 1476 1278 1500 est
1290 1472 1357 1506 ipse,
1375 1476 1402 1500 et
1417 1472 1463 1507 qui
1488 1480 1549 1500 cum
1564 1479 1596 1500 eo
1619 1478 1680 1500 esse
1693 1473 1771 1501 vide-

985 1521 1093 1547 bantur.

146 1569 173 1590 et
192 1564 217 1591 in
231 1571 352 1591 errorem
369 1563 477 1590 Balaam
493 1550 617 1590 mercede
635 1560 725 1589 dili'usi
744 1565 817 1594 sunt,
830 1565 857 1588 et
868 1567 933 1588 cou-
947 1550 970 1581 (ἶ
1021 1564 1101 1592 νει-ε,
1117 1564 1167 1599 12,
1186 1565 1228 1592 ιδ,
1249 1574 1259 1591 ι
1283 1564 1315 1592 Hi
1341 1564 1387 1599 qui
1411 1564 1437 1591 in
1460 1564 1650 1601 dilectionibus
1675 1564 1773 1592 vestris

146 1609 307 1637 tradictione
316 1608 386 1636 Core
396 1608 551 1643 perierunt!
569 1617 579 1633 ι

187 1654 320 1688 Quoniam
337 1661 386 1689 per
398 1653 498 1687 (omnia
526 1653 654 1680 declarati
681 1657 744 1680 sunt
776 1652 935 1680 cecidisse'a

148 1701 232 1727 verbo
250 1699 373 1726 veritatis
387 1699 518 1731 lueretici,
543 1698 662 1726 ostendit
683 1705 732 1725 eos
746 1697 862 1725 diversis
876 1698 937 1726 sub-

145 1745 232 1780 jectos
246 1745 335 1772 malis.
350 1745 421 1772 Dicit
434 1745 506 1772 enim
517 1751 564 1772 eos
574 1744 601 1771 in
617 1743 686 1770 viam
699 1743 766 1770 Cain
785 1743 935 1776 ambulare,

148 1792 194 1826 qui
206 1796 318 1826 propter
335 1790 465 1818 invidiam
478 1795 506 1817 et
521 1789 686 1823 impietatem
697 1788 803 1816 necavit
813 1788 934 1817 fratrem.

148 1836 210 1871 Qui,
226 1837 289 1864 dum
306 1835 462 1863 contristari
480 1834 619 1862 debuisset
633 1841 677 1866 eo,
693 1833 764 1868 quod
772 1833 935 1861 sacrificium

148 1882 206 1917 ejus
221 1886 372 1916 susceptum
390 1889 443 1908 non
459 1885 528 1913 erat,
557 1879 629 1914 quod
653 1880 734 1913 impie
749 1878 936 1906 indubitanter

151 1929 296 1962 obtulerat,
312 1933 340 1955 et
354 1927 455 1954 imitari
469 1926 592 1957 fratrem,
605 1929 634 1951 ut
645 1929 671 1951 et
687 1924 739 1951 iste
749 1924 792 1958 pie
811 1924 865 1951 Deo
875 1931 936 1951 tuu-

149 1983 201 2002 nus
214 1975 308 2002 oll'erat
325 1973 375 2009 (9),
402 1972 504 2000 invidia
533 1970 619 2006 magis
643 1974 784 2004 correptus
806 1970 936 1997 adversus

150 2029 222 2054 cum,
239 2020 374 2048 homicida
387 2019 493 2054 primus
505 2016 637 2052 apparuit.
654 2015 687 2042 Et
702 2023 755 2043 non
771 2015 798 2042 in
818 2015 869 2042 hoc
879 2015 937 2043 solo

150 2066 262 2101 quievit,
289 2066 336 2093 sed
363 2065 445 2091 etiam
479 2062 627 2090 extendens
654 2061 821 2096 impietatem
847 2068 937 2094 suam,

152 2117 280 2146 peccator
297 2111 369 2138 circa
382 2110 464 2138 Deum
483 2110 570 2136 factus
591 2107 754 2139 voluntarie,
768 2115 783 2134 a
798 2107 871 2134 vultu
880 2107 937 2142 ejus

151 2157 281 2193 expulsus
300 2164 359 2184 esse
371 2155 438 2192 (10),
448 2155 517 2183 niltil
534 2154 590 2190 jam
604 2157 702 2189 putans
727 2153 753 2180 itt
770 2160 799 2181 se
812 2153 858 2180 Dei
875 2161 938 2188 pro-

152 2205 270 2232 videntia
284 2203 439 2238 provenire,
455 2201 602 2229 secundum
626 2199 716 2226 omnia
734 2206 794 2233 quae
807 2199 936 2233 habebat,

153 2258 183 2276 se
202 2248 390 2276 auctoritatem
406 2254 467 2274 esse
481 2244 620 2277 credebat,
631 2249 659 2272 et
672 2243 838 2272 voluntatem
849 2251 936 2272 suam.

153 2295 304 2322 l’razsentes
331 2293 413 2329 igitur
446 2291 589 2319 haereticos
616 2289 765 2324 ambulare,
795 2289 894 2324 inquit,
911 2291 940 2318 in

190 2362 212 2377 ¹¹
229 2361 307 2389 Joan.
329 2368 358 2393 v,
376 2358 419 2387 70.

188 2426 228 2462 (5)
244 2425 434 2462 Mingarellus_
447 2425 479 2462 ad
504 2424 646 2462 Didymum
661 2423 753 2462 (sitpra
769 2422 819 2450 col.
837 2422 890 2449 202
906 2422 939 2459 D)

153 2457 229 2497 putat
243 2457 387 2497 legendum
401 2460 520 2497 _divina_nt
540 2457 761 2497 gratiam.nlj1tit'r.

190 2497 228 2534 (6)
250 2491 350 2524 SEnsus
363 2495 469 2534 videtur
495 2491 548 2534 hicj
562 2500 623 2534 e_s_se
638 2501 645 2518 :
665 2491 866 2534 Objectionibtts
883 2496 940 2521 suis

155 2527 316 2567 praesentem
341 2531 482 2565 epistolam
521 2533 549 2555 et
574 2527 698 2562 Moyseos
728 2529 939 2563 assumptionem

154 2568 333 2602 prtetendunt.

190 2603 229 2636 (7)
250 2603 286 2629 De
316 2601 367 2628 hoc
402 2600 469 2627 libro
507 2598 738 2634 pscudepigrapho
763 2598 939 2636 χᾉνάληψις

154 2633 317 2670 Μώῦσέως),
331 2644 365 2662 ex
379 2642 432 2669 quo
446 2633 585 2670 desumpta
602 2638 747 2670 suut_qtta:
761 2633 787 2670 in
803 2634 854 2670 Ep.
864 2633 939 2661 Jndte

157 2677 182 2706 \_'_.
200 2667 363 2706 9ileguntnr,
377 2667 427 2706 eo.
435 2669 463 2706 717.
478 2667 642 2706 Ailfabricii
660 2668 749 2695 Codex
766 2667 938 2704 Pseudepigr.

160 2704 192 2732 V.
209 2704 318 2739 'f‘.,‘vol.
336 2705 356 2738 Ι,
370 2713 394 2740 p.
413 2705 475 2736 402,
495 2704 556 2736 405,
570 2704 621 2732 839
640 2711 681 2738 sq.

191 2739 230 2773 (8)
251 2740 426 2767 Scrihcndum
443 2740 558 2771 videtur,
575 2747 643 2766 eum.

159 2772 320 2820 statim?
333 2772 940 2820 Celeiates5.9.':t_se"§:'n__{00131915395

158 2809 330 2845 intelligeret,
347 2810 470 2844 conjecit,
489 2809 630 2836 obtulerat.
656 2809 750 2837 Verius
782 2809 895 2842 videtur,
912 2813 940 2834 ιιι

156 2847 180 2868 et
198 2843 251 2879 ipse
265 2844 308 2881 pie
325 2843 379 2886 Deo
396 2853 490 2872 munus
506 2845 610 2880 oﬂ'erul.

986 1609 1128 1637 maculatis
1142 1609 1321 1645 coepulantur
1336 1609 1393 1644 (15)
1408 1609 1467 1636 sine
1486 1610 1592 1642 timore,
1610 1609 1772 1644 semetipsos

985 1660 1127 1690 pascentes
1141 1664 1147 1682 :
1164 1655 1248 1683 nubes
1263 1655 1322 1683 sine
1339 1663 1419 1689 aqua,
1439 1662 1499 1690 qua:
1513 1663 1528 1681 a
1544 1655 1633 1682 ventis
1654 1654 1772 1682 circum-

986 1700 1120 1734 feruntur,
1144 1701 1258 1730 arborcs
1274 1702 1455 1733 autumttales,
1474 1700 1660 1733 infructuosa,
1683 1700 1774 1727 eradi-

986 1751 1069 1780 cataa,
1101 1746 1144 1774 bis
1174 1751 1301 1780 mortuae,
1327 1746 1426 1774 ﬂuctus
1452 1746 1552 1773 ferocis
1577 1745 1678 1778 maris,
1705 1753 1772 1780 spu-

987 1797 1093 1821 mantes
1109 1800 1173 1821 suas
1188 1793 1373 1827 confusiones,
1389 1793 1490 1826 sidera,
1505 1791 1687 1824 seductioues,
1711 1792 1772 1828 qui-

986 1839 1047 1871 bus.
1059 1849 1068 1866 ι
1086 1845 1138 1867 etc.

1023 1886 1089 1913 Cum
1105 1886 1266 1914 ostendisset
1279 1893 1336 1919 eos,
1351 1886 1397 1920 qui
1412 1885 1552 1913 ambulant
1565 1885 1592 1912 in
1609 1884 1680 1912 viam
1693 1884 1771 1916 Cain.

987 1936 1015 1959 et
1031 1931 1108 1959 effusi
1125 1935 1188 1960 sunt
1209 1932 1308 1967 injusta
1330 1932 1455 1959 mercede
1475 1931 1597 1964 Balaam,
1611 1936 1639 1958 et
1663 1938 1710 1958 eos
1724 1931 1772 1964 qui

988 1977 1084 2011 perditi
1098 1982 1159 2005 sunt
1173 1977 1386 2005 contradictione
1397 1977 1481 2011 Gore;
1499 1977 1621 2011 sequitur
1651 1976 1745 2003 dicens
1762 1984 1770 2003 :

988 2021 1021 2049 lii
1046 2027 1109 2049 sunt
1133 2022 1256 2050 convivia
1274 2022 1458 2056 celebrantes,
1482 2022 1588 2056 quando
1613 2021 1770 2049 dilectiones

989 2067 1130 2101 habentes,
1146 2068 1320 2103 coepulantes
1342 2069 1369 2095 in
1388 2068 1502 2095 maculis
1519 2067 1585 2098 suis,
1599 2068 1661 2094 dum
1678 2074 1773 2094 carnes

988 2113 1111 2149 polluunt
1131 2114 1264 2149 proprias,
1279 2118 1309 2142 et
1325 2113 1492 2141 transferunt
1512 2113 1545 2140 ad
1571 2113 1704 2139 luxuriam
1722 2112 1774 2139 Do-

989 2159 1054 2187 mini
1071 2161 1195 2195 gratiam.
1213 2160 1328 2188 Proinde
1349 2167 1409 2187 cum
1428 2159 1518 2187 omnia
1536 2158 1688 2190 lmjusmodi
1707 2165 1769 2185 cum

989 2204 1073 2233 multo
1098 2210 1251 2240 contemptu
1271 2205 1388 2238 faciant,
1412 2205 1471 2232 sine
1494 2204 1590 2232 timore
1616 2203 1774 2238 semetipsos

989 2253 1114 2282 pascunt.
1128 2249 1194 2278 Cum
1211 2250 1282 2276 enim
1299 2255 1363 2277 sunt
1383 2250 1433 2277 sub
1450 2254 1562 2284 pastore
1579 2255 1643 2276 vero
1668 2248 1704 2275 ita
1727 2249 1775 2274 de-

989 2298 1098 2329 gentes,
1121 2295 1180 2322 sine
1194 2295 1291 2323 timore
1313 2299 1341 2322 et
1358 2295 1417 2323 sine
1442 2294 1594 2322 reverentia
1623 2293 1773 2326 constituti,

477 2358 498 2374 "
512 2357 580 2386 Gen.
594 2365 631 2390 tv,
645 2356 672 2384 7.
710 2357 731 2372 ¹⁷
752 2355 818 2383 ibid.
831 2356 858 2383 8.
897 2357 919 2372 “‘
938 2357 1017 2387 Num.
1030 2369 1097 2394 uti,
1113 2361 1145 2388 17
1159 2369 1218 2397 sqq.

1026 2428 1082 2463 (10)
1102 2428 1158 2456 Hoc
1184 2433 1277 2464 aperte
1306 2430 1414 2458 falsum.
1448 2429 1495 2457 Vel
1523 2429 1612 2457 otnitti
1626 2429 1715 2462 debet,
1732 2429 1775 2456 vcl

990 2464 1088 2500 corrigi
1104 2472 1164 2500 cum
1183 2465 1333 2498 Gallandio,
1347 2471 1395 2496 est,
1410 2465 1535 2500 nihilque.

1024 2498 1081 2559 (11)
1102 2499 1194 2527 Tacite
1208 2501 1326 2527 correxit
1341 2498 1495 2527 Gallandius
1508 2499 1588 2532 velut,
1608 2503 1692 2531 recte,
1708 2506 1771 2526 nam

1035 2539 1080 2559 unt
1095 2542 1202 2559 sensum
1216 2535 1315 2559 nullum
1335 2535 1424 2559 habet.

990 2535 1080 2560 volunt
1095 2542 1202 2561 sensum
1216 2535 1315 2561 nullum
1335 2535 1424 2562 habet.

1027 2569 1083 2604 (1‘2)
1103 2569 1270 2601 Gallantlius,
1286 2571 1376 2596 nescio
1396 2578 1428 2596 an
1445 2570 1478 2596 de
1493 2569 1617 2601 consilio,
1640 2573 1713 2596 certe
1731 2576 1776 2595 vc-

990 2605 1056 2635 rius,
1074 2605 1183 2638 scripsit
1196 2613 1242 2638 pro
1259 2605 1365 2631 ditione.
1380 2604 1450 2631 Nihil
1467 2605 1615 2631 adnotavit.

1025 2639 1081 2674 (15)
1102 2637 1138 2666 Ui.
1154 2637 1311 2674 saepissime,
1328 2640 1364 2666 ita
1382 2641 1463 2666 etiam
1479 2639 1504 2665 in
1520 2638 1576 2674 hoe
1590 2639 1649 2666 loco
1664 2637 1778 2666 Latinus

989 2673 1120 2708 interpres
1134 2683 1148 2701 a
1167 2673 1279 2708 Vulgata
1301 2673 1412 2700 mttltutn
1427 2674 1540 2701 recedit.
1558 2673 1641 2705 Gall.,
1658 2679 1688 2699 ut
1707 2674 1777 2700 hanc

988 2709 1140 2736 versionem
1160 2709 1282 2743 Vulgata:
1297 2709 1489 2740 conformaret,
1512 2708 1638 2743 conjecit,
1659 2708 1692 2743 γΙιὶ
1716 2713 1777 2734 sunt

988 2744 1047 2777 qui.
1059 2763 1066 2770 .
1078 2765 1085 2771 .
1098 2763 1105 2770 .
1121 2742 1242 2771 maculae.
1261 2742 1317 2771 Hoc
1337 2744 1448 2770 nimiunt
1470 2744 1585 2770 videtur.
1600 2742 1701 2769 Lenitts
1714 2750 1777 2769 cor-

990 2778 1056 2813 rige,
1083 2779 1109 2805 Ιιὶ
1127 2783 1202 2811 sunt,
1222 2779 1268 2814 qui
1292 2781 1318 2806 in
1340 2778 1519 2805 dilectionibus
1541 2778 1631 2806 vestris
1650 2777 1778 2805 maculati

990 2814 1172 2848 coepulantur.
