1913 3071
109 165 180 195 1817

605 156 807 187 ENARRATIO
828 155 861 184 ΙΝ
882 154 1080 184 EPISTOLAM
1099 154 1129 182 Β.
1139 153 1249 182 ΙΟΒᾹΖ.

1676 146 1743 176 l8|8

110 227 210 261 quique
242 227 401 260 comparant
441 221 602 257 semetipsos
631 219 734 248 sanctis
767 217 901 249 nubibus,
917 218 942 247 Δ
954 216 1024 243 viam
1035 215 1169 247 veritatis,
1184 220 1275 248 quam.
1291 212 1480 246 agnoscentes,
1496 205 1595 235 reverti
1611 212 1673 242 pom.
1684 211 1741 234 ter-

113 273 267 308 pluentibus
289 270 433 307 justitiam.
460 269 525 302 Quae
552 267 637 296 nubes
661 266 755 300 utique
778 262 901 291 veritatis

115 325 190 352 unt,
206 318 354 347 secundum
372 316 443 352 quod
459 314 589 349 scriptum
604 317 665 340 est:
682 322 692 338 ι
707 311 797 338 Nubes
810 309 904 344 pluattt

111 366 247 401 justitiam
259 365 297 397 ‘9;
308 372 318 390 ι
331 368 377 390 et:
393 370 402 387 ι
418 361 507 395 Usque
521 360 554 387 ad
572 359 656 387 nubes
677 358 776 386 veritas
794 362 839 383 tua
851 355 901 382 ".t

114 412 218 446 Quibus
234 410 320 445 plenis
337 409 423 437 imbre
438 406 572 442 spirituali
588 405 741 436 mandatur,
758 410 792 430 ne
810 402 905 437 pluant

115 465 198 492 super
215 457 351 491 indignos.
365 455 557 481 Verumtamen
579 452 642 479 licet
664 450 787 477 nitantur
804 451 905 476 semet—

116 505 192 538 ipsos
211 501 332 537 prazdicti
347 500 397 527 viri
415 506 574 533 c0tnparare
588 496 706 525 nubibus
722 494 834 527 sanctis,

115 548 231 582 νεφέλας
282 544 329 573 οὖν
376 545 492 580 ἀνύδρας

116 593 240 625 ἐκάλεσε,
255 592 299 619 διὰ
318 592 348 618 τὸ
366 590 403 626 μὴ
420 590 491 625 ἔχειν

116 640 163 666 τὸν
179 638 328 674 ἁρδεύοντα
341 638 401 668 ταῖς
416 636 492 670 φιλο-

118 685 190 716 θέοις
212 684 310 720 ψυχαῖς
333 682 380 709 τοῦ
403 681 490 709 Πνεύ-

121 741 205 768 ματος
227 732 315 766 λόγον,
350 730 392 756 τὸν
419 729 492 763 γινό-

120 787 200 814 μενον
207 778 302 809 αὑταῖς
313 786 323 802 ι
333 775 424 811 πηγὴν
433 774 494 800 ὓδα-

118 835 175 860 τος,
191 824 339 860 ἁλλομένου
366 824 406 854 εῑς
423 821 495 857 ζωὴν

119 874 261 901 αἰώνιον-ι

529 548 649 571 attamen
668 542 753 569 nubes
771 544 834 567 sunt
847 538 907 566 sine

529 600 613 627 aqua,
637 598 691 618 non
723 589 854 618 habentes
881 587 907 614 in

529 638 685 673 semetipsis
698 636 839 664 scientiam
848 633 906 661 Dei.

530 683 606 716 Quod
649 681 695 716 qui
739 678 891 714 perceperit
899 697 907 709 ,

529 730 612 757 habet
624 729 649 756 in
666 727 812 760 semetipso
828 734 837 750 ε
851 724 910 751 fon-

533 781 586 803 tem
599 781 675 810 aquae
687 772 807 801 salientis
821 771 848 798 in
864 770 906 797 vi-

533 828 587 851 tam
604 825 733 849 aeternam
746 819 787 853 “;
801 827 811 844 ι

927 888 950 916 Β

955 269 1017 297 gum
1030 262 1079 289 ⁷⁵³.)
1096 260 1185 288 Unum
1199 256 1354 287 necessario
1370 261 1538 289 consequens
1554 257 1606 283 est.
1625 257 1663 285 ut,
1681 259 1743 278 cum

955 307 1075 336 secundo
1093 307 1255 337 moriuntur,
1270 301 1403 331 eradicari
1420 301 1573 332 videantur,
1590 302 1620 325 ut
1639 297 1742 324 nullam

956 362 1030 389 spem
1054 354 1187 385 habeant,
1205 352 1292 380 denuo
1319 347 1498 384 germinandi.
1522 345 1746 380 Blasphetnantes

956 400 1029 427 enim
1052 399 1078 426 in
1099 398 1231 433 Spiritum
1248 400 1383 427 sanctum,
1402 392 1590 420 remissionem
1613 397 1666 417 non
1693 390 1743 416 ha-

959 445 1024 473 bent
1052 449 1245 480 peccatorum,
1270 447 1357 475 neque
1388 446 1474 470 nunc,
1501 444 1588 471 neque
1611 437 1636 463 in
1657 436 1748 463 futuro

958 491 1056 519 saeculo
1069 491 1102 516 ιδ.
1125 489 1314 524 Repraesentat
1338 485 1421 520 igitur
1437 485 1495 511 haec
1517 483 1655 517 Scriptura
1681 488 1748 508 con-

960 537 1081 565 turbatos
1098 543 1199 567 mores,
1222 538 1249 561 et
1266 533 1455 568 perturbatum
1471 529 1637 557 intellectum
1663 528 1750 554 hat-re-

960 584 1085 616 ticorum,
1101 589 1161 609 cum
1176 580 1241 607 dicit
1256 587 1302 606 eos
1321 587 1330 604 (
1345 577 1442 604 lluctus
1461 575 1559 602 ferocis
1577 574 1669 606 maris,
1686 580 1750 607 spu-

960 635 1067 657 mantes
1092 636 1155 656 suas
1181 625 1387 655 confttsionesn
1413 630 1462 658 per
1478 629 1538 656 qum
1561 621 1676 655 turpiter
1698 620 1750 646 im-

960 678 1112 706 morantur,
1139 672 1264 699 universa
1299 668 1445 696 fornicaria
1479 666 1648 693 celebrantes
1678 665 1751 690 circa

960 729 1017 753 eos,
1032 728 1093 748 cum
1110 719 1207 754 quibus
1227 715 1347 751 copulari
1366 714 1506 745 festinant,
1522 715 1652 746 augentes
1673 709 1754 736 mali-

962 767 1027 793 tiam
1045 773 1133 798 suam,
1147 769 1175 792 et
1193 764 1282 790 lumen
1299 769 1329 789 se
1346 768 1407 788 esse
1432 758 1593 786 simulantes
1618 755 1688 791 apud
1705 762 1754 783 eos

962 812 1008 847 qui
1021 816 1084 839 sunt
1101 812 1128 838 in
1146 810 1265 838 tenebris
1280 806 1435 840 constituti;

966 868 976 884 ‹
1000 857 1162 894 μιμούμενοι
1202 856 1257 892 γὰρ
1294 854 1339 882 τὸν
1379 857 1433 880 (et
1468 851 1609 878 imitantes
1647 854 1754 886 patrem

123 921 160 947 ita
185 923 213 946 ul
233 917 340 944 rtluant
354 916 389 944 de
411 911 574 949 intelligibili
601 910 660 945 ejus
677 911 774 936 ventre
798 903 911 932 ﬂumina

120 973 198 1000 aqum
214 964 281 993 viva:
291 964 324 990 “.
342 972 352 989 ι
376 962 517 989 Imitantur
532 959 614 994 igitur
629 956 672 984 isti
688 954 782 982 nubes.

121 1011 223 1047 Δένδρα
233 1010 345 1045 ἄκαρπα
362 1008 496 1044 φθινοπω-

123 1057 196 1094 ρινὰ,
218 1056 312 1092 ἐπειδὴ
338 1054 431 1087 πάλιν,
455 1053 495 1079 δι-

122 1111 198 1130 καιοι
244 1099 475 1137 προσποιούμενοι
488 1117 496 1130 ,

122 1147 224 1180 ἐλαίαις
250 1146 363 1177 ἑαυτοὺς
380 1144 426 1170 καὶ
444 1143 499 1178 ἁμ-

123 1194 215 1225 πέλοις
230 1190 416 1227 καρποφόροις
431 1196 499 1223 παρ-

124 1239 230 1272 έὸαλον,
248 1235 339 1267 καθὼς
356 1234 403 1262 καὶ
422 1232 501 1267 νεφέ-

124 1289 195 1320 λαις.
207 1302 242 1308 ——-
251 1282 445 1319 Φοινοπωρινοὶ
461 1281 499 1314 δὲ,

125 1334 249 1361 τουτέστι
264 1332 312 1359 καὶ
326 1328 438 1366 καρπῶν
455 1327 503 1354 καὶ

126 1378 233 1414 φύλλων
248 1376 355 1413 ἔρημοι.

532 1005 622 1032 Etiam
645 1000 789 1029 arboribus
811 1001 912 1026 semet-

533 1052 606 1086 ipsos
619 1053 778 1083 comparare
798 1049 913 1072 conten-

534 1100 612 1132 dunt,
623 1103 684 1132 quat
698 1095 784 1122 bonos
797 1091 915 1120 allerunt

535 1146 651 1177 fructus,
665 1150 726 1170 cuin
743 1141 798 1169 sint
821 1139 915 1173 utique

536 1189 648 1216 arbores
675 1188 771 1219 bonae,
798 1188 825 1211 et
853 1183 916 1210 licet

538 1237 589 1263 hoc
603 1234 706 1261 faciant
726 1231 782 1264 isti,
804 1229 917 1257 arbores

540 1287 629 1308 tamen
639 1276 807 1306 autumnales
817 1280 845 1303 et
858 1275 917 1302 sine

538 1326 629 1354 fructu
644 1329 719 1353 sunt.

129 1408 196 1453 ﬁam
214 1408 278 1451 licet
292 1408 453 1458 promittant
477 1416 657 1446 mentientes,
676 1412 794 1439 fructum
819 1408 920 1436 habere

129 1478 158 1499 se
171 1471 281 1501 bonum,
294 1456 443 1502 arguuntur
455 1469 556 1494 tamen,
571 1467 632 1487 cum
648 1465 703 1485 non
718 1456 824 1492 possint
839 1461 919 1481 uvam

129 1522 157 1545 et
173 1499 359 1544 iiscum-ferre
383 1512 428 1544 hi,
450 1509 496 1545 qui
520 1507 605 1542 spina:
631 1508 694 1532 sunt
720 1506 748 1530 et
773 1499 875 1532 tribuli,
892 1503 922 1526 et

131 1562 243 1590 arbores
261 1559 321 1587 sitte
336 1559 433 1585 l'ruclu.
452 1555 514 1582 Haec
531 1557 621 1580 autem
641 1549 733 1578 omnia
748 1552 775 1574 et
789 1546 875 1582 spinae
895 1549 922 1572 et

131 1608 222 1636 tribuli
239 1610 390 1642 opportuna
414 1605 488 1633 sunt,
510 1604 540 1627 ut
564 1599 626 1634 igne
645 1597 812 1624 crementur.
834 1591 922 1627 Super

131 1655 190 1684 haec
208 1637 310 1687 itaque,
333 1649 404 1685 quod
425 1647 485 1675 sine
500 1646 589 1672 fructu
614 1645 689 1673 sunt,
709 1637 801 1666 evenit
817 1637 869 1670 eis,
891 1640 922 1664 ut

133 1700 216 1728 etiam
242 1682 373 1726 radicitus
397 1692 482 1721 evulsi
515 1687 637 1717 secundo
667 1685 834 1716 moriantur;
861 1682 924 1717 quia

135 1749 280 1781 peccantes
295 1743 493 1775 consequenter
508 1735 609 1763 habent
625 1738 756 1764 mortem;
772 1734 799 1758 et
817 1729 861 1757 isti
882 1735 925 1756 se-

134 1793 221 1821 cttndo
239 1793 363 1826 peccant,
386 1787 438 1814 hoc
459 1789 514 1817 est,

541 1785 604 1810 actu
628 1784 657 1807 et
682 1785 779 1809 sensu;
805 1775 926 1804 secundo

135 1839 217 1867 etiam
233 1822 302 1865 mori
316 1835 454 1863 dicuntur.
468 1831 498 1858 ln
513 1829 553 1857 eis
566 1827 659 1863 igitur,
674 1824 723 1860 qui
739 1822 859 1851 secundo
872 1828 928 1849 mo-

136 1885 254 1915 riuntur,

135 1930 154 1966 ἢ
171 1930 218 1958 καὶ
234 1928 331 1960 οὕτως,
350 1926 444 1961 ἐπειδὴ
462 1923 515 1960 πρὸ

135 1976 187 2012 τῆς
223 1974 341 2005 πίστεως
375 1971 516 2007 ἐτεθνήκει

139 2022 195 2059 (14)
217 2023 265 2049 σὺν
298 2019 429 2055 ἀσεϐείᾳ,
456 2016 516 2045 εἶτα

140 2066 335 2105 προσελθόντες
361 2064 400 2100 τῷ
422 2064 513 2097 Εὐαγ-

141 2113 224 2149 γελίῳ
250 2112 360 2148 ἔζησαν,
385 2109 465 2136 πάλιν
486 2108 516 2135 δὲ

142 2160 255 2195 ἀσεδείᾳ
283 2158 331 2185 καὶ
362 2157 441 2193 ήδονῇ
472 2155 517 2181 ὲκ-

144 2207 232 2238 δόντες
254 2205 367 2237 ἑαυτοὺς
387 2204 518 2239 τεθνήκα‹

551 1918 633 1947 etiam
650 1917 701 1944 hoc
717 1914 860 1943 dicendum
874 1916 927 1945 est,

552 1965 678 2002 quoniam
691 1967 753 1990 ante
765 1961 844 1989 ﬁdem
857 1967 929 1988 mor-

554 2012 680 2045 tui_sunt,
699 2016 772 2042 cum,
788 2008 815 2034 in
832 2006 929 2041 impie-

554 2064 608 2087 tate
621 2057 777 2091 malitiaque
790 2056 930 2090 degentes,

551 2115 580 2138 et
601 2108 653 2136 visi
680 2111 742 2135 sunt
766 2113 782 2133 a
815 2104 932 2132 mortuis

553 2163 602 2191 per
627 2151 815 2189 paenitentiam
838 2157 931 2178 surre-

556 2202 628 2229 xisse
637 2218 646 2233 ,
690 2198 851 2226 accedentes
899 2195 933 2223 ad

962 902 1067 930 ἑαυτῶν
1095 900 1216 937 ἀρχηγὸν
1251 899 1339 926 Σατα-

962 951 1022 983 νᾶν,
1034 947 1340 986 μετασχηματιζόμενον

963 998 1003 1030 εἰς
1025 996 1138 1030 ἄγγελον
1166 994 1270 1029 φωτὸς,
1295 993 1342 1020 καὶ¹

965 1042 1041 1070 αὐτοὶ
1057 1038 1342 1077 μετασχηματίζεσθαι

966 1088 1089 1115 θέλουσιν
1109 1089 1149 1119 εις
1168 1086 1343 1117 διδασκάλους

966 1136 1108 1172 ἀληθείας,
1128 1134 1184 1162 ἀλλ’
1200 1132 1246 1161 οὖν
1272 1133 1344 1160 πλα-

1376 908 1453 929 suum
1474 898 1623 931 Satanam,
1651 898 1697 932 qui
1726 897 1755 924 in

1377 944 1445 972 lucis
1466 944 1589 979 angelum
1618 941 1755 969 transfor-

1378 997 1468 1020 matur
1479 992 1513 1019 ’⁸.
1543 992 1736 1020 Verumtamen
1747 1008 1756 1023 ,

1379 1039 1442 1066 licet
1470 1038 1542 1065 hanc
1582 1036 1757 1072 phantasiam

1380 1084 1520 1112 celebrare
1533 1083 1649 1116 valeant,
1666 1087 1758 1110 tamen

1381 1132 1470 1160 sidera
1483 1135 1547 1159 sunt
1564 1131 1675 1162 erroris,
1696 1129 1759 1165 qui-

935 1557 958 1586 C

967 1181 1067 1213 νῶντές
1091 1183 1155 1214 εισι,
1173 1178 1349 1216 παραχαράτ-
1385 1180 1436 1208 bus
1467 1179 1551 1215 caligo
1588 1178 1760 1206 tenebrarum

967 1236 1060 1260 τοντες
1071 1228 1120 1263 τὴν
1133 1226 1261 1262 ἀλήθειαν
1274 1225 1350 1252 ὰσελ-
1386 1230 1486 1253 mterna
1501 1229 1652 1253 servatur.»

967 1273 1056 1309 γείαις
1104 1272 1276 1308 δυσφημιῶν.
1313 1286 1348 1291 —
1391 1271 1517 1307 Ἀστέρες
1544 1271 1697 1305 πλανῆται,
1722 1267 1764 1300 οἷς

969 1320 983 1346 ὁ
1001 1318 1082 1353 ζόφος
1098 1317 1143 1345 τοῦ
1169 1317 1280 1349 σκότους
1304 1317 1344 1349 εἰς
1360 1316 1405 1344 τὸν
1422 1316 1507 1344 αἰῶνα
1528 1317 1735 1352 τετήρηται.....
1751 1324 1761 1343 r

971 1376 1126 1404 Tradentur
1146 1375 1218 1402 enim
1237 1373 1357 1402 tenebris
1375 1373 1572 1405 exterioribus,
1594 1373 1656 1400 dum
1682 1371 1765 1400 fuerit

971 1428 1066 1449 eorum
1093 1421 1184 1447 lutnen
1211 1419 1388 1446 exstinctum.
1413 1428 1423 1443 ‹
1440 1417 1497 1444 Lux
1522 1418 1594 1445 enim
1621 1417 1765 1452 impiorum

974 1466 1164 1501 exstinguetur
1174 1465 1230 1492 ³⁸.)
1249 1465 1286 1492 De
1310 1464 1465 1498 hujusmodi
1489 1462 1623 1491 sideribus
1643 1463 1764 1490 dicitur:

978 1521 987 1538 ι
1000 1512 1065 1546 Quae
1082 1512 1155 1539 cadit
1176 1511 1247 1539 sicut
1265 1510 1327 1538 folia
1345 1510 1388 1537 ﬁci
1408 1515 1436 1537 et
1452 1510 1582 1543 vineae",
1595 1519 1604 1535 ι
1623 1510 1687 1536 dum
1705 1517 1767 1536 vera

974 1559 1062 1587 sidera
1076 1565 1129 1586 non
1147 1557 1222 1590 folia,
1233 1557 1281 1584 sed
1299 1556 1401 1584 fructus
1419 1560 1482 1583 sunt
1501 1563 1571 1583 vera:
1591 1555 1654 1583 vitis
1668 1560 1694 1583 et
1712 1555 1768 1583 tici.

977 1605 1113 1639 Scriptum
1130 1611 1246 1639 namque
1262 1603 1296 1630 de
1318 1602 1471 1636 hujusmodi
1494 1601 1576 1636 justis
1595 1606 1658 1629 est:
1677 1611 1686 1627 ι
1701 1601 1767 1629 Ful-

980 1651 1082 1687 gebunt
1105 1651 1177 1679 sicut
1200 1650 1313 1682 claritas
1337 1649 1517 1682 ﬁrmamenti,
1542 1653 1570 1675 et
1587 1648 1770 1683 intelligentes

977 1701 1057 1724 erunt
1082 1697 1152 1724 sicut
1176 1700 1249 1723 astra
1266 1695 1306 1727 ¹³;
1322 1704 1331 1721 ›
1359 1699 1502 1730 propterea
1530 1701 1647 1728 namque
1674 1693 1764 1720 sancti

980 1746 1154 1777 resurgentes
1168 1749 1183 1768 a
1200 1741 1324 1773 mortuis,
1343 1748 1406 1768 cum
1430 1738 1628 1774 incorruptibili
1644 1743 1672 1765 et
1687 1738 1769 1772 spiri-

980 1787 1046 1815 tttali
1061 1794 1184 1822 corpore,
1199 1786 1264 1814 solis
1281 1791 1309 1814 et
1326 1786 1397 1813 lunre
1415 1790 1442 1813 et
1457 1785 1576 1812 siderum
1592 1783 1684 1819 gloria
1699 1790 1772 1811 coma

980 1838 1122 1870 parantur.
1138 1833 1260 1860 Diximus
1280 1832 1355 1867 prius
1376 1832 1409 1858 de
1428 1831 1471 1858 his
1482 1831 1528 1865 qui
1546 1830 1636 1857 vocati
1654 1833 1721 1859 bsunt
1740 1836 1773 1856 eo

981 1880 1054 1915 quod
1078 1878 1248 1914 praescripti,
1273 1882 1301 1906 et
1323 1878 1394 1913 quod
1416 1877 1574 1912 przedictum
1599 1876 1632 1903 de
1655 1875 1696 1903 eis
1720 1875 1773 1908 sit,

982 1926 1055 1954 sicut
1069 1926 1102 1952 de
1115 1923 1183 1952 Juda
1202 1924 1340 1959 proditore
1355 1933 1362 1951 :
1377 1923 1448 1958 quod
1465 1930 1529 1950 vere
1546 1921 1670 1949 ﬁrmatur
1683 1928 1716 1949 ex
1732 1921 1774 1948 Itis

983 1977 1043 2005 quae
1064 1974 1157 2005 postea
1181 1968 1318 2004 subiungit
1340 1968 1488 2002 apostolus,
1506 1967 1599 1994 dicens
1623 1966 1706 2001 (vers.
1722 1964 1773 1992 M-

984 2016 1029 2051 16)
1043 2025 1049 2044 :
1069 2024 1078 2041 ι
1093 2014 1268 2049 Prophetavit
1280 2018 1369 2041 autetn
1384 2013 1416 2040 de
1430 2012 1471 2039 itis
1484 2013 1616 2047 septimus
1630 2011 1664 2038 ab
1675 2010 1774 2041 Adam,

984 2061 1087 2094 Enoch,
1104 2061 1216 2088 dicens:
1235 2060 1304 2087 Ecce
1321 2059 1396 2086 venit
1412 2059 1540 2086 Dominus
1555 2057 1582 2084 in
1598 2055 1700 2084 sanctis
1715 2055 1776 2082 mil-

986 2107 1056 2134 libus
1074 2106 1150 2142 cjus,
1173 2105 1265 2133 facere
1288 2105 1420 2141 judicium
1442 2109 1536 2131 contra
1556 2110 1662 2135 omnes,
1685 2106 1712 2129 et
1731 2109 1777 2128 ar—

986 2160 1070 2189 guere
1091 2160 1186 2181 omnes
1211 2152 1310 2186 impios
1334 2152 1367 2179 de
1383 2151 1508 2179 omnibus
1529 2149 1656 2185 operibus
1680 2147 1777 2182 impie-

989 2200 1051 2227 tatis
1071 2207 1178 2231 eorutn,
1198 2199 1297 2233 quibus
1320 2198 1403 2232 impie
1422 2201 1546 2232 egerunt,
1566 2200 1594 2222 et
1607 2195 1640 2222 de
1656 2194 1782 2221 omnibus

146 2251 318 2285 σιν,εἱκότως
328 2250 350 2276 δ’
359 2238 519 2285 αὐτοὺςζίὸ)
558 2245 744 2281 Evangelium.
770 2242 883 2277 Quando
904 2241 915 2269 d

989 2245 1075 2277 duris,
1089 2252 1148 2280 quae
1165 2244 1248 2272 locuti
1268 2247 1331 2271 sunt
1347 2247 1442 2270 contra
1461 2242 1544 2269 Deum
1559 2243 1715 2275 peccatores
1732 2238 1782 2264 int-

146 2297 306 2333 τεθνηκέναι
319 2296 410 2331 φησίν.

560 2294 607 2323 illo
626 2292 802 2320 reﬂectuntur
828 2290 861 2317 ad
885 2288 937 2316 int-

562 2342 704 2374 pietatem,
732 2336 852 2365 secundo
878 2341 938 2362 ino-

565 2387 672 2414 riuntur
684 2393 692 2412 ς

151 2435 184 2464 de
201 2435 299 2473 quibus
313 2434 431 2462 dicitur:
452 2443 462 2460 ‹
477 2432 572 2460 Melius
588 2437 648 2460 erat
662 2432 713 2465 eis,
727 2439 779 2459 non
796 2429 938 2466 agnovisse

991 2291 1039 2327 pii.
1063 2290 1096 2317 lli
1120 2293 1183 2317 sunt
1207 2293 1432 2321 tnurtnuratores,
1452 2286 1608 2322 querulosi,
1634 2284 1782 2313 secundum

993 2335 1126 2365 desideria
1144 2343 1193 2364 sua
1216 2335 1402 2367 ambulantes,
1437 2337 1465 2361 et
1486 2340 1517 2360 os
1545 2340 1637 2360 eorum
1662 2330 1784 2366 loquitur

993 2383 1120 2418 superba,
1136 2383 1265 2410 mirantes
1281 2388 1412 2416 personas
1428 2384 1546 2415 quaestus
1559 2385 1652 2406 causa.
1664 2386 1674 2403 ι

189 2513 395 2556 ’νιξειμκεννθ-
433 2505 1226 2556 1°.Psal-sed{anthea-.2”lf:...".’°“::-x3135:
1252 2504 1286 2556 ξ’
1305 2503 1327 2532 ιι
1344 2503 1465 2537 Per
1482 2502 1526 2530 θλί-
1566 2502 1590 2518 "
1609 2501 1703 2529 Μαιιιι-

157 2551 219 2584 52..
230 2540 263 2565 ν¹⁵
275 2549 295 2576 ll
309 2540 372 2577 Cor.
383 2556 423 2582 χι,
435 2548 479 2575 M.
517 2547 540 2563 '“
555 2540 634 2574 Prov.
657 2553 717 2578 xttt,
728 2545 754 2572 9.
792 2545 814 2560 ¹⁷
827 2540 982 2576 Ιεορχχχιν,
997 2543 1025 2570 4.
1064 2543 1085 2558 ³⁸
1106 2542 1174 2569 Dan.
1190 2548 1238 2574 xit,
1252 2540 1279 2567 5.

208 2662 252 2695 Μ)
272 2662 356 2689 Recte
373 2660 523 2688 blatthmius
549 2657 737 2695 corrigendum
755 2660 946 2695 esse_cens_et,

157 2691 350 2734 ὲτεθνήκεισαν
366 2696 473 2732 ἁσεὸιᾳ.
492 2691 678 2724 Οοηίίηηίῇυι·
687 2693 739 2721 hoc
758 2692 882 2720 versione
895 2691 947 2719 La-

159 2734 228 2762 tina.

1035 2652 1092 2706 (152
1114 2652 1151 2678 Ex
1171 2649 1332 2677 auctoritate
1349 2645 1483 2675 versionis
1500 2641 1789 2683 Latinut'scribendum

1035 2694 1038 2706 ι
1066 2688 1080 2706 λ
1094 2697 1107 2706 ρ
1123 2685 1231 2706 ηπιπμςρ
1258 2685 1314 2706 Ilm-
1330 2681 1481 2706 Maltltmius
1501 2687 1534 2706 ex
1550 2683 1706 2706 coniectura
1728 2684 1789 2705 cor—

1000 2682 1055 2729 est‘,
1066 2682 1107 2720 δῖς
1123 2685 1232 2717 αὐτούς.
1257 2685 1314 2712 lloc
1329 2682 1481 2711 Matthmius
1501 2687 1534 2708 ex
1550 2682 1706 2714 conjectura
1728 2684 1790 2705 cor-

1000 2728 1081 2752 rem.

956 2822 996 2842 5")
