1913 3071
160 106 231 136 1825

767 117 967 149 NECTARIUS
985 121 1147 153 ARCHIEP.
1168 125 1225 153 GP.

1727 134 1802 166 18%

194 165 226 193 ll.
246 165 307 194 llaec
320 168 402 202 probe
419 169 476 196 scio
496 177 544 198 vos
561 171 670 200 minime
688 173 823 210 ignorare,
838 185 935 212 praeser

1038 181 1074 208 B’.
1092 183 1184 210 Ταῦτα
1203 184 1252 220 μὲν
1268 184 1317 213 οὖν
1329 184 1362 214 εὖ
1376 185 1424 214 οῐδῖ
1446 187 1487 215 ὅτι
1497 189 1655 223 γινώσκετε,
1671 191 1728 219 ὅσοι.
1740 194 1802 221 τῶν

159 211 206 238 tim
221 213 266 246 qui
289 213 332 240 hic
344 214 442 242 eruditi
457 217 542 252 magis
555 223 582 245 et
601 219 713 247 studiosi
729 222 814 255 estis;
832 224 896 257 quin
921 228 949 251 et

159 263 219 289 quas
244 256 302 283 hzee
324 264 499 293 exceperunt,
518 269 577 296 qua:
590 263 672 291 etiam
685 265 784 300 quippe
796 256 945 296 scientibus

158 302 236 328 vobis
252 302 359 330 silentio
379 306 609 338 prmtermittenda
623 310 788 338 censuimus.
807 312 871 345 Quae
882 321 947 341 vero

158 347 285 382 deinceps
303 355 462 382 evenerunt,
477 355 506 377 ut
527 359 562 379 ne
585 353 686 381 diutius
710 362 861 383 sermonem
883 365 947 392 pro-

157 392 264 424 ducam,
286 401 334 427 pro
359 395 454 429 majori
478 401 555 430 parte
576 399 729 432 prteteribo,
746 408 913 438 qua’cunque
931 411 947 432 a

156 437 227 465 malo
241 438 361 466 daemone
374 440 399 467 in
415 440 534 468 fraudem
553 443 678 472 inductus
692 452 788 479 passus
800 452 859 475 est:
876 456 945 484 pra:-

155 488 262 517 cepttnn
276 485 395 519 inquam,
414 491 441 513 et
452 488 484 514 de
499 488 640 516 divinitate
656 491 822 526 opinionem,
837 498 864 520 et
878 501 947 528 prae-

154 530 225 564 cepti
240 531 323 565 ipsius
340 532 417 569 (proh
436 535 538 568 lapsum
551 543 639 564 meum
653 538 671 572 !)
686 540 836 567 mandatam
854 541 947 569 obser-

155 575 291 603 vationem
306 583 332 604 et
358 581 618 615 transgressionem;
631 584 779 612 nuditatem
794 585 900 619 deinde,
918 591 946 614 et

153 621 373 657 absconsionem,
397 629 424 652 et
441 633 500 660 quae
517 628 573 655 lucc
588 634 679 656 secuta
694 635 767 664 sunt,
792 636 821 658 ut
840 639 894 660 non
918 633 945 660 in

152 665 213 694 istis
232 667 370 696 immorer.
388 671 423 697 At
446 672 517 699 enim
538 675 611 708 quod
637 674 724 709 majus
744 677 946 712 maximumque

150 712 202 739 fuit
214 713 334 742 omnium
351 716 543 745 beneficiorum
561 719 608 749 Dei
625 728 689 755 erga
707 721 791 754 illum,
809 727 865 749 tum
882 731 945 752 vero

150 757 232 784 etiam
250 758 321 785 illius
341 767 475 788 summum
490 762 630 798 ﬂagitium,
644 769 673 791 ut
684 765 735 793 hoc
749 766 847 798 dicam,
860 766 883 794 is
898 768 944 801 qui

151 803 233 830 tantis
248 805 399 833 cumulatus
413 805 501 834 fuerat
515 808 662 842 beneﬁciis,
673 811 802 838 adversus
814 811 944 840 factorem

148 854 228 874 suum
255 850 389 878 cervicem
428 853 536 880 extulit.
552 854 622 888 Quid
638 863 703 890 ergo
719 855 790 884 Deus
807 857 852 890 qui
871 857 945 885 illum
961 861 983 889 Β

149 894 303 929 plasmavit,
319 897 457 931 pulverem
473 898 557 933 illum,
579 904 678 928 terram
694 901 767 929 illam
790 902 945 935 informem,

149 946 229 972 quam
256 940 312 967 suis
327 941 489 975 figuraverat
507 944 632 972 manibus
649 950 676 973 et
700 947 782 974 tantis
796 949 946 983 repleverat

147 983 303 1012 beneﬂciis?
317 991 343 1013 et
366 988 430 1022 quid
456 996 509 1016 non
525 990 585 1018 dico
600 993 670 1026 quod
691 994 765 1029 pejus
781 995 945 1024 est?deser-

149 1034 233 1056 torem
258 1031 343 1066 illum,
369 1035 604 1067 praevaricatorem
637 1039 720 1066 divini
752 1041 792 1068 sui
812 1041 943 1076 mandati,

147 1076 331 1110 nunquidnam
353 1079 492 1114 neglexit?
507 1083 691 1118 nunquidnam
714 1086 850 1114 deseruit?
866 1087 944 1116 Mini.

148 1128 190 1148 me
214 1123 343 1157 gentium.
370 1126 424 1153 Sed
447 1128 611 1156 occultatum
635 1132 776 1166 quasivit,
804 1134 941 1162 inventum

147 1168 272 1196 erudivit.
291 1169 344 1197 Sed
360 1179 421 1205 qua:
437 1179 579 1201 consecuta
601 1181 665 1204 sunt
679 1185 729 1204 cur
746 1179 835 1207 dicere
861 1188 942 1214 opor—

148 1213 223 1239 teat?
237 1222 296 1249 quze
319 1216 444 1244 nimirum
456 1218 595 1247 hominum
616 1222 731 1250 saevities
750 1228 777 1251 et
795 1225 941 1254 crudelitas

147 1260 264 1291 patranti
281 1262 414 1295 suggessit
436 1262 597 1299 fratricidia,
622 1271 649 1294 et
671 1273 767 1296 caetera
787 1270 923 1306 deinceps.

183 1315 224 1342 lll.
245 1315 314 1349 Quid
337 1318 420 1353 igitur
440 1320 522 1348 etiam
547 1322 579 1350 ad
603 1322 679 1351 haec?
705 1323 837 1353 Numnam
857 1335 938 1363 repu-

146 1361 243 1394 diavit,
260 1368 306 1389 aut
318 1364 487 1394 abominatus
501 1367 560 1395 est?
575 1369 652 1398 Nullo
667 1372 756 1399 modo.
780 1373 834 1401 Sed
849 1380 877 1401 ut
890 1361 939 1410 pa-

149 1413 189 1434 ter
207 1409 297 1436 multis
312 1410 386 1445 prius
403 1412 531 1441 bonitatis
546 1415 633 1443 modis
653 1418 779 1446 erudiens
800 1428 859 1453 nos,
877 1429 937 1449 cum

147 1454 251 1481 videret
270 1455 340 1482 ﬂecti
361 1465 531 1492 nequaquam
555 1469 634 1495 posse
660 1469 771 1499 propter
794 1467 936 1500 malitiam,

147 1500 210 1534 quid
225 1501 307 1528 fecit?
326 1503 470 1531 Descendit
485 1506 518 1533 de
541 1507 601 1534 sinu
616 1508 714 1538 Patris.
734 1510 756 1539 0
771 1514 936 1547 compassio—

148 1546 228 1572 nem!
253 1546 318 1573 Cum
339 1548 410 1576 Deus
429 1555 502 1578 esset
525 1557 641 1581 aeternus
661 1560 689 1582 et
709 1546 885 1590 immortalis,
906 1564 935 1586 ut

147 1590 240 1624 paucis
252 1591 351 1624 dicam,
369 1593 525 1623 incarnatus
544 1602 585 1624 est
606 1606 639 1625 ex
657 1601 800 1635 purissima
815 1593 951 1638 Virgine,-

148 1643 234 1662 meam
259 1637 330 1664 servi
359 1638 473 1666 formam
505 1641 647 1678 bajulans;
671 1645 767 1674 deinde
789 1637 935 1678 crucifixus

146 1686 200 1712 est,
218 1682 337 1716 sepultus
353 1689 405 1717 est,
424 1688 581 1721 resurrexit,
605 1697 646 1717 me
664 1691 745 1718 simul
766 1694 811 1727 qui
827 1695 934 1722 cecide-

147 1734 204 1753 ram
228 1735 367 1763 resurgere
392 1730 504 1759 faciens.
529 1735 598 1767 Quid
627 1736 687 1764 istis
709 1738 861 1773 benignius,
888 1746 935 1769 aut

146 1772 341 1802 aﬂectuosius?
372 1776 450 1805 Pater
483 1779 567 1808 filium
599 1789 695 1816 suum,
723 1793 803 1819 quem
824 1788 933 1822 genuit,

146 1827 225 1854 quem
244 1828 276 1848 ex
300 1823 450 1852 visceribus
471 1827 527 1854 suis
549 1828 642 1862 edidit,
673 1831 695 1857 si
725 1831 767 1859 vel
795 1833 932 1867 paululum

147 1867 321 1895 declinaverit
334 1877 349 1896 a
368 1871 507 1899 voluntate
519 1881 551 1901 ac
570 1875 696 1904 mandato
712 1877 779 1911 ejus,
797 1887 849 1907 non
867 1881 933 1909 satis

146 1913 225 1940 habet
238 1915 260 1941 si
276 1915 386 1943 verbera
402 1922 428 1944 et
440 1917 654 1956 ﬂagellainﬂigat
666 1923 735 1957 ipsi;
752 1926 798 1952 sed
813 1927 933 1955 exurere-

146 1958 192 1985 dat
219 1960 313 1993 etiam,
337 1968 505 1996 exsecratur,
530 1968 703 2002 persequitur
727 1977 806 2004 quem
832 1972 931 1999 dudum

144 2003 282 2038 diligebat,
306 2013 416 2040 propter
433 2009 564 2043 tantillam
589 2019 710 2040 causam.
734 2003 820 2043 llerus
834 2016 931 2044 simili-

143 2054 187 2077 ter
200 2049 330 2079 famulum
354 2062 442 2086 suum,
461 2056 484 2083 si
507 2057 549 2084 vel
572 2058 697 2091 pusillum
717 2060 834 2089 ollendat
849 2063 932 2091 miser

144 2095 235 2129 homo,
254 2098 341 2132 poenis
365 2104 392 2126 et
416 2101 540 2135 vinculis,
563 2102 632 2130 fame
650 2111 682 2132 ac
707 2105 751 2133 siti
779 2115 929 2141 maeerans,

143 2142 236 2169 vendit
253 2143 338 2177 illum,
359 2145 386 2171 in
414 2146 522 2175 dissitas
548 2154 680 2183 quantum
699 2151 756 2179 fieri
778 2157 864 2187 potest
887 2162 930 2182 re-

144 2188 237 2222 giones
252 2189 389 2225 ablegans.
410 2191 515 2220 Nostra:
530 2201 594 2222 vero
609 2203 650 2222 res
667 2198 800 2231 quomodo
814 2199 930 2228 habent?

143 2234 249 2261 Conditi
265 2235 374 2269 fuimus,
390 2237 547 2271 honoribus,
564 2240 660 2274 gloria,
677 2242 789 2270 infinitis
800 2244 931 2272 bonorum

144 2279 246 2308 divitiis
261 2282 388 2310 cumulati
408 2283 522 2318 fuimus;
540 2286 626 2314 datori
650 2295 715 2316 vero
731 2289 826 2318 hOl'llm
851 2299 931 2326 quam

141 2326 230 2354 vicem
249 2328 431 2357 reddidimus?
450 2332 490 2358 Ad
521 2333 687 2361 iracundiam
716 2338 930 2371 provocavimus,

142 2373 314 2401 contumeliis
338 2374 488 2410 affecimus,
509 2377 648 2406 alfecimus
668 2380 787 2408 tristitia.
802 2381 847 2408 Ille
866 2389 931 2409 vero

142 2418 255 2445 minime
271 2419 396 2455 neglexit.
423 2421 476 2450 Sed
501 2430 561 2450 cum
589 2424 659 2452 Dens
679 2427 725 2459 sit,
742 2432 819 2461 pater
839 2428 929 2455 vocari

141 2462 176 2490 ab
200 2463 313 2498 ingratis
340 2470 367 2493 et
385 2471 477 2500 pastor
495 2476 546 2496 non
566 2474 608 2497 est
625 2470 793 2505 dedignatus,
812 2472 928 2500 animam

142 2515 218 2536 suam
233 2517 335 2544 ponens
356 2519 405 2547 pro
419 2514 524 2541 ovibus.
541 2515 611 2549 Quin
626 2517 707 2544 etiam
722 2518 850 2546 cadentes
875 2519 929 2547 eri-

142 2555 191 2587 git,
220 2555 372 2586 labantibus
399 2561 570 2595 compatitur,
599 2571 649 2590 nec
672 2565 795 2599 rependit
821 2566 927 2601 dignata

142 2599 303 2635 flagitiorum
327 2609 479 2632 nostrormn
503 2608 718 2636 retributionem.
734 2610 764 2637 Si
780 2612 928 2647 iniquilales

141 2646 324 2679 observaveris,
342 2649 462 2683 Domine,
480 2651 599 2685 Domine,
609 2655 666 2688 quis
683 2657 840 2684 sustinebit’
854 2659 864 2684 ?
879 2658 929 2686 Cu-

142 2697 198 2718 ram
220 2693 288 2726 gerit
307 2695 418 2723 omnino
435 2698 516 2725 etiam
531 2699 648 2729 minimze
668 2701 797 2737 cujusque
816 2704 872 2732 ovis
900 2709 927 2732 ut

170 2747 399 2783 ’Psal.cxxtr,5.

175 2792 213 2830 (ᾖ)
228 2794 308 2830 βαι-ιο
324 2795 453 2830 ἑπόμενα,

174 2829 211 2862 (ὅ)
228 2829 307 2857 Forte
322 2829 448 2865 ἀπήλκια.

1000 222 1051 254 ὦδε
1066 228 1296 266 φιλομαθέστεροί
1318 241 1348 259 τε
1366 234 1414 261 καὶ
1428 222 1730 271 σπουδαιότεροιξἏλὶε
1747 238 1800 266 οὖν

999 273 1047 299 καὶ
1058 273 1091 300 τὰ
1104 274 1211 307 τούτοις
1225 276 1374 313 λειπόμενα
1389 279 1438 314 (2),
1453 279 1471 307 ἃ
1488 281 1536 306 καὶ
1548 281 1586 313 ὡς
1602 282 1685 309 εἰδόσι
1706 292 1798 312 κατα-

998 316 1172 354 λελοίπαμεν.
1189 321 1249 348 Τῶν
1263 322 1292 349 δὲ
1305 323 1380 359 ἑξῆς,
1396 324 1439 351 ἴνα
1455 325 1492 361 μὴ
1508 326 1621 361 μηκύνω
1633 327 1678 355 τὸν
1701 328 1795 363 λόγον,

998 364 1117 399 παρήσω
1140 365 1176 392 τά
1196 366 1320 400 πλεῖστα,
1339 369 1388 396 ὅσα
1406 369 1458 396 ὑπὸ
1470 370 1518 397 τοῦ
1539 373 1657 408 πονηροῦ
1673 374 1796 401 πέπονθε

998 410 1192 445 παρακλαπεὶς
1219 412 1358 449 δαίμονος.
1376 414 1431 451 Τὴν
1452 416 1562 452 ἐντολὴν
1577 417 1659 452 λέγω,
1677 420 1725 446 καὶ
1743 422 1796 457 τὴν

997 455 1048 490 τῆς
1060 455 1186 492 θεότητος
1200 457 1321 495 δόκησιν,
1336 460 1384 487 καὶ
1398 461 1448 496 τὴν
1465 462 1514 498 τῆς
1535 463 1646 500 ἐντολῆς
1662 465 1724 500 (φεῦ
1739 455 1794 502 μου

997 501 1178 538 πτώματοςι)
1191 506 1384 541 παρατήρησιν
1398 507 1445 533 καὶ
1462 509 1632 544 παράϐασιν.
1649 509 1715 538 Εἶτα
1740 511 1795 548 τὴν

996 547 1148 583 γύμνωσιν,
1168 550 1216 577 καὶ
1227 551 1276 586 τὴν
1302 552 1471 589 ἀποκρυσὴν,
1490 555 1537 581 καὶ¹
1554 555 1604 582 ὅσα
1623 557 1728 589 τούτοις
1741 559 1793 585 ἐπ-

997 594 1191 630 ηκολούθησεν,
1206 597 1249 623 ἵνα
1270 598 1307 634 μὴ
1321 598 1408 626 ταῦτα
1422 599 1504 634 λέγω.
1526 601 1595 628 Ἀλλ’
1607 599 1652 629 οὖν
1669 603 1698 630 τὸ
1713 603 1794 638 μέγι-

997 648 1057 667 στον
1072 641 1127 668 τῶν
1143 642 1190 668 τοῦ
1205 643 1273 670 Θεοῦ
1290 644 1338 679 μὲν
1350 644 1420 680 πρὸς
1433 646 1516 673 αὑτὸν
1529 647 1726 683 ἀγαθοεργιῶν,
1745 651 1794 677 αύ-

994 685 1041 712 τοῦ
1057 686 1085 712 δὲ
1101 686 1131 713 τὸ
1145 687 1315 723 ὑπερϐάλλον
1337 690 1525 726 παράπτωμα,
1544 692 1587 719 ἵνα
1599 693 1680 721 τοῦτο
1707 694 1790 728 εἴπω,

994 732 1009 758 ὁ
1024 732 1079 758 τῶν
1091 733 1226 761 τοσούτων
1239 735 1395 768 ἀπολαύσας
1406 736 1580 773 εὐεργεσιῶν,
1594 740 1664 766 κατὰ
1677 740 1725 767 τοῦ
1741 750 1792 768 πε-

994 779 1139 814 ποιηκότος
1153 781 1342 817 ὲτραχηλίασε.
1360 782 1393 809 Τί
1412 781 1459 811 οὖν
1474 785 1488 810 ὁ
1503 784 1608 817 πλάσας
1615 786 1697 813 αὐτὸν
1711 787 1790 820 Θεὸς,

995 822 1040 848 τὸν
1053 823 1117 858 χοῦν
1135 825 1248 858 ἐκεῖνον,
1263 825 1312 862 τὴν
1323 827 1375 862 γῆν
1390 828 1520 861 ἀνείδεον,
1536 830 1570 865 ἠν
1580 831 1694 864 οἰκείαις
1708 832 1790 868 χερσὶ

996 867 1178 904 διεμόρφωσε,
1188 871 1235 897 καὶ
1254 872 1400 904 τοσαύταις
1411 874 1582 910 εὐεργεσίαις
1599 867 1788 913 πεπλούτηκε;

999 913 1032 939 Τί
1047 914 1085 949 μὴ
1096 914 1168 949 λέγω
1181 915 1211 942 τὸ
1223 917 1329 952 χεῖρον,
1347 918 1399 945 Τὸν
1420 919 1588 956 ἀποστάτην,
1600 921 1646 948 τὸν
1664 923 1789 957 παραϐά-

998 967 1048 994 την
1061 960 1110 995 τῆς
1122 961 1205 988 αὐτοῦ
1217 961 1292 994 θείας
1303 964 1487 999 προστάξεως,
1508 963 1563 1001 ἆρα
1572 968 1711 1002 παρεῖδενς
1732 967 1789 1004 ἆρα

998 1005 1173 1039 κατέλειπεν;
1186 1005 1335 1041 Οὓμενουν.
1356 1009 1437 1036 Ἀλλὰ
1449 1010 1584 1046 κρυϐέντα
1597 1011 1723 1048 ἐζήτησε,
1739 1014 1789 1040 καὶ

997 1050 1085 1086 εὑρὼν
1096 1052 1261 1080 πεπαίδευκε
1283 1054 1342 1089 μέν·
1362 1055 1431 1082 ἀλλὰ
1455 1056 1489 1083 τὰ
1510 1057 1579 1092 μετὰ
1600 1058 1686 1086 ταῦτα
1696 1059 1722 1085 τί
1747 1059 1790 1086 δεῖ

996 1098 1044 1124 καὶ
1058 1098 1158 1133 λέγειν,
1171 1099 1221 1126 ὅσα
1237 1100 1253 1135 ἡ
1265 1101 1319 1127 τῶν
1339 1101 1492 1137 ἀνθρώπων
1514 1104 1623 1130 ἀπίνεια
1637 1105 1674 1140 (3)
1692 1105 1731 1142 τῷ
1742 1115 1790 1134 πε-

995 1145 1119 1181 ποιηκότι
1132 1146 1313 1184 παρώρμησε,
1330 1148 1380 1180 τὰς
1391 1149 1609 1185 ἀδελφοκτονίας,
1622 1152 1668 1178 καὶ
1680 1151 1715 1180 τὰ
1739 1153 1789 1180 ἐπὶ

994 1199 1114 1226 τουτοις;

1027 1334 1064 1361 Ρ.
1089 1335 1122 1361 Τί
1139 1332 1184 1362 οὖν
1211 1335 1258 1362 καὶ
1275 1337 1344 1372 πρὸς
1358 1336 1462 1372 ταῦτα;
1478 1339 1543 1375 μήτε
1558 1348 1589 1374 γε
1612 1339 1742 1368 ἀπώσατο
1765 1342 1785 1376 ἢ

992 1380 1320 1417 ἐ66ελύξατο;ούδαμῶς.
1343 1384 1412 1411 Ἀλλ’
1428 1383 1471 1411 οἷα
1492 1386 1584 1421 πατὴρ
1598 1387 1704 1419 πολλοῖς
1717 1387 1785 1422 πρό-

991 1433 1070 1460 τερον
1098 1426 1209 1462 τρόποις
1241 1428 1425 1464 χρηστότητος
1451 1430 1610 1463 παιδεύσας,
1637 1430 1695 1458 εἶτα
1719 1431 1784 1458 ἰδὼν

991 1469 1112 1500 ἀκλινεῖς
1128 1470 1208 1502 ὄντας
1230 1472 1263 1498 ὲκ
1278 1471 1325 1498 τοῦ
1336 1473 1469 1508 χείρονος,
1496 1475 1523 1501 τί
1540 1477 1627 1508 ποιεῖ;
1641 1476 1783 1511 Κατ-ἦλθεν

991 1514 1024 1541 ἐκ
1046 1514 1100 1541 τῶν
1124 1516 1266 1551 πατρικῶν
1288 1518 1406 1545 κόλπων.
1422 1519 1510 1546 Βαὸαὶ
1522 1521 1571 1556 τῆς
1588 1521 1781 1557 συμπαθείαςί

987 1559 1053 1592 Θεὸς
1079 1560 1117 1588 ὢν
1135 1561 1220 1593 ἀΐδιος
1237 1562 1284 1589 καὶ
1305 1563 1448 1596 ἀθάνατος,
1471 1565 1516 1592 ἵνα
1538 1567 1673 1602 συντέμω,
1698 1568 1782 1601 ἐσαρ-

986 1606 1062 1642 κώθη
1075 1606 1105 1639 ἐξ
1122 1608 1208 1643 ἁγνῆς
1225 1608 1378 1644 Παρθένου,
1395 1610 1462 1645 ἐμοῦ
1480 1610 1528 1646 τὴν
1545 1614 1652 1648 μορφὴν
1663 1613 1783 1648 φορέσας

985 1652 1032 1678 τοῦ
1045 1653 1149 1681 δούλου.
1166 1652 1232 1680 Εἶτα
1252 1655 1411 1691 ἐσταυρώθη
1425 1676 1433 1688 ,
1455 1657 1542 1693 ἐτάφη
1553 1678 1561 1690 ,
1582 1659 1696 1695 ἀνέστη,
1719 1667 1784 1686 συν-

985 1699 1138 1734 αναστήσας
1145 1708 1178 1732 με
1188 1701 1358 1727 πεπτωκότα.
1369 1702 1401 1727 Τί
1408 1702 1510 1728 τούτων
1517 1702 1782 1739 φιλανθρωπότερον,

985 1743 1001 1778 ἦ
1019 1743 1258 1779 συμπαθέστερον;
1274 1745 1329 1771 Καὶ
1342 1745 1433 1780 πατὴρ
1449 1746 1498 1781 μὲν
1511 1746 1556 1772 τὸν
1571 1746 1669 1773 ἑαυτοῦ
1684 1748 1782 1781 παῖδα,

984 1788 1013 1814 ὃν
1027 1788 1183 1822 ἐγέννησεν,
1199 1789 1228 1816 ὃν
1252 1790 1283 1816 ὲκ
1300 1790 1354 1817 τῶν
1383 1790 1455 1818 ἰδίων
1473 1791 1634 1826 σπλάγχνων
1652 1793 1782 1828 παρήγα-

983 1842 1043 1868 γεν,
1058 1835 1157 1870 μικρόν
1175 1844 1201 1862 τι
1211 1836 1261 1871 τῆς
1275 1836 1357 1863 αὐτοῦ
1370 1838 1600 1874 παρεκτραπέντα
1620 1838 1718 1874 βουλῆς
1732 1839 1782 1865 καὶ

983 1880 1168 1916 προστάξεως,
1192 1882 1222 1908 οὑ
1243 1882 1350 1918 πληγὰς
1371 1883 1451 1919 μόνον
1469 1885 1517 1911 καὶ
1535 1885 1670 1920 μάστιγας
1685 1886 1774 1921 ἐπαρ-

984 1928 1072 1953 κεῖται
1093 1927 1277 1962 προσαγαγὼν
1306 1928 1391 1964 αὐτῷ,
1419 1929 1487 1956 ἀλλὰ
1512 1930 1559 1956 καὶ
1581 1931 1779 1967 ἀποκηρύττει,

981 1974 1074 2001 διώκει
1093 1975 1140 2001 τόν
1158 1984 1223 2002 ποτε
1237 1976 1407 2011 φιλούμενον,
1426 1977 1459 2003 δι’
1476 1978 1623 2013 οὑδαμινήν
1634 1986 1693 2004 τινα
1707 1978 1777 2014 πρό-

983 2029 1075 2055 φασιν.
1092 2021 1148 2048 Καὶ
1161 2022 1296 2057 δεσπότης
1314 2022 1416 2057 ὁμοίως
1431 2023 1477 2050 τὸν
1494 2024 1591 2050 ἑαυτοῦ
1611 2024 1718 2060 οἰκέτην
1729 2024 1778 2052 καὶ

982 2065 1051 2100 πρὸς
1077 2066 1167 2100 ὀλίγον
1183 2067 1382 2093 ἐκπεπτωκότα
1405 2067 1451 2094 τὸν
1479 2068 1581 2100 ἄθλιον,
1598 2070 1705 2100 ποιναῖς
1729 2070 1777 2097 καὶ

981 2111 1101 2146 δεσμοῖς,
1116 2111 1190 2146 λιμῷ
1210 2113 1257 2139 καὶ
1277 2112 1348 2148 δίψει
1363 2113 1543 2146 καταπιέσας,
1566 2114 1776 2150 ἀπεμπωλεῖται

981 2156 1086 2189 τοῦτον,
1111 2156 1310 2192 ἐξοστρακίσας
1340 2159 1509 2193 μακρότατα.
1535 2160 1575 2186 Τὰ
1604 2160 1632 2187 δὲ
1653 2161 1777 2196 ἡμετέρα

946 2209 969 2236 Ῑ)
984 2202 1056 2235 πῶς;
1079 2203 1279 2238 Ἐπλάσθημεν,
1305 2204 1486 2239 ὲτιμήθημεν,
1514 2205 1706 2241 ὲδοξάσθημεν,
1724 2215 1776 2242 μυ-

985 2248 1055 2283 ρίοις
1071 2248 1182 2282 ἀγαθοῖς
1197 2248 1423 2284 ὲπλουτίσθημεν.
1440 2249 1485 2285 Τῷ
1500 2250 1600 2286 δωτῆρι
1618 2251 1646 2278 δὲ
1671 2252 1776 2279 τούτων

981 2291 1008 2317 τί
1027 2291 1275 2326 ἀνταπεδώκαμεν;
1291 2293 1524 2330 Παρωργίσαμεν,
1541 2296 1701 2331 ὑϐρίσαμεν,
1713 2296 1776 2323 ἐλυ-

981 2337 1119 2372 πήσαμεν.
1140 2337 1169 2363 '0
1190 2337 1218 2364 δὲ
1231 2338 1261 2364 οὒ
1281 2340 1419 2374 παρεῖδεν.
1434 2340 1515 2367 Ἀλλὰ
1528 2341 1594 2373 Θεὸς
1610 2342 1665 2373 ὣν,“
1676 2343 1773 2378 Πατὴρ

980 2383 1121 2410 καλεῖσθαι
1137 2383 1212 2420 παρὰ
1235 2384 1290 2412 τῶν
1317 2386 1494 2422 ἀγνωμόνων,
1513 2388 1558 2414 καὶ
1580 2388 1696 2425 Ποιμὴν,
1721 2389 1774 2416 οὑκ

981 2427 1131 2463 ἀπηξίωσε,
1157 2428 1207 2464 τὴν
1231 2428 1320 2465 ψυχὴν
1346 2431 1417 2466 ὑπὲρ
1450 2433 1502 2458 τῶν
1517 2433 1773 2467 προϐάτωνητιθείς.

988 2473 1057 2500 Ἀλλ’
1068 2472 1114 2501 οὖν
1131 2475 1177 2501 καὶ
1189 2475 1338 2508 πίπτοντας
1354 2477 1458 2513 ἀνιστᾷ,
1479 2478 1525 2505 καὶ
1540 2479 1686 2511 πταίοντας
1703 2489 1775 2515 συμ-

982 2519 1073 2552 παθεῖ,
1099 2521 1146 2547 καὶ¹
1168 2521 1218 2547 οὐκ
1243 2522 1404 2549 ἀποδίδωσιν
1418 2522 1496 2555 ἀξίαν
1513 2525 1528 2559 ἡ
1534 2523 1592 2559 μῶν
1610 2524 1664 2551 τῶν
1679 2525 1775 2552 κακῶν

980 2565 1029 2602 τὴν
1044 2566 1185 2593 ἀντίδοσιν.
1204 2566 1274 2594 Ἐὰν
1289 2568 1414 2603 ἀνομίας
1429 2570 1660 2604 παρατηρήσεις,
1671 2571 1772 2604 Κύριε.

980 2613 1078 2646 Κύριε,
1092 2613 1138 2645 τίς
1146 2612 1351 2646 ὺποστήσεται
1361 2622 1371 2646 ;
1383 2614 1521 2650 Φροντίζει
1539 2616 1647 2647 πάντως
1661 2616 1707 2643 καὶ
1722 2615 1772 2643 τοῦ

983 2659 1147 2694 μικροτάτου
1177 2659 1314 2694 προϐάτου
1340 2659 1389 2696 τὴν
1413 2661 1608 2697 ἐπανόρθωσιν,
1630 2662 1772 2698 ἐκδέχεται

981 2706 1030 2743 τὴν
1040 2707 1156 2733 ἑκάστου
1180 2707 1356 2744 ἀποστροφήν
1375 2707 1425 2744 (ό)-
1443 2709 1517 2744 Ἐνὼ
1532 2709 1586 2745 reip
1599 2709 1667 2745 ειμι,
1690 2708 1770 2744 φησὶ,

1014 2806 1051 2842 (-l)
1070 2806 1149 2836 Forte
1165 2808 1271 2847 ἐπιστίι,
