3996 6390
133 5475 186 5544 ὅ

134 5577 186 5617 ο

131 5799 171 5874 ἓξ

133 5879 170 5962 ἒ

134 5967 170 6030 Ξ

135 6035 170 6068 is

135 6113 170 6161 Ι

134 6187 170 6274 3

135 6301 170 6340 ’³

325 296 843 364 με*

1218 288 1327 298 μω
1384 284 1605 293 Aw,“
1660 284 1737 289 ,ᾖ
1814 278 1981 285 ὥρη
2124 276 2199 281 ,μ
2256 268 2861 277 ν-κμμμι,ηη-ν.μ.
2952 268 3003 271 __
3052 266 3127 270 ην,
3212 264 3219 267 .

1099 411 1898 574 AURELII
2007 397 3061 551 AUGUSTINI
3333 292 3334 296 Ὺ

1285 653 2048 745 HIPPONENSIS
2103 645 2630 733 EPISCOPI
2705 743 2736 762 τ

1075 833 2477 1064 SERMON
2523 825 2916 1050 ES

1307 1197 1564 1310 ΔΙ)
1626 1189 2538 1308 νονυιπινι.

975 1407 1578 1520 CLASSIS
1647 1405 1858 1512 ιν.
1919 1401 2134 1508 DE
2186 1392 2954 1506 DIVERSIS.

1716 1609 2212 1690 ωθεων

787 1790 1013 1852 sunuo
1048 1787 1322 1846 cccxw
1351 1781 1449 1857 (a).

331 1915 414 1972 Ds
435 1929 492 1971 so
515 1911 647 1984 quod
675 1907 904 1966 Christus
933 1907 1090 1962 tribus
1126 1902 1286 1958 modis
1314 1902 1368 1954 in
1409 1894 1687 1966 Scripturis
1717 1891 1910 1948 intelli-

652 2003 815 2075 gitur;
837 2009 1012 2054 contra
1037 1996 1250 2050 Arianos
1277 1991 1473 2046 habitus
1500 1987 1596 2062 (b).

403 2119 628 2178 CAPUT
653 2113 936 2173 PRIMUM.
967 2141 1037 2152 —
1065 2112 1118 2166 l.
1155 2108 1382 2164 Christus
1421 2106 1476 2158 in
1525 2101 1802 2170 Scripturis
1831 2097 1915 2152 di-

334 2224 446 2270 ctus
498 2212 652 2266 tribus
707 2207 891 2261 modis.
939 2202 1191 2258 Dominus
1227 2205 1411 2252 noster
1436 2195 1592 2250 Jesus
1629 2189 1874 2246 Christus
1895 2227 1912 2253 ,

337 2305 564 2368 fratres,
613 2305 868 2369 quantum
911 2289 1336 2348 animadvertere
1383 2284 1650 2353 potuimus
1700 2278 1917 2348 paginas

337 2403 590 2458 sanctas,
647 2389 820 2444 tribus
879 2383 1051 2440 modis
1101 2377 1410 2447 intelligitur
1466 2381 1522 2428 et
1573 2371 1916 2434 nominatur,

338 2550 454 2630 sive
491 2550 877 2642 perrl'lpistolas
919 2561 1268 2634 apostolicas,
1295 2558 1410 2610 sive
1435 2569 1528 2623 per
1557 2550 1714 2604 ﬁdem
1739 2561 1919 2602 rerum

339 2639 608 2736 gestarum
633 2703 650 2728 ,
695 2674 826 2730 quas
871 2659 924 2711 in
967 2651 1252 2722 Evangelio
1287 2643 1674 2716 cognoscimus.
1710 2639 1919 2694 Primus

343 2729 530 2812 inodus
555 2763 668 2816 est,
697 2729 988 2806 secundum
1024 2746 1187 2800 Deum
1211 2749 1266 2796 et
1291 2737 1620 2794 divinitatem
1647 2732 1790 2786 illam
1815 2729 1919 2784 Pa-

344 2848 412 2902 tri
447 2843 767 2913 coaeqnalem
807 2847 964 2908 atque
991 2843 1312 2890 coaeternam
1353 2837 1478 2882 ante
1503 2822 1921 2890 assumptionem

343 2937 541 2992 carnis.
571 2909 718 2988 Alter
759 2929 948 2984 modus
989 2933 1106 2990 est,
1144 2937 1264 2977 cum
1308 2926 1576 2988 assumpta
1615 2925 1780 2969 carne
1812 2909 1923 2978 jam

301 3081 306 3086 .
343 3028 486 3083 idem
515 3026 652 3080 Deus
671 3023 758 3092 qui
790 3021 970 3086 homo,
999 3025 1052 3073 et
1079 3015 1216 3070 idem
1246 3013 1404 3067 homo
1429 3009 1518 3080 qui
1541 3009 1695 3070 Deus,
1729 3017 1922 3060 secun-

345 3119 470 3174 dum
517 3113 798 3186 quamdam
837 3125 946 3165 smn
985 3105 1310 3162 excellentia:
1357 3101 1732 3172 prolirietatem
1757 3135 1774 3161 ,
1817 3107 1923 3164 qua

349 3226 454 3266 non
478 3185 684 3264 caeteris
721 3209 1024 3273 coaiquatur
1053 3195 1386 3258 hominibus,
1415 3191 1508 3246 sed
1541 3196 1626 3244 est
1663 3185 1926 3242 mediator

349 3311 403 3358 et
429 3307 585 3369 caput
615 3295 866 3352 Ecclesia:
885 3335 900 3357 ,
921 3305 1041 3348 esse
1071 3288 1258 3358 legitur
1278 3293 1332 3340 et
1359 3281 1686 3351 intelligitur.
1715 3276 1926 3332 Tertius

349 3389 538 3446 modus
557 3397 640 3444 est
680 3384 908 3456 quodam
947 3380 1108 3436 modo
1137 3386 1280 3432 totus
1301 3374 1574 3436 Christus,
1603 3371 1658 3426 in
1703 3369 1930 3438 plenitu-

350 3479 474 3536 dine
503 3475 776 3540 Ecclesize,
807 3472 858 3526 id
883 3481 984 3533 est,
1009 3477 1166 3537 caput
1185 3475 1242 3522 et
1264 3477 1478 3533 corpus.
1501 3459 1792 3518 secundum
1815 3458 1928 3528 ple-

351 3567 642 3624 nitudinem
676 3563 892 3634 perfecti
931 3559 1202 3630 cujusdam
1223 3555 1362 3622 viri,
1391 3555 1444 3610 in
1465 3569 1570 3624 quo
1595 3553 1710 3607 viro
1736 3549 1928 3620 singuli

349 3660 588 3714 membra
609 3669 814 3714 sumus.
837 3651 989 3720 Quod
1011 3647 1350 3706 credentibus
1371 3645 1706 3717 praedicatur,
1727 3651 1782 3696 et
1805 3655 1932 3712 pru-

349 3751 600 3806 dentibus
639 3745 960 3818 agnoscibile
997 3741 1238 3797 otl‘ertur.
1281 3737 1396 3793 Non
1423 3735 1602 3791 omnia
1627 3731 1926 3788 testimonia

349 3841 740 3911 Scripturarnm
776 3845 882 3892 tam
909 3834 1074 3889 multa
1107 3838 1332 3900 angusto
1361 3838 1598 3897 tempore
1634 3825 1747 3878 sive
1781 3835 1935 3876 reco-

353 3932 466 3987 lere
492 3933 602 3984 sive
640 3927 906 3996 explicare
935 3935 1216 3993 possumus
1239 3959 1254 3984 ,
1283 3917 1474 3987 quibus
1500 3914 1676 3968 omnia
1705 3911 1802 3966 tria
1830 3911 1930 3963 ista

351 4035 548 4091 genera
589 4017 876 4090 probemus
909 4011 1040 4066 :sed
1079 4021 1404 4084 tamennon
1431 4005 1610 4060 omnia
1647 4013 1932 4072 possumus

355 4089 648 4180 improbata
689 4105 1023 4173 relinquere,
1063 4109 1122 4154 ut
1163 4097 1476 4169 quibusdam
1505 4089 1932 4149 commemoratis

355 4199 708 4262 testimoniis,
735 4203 926 4250 castera
959 4207 1076 4263 qua:
1113 4201 1532 4246 commemorare
1563 4199 1668 4239 non
1709 4183 1933 4238 sinimnr

353 4300 572 4364 propter
600 4287 869 4356 angustias
899 4283 1180 4352 temporis.
1214 4295 1308 4350 per
1332 4293 1426 4333 vos
1453 4277 1596 4346 ipsos
1611 4273 1722 4345 jam
1749 4272 1934 4328 obser-

361 4398 482 4438 vare
505 4397 558 4435 ιη
584 4376 872 4447 Scripturis
891 4385 944 4429 et
967 4373 1204 4428 invenire
1233 4369 1470 4440 possitis.

427 4469 652 4526 CAPUT
673 4467 736 4522 ll.
767 4496 838 4507 -—
863 4465 918 4519 2.
952 4463 1156 4518 Primus
1175 4460 1354 4514 modus
1373 4473 1472 4528 quo
1499 4454 1726 4510 Christus
1751 4451 1936 4522 pradi-

357 4572 501 4619 satur
529 4569 582 4614 ut
611 4559 762 4612 Deus.
807 4555 949 4610 Verbi
973 4550 1268 4607 similitudo.
1294 4547 1373 4603 Ad
1401 4547 1626 4616 primum
1653 4557 1782 4612 ergo
1819 4555 1936 4594 mo-

357 4655 484 4711 dum
512 4649 809 4706 insinuandi
832 4645 1036 4702 Domini
1059 4641 1227 4698 nostri
1247 4641 1372 4696 .lesu
1393 4637 1592 4693 Christi
1621 4632 1930 4698 Salvatoris,

360 4746 504 4800 unici
528 4743 646 4799 Filii
677 4741 806 4804 Dei,
837 4754 931 4809 per
969 4751 1123 4806 quem
1148 4735 1281 4789 facta
1309 4738 1432 4785 sunt
1457 4728 1632 4784 omnia
1657 4769 1672 4791 ,
1705 4725 1938 4795 pertinet

360 4835 488 4893 illud
526 4832 666 4902 quod
713 4828 1100 4885 nobilissimum
1149 4833 1204 4880 et
1251 4821 1714 4894 prasclarissimum
1747 4823 1828 4872 est
1877 4815 1934 4868 in

361 4923 652 4993 Evangelio
677 4919 970 4975 secundum
998 4915 1259 4970 Joannem
1289 4929 1304 4965 :
1333 4910 1400 4964 In
1417 4908 1664 4980 principio
1687 4915 1794 4960 erat
1819 4903 1936 4956 Ver-

359 5019 499 5078 bum,
521 5025 568 5069 et
601 5013 812 5066 Verbum
837 5018 944 5063 erat
963 5005 1102 5075 apud
1121 5005 1304 5068 Deum,
1329 5011 1374 5056 et
1403 5001 1538 5054 Deus
1557 5009 1664 5053 erat
1697 4995 1935 5056 Verbum;

362 5108 456 5162 hoc
499 5111 604 5159 erat
649 5104 703 5156 iu
745 5100 994 5172 principio
1032 5096 1170 5167 apud
1199 5093 1363 5147 Deum
1391 5107 1410 5146 :
1437 5091 1608 5144 omnia
1644 5105 1734 5156 per
1772 5087 1938 5155 ipsum

361 5195 498 5266 facta
525 5201 642 5248 sunt
663 5231 678 5253 ,
705 5199 752 5244 et
780 5191 888 5243 sine
927 5188 1038 5258 ipso
1076 5189 1264 5256 factum
1289 5189 1359 5234 est
1383 5179 1532 5234 nihil.
1575 5177 1722 5242 Quod
1747 5178 1939 5246 factum

363 5293 456 5348 est,
483 5285 536 5336 in
560 5282 651 5336 illo
667 5281 768 5334 vita
787 5287 894 5332 erat
914 5295 934 5343 ;
960 5285 1006 5330 et
1025 5275 1126 5328 uita
1144 5281 1248 5327 erat
1269 5271 1360 5325 tua:
1381 5269 1640 5322 hominum
1661 5307 1676 5330 ,
1703 5275 1748 5318 et
1769 5266 1860 5318 tua:
1885 5279 1938 5317 m

363 5374 578 5430 tenebris
623 5373 754 5426 lucet
775 5409 792 5434 ,
831 5377 880 5423 et
917 5367 1132 5421 tenebrw
1170 5381 1280 5418 eam
1315 5377 1416 5415 non
1457 5356 1938 5428 comprehenderunt

429 5486 446 5502 ‘
469 5481 754 5532 Emendatus
776 5479 932 5530 estad
953 5479 1076 5528 duos
1090 5476 1152 5527 cl.
1173 5477 1231 5526 ad
1248 5489 1318 5527 cs.
1335 5487 1378 5522 r.
1399 5485 1448 5522 v.
1471 5479 1522 5520 et
1543 5470 1600 5519 ad
1619 5477 1717 5518 Am.
1735 5473 1812 5516 Er.
1830 5475 1934 5517 Par.

361 5545 504 5728 “id;
527 5603 666 5676 Aiias,
687 5603 750 5652 de
772 5609 1008 5664 Tempore
1031 5601 1107 5650 40.
1427 5662 1436 5672 ι
1527 5659 1536 5668 _

453 5669 480 5715 b
522 5671 676 5718 utaut
695 5676 830 5727 saepe
852 5663 976 5712 Beda
993 5669 1044 5711 et
1061 5661 1222 5710 Florus
1242 5663 1292 5711 tn
1313 5659 1440 5711 Pauli
1461 5664 1536 5721 Epl

453 5654 504 5727 ὁ)
522 5654 676 5718 dunt
695 5676 830 5727 saepe
852 5654 976 5712 Béda
993 5669 1044 5711 et
1061 5661 1222 5710 Florus
1242 5663 1292 5711 tn
1313 5659 1440 5711 Pauli
1461 5654 1702 5721 Epistolas.

636 5755 910 5817 Pamon.
943 5737 1233 5808 XXXIX.

2026 1773 2198 1846 (Joan.
2234 1789 2286 1838 ι,
2335 1773 2470 1844 1-5).
2499 1772 2733 1828 Miranda
2769 1779 2822 1828 et
2865 1771 3124 1842 stupenda
3154 1767 3313 1826 verba
3353 1767 3502 1834 lucc,
3539 1783 3592 1828 et

2023 1863 2325 1935 priusquam
2369 1865 2758 1934 intelligantur,
2787 1861 3154 1932 amplectenda
3183 1870 3325 1916 sunt.
3355 1859 3410 1915 Si
3447 1857 3600 1914 cibus

2025 1963 2373 2025 lpponerelur
2400 1955 2480 2010 ori
2511 1965 2688 2010 vestro
2707 1996 2722 2021 ,
2765 1963 2971 2024 partem
2999 1953 3102 2008 cibi
3131 1951 3267 2008 alius
3295 1950 3438 2006 illam
3467 1949 3602 2004 acci-

2020 2055 2204 2117 peret,
2237 2047 2371 2104 alius
2400 2046 2554 2102 istam
2587 2063 2599 2099 :
2629 2045 2693 2100 ad
2715 2059 2900 2100 omnes
2925 2053 3100 2099 tamen
3127 2043 3435 2114 perveniret
3465 2055 3600 2096 unus

2021 2138 2204 2203 cibus;
2233 2138 2326 2194 sed
2352 2154 2456 2193 non
2494 2137 2560 2192 ad
2587 2151 2772 2192 omnes
2813 2143 2954 2190 totus
2983 2135 3151 2190 cibus.
3192 2133 3279 2190 Sic
3308 2133 3456 2204 quasi
3482 2131 3603 2202 qui-

2023 2228 2144 2282 dam
2166 2229 2314 2283 cibus
2339 2239 2391 2284 et
2415 2237 2570 2298 potus
2596 2227 2880 2282 verborum
2908 2241 3047 2280 nunc
3071 2225 3355 2295 apponitur
3383 2224 3602 2278 auribus

2023 2318 2246 2382 vestris;
2274 2326 2328 2372 et
2354 2327 2527 2372 tamen
2557 2323 2726 2370 totum
2768 2315 2834 2370 ad
2859 2329 3046 2370 omnes
3071 2313 3334 2386 pervenit.
3359 2314 3438 2368 An
3465 2311 3604 2366 forte

337 2403 551 2450 “mem
573 2432 590 2458 ’
647 2403 820 2489 "ﬂius
879 2403 1051 2484 mm"?
1101 2403 1409 2447 ""cms'wr
1466 2403 1522 2428 ’⁷⁵
1573 2403 1866 2426 ¹“’¹““’⁶“’““
1898 2405 1947 2474 ⁸,
2021 2424 2144 2464 cum
2171 2407 2360 2477 loquor
2380 2448 2394 2472 ,
2420 2405 2555 2460 alius
2577 2406 2675 2460 sibi
2697 2406 2833 2460 tollit
2859 2420 3017 2458 unam
3041 2403 3294 2476 syllabam
3315 2443 3328 2466 ,
3360 2403 3495 2458 alius
3523 2403 3604 2457 al-

337 2483 552 2556 q‘mndo
591 2479 940 2551 pmd'cawr’
993 2487 1106 2526 Slve
1151 2483 1246 2538 per
1275 2467 1464 2534 Legem
1493 2458 1916 2556 e'fmphems’
2027 2498 2237 2554 teram?
2267 2507 2356 2551 aut
2393 2497 2528 2550 alius
2555 2510 2717 2550 unum
2747 2494 2966 2549 verbum
2990 2534 3004 2556 ,
3045 2494 3179 2548 alius
3217 2493 3440 2546 alterum
3483 2505 3604 2546 vcr-

2027 2498 2237 2554 teram?
2267 2507 2356 2551 aut
2393 2497 2528 2550 alius
2555 2510 2717 2550 unum
2747 2494 2966 2549 verbum
2990 2534 3004 2558 ,
3045 2494 3179 2548 alius
3217 2493 3440 2546 alterum
3483 2505 3605 2546 vcr-

2026 2589 2267 2646 bum?Si
2291 2589 2359 2644 ita
2385 2598 2468 2643 est
2489 2629 2504 2652 .
2537 2596 2616 2642 tot
2644 2587 2799 2642 verba
2838 2585 3077 2641 dicturus
3113 2601 3250 2649 sum,
3280 2594 3402 2654 quot
3433 2583 3604 2638 licini-

2028 2695 2126 2736 nes
2151 2681 2307 2735 video
2325 2722 2340 2748 ,
2363 2690 2422 2735 ut
2446 2679 2512 2734 ad
2542 2693 2728 2734 omnes
2754 2677 3063 2749 perveniant
3087 2675 3168 2732 vel
3195 2675 3354 2732 verba
3376 2675 3602 2746 singula.

2029 2771 2095 2826 Et
2120 2772 2269 2828 facile
2300 2771 2510 2841 quidem
2532 2772 2682 2842 plura
2711 2771 2850 2836 dico,
2881 2785 3037 2840 quam
3065 2769 3152 2823 hic
3175 2777 3298 2822 sunt
3316 2766 3558 2822 homines
3586 2784 3600 2819 :

2028 2861 2122 2916 sed
2149 2861 2324 2916 omnia
2349 2861 2416 2916 ad
2443 2876 2630 2916 omnes
2659 2861 2996 2932 perveniunt.
3018 2857 3247 2913 Verbum
3274 2871 3402 2926 ergo
3431 2856 3605 2910 homi-

2031 2953 2114 3008 nis
2141 2969 2244 3006 non
2275 2952 2527 3008 dividitur
2557 2968 2653 3024 per
2675 2951 2937 3022 syllabas,
2975 2958 3030 3004 ut
3057 2962 3242 3004 omnes
3265 2948 3515 3012 audiant;
3551 2955 3607 3000 ct

2031 3043 2261 3099 Verbum
2307 3045 2398 3100 Dei
2447 3061 2542 3116 per
2583 3043 2748 3099 frusta
2785 3042 3115 3106 conciditur,
3163 3051 3220 3094 ut
3261 3039 3457 3110 ubique
3501 3039 3610 3094 sit?

2030 3135 2292 3214 Numquid
2333 3137 2480 3204 bare,
2521 3137 2749 3202 fratres,
2796 3135 3035 3190 sonantia
3078 3141 3236 3204 atque
3279 3132 3606 3186 transeuntia

2031 3229 2194 3286 verba
2225 3231 2300 3284 illi
2327 3229 2829 3286 incommutabiliter
2854 3227 3178 3298 permanenti
3209 3225 3384 3281 Verbo
3410 3225 3514 3280 ulla
3541 3239 3606 3283 ex

2033 3330 2184 3392 parte
2231 3319 2586 3390 comparanda
2631 3319 2988 3374 arbitramur?
3041 3328 3136 3372 aut
3179 3331 3278 3387 ego
3322 3316 3444 3386 quia
3495 3315 3610 3368 haec

2034 3411 2178 3476 dixi,
2210 3410 2550 3480 comparavi?
2581 3410 2685 3466 Sed
2713 3424 2925 3480 quoquo
2969 3407 3425 3463 modoiinsinuare
3461 3405 3610 3459 vobis

2035 3503 2173 3557 volui
2199 3543 2215 3568 ,
2247 3511 2304 3556 ut
2331 3502 2470 3556 Deus
2498 3501 2636 3572 quod
2667 3499 2881 3556 exhibet
2919 3499 2970 3553 in
3013 3497 3376 3567 corporalibus
3414 3493 3572 3550 rebus
3592 3533 3608 3557 ,

2036 3595 2207 3650 valeat
2243 3593 2392 3649 vobis
2418 3593 2482 3648 ad
2504 3593 2768 3648 credenda
2806 3607 2888 3658 ea,
2917 3606 3034 3660 qua:
3061 3588 3294 3644 nondum
3320 3586 3508 3641 videtis
3544 3586 3614 3640 de

2036 3685 2397 3756 spiritualibus
2421 3684 2616 3738 verbis.
2645 3683 2746 3738 Sed
2769 3682 2879 3752 jam
2903 3681 2970 3734 ad
3005 3680 3222 3736 meliora
3255 3687 3612 3734 transeamus.

2035 3775 2168 3832 Nam
2192 3775 2352 3830 verba
2373 3783 2579 3840 sonant,
2609 3781 2664 3829 et
2690 3772 2904 3828 abeunt.
2932 3771 3004 3824 De
3030 3769 3388 3840 spiritualibus
3413 3768 3616 3838 cogita-

2037 3865 2268 3922 tionibus
2293 3865 2366 3938 (ιι)
2383 3865 2642 3935 justitiam
2666 3865 2914 3934 cogitate.
2937 3861 3186 3933 Cogitans
3201 3861 3458 3932 justitiam
3479 3875 3612 3916 con-

2037 3958 2253 4012 stitutus
2285 3955 2337 4010 in
2369 3955 2482 4009 istis
2511 3955 2748 4024 partibus
2775 3953 3228 4012 occidentalibus.
3262 3952 3500 4021 cogitans
3525 3951 3615 4020 ju-

2038 4049 2235 4104 stitiam
2253 4047 2566 4103 constitutus
2588 4047 2640 4102 in
2658 4048 2880 4112 oriente,
2902 4045 3044 4102 unde
3071 4047 3128 4100 lit
3147 4061 3204 4100 ut
3229 4045 3316 4100 ille
3333 4053 3496 4100 telam
3525 4045 3584 4114 ju
3599 4074 3616 4087 -

2040 4139 2235 4194 stitiam
2262 4139 2476 4209 cogitet,
2503 4147 2556 4192 et
2581 4138 2670 4192 ille
2701 4147 2860 4192 totam
2882 4138 2908 4191 ἰ
2931 4147 2984 4191 et
3013 4137 3102 4192 ille
3129 4145 3292 4192 totam
3321 4135 3530 4201 videat,
3561 4143 3618 4190 et

2041 4229 2130 4285 ille
2157 4229 2344 4284 totam?
2369 4228 2499 4284 Nam
2521 4229 2610 4298 qui
2636 4228 2780 4284 videt
2811 4227 3104 4298 justitiam,
3135 4225 3426 4282 secundum
3455 4241 3614 4296 quam

2039 4329 2190 4390 gerat
2216 4319 2408 4389 aliquid
2431 4362 2446 4386 ,
2477 4321 2589 4390 ipse
2614 4319 2756 4389 juste
2779 4319 2934 4388 gerit.
2962 4317 3118 4372 Videt
3143 4317 3304 4380 intus,
3329 4317 3440 4386 agit
3463 4315 3614 4370 foris.

2042 4412 2194 4468 Unde
2228 4411 2368 4466 videt
2397 4413 2574 4478 intus,
2598 4413 2642 4466 si
2673 4411 2802 4466 nihil
2825 4411 2926 4465 sibi
2966 4418 3168 4482 praesto
3184 4409 3306 4465 est?
3333 4409 3462 4476 Quia
3505 4410 3619 4478 ipse

2043 4501 2094 4554 in
2115 4511 2258 4570 parte
2281 4501 2484 4570 positus
2504 4509 2606 4565 est,
2626 4499 2697 4554 ad
2717 4499 2960 4554 eamdem
2983 4508 3184 4569 partem
3211 4512 3316 4553 non
3345 4497 3620 4568 perveniet

2042 4590 2258 4645 alterius
2283 4591 2567 4660 cogitatio?
2592 4589 2724 4644 Cum
2759 4599 2936 4644 autem
2976 4589 3116 4644 idem
3145 4589 3326 4644 videas
3355 4597 3534 4644 mente
3563 4599 3616 4643 tu

2043 4681 2131 4736 hic
2158 4681 2378 4750 positus,
2413 4680 2554 4750 quod
2578 4680 2721 4736 videt
2749 4681 2840 4734 ille
2867 4690 2972 4736 tam
2995 4681 3152 4750 longe
3181 4680 3388 4750 positus
3407 4719 3426 4744 ,
3455 4689 3510 4735 et
3538 4687 3618 4734 te-

2045 4779 2153 4825 tum
2184 4771 2275 4825 tibi
2315 4770 2526 4834 luceat,
2549 4777 2714 4824 totum
2739 4769 2818 4824 illi
2840 4769 3114 4833 videatur;
3145 4769 3267 4838 quia
3293 4782 3358 4824 ea
3387 4783 3506 4846 quas
3531 4770 3614 4824 di-

2044 4862 2164 4916 vina
2191 4869 2245 4917 et
2264 4861 2578 4930 incorporea
2604 4870 2746 4927 sunt,
2771 4861 2970 4930 ubique
2999 4867 3124 4914 sunt
3149 4867 3290 4926 tota;
3313 4859 3473 4914 crede
3493 4860 3622 4916 Ver-

2043 4950 2168 5004 bum
2193 4959 2360 5004 totum
2392 4951 2448 5004 in
2467 4950 2624 5022 Patre
2643 4991 2662 5016 ,
2687 4959 2852 5004 totum
2885 4950 2942 5002 in
2967 4958 3135 5004 utero.
3163 4947 3336 5006 Crede
3353 4950 3506 5006 enim
3519 4949 3624 5004 hoc

2045 5043 2112 5098 de
2133 5041 2306 5095 Verbo
2329 5041 2445 5104 Dei,
2469 5043 2556 5112 qui
2583 5051 2664 5097 est
2697 5042 2836 5096 Deus
2854 5040 2991 5110 apud
3025 5041 3212 5096 Deum.

2116 5135 2340 5190 CAPUT
2381 5135 2467 5189 ΙΙΙ.
2504 5164 2578 5175 —
2601 5135 2654 5189 5.
2682 5133 2826 5188 Alius
2864 5135 3043 5188 modus
3080 5150 3180 5204 quo
3209 5133 3438 5190 Christus
3480 5151 3622 5188 com-

2045 5227 2311 5280 mendatur
2338 5235 2391 5279 ut
2415 5223 2553 5279 Deus
2581 5235 2626 5278 et
2650 5224 2820 5278 homo.
2847 5224 2954 5280 Sed
2974 5225 3098 5280 audi
3133 5227 3244 5294 jam
3289 5225 3454 5280 aliaru-
3489 5225 3624 5278 insi-

2047 5317 2371 5381 nuationem,
2394 5317 2554 5370 alium
2583 5315 2800 5371 modum
2825 5315 3124 5370 insinuandi
3150 5315 3444 5381 Christum,
3466 5330 3624 5385 quem

2047 5410 2316 5480 Scriptura
2347 5407 2619 5478 praedicat.
2667 5407 2744 5462 Ea
2791 5406 2933 5463 enim
2962 5421 3080 5476 qua:
3125 5405 3234 5460 disi
3257 5446 3288 5472 ,.
3321 5405 3460 5461 dicta
3503 5417 3624 5462 sunt

2110 5587 2184 5650 (α)
2205 5587 2374 5638 Isthmo
2395 5589 2546 5640 verba
2570 5599 2582 5638 :
2606 5595 2674 5640 De
2710 5583 3034 5652 spiritualibus
3056 5579 3434 5648 cogitationibus,
3457 5583 3621 5634 viden-

2051 5658 2128 5700 tur
2151 5662 2430 5712 superesse.
3255 5702 3332 5764 [‘7
3343 5711 3356 5727 .

1503 5849 2034 5956 1.133288
2119 5831 2122 5836 ’
