3968 6528
490 331 514 385 I
524 328 628 387 495

478 443 605 492 ante
630 442 955 506 assumptam
976 445 1212 491 carnem.
1234 430 1386 487 Nunc
1407 434 1584 484 autem
1609 425 1731 481 audi
1758 422 1888 481 illud
1909 420 2053 495 quod

480 527 642 584 modo
681 525 930 598 praedicat
962 523 1235 595 Scriptura
1265 538 1278 575 :
1322 517 1573 583 Verbum,
1604 516 1805 586 inquit,
1831 531 1950 569 caro
1970 520 2054 585 fa-

480 625 615 672 ctum
629 626 717 682 est,
733 624 778 670 et
794 615 1028 669 habitat-it
1052 614 1104 667 in
1122 612 1257 666 nobis
1277 609 1452 682 (Joan.
1472 625 1511 675 ι,
1536 609 1644 678 ib).
1657 606 1787 661 Nam
1807 606 1892 675 qui
1907 603 2056 659 dixe-

477 714 593 771 rat,
625 702 692 759 In
723 704 970 775 principio
1013 712 1117 757 erat
1146 700 1398 767 Verbum,
1443 708 1490 753 et
1538 697 1751 753 Verbum
1775 705 1881 750 erat
1917 694 2055 766 apud

478 793 668 860 Deum,
696 803 742 849 et
769 792 910 848 Deus
931 801 1037 846 erat
1069 790 1305 853 Verbum;
1328 792 1422 844 hoc
1448 798 1555 845 erat
1573 790 1624 842 in
1653 787 1897 858 principio
1917 781 2056 855 apud

480 886 645 943 Deum
670 903 690 942 :
706 887 873 941 omnia
898 902 985 957 per
1002 886 1168 957 ipsum
1192 888 1329 959 [actu
1348 892 1467 953 sunt
1489 925 1504 949 ,
1531 893 1577 937 et
1602 884 1709 938 sine
1731 883 1840 951 ipso
1865 884 2056 953 factum

477 988 553 1036 est
574 978 702 1033 nihil
710 992 733 1043 ;
761 977 955 1033 frustra
983 977 1135 1045 nobis
1159 977 1487 1041 divinitatem
1518 975 1677 1032 Verbi
1707 973 2050 1044 praedicaret,

477 1069 525 1123 si
554 1068 712 1124 Verbi
742 1067 1122 1123 humanitatem
1148 1076 1367 1122 taceret.
1396 1066 1466 1122 Ut
1494 1066 1636 1121 enim
1662 1064 1788 1119 illud
1824 1064 2050 1130 ﬁdeam,

479 1158 569 1214 hic
590 1173 797 1213 mecum
818 1159 1008 1229 agitur;
1040 1168 1096 1211 ut
1115 1167 1303 1227 purget
1323 1156 1391 1211 ad
1417 1154 1545 1209 illud
1566 1152 2048 1221 contemplandum,

479 1247 772 1305 inﬁrmitati
798 1263 931 1302 mete
959 1247 1072 1317 ipse
1102 1247 1364 1301 subvenit.
1392 1243 1740 1315 Suscipiendo
1768 1242 1835 1299 de
1864 1250 2051 1296 natura

479 1336 712 1392 humana
741 1338 909 1407 ipsam
950 1345 1189 1390 naturam
1216 1334 1496 1389 humanam
1520 1375 1534 1399 ,
1567 1332 1734 1387 factus
1762 1340 1843 1386 est
1872 1330 2051 1385 homo.

477 1426 640 1485 Venit
682 1443 801 1484 cum
830 1428 1070 1498 jumento
1091 1428 1265 1483 carnis
1294 1429 1357 1482 ad
1386 1441 1508 1482 eum
1533 1425 1623 1495 qui
1655 1423 1863 1493 iacebat
1891 1423 1943 1477 in
1972 1423 2055 1477 via

480 1522 785 1576 vulneratus
806 1520 957 1592 (Luc.
989 1536 1023 1574 χ
1047 1518 1296 1590 ,50-37),
1323 1528 1380 1572 ut
1402 1531 1618 1588 parvam
1643 1515 1797 1569 ﬁdem
1819 1522 2053 1568 nostram

480 1612 858 1668 incarnationis
887 1626 998 1666 sua:
1026 1618 1359 1665 sacramento
1384 1609 1693 1662 informaret
1722 1607 1739 1637 ¹
1769 1614 1925 1675 atque
1958 1619 2057 1657 nu-

481 1706 666 1771 triret,
696 1704 998 1774 faceretque
1040 1717 1284 1758 serenum
1312 1700 1635 1755 intellectum
1679 1697 1744 1752 ad
1771 1696 2055 1751 videndum

480 1794 622 1863 quod
645 1809 910 1864 nunquam
936 1793 1112 1848 amisit
1137 1807 1230 1862 per
1256 1790 1306 1845 id
1325 1790 1465 1859 quod
1490 1788 1741 1859 suscepit.
1765 1788 1897 1841 Esse
1912 1786 2053 1842 enim

482 1883 644 1951 ctepit
672 1883 832 1937 homo
855 1924 870 1949 ,
902 1897 1022 1937 esse
1046 1896 1149 1937 non
1194 1878 1398 1935 destitit
1441 1880 1601 1934 Deus.
1644 1878 1783 1947 Ergo
1821 1875 1933 1929 hmc
1974 1883 2057 1930 est

476 1964 782 2044 praedicatio
804 1972 1011 2027 Domini
1043 1970 1211 2025 nostri
1233 1970 1360 2025 .Iesu
1389 1966 1584 2023 Christi
1604 1966 1892 2022 secundum
1915 1965 2056 2035 quod

481 2056 738 2115 mediator
781 2069 893 2126 est,
927 2060 1217 2115 secundum
1248 2058 1388 2129 quod
1426 2066 1584 2128 caput
1626 2065 1712 2111 est
1762 2055 2053 2122 Ecclesiae;

481 2151 622 2221 quod
651 2151 791 2207 Deus
817 2150 975 2205 homo
1003 2159 1117 2215 est,
1146 2158 1200 2205 et
1239 2149 1401 2203 homo
1437 2148 1577 2202 Deus
1608 2154 1689 2202 est
1712 2186 1729 2215 ,
1769 2160 1887 2200 cum
1918 2144 2058 2199 dicat

481 2239 713 2295 Joannes
745 2257 758 2294 :
791 2239 859 2294 Et
894 2239 1110 2295 Verbum
1137 2255 1253 2293 caro
1284 2239 1472 2309 factum
1505 2246 1610 2305 est,
1648 2245 1695 2291 et
1727 2234 1967 2288 habitavit
2003 2234 2056 2287 in

481 2332 640 2385 nobis.

552 2424 606 2476 4.
639 2420 866 2476 Christus
900 2429 1107 2491 utroque
1131 2418 1277 2473 modo
1300 2416 1675 2472 commendatus
1700 2414 1761 2468 ab
1787 2412 2052 2485 Apostolo.

482 2512 673 2566 Audite
696 2514 804 2581 jam
844 2520 1126 2579 utrumque
1153 2510 1205 2563 in
1236 2508 1326 2562 illo
1353 2507 1627 2561 notissimo
1653 2504 1884 2575 Capitulo
1925 2518 2057 2579 apo-

481 2604 603 2658 stoli
632 2603 781 2658 Pauli
816 2620 828 2656 :
864 2602 963 2666 Qui
990 2617 1103 2654 cum
1128 2601 1180 2653 in
1206 2599 1371 2669 [arma
1399 2597 1491 2650 Dei
1514 2606 1673 2661 esset,
1702 2596 1909 2666 inquit,
1957 2611 2058 2648 non

482 2696 715 2764 rapinam
752 2693 1020 2747 arbitratus
1048 2701 1120 2745 est
1159 2707 1264 2745 esse
1296 2688 1502 2761 wqualis
1530 2687 1658 2747 Deo.
1692 2686 1800 2742 Hoc
1843 2695 1958 2753 est,
1992 2684 2059 2739 In

483 2785 735 2856 principio
761 2792 866 2837 erat
905 2781 1138 2849 Verbum,
1162 2790 1209 2837 et
1249 2779 1463 2837 Verbum
1483 2786 1587 2835 erat
1616 2776 1756 2850 apud
1783 2775 1947 2833 Deum
1965 2819 1983 2847 ,
2012 2784 2059 2833 et

484 2875 624 2930 Deus
650 2884 755 2929 erat
795 2873 1026 2927 Verbum.
1048 2871 1326 2939 Quomodo
1352 2870 1635 2941 Apostolus
1661 2869 1812 2937 dixit,
1839 2867 1957 2923 Non
1976 2885 2063 2922 ra-

485 2968 658 3037 pinam
685 2966 953 3019 arbitratus
977 2973 1048 3018 est
1066 2980 1173 3018 esse
1191 2961 1401 3033 aequalis
1429 2961 1554 3026 Deo,
1578 2961 1622 3014 si
1651 2975 1759 3015 non
1781 2967 1862 3014 est
1880 2973 2062 3029 aequa-

486 3058 554 3113 Iis
582 3058 692 3112 Deo
708 3058 733 3110 ’ἶ
750 3056 805 3112 Si
826 3068 999 3111 autem
1022 3057 1177 3110 Pater
1198 3056 1355 3121 Deus,
1379 3054 1466 3109 ille
1493 3069 1597 3107 non
1623 3053 1779 3115 Deus,
1795 3051 2063 3123 quomodo

484 3148 739 3219 aequalis?
769 3148 868 3203 Ubi
898 3132 1135 3217 ergo’ille
1154 3146 1247 3212 ait,
1271 3144 1409 3198 Deus
1438 3154 1542 3197 erat
1576 3142 1814 3206 Verbum;
1841 3141 1913 3196 ibi
1939 3141 2059 3206 iste,

488 3239 611 3295 Non
636 3241 867 3309 rapinam
887 3240 1155 3293 arbitratus
1184 3248 1255 3292 est
1282 3254 1386 3292 esse
1420 3237 1625 3307 aqualis
1678 3234 1804 3288 Deo.
1870 3234 1938 3288 Et
1974 3233 2063 3287 ubi

487 3330 577 3385 ille
596 3371 612 3397 ,
650 3327 862 3384 Verbum
888 3345 1005 3383 caro
1036 3333 1222 3400 factum
1244 3336 1336 3392 est,
1359 3337 1403 3380 et
1424 3326 1662 3379 habitauit
1685 3326 1735 3378 in
1766 3324 1947 3386 nobis;
1990 3322 2063 3377 ibi

489 3421 609 3483 iste,
645 3419 749 3474 Sed
763 3420 1082 3489 semetipsum
1108 3418 1377 3472 exinaniuit
1398 3458 1412 3484 ,
1441 3421 1656 3487 formam
1672 3415 1796 3469 servi
1816 3413 2065 3483 accipiens

440 3526 448 3529 ·
490 3508 749 3579 (Philipp.
781 3524 818 3562 tt
836 3548 852 3575 ,
882 3508 947 3574 6,
977 3508 1053 3579 7).
1078 3507 1349 3562 Attendite
1374 3525 1386 3559 :
1416 3522 1511 3577 per
1538 3505 1639 3559 hoc
1658 3519 1784 3575 ergo
1803 3502 1941 3574 quod
1969 3501 2066 3557 ho-

488 3612 581 3653 tno
601 3597 769 3653 factus
788 3607 869 3653 est
887 3639 901 3663 ,
924 3613 1020 3668 per
1047 3597 1150 3652 hoc
1174 3597 1317 3667 quod
1349 3596 1560 3650 Verbum
1598 3611 1715 3649 caro
1743 3595 1933 3665 factum
1956 3602 2062 3659 est,

490 3697 538 3741 et
562 3688 799 3742 habitavit
816 3687 871 3741 in
891 3688 1055 3752 nobis;
1076 3703 1170 3757 per
1195 3686 1298 3741 hoc
1317 3687 1630 3757 semetipsum
1646 3684 1934 3748 exinanivit,
1959 3684 2067 3755 [ονό

488 3795 627 3833 mam
667 3781 795 3833 serui
839 3780 1108 3849 accipiens.
1150 3778 1287 3847 Quid
1328 3779 1468 3833 enim
1506 3774 1831 3832 exinanivit?
1862 3775 1979 3830 Non
2008 3782 2067 3835 ut

488 3868 760 3922 amitteret
785 3866 1112 3922 divinitatem
1133 3909 1148 3934 ,
1176 3867 1268 3921 sed
1298 3875 1357 3919 ut
1379 3866 1622 3920 indueret
1648 3865 2025 3919 humanitatem
2044 3903 2063 3931 ,

490 3971 755 4027 apparens
782 3955 1082 4011 hominibus
1118 3955 1257 4026 quod
1284 3970 1386 4009 non
1415 3965 1529 4010 erat
1552 3996 1568 4021 ,
1598 3964 1877 4024 antequam
1905 3954 2066 4008 homo

491 4054 656 4101 esset.
682 4046 773 4101 Sic
796 4044 1098 4116 apparendo
1118 4062 1176 4100 se
1202 4045 1510 4109 exinanivit,
1539 4044 1591 4098 id
1611 4054 1713 4108 est,
1736 4058 2024 4099 reservans
2043 4046 2065 4077 ³

491 4135 803 4207 dignitatem
839 4136 1164 4205 majestatis,
1192 4143 1247 4190 et
1286 4136 1511 4190 oll‘crens
1540 4149 1753 4189 carnem
1783 4135 2065 4189 indumen-

493 4234 604 4279 tum
631 4224 991 4280 humanitatis.
1023 4225 1125 4279 Per
1143 4224 1195 4278 id
1223 4238 1350 4295 ergo
1365 4223 1505 4294 quod
1521 4224 1862 4293 semetipsum
1885 4225 2067 4279 exina-

494 4316 627 4370 nivit
654 4315 875 4371 formam
918 4315 1057 4370 servi
1085 4315 1352 4384 accipiens
1377 4316 1507 4384 (non
1534 4314 1754 4369 formam
1785 4314 1879 4369 Dei
1923 4314 2066 4370 aeci-

493 4405 665 4475 piens.
699 4406 773 4459 De
803 4404 969 4459 forma
999 4404 1090 4458 Dei
1109 4419 1230 4458 cum
1254 4404 1473 4471 diceret,
1506 4419 1610 4458 non
1637 4404 1800 4469 dixit,
1827 4405 2062 4475 accepit;

491 4494 588 4552 sed
612 4536 627 4559 ,
653 4494 779 4549 Cum
800 4495 852 4547 in
877 4494 1043 4563 forma
1070 4492 1166 4547 Dei
1195 4503 1321 4549 esset
1341 4497 1639 4549 constitutus
1656 4536 1672 4561 ,
1702 4511 1801 4548 non
1835 4498 2067 4565 rapinam

492 4587 765 4640 arbitratus
788 4594 863 4639 est
903 4600 1009 4638 esse
1051 4586 1259 4655 aequalis
1301 4584 1406 4639 Deo
1452 4601 1472 4639 :
1516 4585 1581 4639 ad
1620 4584 1844 4639 formam
1887 4593 2063 4640 autem

492 4678 631 4732 servi
657 4677 745 4733 ubi
773 4686 987 4731 ventum
1007 4685 1107 4742 est,
1126 4676 1384 4741 Formam,
1408 4677 1596 4747 inquit,
1615 4678 1741 4732 serui
1756 4678 2026 4749 accipiens)
2048 4697 2062 4732 :

492 4784 590 4839 per
610 4770 710 4825 hoc
728 4784 854 4840 ergo
875 4769 1133 4825 mediator
1151 4778 1206 4824 et
1223 4780 1378 4839 caput
1394 4780 1476 4825 est
1496 4770 1764 4836 Ecclesiae,
1790 4786 1885 4839 per
1908 4786 2064 4839 quem

494 4862 898 4916 reconciliamur
924 4861 1036 4915 Deo
1059 4902 1075 4928 ,
1104 4876 1199 4930 per
1224 4871 1608 4917 sacramentum
1636 4863 1944 4918 humilitatis
1970 4863 1990 4894 ⁸
2011 4873 2067 4919 et

494 4949 754 5017 passionis
778 4959 831 5004 et
857 4952 1259 5007 resurrectionis
1286 4961 1340 5008 et
1359 4954 1683 5017 ascensionis
1703 4964 1755 5009 et
1774 4954 1957 5023 judicii
1989 4938 2066 5011 fu-

499 5040 630 5106 turi,
651 5049 709 5094 ut
745 5041 850 5096 duo
878 5044 964 5097 illa
993 5044 1162 5100 futura
1190 5044 1488 5114 audiantur,
1518 5061 1637 5101 cum
1664 5049 1828 5103 semel
1856 5048 2065 5104 locutus

494 5128 564 5182 sit
590 5128 748 5183 Deus.
771 5129 870 5185 Ubi
897 5130 1004 5186 duo
1027 5134 1346 5190 audiuntur?
1371 5134 1473 5191 Ubi
1508 5136 1681 5192 reddit
1700 5139 1966 5210 unicuique
1983 5155 2064 5193 se-

493 5218 717 5273 cundum
744 5236 898 5287 opera
924 5237 1017 5275 sua
1046 5223 1254 5291 (Matth.
1283 5242 1368 5280 xvr
1389 5268 1404 5292 ,
1434 5225 1551 5299 27).

566 5308 794 5365 CAPUT
833 5308 920 5364 IV.
949 5340 1021 5351 —
1047 5312 1101 5367 5.
1132 5310 1305 5366 Caneri
1331 5316 1475 5383 jubet
1514 5316 1578 5371 ab
1618 5317 1922 5373 Arianorum
1962 5321 2066 5375 lue-

494 5400 614 5454 resi.
651 5398 925 5471 Virginitas
946 5402 1125 5457 mentis
1142 5403 1401 5483 integritas
1423 5406 1560 5475 fidei.
1576 5406 1794 5481 Serpens
1820 5409 2067 5481 pollicita-

559 5557 576 5621 ξ
602 5555 795 5621 Quidam
816 5556 949 5621 libri,
967 5554 1200 5621 ﬁrmaret.

556 5618 576 5680 ξ
605 5618 677 5666 Sic
694 5623 801 5680 uss,
819 5625 875 5669 Αι
892 5618 1026 5680 editi,
1050 5632 1286 5680 reserans.

557 5671 576 5704 ⁸
596 5671 813 5731 nonnulli
832 5671 1042 5745 ωαιοεέ,
1061 5671 1381 5732 humanitatis.

1704 312 1760 368 ὃ.
1792 302 2157 367 AUGUSTINI
2194 303 2502 362 EPISCOPI

3600 308 3786 367 1890

2159 418 2292 474 tione
2342 418 2565 475 scientia
2609 418 2871 475 sedat-ens.
2926 418 3038 475 Hoc
3076 433 3203 493 ergo
3244 426 3515 484 tenentes,
3568 420 3772 473 nolite

2156 513 2477 579 qmesttones
2503 510 2682 565 mirari
2723 507 3026 577 hominum,
3055 524 3175 580 quae
3200 517 3417 577 serpunt
3451 508 3586 563 sicut
3608 524 3771 562 can-

2158 612 2268 662 cer,
2296 598 2745 669 quemadmodum
2774 598 2905 653 dixit
2933 600 3219 669 Apostolus
3249 597 3315 668 (11
3340 598 3471 652 Tim.
3503 613 3561 663 Il,
3591 598 3689 666 l7)
3741 614 3764 650 :

2156 688 2252 743 sed
2277 689 2538 749 custodite
2572 703 2730 744 aures
2762 698 2968 744 vestras
2988 730 3005 757 ,
3050 698 3105 744 et
3138 689 3492 758 virginitatem
3540 688 3767 743 mentis

2158 789 2368 849 vestrm,
2392 791 2642 852 tanquam
2667 781 2972 852 desponsati
2999 783 3066 838 ab
3084 783 3256 838 amico
3278 784 3459 852 sponsi
3490 785 3577 836 uni
3609 782 3761 837 viro

2158 875 2413 945 virginem
2448 886 2648 934 castam
2693 876 2945 933 exhibere
2994 876 3228 932 Christo.
3270 875 3553 946 Virginitas
3589 875 3764 929 enim

2156 966 2412 1029 restrain
2448 975 2645 1025 mente.
2681 966 2964 1037 Virginitas
2987 966 3226 1036 corporis
3255 966 3307 1020 in
3336 966 3515 1034 paucis
3546 963 3762 1021 Eccle-

2158 1057 2255 1111 si:e
2282 1074 2297 1110 :
2324 1056 2598 1126 virginitas
2624 1057 2821 1112 mentis
2860 1057 2912 1110 in
2939 1057 3187 1111 omnibus
3217 1055 3459 1110 ﬁdelibus
3486 1068 3609 1109 esse
3640 1052 3763 1107 de-

2157 1146 2265 1201 bet.
2302 1147 2448 1202 llanc
2480 1148 2835 1216 virginitatem
2863 1147 2974 1202 vult
2998 1162 3222 1217 serpens
3260 1160 3635 1214 corrumpere,
3666 1143 3757 1198 de

2158 1252 2262 1308 quo
2284 1237 2423 1293 idem
2458 1239 2730 1307 apostolus
2751 1238 2877 1293 dicit
2908 1256 2921 1293 :
2957 1238 3269 1308 Desponsavi
3291 1254 3375 1291 uos
3398 1238 3486 1290 uni
3510 1238 3617 1290 viro
3635 1238 3759 1290 vir-

2157 1328 2322 1399 ginem
2350 1338 2537 1382 castam
2555 1330 2785 1384 exhibere
2806 1329 3024 1384 Christo.
3050 1329 3116 1383 Et
3145 1330 3314 1396 timeo,
3341 1346 3403 1382 ne
3422 1330 3547 1384 sicut
3566 1327 3747 1384 Evam

2158 1422 2346 1476 astutia
2371 1438 2464 1476 sua
2500 1439 2709 1494 serpens
2744 1422 2970 1493 decepit;
2993 1424 3065 1477 sic
3090 1439 3285 1494 quoque
3309 1432 3356 1476 et
3384 1424 3533 1477 vestri
3555 1439 3747 1476 sensus

2158 1523 2564 1582 corrumpantur,
2590 1524 2635 1567 et
2660 1514 2893 1567 excidant
2921 1530 2953 1567 a
2980 1515 3207 1568 castitate
3229 1530 3342 1583 qua:
3366 1524 3436 1569 est
3463 1516 3515 1567 in
3532 1511 3755 1569 Christo

2156 1598 2282 1656 Jesu
2303 1600 2369 1673 (II
2413 1602 2531 1658 Cor.
2563 1620 2642 1670 XI,
2674 1605 2729 1671 2,
2760 1606 2835 1674 5).
2878 1604 3041 1660 Vestri
3090 1606 3278 1676 inquit,
3306 1623 3480 1660 sensus
3500 1648 3515 1671 ,
3549 1605 3600 1659 id
3631 1614 3750 1670 est,

2157 1702 2353 1747 vestrae
2374 1702 2602 1748 mentes.
2630 1694 2761 1748 Nam
2794 1694 2895 1749 hoc
2929 1696 3095 1765 magis
3114 1696 3384 1765 pr0prium
3409 1705 3509 1750 est.
3537 1695 3752 1750 Sensus

2158 1783 2298 1837 enim
2316 1784 2674 1853 intelliguntur
2686 1792 2741 1839 et
2759 1784 2915 1854 hujus
2929 1786 3189 1855 corporis,
3209 1786 3449 1852 videndi,
3465 1784 3747 1849 audiendi,

2159 1873 2450 1939 odorandi,
2479 1873 2757 1943 gustandi,
2786 1874 3054 1943 tangendi.
3086 1875 3290 1929 Mentes
3328 1884 3534 1931 nostras
3563 1872 3752 1927 timuit

2158 1963 2424 2033 corrumpi
2462 1963 2785 2035 Apostolus,
2836 1964 2923 2017 ubi
2960 1972 3042 2019 est
3086 1963 3209 2018 ﬁdei
3238 1946 3538 2034 lvirginitas.
3580 1962 3750 2017 Modo

2158 2068 2342 2123 perge,
2365 2053 2539 2107 anima
2558 2056 2597 2120 ‘,
2625 2054 2977 2125 virginitatem
3009 2064 3151 2109 tuam
3179 2070 3329 2111 serva
3350 2096 3365 2121 ,
3397 2053 3742 2110 fecundauda

2158 2152 2341 2214 postea
2371 2145 2424 2198 in
2452 2145 2696 2214 amplexu
2739 2146 2919 2215 sponsi
2955 2146 3051 2200 tui.
3100 2145 3280 2216 Sepite
3321 2160 3477 2216 ergo,
3506 2154 3565 2199 ut
3602 2145 3750 2199 scri-

2158 2244 2306 2305 ptum
2330 2243 2432 2303 est,
2445 2249 2600 2290 aures
2623 2244 2826 2290 vestras
2853 2236 3020 2305 spinis
3049 2235 3234 2309 (Eeeli.
3256 2251 3440 2299 xsvtn,
3466 2234 3582 2306 38).
3604 2234 3748 2289 Tur-

2160 2325 2307 2380 bsvit
2344 2324 2537 2380 fratres
2567 2325 2807 2379 inﬁrmos
2835 2326 3087 2380 Ecclesia:
3123 2327 3348 2395 quaestio
3372 2325 3691 2380 Arianorum
3729 2343 3745 2379 :

2160 2413 2259 2471 sed
2291 2416 2342 2469 in
2384 2416 2596 2470 Domini
2623 2415 2988 2470 misericordia
3013 2416 3281 2484 superavit
3301 2414 3558 2469 catholica
3586 2415 3746 2469 ﬁdes.

2159 2507 2276 2562 Non
2303 2507 2444 2562 enim
2466 2508 2707 2563 deseruit
2731 2508 2821 2562 ille
2848 2507 3142 2562 Ecclesiam
3165 2522 3346 2572 suam;
3369 2515 3423 2561 et
3443 2508 3487 2561 si
3513 2506 3580 2561 ad
3602 2517 3749 2560 tem—

2161 2613 2261 2667 pus
2283 2597 2513 2652 turbavit
2538 2614 2679 2663 eam,
2711 2599 2781 2652 ob
2803 2599 2905 2652 hoc
2932 2597 3163 2651 turbavit
3180 2638 3196 2663 ,
3226 2605 3293 2663 ut_
3309 2611 3520 2666 semper
3543 2596 3754 2665 suppli-

2162 2696 2311 2743 caret
2355 2689 2426 2755 ei,
2467 2703 2498 2741 a
2546 2702 2652 2757 quo
2698 2688 2751 2742 in
2800 2687 2974 2743 solida
3024 2697 3173 2757 petra
3215 2687 3635 2742 conﬁrmaretur.
3676 2687 3753 2741 Et

2162 2778 2333 2836 adhuc
2355 2779 2599 2837 mussitat
2622 2794 2863 2853 serpens,
2893 2788 2949 2838 et
2985 2794 3088 2839 non
3120 2788 3282 2839 tacet.
3310 2779 3510 2852 Qumrit
3528 2778 3746 2853 pollici-

2164 2873 2364 2929 tatione
2412 2872 2640 2943 quadam
2668 2874 2903 2928 scientia:
2930 2873 3165 2943 dejicere
3185 2874 3252 2929 de
3279 2874 3526 2943 paradiso
3554 2873 3748 2928 Eccle-

2164 2961 2258 3016 sia:
2280 3002 2297 3025 ,
2318 2976 2476 3031 quem
2510 2977 2614 3017 non
2642 2963 2913 3031 permittat
2942 2962 3118 3019 redire
3145 2963 3213 3019 ad
3240 2964 3389 3018 illum
3414 2963 3744 3034 paradisum,

2164 3051 2305 3106 unde
2326 3053 2525 3121 primus
2552 3052 2713 3107 homo
2738 3053 2978 3122 dejectus
3001 3064 3103 3110 est.

2234 3142 2459 3199 CAPUT
2497 3144 2561 3198 V.
2588 3175 2659 3185 —
2686 3145 2740 3199 6.
2792 3144 2860 3199 Id
2906 3162 3041 3200 nunc
3083 3148 3188 3218 agit
3230 3147 3283 3202 in
3317 3146 3569 3215 Ecclesia,
3606 3147 3747 3216 quod

2166 3233 2289 3288 olim
2314 3235 2368 3288 in
2397 3237 2653 3304 paradiso.
2682 3237 2872 3292 Contra
2895 3238 3127 3305 Arianae,
3150 3241 3400 3312 quomodo
3429 3240 3583 3294 Pater
3608 3239 3746 3294 Filio

2166 3326 2353 3389 maior.
2371 3323 2560 3379 Filium
2578 3325 2725 3380 Patri
2736 3345 2840 3382 esse
2856 3328 3100 3396 wqualem
3114 3330 3167 3383 in
3188 3330 3351 3399 forma
3373 3328 3485 3397 Dei,
3503 3330 3747 3385 minorem

2166 3413 2219 3466 in
2249 3414 2413 3482 [arma
2439 3416 2586 3469 servi.
2627 3416 2907 3484 intendite,
2928 3418 3138 3474 fratres.
3165 3418 3318 3485 Quod
3346 3430 3549 3489 gestum
3578 3429 3661 3475 est
3687 3420 3743 3474 in

2166 3504 2261 3558 illo
2289 3505 2554 3575 paradiso,
2579 3507 2682 3561 hoc
2701 3508 2902 3577 geritur
2917 3509 2969 3562 in
2985 3509 3245 3564 Ecclesia.
3268 3509 3434 3565 Nemo
3460 3524 3558 3564 nos
3583 3510 3744 3565 sedu-

2167 3603 2255 3649 cat
2279 3595 2346 3649 ab
2370 3595 2471 3649 isto
2498 3596 2761 3665 paradiso.
2778 3597 3017 3653 Sufﬁciat
3040 3599 3180 3668 quod
3211 3599 3355 3654 illinc
3380 3600 3510 3669 lapsi
3534 3614 3739 3665 sumus,

2167 3684 2253 3738 vel
2279 3686 2483 3754 experti
2511 3686 2855 3755 corrigamur.
2886 3687 3004 3757 Ipse
3031 3696 3113 3743 est
3138 3704 3359 3757 serpens
3376 3729 3391 3753 ,
3419 3689 3507 3759 qui
3534 3704 3743 3758 semper

2164 3775 2401 3844 suggerit
2441 3774 2770 3844 iniquitatem
2814 3786 2871 3832 et
2915 3779 3261 3847 impietatem.
3306 3780 3423 3850 Ipse
3464 3779 3741 3852 aliquando

2168 3864 2431 3935 promittit
2467 3865 2860 3933 impunitatem,
2892 3869 3333 3937 quemadmodum
3360 3878 3417 3924 et
3442 3870 3509 3925 ibi
3539 3869 3739 3939 promi-

2166 3954 2257 4018 sit,
2288 3954 2471 4010 dicens
2499 3973 2514 4008 :
2548 3954 2808 4025 Numquid
2833 3967 2990 4012 morte
3016 3960 3299 4013 moriemini
3337 3960 3489 4031 (Gen.
3522 3976 3612 4025 Ill,
3641 3959 3739 4029 b)?

2170 4044 2289 4114 Ipse
2318 4046 2440 4101 talia
2468 4047 2720 4117 suggerit,
2758 4058 2817 4102 ut
2857 4049 3017 4103 modo
3060 4051 3198 4105 male
3226 4052 3405 4105 vivant
3432 4051 3735 4107 Christiani.

2168 4133 2433 4205 Numquid
2462 4149 2669 4202 omnes,
2701 4137 2870 4207 inquit
2911 4138 3211 4207 perditurus
3251 4149 3333 4193 est
3372 4141 3548 4194 Deus?
3589 4157 3739 4195 num-

2168 4227 2297 4296 quid
2327 4242 2514 4283 omnes
2540 4228 2884 4284 damnaturus
2909 4239 2992 4284 est
3017 4230 3191 4285 Deus?
3220 4229 3311 4285 Ille
3335 4230 3483 4295 dicit,
3517 4233 3739 4286 Damna-

2168 4316 2239 4373 bo
2267 4334 2283 4373 :
2313 4317 2579 4387 ignoscam
2617 4318 2697 4373 eis
2735 4320 2824 4388 qui
2863 4333 2923 4374 se
2962 4319 3316 4384 mutaverint;
3358 4331 3564 4375 mutent
3605 4320 3736 4378 facta

2168 4423 2283 4475 sua,
2316 4418 2463 4464 muto
2488 4410 2659 4464 minas
2686 4425 2853 4465 meas.
2883 4410 2999 4479 Ipse
3023 4419 3107 4465 est
3143 4426 3271 4481 ergo
3295 4412 3384 4482 qui
3412 4422 3733 4481 murmurat,

2165 4508 2223 4555 et
2245 4501 2523 4565 mussitat,
2556 4510 2610 4556 et
2636 4502 2764 4555 dicit
2793 4519 2807 4554 :
2836 4494 2974 4557 Ecce
3019 4502 3107 4557 ubi
3150 4504 3401 4573 scriptum
3445 4513 3545 4569 est,
3590 4504 3739 4559 Pater

2167 4591 2333 4658 maior
2380 4608 2460 4645 me
2508 4602 2579 4645 at
2607 4590 2626 4663 (
2650 4590 2807 4645 Joan.
2862 4608 2975 4657 χεν,
3007 4592 3135 4659 28);
3168 4602 3223 4647 et
3248 4604 3302 4649 tu
3329 4595 3460 4649 dicis
3484 4595 3735 4665 aequalem

2167 4678 2351 4734 Patri?
2388 4666 2609 4750 Accipio
2652 4680 2795 4751 quod
2823 4680 2957 4736 dicis
3000 4699 3013 4735 :
3057 4682 3154 4737 sed
3201 4692 3481 4753 utrumque
3516 4683 3731 4752 accipio,

2167 4771 2290 4840 quia
2316 4779 2596 4841 utrumque
2618 4771 2753 4842 lego.
2783 4773 2957 4838 Quare
2984 4782 3039 4827 tu
3065 4790 3228 4829 unum
3255 4775 3471 4843 accipis,
3498 4785 3553 4829 et
3577 4791 3732 4829 unum

2167 4876 2274 4916 non
2317 4862 2431 4916 vis?
2458 4862 2589 4916 Nam
2624 4878 2834 4927 mecum
2863 4872 3148 4933 utrumque
3191 4865 3383 4933 legisti.
3416 4865 3554 4919 Ecce
3588 4863 3734 4918 Pater

2168 4953 2335 5024 πυξίοι-
2359 4968 2437 5005 me
2463 4962 2572 5018 est;
2610 4953 2812 5023 accipio
2833 4996 2847 5015 .
2874 4971 2980 5009 non
3010 4971 3040 5009 a
3069 4963 3117 5009 te
3135 4994 3151 5019 ,
3182 4954 3277 5009 sed
3303 4956 3371 5010 ab
3414 4955 3730 5025 Evangelia:

2167 5050 2221 5096 et
2246 5049 2305 5097 tu
2329 5056 2449 5096 esse
2471 5042 2664 5096 Filium
2687 5045 2946 5113 aequalem
2976 5045 3084 5098 Deo
3111 5044 3276 5108 Patri,
3303 5045 3486 5112 accipe
3508 5044 3575 5099 ab
3599 5046 3734 5113 Apo-

2167 5130 2324 5185 stolo.
2343 5130 2614 5201 Conjunge
2650 5139 2951 5202 utrumque,
2974 5141 3253 5202 utrumque
3270 5131 3591 5187 concordet:
3618 5134 3730 5202 quia

2166 5221 2257 5291 qui
2284 5222 2490 5275 locutus
2509 5232 2594 5276 est
2622 5237 2717 5291 per
2739 5222 2999 5277 Joannem
3031 5224 3082 5276 in
3112 5222 3417 5292 Evangelia,
3451 5224 3567 5292 ipse
3588 5223 3731 5278 locu.

2169 5319 2255 5365 tus
2273 5319 2355 5366 est
2376 5325 2471 5379 per
2494 5311 2789 5367 Paulumin
2816 5312 3073 5382 Epistola.
3095 5312 3210 5367 Non
3230 5321 3403 5382 potest
3427 5330 3538 5383 ipse
3555 5330 3727 5369 secum

2168 5399 2473 5459 discordare
2498 5417 2515 5456 :
2540 5402 2635 5457 sed
2664 5413 2717 5458 tu
2745 5403 3083 5459 concordiam
3110 5404 3501 5472 Scripturarum
3529 5421 3632 5461 non
3656 5406 3727 5462 vis

2170 5490 2484 5565 intelligere,
2509 5507 2629 5551 cum
2651 5509 2797 5559 amas
2817 5495 2931 5563 ipse
2951 5494 3177 5564 litigare.
3202 5495 3306 5551 Sed
3336 5512 3400 5552 ex
3430 5497 3724 5569 Evangelio,

2171 5581 2360 5651 inquit,
2388 5582 2589 5651 probo:
2617 5584 2774 5639 Pater
2796 5586 2958 5655 major
2982 5602 3060 5640 me
3080 5595 3171 5640 at.
3199 5587 3266 5641 Et
3287 5601 3387 5658 ego
3411 5604 3474 5643 ex
3501 5588 3723 5660 Evange-

2237 5693 2252 5723 ⁸
2271 5692 2435 5744 Florus
2454 5699 2504 5745 et
2524 5694 2851 5750 Cisterclensis
2873 5694 2996 5746 liber
3021 5710 3033 5745 :
3061 5695 3198 5749 modo
3218 5711 3331 5764 rrgo
3347 5695 3522 5751 mima.
