3996 6476
234 285 368 342 1497

221 411 297 467 lio
337 409 542 483 probo:
569 407 679 480 Ego
721 418 768 464 et
789 406 944 462 Pater
988 422 1141 460 unum
1187 422 1358 462 sumus
1380 406 1558 476 (Joan.
1583 426 1643 476 ιι,
1668 412 1780 480 ⁸50).

219 499 503 570 Quomodo
553 509 835 569 utrumque
868 513 1048 553 verum
1070 497 1189 553 est?
1217 497 1490 564 Quomodo
1518 514 1614 555 nos
1638 499 1792 556 docet

220 588 531 660 Apostolus,
556 589 664 662 Ego
691 598 736 644 et
764 587 920 644 Pater
945 604 1098 641 unum
1117 589 1325 643 sumus?
1351 588 1449 656 Qui
1475 606 1587 642 cum
1609 592 1660 643 in
1684 593 1791 662 for-

219 697 305 733 ma
336 679 432 734 Dei
459 689 624 748 esset,
651 696 753 735 non
779 679 1010 751 rapinam
1037 677 1306 732 arbitratus
1347 686 1416 734 est
1451 695 1556 733 esse
1583 679 1790 750 a'qualis

220 767 348 822 Deo.
375 768 532 830 Audi,
557 769 714 824 Pater
735 770 898 840 major
921 785 999 823 me
1019 777 1132 824 est:
1159 769 1247 822 sed
1268 769 1582 838 semetipsum
1609 770 1786 824 exina-

216 859 363 924 nivit,
390 863 606 932 formam
629 860 756 914 servi
780 859 1047 928 accipiens.
1080 857 1219 914 Ecce
1243 873 1341 928 ego
1367 858 1591 913 ostendo
1620 874 1787 929 quare

214 953 389 1022 major
409 963 490 1008 est
515 971 530 1008 :
553 962 606 1008 tu
631 952 853 1008 ostende
879 952 929 1006 ill
955 967 1062 1022 quo
1081 951 1296 1052 aequalis
1320 965 1428 1006 non
1448 958 1550 1005 est.
1572 949 1790 1052 Utrum-

209 1057 320 1108 que
339 1044 480 1098 enim
508 1044 749 1114 legimus.
781 1041 951 1096 Minor
972 1049 1053 1096 est
1080 1041 1253 1106 Patre,
1277 1041 1327 1094 in
1355 1050 1609 1110 quantum
1649 1041 1786 1096 ﬁlius

211 1131 447 1188 hominis
476 1143 559 1189 est
591 1151 604 1186 :
637 1134 856 1202 mqualis
881 1131 1059 1197 Patri,
1092 1131 1145 1184 in
1183 1140 1436 1200 quantum
1470 1131 1630 1185 Filius
1657 1131 1781 1198 Dei;

207 1225 336 1292 quia
364 1224 501 1278 Deus
529 1234 643 1278 erat
669 1223 922 1278 Verbum.
973 1223 1230 1277 Mediator
1251 1264 1264 1285 ,
1300 1224 1442 1278 Deus
1487 1231 1542 1278 et
1585 1224 1780 1278 homo:

208 1314 355 1371 Deus
383 1317 597 1387 mqualis
627 1317 768 1370 Patri
792 1357 806 1380 ,
849 1315 1008 1370 homo
1044 1317 1215 1369 minor
1244 1315 1550 1416 Patr‘c..Est
1572 1330 1705 1416 ergo
1729 1323 1785 1416 et

205 1406 506 1476 aqualislit
533 1406 708 1459 minor
738 1423 750 1456 :
783 1406 998 1475 teqnalis
1039 1405 1092 1460 in
1136 1406 1303 1458 forma
1350 1405 1461 1468 Dei,
1514 1405 1689 1459 minor
1729 1405 1780 1461 in

203 1493 382 1549 forma
411 1497 569 1550 servi.
601 1495 680 1550 Tu
709 1511 836 1567 ergo
875 1496 977 1559 die,
1021 1495 1162 1550 unde
1209 1496 1428 1564 aequalis
1473 1505 1525 1552 et
1571 1496 1782 1553 minor?

200 1583 469 1656 Numquid
487 1587 586 1639 alia
607 1595 759 1657 parte
780 1587 1019 1656 :cqualis,
1043 1595 1094 1639 ct
1121 1586 1224 1641 alia
1247 1595 1393 1658 parte
1416 1589 1625 1643 minor?
1645 1590 1781 1646 Ecce

201 1685 424 1744 excepta
450 1676 783 1745 susceptione
809 1676 982 1730 carnis
1003 1717 1017 1744 ,
1044 1679 1265 1734 ostende
1298 1680 1422 1732 mihi
1446 1680 1700 1748 aequalem
1726 1689 1782 1735 et

200 1765 486 1820 minorem.
510 1764 660 1821 Unde
688 1765 1144 1822 demousuaturos
1165 1785 1242 1835 es,
1270 1770 1392 1822 volo
1418 1769 1620 1824 videre.

275 1855 500 1913 CAPUT
531 1857 622 1912 Vl.
650 1886 722 1900 -—
761 1861 812 1913 7.
857 1859 1024 1915 Filius
1063 1859 1158 1914 Dei
1218 1871 1334 1914 ante
1385 1862 1778 1916 incarnationem

198 1947 344 2002 nulla
373 1947 522 2002 modo
550 1949 714 2003 minor
744 1948 917 2004 Patre.
959 1949 1230 2004 Attendite
1271 1951 1593 2021 impietatem
1622 1952 1775 2005 stoli-

197 2037 325 2092 dam
352 2054 565 2094 carnem
594 2055 783 2110 sapere
803 2082 818 2107 ,
848 2041 1115 2111 quomodo
1147 2043 1398 2112 scriptum
1425 2053 1506 2098 est
1531 2061 1545 2098 :
1583 2043 1777 2112 Sapere

195 2127 475 2181 secundum
510 2121 740 2194 carnem,
770 2146 904 2184 mors
944 2141 1014 2186 est
1045 2130 1217 2201 (Rom.
1244 2147 1336 2186 vin
1357 2173 1372 2197 ,
1403 2133 1477 2201 6).
1508 2132 1603 2187 Hic
1625 2133 1770 2187 siste.

196 2213 495 2286 Sequcstro
525 2218 729 2283 adhuc,
758 2227 812 2272 et
837 2219 1068 2272 nondum
1099 2220 1286 2289 loquor
1312 2221 1379 2275 de
1414 2221 1775 2277 incarnatione

197 2306 411 2361 Domini
443 2309 609 2362 nostri
658 2307 784 2363 Jesu
820 2307 1019 2362 Christi
1044 2309 1184 2363 unici
1216 2309 1332 2362 Filii
1367 2309 1457 2362 Dei
1492 2327 1504 2362 :
1534 2309 1626 2363 sed
1656 2319 1771 2364 tan-

194 2413 357 2467 quam
387 2399 618 2453 nondum
658 2397 852 2453 factum
891 2401 959 2454 sit
995 2399 1133 2469 quod
1156 2400 1266 2468 jam
1305 2399 1500 2454 factum
1549 2411 1650 2467 est,
1688 2410 1770 2456 at-

195 2488 361 2543 tendo
397 2497 590 2554 tecum,
625 2488 691 2542 In
739 2491 987 2560 principio
1035 2500 1139 2544 erat
1180 2489 1412 2557 Verbum,
1458 2501 1502 2545 et
1559 2491 1771 2547 Verbum

194 2589 305 2633 erat
344 2581 482 2650 apud
521 2579 706 2647 Deum,
753 2591 800 2635 et
848 2580 984 2635 Deus
1022 2591 1127 2634 erat
1175 2581 1417 2646 Verbum;
1452 2585 1543 2635 hoc
1581 2594 1685 2637 erat
1719 2586 1771 2637 in

197 2671 448 2739 principio
509 2673 649 2738 apud
700 2671 886 2725 Deum.
937 2671 1170 2728 Attendo
1230 2684 1400 2728 tecum
1433 2713 1451 2740 ,
1508 2674 1606 2741 Qui
1657 2693 1770 2728 cum

193 2761 247 2813 in
287 2765 450 2831 forma
479 2760 572 2815 Dei
619 2772 780 2829 esset,
822 2780 923 2816 non
965 2764 1197 2834 rapinam
1236 2764 1506 2819 arbitratus
1548 2775 1619 2819 est
1667 2783 1771 2820 esse

190 2853 402 2920 aqualis
449 2851 576 2906 Deo.
622 2847 714 2908 lbi'
742 2853 870 2908 mihi
912 2854 1135 2910 ostende
1179 2863 1235 2910 et
1279 2855 1533 2924 majorem
1573 2866 1625 2910 et
1667 2859 1767 2910 mi-

194 2957 402 2996 norem.
433 2942 568 3008 Quid
614 2943 849 2998 dicturus
914 2945 1011 3000 es?
1044 2945 1315 3000 Divisurus
1354 2960 1414 3000 es
1461 2946 1626 3000 Deum
1672 2961 1768 3017 per

192 3031 497 3100 qualitates,
527 3032 578 3086 id
599 3041 702 3098 est,
729 3047 826 3102 per
849 3033 1102 3103 quasdam
1133 3033 1440 3089 alTectioncs
1463 3037 1767 3105 corporales

191 3121 276 3175 vel
303 3122 555 3177 animales
575 3165 590 3189 ,
626 3123 677 3177 in
703 3123 894 3193 quibus
926 3123 1066 3178 aliud
1095 3133 1256 3195 atque
1282 3125 1424 3178 aliud
1454 3141 1572 3180 esse
1597 3127 1764 3180 senti—

190 3212 350 3266 mus?
379 3213 701 3269 Naturaliter
726 3215 904 3269 dicere
930 3215 1142 3284 quidem
1170 3229 1384 3285 possum
1416 3233 1429 3268 :
1457 3216 1548 3269 scd
1587 3227 1762 3270 utrum

185 3303 270 3357 sic
293 3313 348 3356 et
375 3318 469 3358 vos
511 3304 813 3375 intelligatis
834 3348 849 3372 ,
897 3305 1039 3362 Deus
1062 3305 1270 3361 viderit.
1298 3307 1438 3378 Ergo
1459 3349 1472 3372 ,
1505 3317 1560 3364 ιιι
1587 3308 1764 3362 dicere

185 3410 480 3464 coeperam,
508 3405 630 3452 ante
657 3399 1049 3468 susceptionem
1089 3400 1284 3465 carnis,
1315 3409 1598 3469 antequam
1623 3400 1761 3456 Ver-

187 3484 314 3539 bum
338 3501 463 3541 caro
490 3485 642 3542 ﬁeret
669 3497 723 3542 et
751 3488 1017 3543 habitaret
1042 3490 1092 3542 in
1123 3491 1275 3545 nobis
1298 3532 1313 3558 ,
1344 3492 1564 3546 ostende
1591 3493 1764 3546 mino-

185 3591 325 3645 rem,
353 3579 576 3635 ostende
593 3581 874 3650 :equalem.
901 3581 1164 3652 Numquid
1185 3583 1327 3637 aliud
1357 3595 1410 3638 ct
1436 3585 1575 3642 aliud
1600 3586 1758 3654 Deus,

183 3676 248 3721 ut
297 3683 364 3724 ex
415 3670 515 3725 alia
564 3679 717 3740 parte
763 3673 831 3726 sit
875 3673 1050 3728 minor
1115 3673 1208 3728 illo
1247 3674 1430 3738 Filius,
1465 3684 1519 3730 et
1551 3692 1617 3731 ex
1659 3678 1762 3732 alia

182 3770 342 3826 parte
382 3758 456 3813 illi
502 3761 765 3830 aequalis?
793 3762 962 3816 Veluti
991 3766 1033 3817 si
1061 3763 1332 3831 dicamus,
1368 3764 1601 3836 Corpora
1640 3776 1763 3822 sunt

180 3847 464 3918 quietiam;
501 3861 655 3920 potes
696 3852 824 3906 mihi
853 3853 1066 3919 dicere,
1097 3853 1326 3924 {Equale
1372 3865 1454 3910 cst
1494 3859 1546 3912 ili
1589 3857 1758 3928 longi-

181 3939 400 4005 tudine,
448 3942 542 3997 sed
584 3943 761 3997 minus
785 3953 868 3999 est
917 3945 968 3998 in
997 3945 1208 4000 robore.
1259 3946 1577 4016 Plerumque
1619 3949 1759 4002 enim

178 4029 292 4083 duo
319 4045 544 4098 corpora
585 4032 708 4085 talia
748 4041 1065 4098 occurrunt,
1098 4041 1155 4087 ut
1179 4043 1378 4089 statura
1419 4037 1760 4106 longitudinis

180 4119 410 4190 aequalia
438 4121 563 4185 sint,
591 4121 784 4176 robore
808 4131 982 4176 autem
1011 4140 1173 4178 unum
1202 4125 1270 4180 sit
1295 4127 1470 4180 minus
1489 4169 1502 4191 ,
1531 4128 1756 4182 alterum

180 4209 376 4278 majus.
396 4209 536 4279 Ergo
552 4211 672 4264 talia
689 4210 839 4293 quasi
861 4227 1082 4282 corpora
1099 4218 1373 4285 cogitaturi
1390 4232 1573 4271 sumus
1591 4219 1756 4274 Deum

179 4305 239 4350 ct
266 4297 455 4352 Filium
485 4298 641 4368 ejus?
678 4301 955 4371 eogitaturi
995 4317 1178 4358 sumus
1225 4320 1345 4358 eum
1383 4307 1472 4375 qui
1517 4316 1657 4362 totus
1701 4309 1754 4365 in

177 4387 344 4442 Maria
371 4386 499 4455 fuit,
529 4398 670 4445 totus
703 4390 843 4459 apud
872 4391 1079 4448 Patrem
1099 4433 1116 4458 ,
1149 4403 1289 4447 totus
1315 4395 1366 4448 in
1396 4410 1585 4464 carne,
1615 4405 1757 4454 totus

181 4491 346 4545 super
372 4478 641 4548 Angelos?
666 4481 884 4536 Avertat
907 4481 1044 4536 Deus
1070 4484 1197 4537 istas
1220 4485 1565 4554 cogitationes
1588 4502 1617 4542 a
1637 4503 1757 4543 cor-

178 4567 339 4623 dibus
352 4567 793 4625 Christianorum.
810 4571 941 4627 Item
958 4573 1092 4628 forte
1113 4576 1181 4629 ita
1201 4577 1477 4646 cogitabis,
1497 4587 1554 4632 ut
1573 4579 1716 4633 dicas
1735 4596 1750 4635 :

179 4657 252 4714 Et
275 4660 468 4714 robore
491 4669 545 4716 et
563 4662 892 4732 longitudine
912 4665 1162 4736 aequales,
1186 4667 1279 4722 sed
1307 4667 1486 4724 colore
1515 4671 1752 4741 dispares

181 4758 330 4804 sunt.
361 4748 464 4806 Ubi
498 4751 679 4819 color,
708 4754 811 4808 nisi
837 4753 890 4808 in
921 4757 1324 4824 corporalibus?
1354 4758 1427 4812 lbi
1457 4770 1635 4815 autem
1663 4763 1752 4818 lux

179 4842 479 4910 sapientiae.
509 4843 740 4898 Ostende
770 4845 896 4899 mihi
923 4847 1156 4904 colorem
1179 4848 1418 4918 iustitiae.
1449 4851 1504 4907 Si
1535 4854 1632 4908 ista
1661 4869 1752 4909 co-

177 4935 348 4989 lorem
380 4950 486 4988 non
516 4934 731 5003 habent,
765 4947 820 4992 tu
847 4937 935 4993 illa
960 4938 1027 4994 de
1065 4939 1172 4994 Deo
1198 4957 1303 4996 non
1329 4942 1555 5012 diceres,
1584 4947 1628 5000 si
1655 4963 1753 5017 pu-

175 5025 328 5080 doris
353 5026 586 5081 colorem
617 5026 860 5083 haberes.

249 5115 305 5169 8.
346 5114 539 5171 Filium
563 5134 663 5172 non
690 5137 832 5188 posse
858 5121 958 5174 diei
984 5122 1089 5175 alia
1125 5124 1319 5178 ratione
1344 5129 1606 5196 (naualem,
1647 5132 1750 5186 alia

177 5205 442 5270 minorem.
493 5206 560 5262 In
601 5208 710 5264 Deo
734 5227 836 5266 non
880 5213 1022 5266 aliud
1045 5223 1278 5284 potestas,
1308 5219 1447 5272 aliud
1479 5222 1748 5290 prudentia

176 5305 225 5350 et
251 5307 444 5352 creterra
489 5299 712 5354 virtutes.
754 5301 890 5372 Quid
934 5320 1062 5374 ergo
1090 5305 1326 5362 dicturus
1351 5311 1446 5365 es?
1478 5313 1745 5372 Potestate

176 5385 409 5455 aequales
436 5395 592 5456 sunt,
623 5389 715 5444 sed
752 5391 927 5450 minor
973 5393 1138 5452 Filius
1179 5397 1490 5468 prudentia?
1521 5403 1747 5473 lnjustus

177 5483 261 5528 est
281 5475 440 5540 Deus,
468 5477 512 5530 si
541 5478 729 5534 minori
749 5481 1044 5550 prudentia:
1069 5495 1382 5555 potestatem
1407 5490 1552 5548 dedit
1570 5510 1747 5565 mqua-

179 5565 302 5622 Icm.
331 5565 387 5621 Si
419 5568 697 5638 prudentia
723 5573 955 5644 mquales
980 5585 1124 5645 sunt,
1151 5578 1244 5634 sed
1271 5580 1444 5638 minor
1467 5591 1548 5638 est
1574 5584 1743 5643 Filius

178 5665 469 5727 p0lestate,
501 5659 708 5718 invidus
747 5672 829 5720 est
865 5664 1038 5736 Deus,
1079 5669 1168 5738 qui
1210 5673 1397 5743 aequali
1446 5675 1739 5746 prudentiae

1587 301 1811 357 SERMO
1847 298 2108 360 CCCX”.

3331 332 3464 388 itas
3536 313 3538 315 ’

1901 423 2211 480 poteStatem
2237 417 2380 475 dedit
2403 423 2682 482 minorem.
2713 429 2768 485 lu
2797 431 2908 488 Deo
2935 445 3110 494 autem
3138 453 3295 499 omne
3322 450 3460 516 quod

1896 501 2107 570 dicitur,
2136 506 2363 577 illipsum
2388 523 2488 569 est.
2511 515 2692 588 Neque
2722 524 2864 578 enim
2903 525 2954 582 in
2973 527 3095 587 .Deo
3129 532 3270 590 aliud
3314 501 3463 605 pote;

1893 601 2006 648 stas
2039 604 2095 651 et
2143 597 2286 654 aliud
2339 605 2637 676 prudentia,
2665 612 2806 667 aliud
2835 615 3082 675 fortitudo
3121 631 3174 677 ct
3215 597 3354 680 aliud
3375 629 3462 697 ju-

1892 682 2035 738 stitia
2062 695 2154 740 aut
2173 688 2314 744 aliud
2343 695 2577 750 castitas.
2602 699 2861 772 Quidquid
2890 706 3076 762 borum
3099 711 3165 767 de
3179 712 3288 768 Deo
3305 682 3458 782 didis,

1892 788 2069 846 neque
2089 777 2227 832 aliud
2250 789 2304 835 et
2324 782 2464 837 aliud
2485 785 2812 858 intelligitur,
2837 804 2891 848 ει
2916 796 3043 852 nihil
3061 799 3217 870 digne
3236 777 3457 860 dicituri

1890 867 2013 936 quia
2044 868 2156 924 haec
2176 873 2471 929 animarum
2493 889 2636 944 sunt,
2659 897 2792 950 quas
2811 885 2897 942 illa
2923 887 3009 943 lux
3035 867 3303 960 per—fundit
3321 911 3456 966 quo-

1890 953 2013 1009 dam
2055 959 2232 1026 modo,
2266 972 2319 1016 et
2344 979 2441 1034 pro
2468 968 2576 1022 suis
2600 972 2942 1040 qualitatibus
2968 953 3162 1047 allicit;
3193 953 3459 1054 quomodo

1889 1058 2009 1098 cum
2039 1047 2208 1102 oritur
2230 1053 2544 1120 corporibus
2567 1056 2654 1112 lux
2679 1061 2777 1115 ista
2801 1064 3038 1121 visibilis.
3063 1067 3119 1122 Si
3153 1047 3453 1138 auferatur,

1890 1149 2026 1189 unus
2045 1147 2126 1190 est
2153 1142 2467 1209 corporibus
2491 1149 2736 1204 omnibus
2761 1153 2934 1220 color;
2961 1158 3046 1225 qui
3077 1161 3250 1227 potius
3269 1163 3456 1218 dicen-

1887 1222 1986 1277 dus
2011 1233 2095 1279 est
2139 1230 2317 1286 nullus
2352 1234 2516 1289 color.
2547 1233 2676 1293 Cum
2719 1251 2894 1297 autem
2935 1222 3092 1300 illata'
3119 1248 3455 1306 illustraverit

1885 1327 2130 1386 corpora,
2162 1326 2400 1390 quamvis
2449 1329 2558 1395 ipsa
2606 1331 2760 1386 unius
2790 1335 2930 1389 modi
2970 1338 3058 1402 sit,
3103 1356 3197 1409 pro
3226 1342 3450 1400 diversis

1888 1412 2062 1461 tamen
2083 1424 2364 1479 corporum
2391 1417 2729 1484 qualitatibus
2749 1421 2959 1479 diverso
2975 1442 3068 1482 eos
3086 1430 3251 1485 nitore
3272 1448 3452 1501 asper-

1884 1494 1978 1565 git.
2008 1498 2148 1568 [ει-ευ
2188 1503 2480 1560 animarum
2519 1519 2642 1564 sunt
2674 1513 2787 1568 ista:
2812 1515 3137 1587 aifectiones,
3175 1539 3292 1592 qua:
3314 1526 3452 1583 bene

1884 1595 2007 1640 sunt
2036 1589 2236 1646 allectis
2259 1593 2328 1647 ab
2348 1595 2433 1649 illa
2457 1598 2572 1653 luce
2596 1615 2711 1670 qua:
2731 1618 2836 1659 non
2858 1605 3104 1678 afﬁcitur,
3129 1589 3442 1673 et—l'ormatin

1881 1675 1950 1728 ab
1978 1676 2064 1730 illa
2095 1694 2211 1748 qua:
2239 1697 2342 1737 non
2375 1685 2652 1744 formatur.

1952 1765 2174 1823 CAPUT
2216 1771 2401 1827 Vll.—
2419 1776 2469 1830 9.
2487 1777 2694 1834 Justitia
2713 1792 2760 1837 et
2787 1784 2972 1841 similia
2996 1790 3059 1844 de
3081 1791 3189 1846 Deo
3212 1796 3450 1852 dicuntur

1881 1870 1981 1910 non
2033 1862 2249 1930 proprie,
2281 1865 2369 1917 sed
2401 1868 2519 1936 quia
2559 1869 2687 1924 nillil
2715 1872 2816 1927 dici
2837 1886 2996 1946 potest
3023 1881 3219 1936 melius.
3247 1885 3446 1941 Tamen

1880 1944 1979 1998 ista
2029 1946 2096 2002 de
2139 1950 2249 2005 Deo
2277 1952 2501 2011 dicimus
2530 1998 2545 2023 ,
2593 1959 2811 2030 fratres,
2843 1967 2964 2034 quia
3003 1985 3109 2024 non
3149 1973 3447 2031 invenimus

1879 2035 2070 2091 melius
2115 2041 2258 2110 quod
2306 2043 2562 2102 dicamus.
2609 2049 2736 2106 Dico
2763 2054 2963 2122 justum
3007 2060 3206 2129 Deum;
3233 2066 3353 2133 quia
3394 2069 3444 2122 in

1877 2127 2055 2183 verbis
2077 2129 2322 2189 humanis
2348 2137 2478 2193 nihil
2504 2141 2692 2197 melius
2719 2145 2930 2204 invenio
2958 2168 2972 2203 :
3003 2167 3124 2206 nam
3148 2164 3230 2210 est
3253 2157 3342 2212 ille
3365 2160 3448 2214 lil-

1848 2223 1850 2225 ’
1877 2223 1956 2270 tra
1977 2219 2258 2286 justitiam.
2298 2227 2500 2284 Dicitur
2538 2233 2588 2286 in
2614 2234 2927 2306 Scripturis,
2949 2241 3129 2299 Justus
3156 2245 3405 2304 Dominus
3426 2294 3442 2317 ,

1876 2314 1923 2358 et
1937 2307 2164 2376 justitias
2191 2311 2366 2368 dilexit
2407 2317 2576 2389 (Psal.
2603 2339 2669 2388 χ,
2697 2324 2770 2393 3).
2806 2327 2910 2382 Sed
2941 2331 3010 2385 ibi
3039 2332 3231 2389 dicitur
3254 2347 3309 2392 et
3335 2307 3447 2407 ρωέ

1876 2395 2046 2452 nitere
2073 2399 2239 2454 Deum
2273 2401 2424 2475 (Gen.
2463 2423 2536 2475 vl,
2571 2411 2648 2478 7),
2677 2413 2750 2467 ibi
2774 2415 2966 2472 dicitur
2993 2429 3047 2475 et
3076 2426 3279 2480 nescire
3308 2395 3446 2484 Deus

1876 2482 1986 2557 (Id.
2037 2504 2202 2557 xvm,
2227 2490 2342 2564 2t).
2369 2493 2499 2562 Quis
2542 2514 2646 2554 non
2692 2504 3019 2562 exhorrcat?
3054 2511 3233 2567 Nescit
3266 2482 3441 2584 Deus,

1873 2579 2096 2644 poenitet
2143 2580 2350 2638 Deum?
2399 2585 2524 2642 ldeo
2571 2597 2745 2645 tamen
2795 2604 2850 2648 et
2899 2596 2966 2651 ad
3017 2599 3117 2654 ista
3163 2605 3320 2658 verba
3358 2579 3444 2662 sa;

1873 2667 2096 2726 lubriter
2141 2673 2413 2745 Scriptura
2451 2678 2761 2751 descendit,
2793 2703 2910 2756 quae
2955 2698 3008 2744 tu
3047 2691 3342 2761 exborres,
3376 2715 3443 2756 ne

1871 2758 1959 2814 illa
1985 2777 2102 2830 qua:
2141 2779 2327 2835 magna
2357 2777 2508 2836 putas
2533 2812 2546 2834 ,
2578 2771 2736 2843 digne
2775 2777 2916 2833 dicta
2945 2781 3239 2840 arbitreris.
3273 2758 3444 2859 Αιῳιε

1871 2849 1941 2904 ita
1971 2851 2016 2905 si
2045 2867 2274 2923 qureras,
2304 2857 2437 2925 Quid
2459 2876 2586 2932 ergo
2614 2864 2680 2919 de
2707 2867 2813 2921 Deo
2833 2867 2991 2939 digne
3010 2873 3235 2931 dicitur?
3253 2849 3444 2949 aliquis

1869 2937 2093 2995 fortasse
2116 2943 2208 2997 tibi
2233 2948 2548 3014 respondeat
2575 2962 2627 3005 et
2648 2953 2808 3021 dicat,
2835 2937 2955 3026 quia
2974 2961 3147 3028 justus
3171 2977 3272 3019 est.
3296 2937 3444 3024 Alius

1868 3039 2043 3084 autem
2073 3031 2173 3087 isto
2214 3037 2402 3092 melius
2429 3040 2726 3112 intelligens
2749 3087 2765 3112 ,
2797 3049 2953 3102 etiam
2985 3050 3087 3108 hoc
3117 3057 3334 3111 verbum
3361 3059 3445 3114 di-

1867 3127 1954 3172 cat
1997 3124 2237 3191 superari
2273 3127 2342 3180 ab
2377 3128 2519 3184 illius
2557 3135 2868 3190 excellentia
2894 3179 2908 3204 ,
2935 3150 2990 3195 et
3019 3141 3234 3214 indigne
3266 3147 3332 3203 de
3353 3150 3442 3205 illo

1867 3211 2027 3264 etiam
2057 3213 2161 3270 hoc
2184 3215 2287 3271 dici
2310 3259 2325 3284 ,
2357 3223 2596 3289 quamvis
2635 3240 2987 3298 congruenter
3014 3239 3299 3293 secundum
3341 3243 3442 3296 hu-

1867 3313 2076 3355 manam
2102 3307 2448 3374 capacitatem
2491 3311 2737 3369 dicatur:
2766 3327 2825 3371 ut
2851 3335 2969 3374 cum
3000 3323 3086 3380 ille
3114 3326 3182 3382 de
3208 3328 3443 3400 Scriptu—

1866 3391 1944 3444 ris
1963 3395 2188 3460 probare
2214 3398 2462 3467 voluerit,
2489 3405 2608 3472 quia
2629 3407 2886 3478 scriptum
2916 3423 2998 3468 est
3015 3457 3030 3480 ,
3053 3416 3231 3473 Justus
3260 3421 3440 3476 Domi-

1865 3496 2006 3547 nus;
2053 3495 2200 3542 recte
2248 3489 2322 3543 illi
2370 3495 2871 3568 respOndeatur,in
2915 3505 3116 3562 eisdem
3155 3510 3441 3581 Scripturis

1868 3575 2100 3641 positum
2125 3593 2264 3646 esse,
2295 3581 2416 3649 quia
2448 3587 2668 3653 pmnitet
2690 3589 2856 3646 Deum
2886 3611 2901 3648 :
2930 3605 2986 3650 ut
3010 3575 3285 3668 quomodo
3300 3604 3439 3663 istud

1866 3677 1974 3716 non
2035 3667 2224 3735 accipit
2262 3672 2550 3727 secundum
2599 3667 3036 3739 consuetudinem
3093 3689 3438 3760 loquentium,

1863 3752 1998 3807 sicut
2027 3755 2204 3810 solent
2240 3757 2482 3817 homines
2515 3767 2804 3836 paenitere;
2833 3772 2910 3827 sic
2932 3783 2986 3829 et
3024 3752 3323 3851 illud-quod
3353 3787 3439 3840 di-

1863 3845 2000 3897 citur
2033 3845 2239 3916 justus,
2271 3856 2734 3920 supereminentia:
2778 3863 2944 3933 ipsius
2985 3884 3090 3924 non
3130 3888 3438 3945 competere

1864 3931 2119 4004 intelligat
2147 3954 2160 3989 :
2192 3943 2430 4008 quamvis
2456 3943 2558 4000 hoc
2594 3931 2863 4020 Scriptura
2894 3955 3029 4014 bene
3072 3931 3338 4035 posuerit,
3378 3981 3439 4025 ut

1863 4035 1961 4090 per
1985 4025 2386 4100 qualiacumque
2409 4035 2569 4090 verba
2598 4041 2855 4107 gradatim
2881 4025 3089 4106 animus
3110 4053 3176 4107 ad
3212 4056 3262 4111 id
3296 4025 3436 4128 quod

1862 4109 1965 4164 dici
1995 4127 2099 4168 non
2123 4124 2299 4185 potest
2329 4123 2664 4189 perducatur.
2696 4130 2903 4189 Justum
2931 4131 3142 4207 quidem
3167 4109 3330 4202 Deum
3351 4150 3435 4205 di-

1860 4204 1940 4258 cis
1967 4221 1981 4257 :
2013 4205 2105 4260 sed
2149 4209 2383 4282 intellige
2423 4216 2619 4287 aliquid
2649 4221 2783 4278 ultra
2813 4204 3073 4296 justitiam
3111 4250 3268 4305 quam
3294 4242 3438 4299 soles

1860 4295 2004 4351 etde
2040 4297 2256 4356 homine
2299 4306 2554 4375 cogitare.
2585 4311 2690 4367 Sed
2734 4315 3022 4388 Scriptura:
3050 4295 3251 4391 justum
3288 4331 3436 4390 dixe-

1860 4397 1985 4440 runt
2014 4403 2029 4441 :
2061 4399 2340 4460 propterea
2377 4405 2430 4450 et
2457 4401 2799 4467 prenitentem
2837 4408 3085 4468 dixerunt
3111 4425 3166 4472 et
3193 4423 3434 4479 nescien-

1861 4484 1988 4542 tem,
2021 4481 2162 4550 quod
2205 4483 2317 4552 jam
2344 4502 2451 4544 non
2479 4491 2558 4546 vis
2603 4495 2801 4554 dicere.
2847 4500 3124 4568 Quomodo
3169 4525 3295 4582 ergo
3342 4516 3433 4573 illa

1858 4583 1976 4638 qua:
2018 4572 2126 4642 jam
2165 4577 2457 4647 exborres,
2513 4585 2760 4658 intelligis
2804 4604 3021 4664 propter
3069 4572 3430 4663 inﬁrmitatem

1859 4669 2001 4715 tuam
2027 4663 2163 4720 dicta
2191 4683 2206 4732 ;
2236 4669 2312 4724 sic
2333 4681 2388 4726 et
2421 4674 2520 4730 ista
2543 4692 2662 4746 quae
2700 4663 3100 4757 magnipendis,
3133 4707 3228 4760 pro
3253 4696 3428 4766 aliqua

1857 4749 2431 4818 ﬁrmitate‘validiore
2467 4764 2605 4820 dicta
2660 4749 2813 4824 sunt:
2851 4749 2949 4841 Qui
3005 4749 3180 4836 autem
3228 4793 3282 4839 et
3329 4749 3431 4844 i‘sta

1857 4937 1962 4994 tur,
1987 4932 2144 5004 digne
2171 4940 2406 5009 cogitare
2433 4948 2654 5016 creperit
2676 4990 2693 5017 ,
2726 4951 2962 5010 inveniet
2988 4957 3259 5020 silentium
3298 4967 3431 5024 inet-

1855 5021 1996 5077 l'abili
2018 5027 2193 5081 cordis
2223 5045 2353 5086 voce
2383 5033 2724 5094 laudandum.

1924 5113 2148 5172 CAPUT
2180 5119 2310 5176 νηί.
2336 5154 2408 5164 -
2440 5127 2749 5184 10.Filium
2799 5133 2890 5190 Dei
2910 5154 3009 5194 non
3040 5159 3188 5211 posse
3219 5147 3320 5202 dici
3365 5129 3435 5206 α’

1853 5200 1955 5254 alia
1979 5215 2122 5274 parte
2144 5211 2407 5280 aequalem,
2435 5231 2500 5270 ea:
2524 5219 2626 5272 alia
2650 5221 2962 5294 ianualem.
3003 5200 3145 5303 Ergo
3165 5277 3180 5301 ,
3212 5236 3422 5303 fratres.

1853 5293 1974 5360 quia
2002 5295 2102 5350 hoc
2122 5307 2204 5353 est
2229 5302 2282 5354 in
2312 5303 2533 5361 Domino
2559 5309 2723 5367 virtus
2755 5293 2894 5385 quod
2915 5293 3118 5388 justitia
3146 5293 3421 5397 (quidquid
3513 5341 3516 5344 ’

1851 5381 1919 5438 de
1948 5385 2038 5440 illo
2063 5387 2282 5459 dixeris,
2311 5393 2411 5450 hoc
2441 5399 2578 5454 idem
2603 5402 2756 5474 dicis,
2772 5381 2894 5466 cum
2916 5381 3093 5470 tamen
3119 5381 3244 5472 nilnil
3263 5381 3418 5490 digne

1851 5471 2053 5546 dicas),
2080 5494 2187 5534 non
2215 5493 2363 5552 potes
2387 5486 2564 5546 dicere
2601 5498 2857 5566 zequalem
2892 5517 3009 5557 esse
3037 5504 3179 5560 Patri
3222 5507 3409 5566 Filium

1851 5577 1947 5632 per
1969 5565 2227 5634 justitiam
2269 5585 2324 5631 et
2353 5593 2456 5634 non
2486 5596 2604 5638 esse
2629 5565 2885 5656 aiqualem
2915 5607 3012 5662 per
3033 5596 3300 5670 virtutem,
3321 5611 3417 5660 aut

1918 5695 1932 5726 ¹
1959 5696 2257 5754 Colbertinus
2275 5712 2381 5770 ιιι,
2402 5708 2694 5773 inﬁmitate.
