3968 6438
605 309 630 364 1
641 307 744 363 499

605 419 864 490 aequalem
913 434 1007 488 per
1045 419 1290 472 virtutem
1334 426 1387 471 et
1424 431 1529 469 non
1570 415 1824 484 :equalem
1867 430 1958 484 per
2006 415 2180 468 scicn-

609 511 734 567 tiam
761 529 773 564 :
799 510 920 580 quia
949 510 993 563 si
1021 525 1086 563 cx
1129 524 1230 561 una
1259 523 1316 561 re
1351 507 1524 575 aliqua
1555 505 1771 575 :rqualis
1810 517 1918 564 est.
1946 521 2008 559 ex
2039 505 2184 558 omni

609 617 666 656 re
695 600 912 669 aequalis
943 607 1055 661 est;
1090 601 1210 666 quia
1239 597 1414 650 omnia
1445 612 1562 664 qua)
1591 597 1658 648 ibi
1687 595 1838 660 dicis,
1869 596 2010 649 idem
2039 605 2180 658 sunt,

609 697 660 744 et
691 690 833 744 idem
856 690 1046 743 valent.
1083 687 1286 741 Sufficit
1329 702 1476 754 ergo,
1506 687 1624 754 quia
1665 686 1843 738 dicere
1889 702 1990 738 non
2031 695 2183 755 potes

609 781 872 849 quomodo
897 781 964 831 sit
997 777 1270 846 inaequalis
1291 779 1306 808 ¹
1337 775 1497 830 Filius
1527 775 1700 839 Patri,
1735 775 1832 828 nisi
1863 775 2078 828 dederis
2103 773 2182 826 di-

611 873 888 926 versitates
916 870 1168 939 quasdam
1211 870 1264 923 in
1309 868 1601 922 substantia
1635 869 1746 920 Dei.
1771 867 1912 932 Quas
1947 883 2062 920 cum
2091 866 2184 918 de.

610 961 772 1025 detis,
817 961 955 1013 foras
1005 969 1055 1013 te
1101 961 1261 1012 mittit
1299 959 1492 1011 veritas
1516 1000 1529 1023 ,
1563 973 1661 1012 nec
1700 958 1906 1012 accedis
1949 957 2014 1010 ad
2053 956 2183 1010 illud

613 1053 971 1106 sanctuarium
1001 1052 1124 1114 Dei,
1161 1051 1248 1104 tibi
1280 1051 1636 1104 sincerissime,
1671 1049 1894 1102 videtur.
1926 1047 2056 1101 Cum
2088 1063 2182 1100 au-

608 1151 711 1196 tem
759 1158 859 1194 non
893 1143 1064 1212 possis
1104 1141 1358 1209 a‘qualcm
1399 1139 1573 1192 dicere
1603 1155 1667 1192 ex
1700 1139 1796 1192 alia
1838 1149 1988 1209 parte
2026 1147 2078 1192 ct
2119 1155 2182 1192 ex

608 1231 709 1284 alia
749 1232 1084 1299 inmqualcn‘i,
1121 1232 1239 1300 quia
1273 1246 1376 1284 non
1423 1241 1542 1284 sunt
1589 1231 1640 1284 in
1689 1231 1797 1283 Deo
1839 1241 2047 1299 partes;
2079 1245 2183 1283 non

605 1321 779 1389 possis
806 1321 982 1373 dicere
1013 1337 1074 1374 ex
1105 1321 1204 1373 alia
1235 1337 1353 1372 cum
1381 1336 1498 1374 esse
1529 1321 1782 1388 :uqualcm
1809 1360 1824 1385 ,
1854 1336 1916 1373 ex
1945 1320 2042 1372 alia
2081 1319 2182 1372 mi-

607 1425 791 1464 norem
811 1453 823 1476 ,
845 1411 966 1480 quia
1023 1429 1123 1464 non
1154 1421 1274 1464 sunt
1319 1411 1370 1464 in
1417 1411 1524 1464 Deo
1549 1411 1860 1480 qualitates;
1892 1409 2180 1465 secundum

610 1500 774 1552 Deum
821 1515 924 1552 non
958 1509 1104 1568 potes
1154 1501 1330 1554 dicere
1374 1503 1652 1569 ιυίιιιίιιυιιι,
1704 1501 1802 1554 nisi
1843 1501 1986 1554 omni
2026 1501 2182 1554 modo

607 1589 865 1657 :cqnalem
899 1605 912 1643 :
941 1591 1079 1642 unde
1108 1605 1234 1658 ergo
1265 1601 1412 1658 potes
1434 1591 1608 1644 dicere
1633 1591 1914 1658 minorem,
1941 1592 2038 1644 nisi
2061 1591 2180 1660 quia

609 1681 830 1733 formam
869 1681 1006 1733 servi
1038 1683 1275 1749 aet-epit?
1313 1683 1491 1751 Itaque
1517 1723 1530 1746 ,
1563 1669 1782 1746 fi'alrcs,
1817 1699 2028 1751 semper
2069 1681 2184 1737 lucc

607 1769 887 1824 advertite.
919 1773 973 1826 Si
1007 1773 1056 1823 in
1083 1773 1371 1840 Scripturis
1399 1773 1634 1842 regulam
1659 1773 1940 1841 quamdam
1970 1789 2184 1842 accepe-

605 1862 740 1925 ritis,
772 1863 946 1916 omnia
975 1865 1126 1917 vobis
1150 1865 1238 1918 lux
1261 1865 1370 1932 ipsa
1404 1865 1738 1918 monstrabit.
1763 1865 1942 1919 Sicubi
1965 1865 2184 1919 invene-

605 1955 724 2008 ritis
749 1997 761 2018 ,
789 1957 1081 2010 secumlum
1128 1957 1268 2025 quod
1303 1957 1500 2010 dictum
1543 1966 1658 2019 est,
1684 1957 1942 2026 mqualem
1991 1956 2180 2010 Filium

607 2044 774 2110 Patri,
805 2045 1094 2100 sccundmn
1123 2046 1449 2100 divinitatem
1489 2047 1727 2116 accipite.
1754 2047 2052 2102 Secundum
2075 2046 2182 2100 l'or-

609 2151 751 2189 mam
783 2152 908 2191 vero
941 2135 1080 2190 servi
1120 2146 1441 2205 assumptum
1465 2179 1478 2202 ,
1511 2139 1768 2190 minorem
1811 2138 2070 2206 accipite:
2099 2153 2184 2190 se-

605 2225 836 2278 cundum
866 2227 1005 2295 quod
1033 2225 1230 2279 dictum
1259 2235 1369 2288 est,
1401 2225 1506 2295 Ifgo
1527 2243 1638 2278 sum
1659 2227 1743 2294 qui
1763 2244 1874 2280 sum
1895 2242 1911 2288 ;
1930 2235 1982 2279 et
2002 2241 2184 2279 secun-

603 2316 729 2368 dum
758 2317 896 2384 quod
947 2317 1141 2370 dictum
1184 2327 1283 2380 est,
1317 2313 1427 2385 Ego
1473 2333 1582 2368 sum
1629 2315 1766 2368 Deus
1813 2315 2105 2382 Abraham,
2137 2324 2184 2369 et

609 2406 742 2460 Deus
771 2406 938 2473 Isaac,
963 2417 1007 2460 et
1037 2407 1174 2460 Deus
1197 2407 1356 2460 Jacob
1388 2407 1578 2480 (Exod.
1611 2423 1664 2462 ιιι
1685 2450 1700 2474 ,
1738 2409 1824 2472 M,
1853 2407 1940 2472 i5,
1964 2409 2080 2480 16):
2107 2410 2184 2463 sic

605 2496 854 2550 tenebitis
879 2537 892 2558 ,
922 2506 974 2548 ct
998 2497 1136 2565 quod
1169 2497 1220 2549 in
1251 2497 1365 2565 ejus
1393 2507 1578 2551 natura
1604 2507 1683 2550 est
1704 2540 1716 2560 ,
1741 2508 1792 2552 ct
1813 2499 1952 2567 quod
1987 2499 2036 2550 in
2067 2499 2182 2567 ejus

605 2585 990 2639 misericordia.
1016 2587 1259 2639 Arbitror
1289 2589 1416 2641 satis
1439 2603 1556 2641 esse
1581 2588 1777 2642 dictant
1806 2588 1872 2642 de
1903 2589 1991 2642 illo
2021 2589 2180 2643 etiam

605 2677 764 2730 modo
792 2719 808 2742 ,
837 2693 941 2746 quo
969 2677 1224 2732 Dominus
1253 2689 1436 2732 noster
1479 2679 1635 2733 Jesus
1673 2679 1911 2734 Christus
1941 2679 2185 2734 Salvator

605 2777 789 2822 noster
833 2778 993 2838 caput.
1033 2770 1283 2825 Ecclesia:
1335 2771 1595 2825 mediator
1643 2770 1832 2836 factus,
1889 2789 1982 2840 per
2027 2789 2182 2840 quem

605 2860 1011 2915 reconciliantur
1037 2861 1168 2928 Deo,
1199 2861 1340 2916 Deus
1365 2871 1417 2917 et
1443 2863 1604 2918 homo
1631 2863 1926 2918 insinuatur
1954 2865 2005 2918 in
2036 2863 2180 2918 Scri-

607 2950 790 3018 pluris.

677 3059 903 3114 CAPUT
931 3061 1021 3114 IX.
1053 3093 1122 3103 —
1164 3065 1250 3118 Η.
1292 3063 1516 3118 Christus
1545 3067 1688 3118 tertio
1715 3067 1862 3120 modo
1891 3069 2184 3137 intelligitur

605 3161 758 3220 caput
785 3160 828 3203 et
855 3168 1055 3220 corpus.
1088 3155 1296 3208 Tertius
1337 3145 1525 3210 nitidus
1571 3169 1682 3224 est,
1733 3161 2000 3228 quomodo
2042 3169 2182 3216 totus

604 3237 846 3290 Christus
874 3239 1162 3293 secundum
1195 3241 1509 3308 Ecclesium,
1536 3243 1584 3296 id
1612 3252 1711 3306 est,
1735 3254 1890 3312 caput
1913 3255 1964 3299 et
1990 3261 2184 3314 corpus

607 3326 941 3392 praediCetur.
984 3329 1194 3384 Etenim
1236 3342 1392 3398 caput
1431 3343 1486 3387 et
1528 3349 1720 3401 corpus
1748 3351 1883 3389 unus
1907 3345 1988 3390 est
2023 3334 2181 3390 Chri-

607 3425 768 3470 stus:
803 3433 906 3471 non
948 3423 1074 3488 quia
1125 3423 1238 3476 sine
1275 3438 1498 3492 corpore
1541 3442 1642 3478 non
1685 3435 1766 3478 est
1811 3427 2045 3494 integer,
2089 3427 2181 3480 sed

605 3511 726 3574 quia
769 3519 822 3564 et
867 3513 1140 3566 nobiscum
1181 3515 1386 3584 integer
1428 3531 1545 3569 esse
1582 3516 1826 3586 dignatus
1853 3525 1965 3580 est,
1999 3518 2088 3586 qui
2130 3527 2184 3572 et

605 3597 722 3652 sine
750 3601 902 3654 nobis
931 3617 1145 3671 semper
1174 3616 1256 3656 est
1283 3607 1502 3670 integer,
1533 3621 1636 3659 non
1669 3607 1838 3661 solum
1869 3608 1918 3660 in
1951 3624 2015 3663 eo
2039 3609 2181 3678 quod

604 3689 836 3744 Verbum
865 3701 946 3746 est
976 3694 1275 3760 unigenitus
1311 3695 1472 3748 Filius
1505 3698 1722 3765 (aqualis
1745 3698 1904 3760 Patri,
1931 3699 2022 3752 sed
2051 3709 2104 3753 et
2129 3701 2180 3753 in

605 3779 720 3845 ipso
749 3779 959 3834 homine
990 3797 1144 3849 quem
1173 3785 1436 3850 suscepit,
1477 3795 1530 3838 ct
1565 3801 1683 3838 cum
1723 3803 1827 3855 quo
1857 3789 2010 3841 simul
2043 3789 2182 3844 Deus

611 3878 662 3922 et
693 3871 854 3924 homo
877 3881 976 3924 est.
1009 3871 1384 3926 Verumtamen
1405 3915 1419 3938 ,
1453 3873 1639 3929 fratres
1661 3917 1675 3941 ,
1699 3879 1964 3944 quomodo
1989 3895 2180 3948 corpus

603 3961 718 4030 ejus
749 3977 844 4016 nos
875 3979 1085 4030 sumus,
1129 3974 1178 4018 et
1225 3967 1497 4018 nobiscum
1541 3983 1676 4020 unus
1721 3969 1963 4022 Christus
1990 3972 2052 4024 ’ἲ
2081 3971 2180 4026 Ubi

606 4055 910 4108 invenimus
940 4055 1061 4121 hoc,
1089 4057 1208 4125 quia
1241 4073 1374 4111 unus
1412 4056 1658 4114 Christus
1685 4067 1766 4112 est
1789 4069 1946 4127 caput
1975 4071 2027 4115 et
2063 4077 2182 4116 Cor-

603 4159 703 4211 pus
729 4186 741 4208 ,
787 4144 837 4196 id
879 4153 991 4210 est,
1037 4161 1232 4213 corpus
1268 4163 1385 4200 cum
1427 4148 1598 4216 capite
1647 4151 1782 4202 suo?
1819 4150 2022 4218 Sponsa
2060 4168 2180 4208 cum

603 4247 800 4302 Sponsa
829 4249 924 4288 suo
955 4237 1101 4303 quasi
1133 4238 1472 4306 singulariter
1508 4239 1738 4309 loquitur
1778 4242 1914 4310 apud
1946 4243 2130 4298 lsaiam
2163 4263 2176 4298 :

603 4333 746 4377 certe
785 4341 920 4378 unus
965 4326 1210 4396 idemque
1251 4328 1511 4398 loquitur;
1560 4339 1613 4382 et
1659 4331 1833 4384 videte
1880 4332 2004 4402 quid
2057 4335 2175 4388 ait:

617 4413 756 4466 Velut
795 4431 978 4479 sponso
1005 4417 1231 4486 alligavit
1271 4419 1393 4470 mihi
1437 4420 1668 4483 mitram,
1717 4432 1761 4474 et
1789 4423 1916 4475 velut
1943 4441 2178 4491 sponsam

603 4501 766 4556 imluit
811 4522 887 4557 me
927 4517 1216 4559 ornamento
1249 4507 1397 4574 (lsui.
1433 4525 1537 4574 th,
1593 4511 1700 4580 10).
1749 4511 1812 4566 Ut
1857 4527 2082 4582 sponsus
2127 4523 2179 4568 et

603 4611 794 4665 sponsa
825 4614 836 4647 :
863 4597 1106 4650 eumdem
1143 4597 1162 4628 ³
1195 4599 1321 4651 dicit
1356 4614 1606 4668 Spon~um
1651 4603 1940 4655 secundum
1983 4612 2176 4672 caput,

601 4699 850 4754 Sponsam
890 4687 1181 4740 secundum
1224 4703 1434 4755 Corpus.
1487 4691 1599 4743 Duo
1645 4691 1924 4753 videnlur,
1957 4705 2009 4746 et
2045 4709 2180 4748 unus

601 4787 703 4831 est.
735 4777 980 4845 Alioquin
1003 4777 1270 4845 quomodo
1295 4780 1532 4834 membra
1567 4780 1762 4835 Christi
1787 4785 2007 4838 sumus?
2033 4786 2178 4853 Apo-

603 4865 740 4918 stolo
768 4869 1098 4933 apertissime
1127 4867 1336 4923 dicente
1357 4911 1372 4934 ,
1417 4869 1512 4923 Vos
1549 4873 1668 4924 estis
1702 4889 1884 4942 corpus
1923 4874 2105 4928 Christi
2134 4885 2180 4929 et

603 4957 824 5010 membra
851 4957 903 5030 (1
933 4959 1048 5013 Cor.
1091 4977 1202 5026 xu,
1242 4962 1357 5031 27).
1401 4961 1634 5017 Membra
1665 4964 1860 5018 Christi
1899 4975 1952 5020 et
1987 4982 2180 5037 corpus

603 5063 786 5102 sumus
803 5065 984 5104 omnes
1009 5051 1197 5117 simul;
1228 5069 1331 5106 non
1355 5053 1442 5121 qui
1471 5053 1570 5106 hoc
1599 5055 1717 5110 loco
1740 5067 1941 5110 tantum
1971 5073 2174 5123 sumus,

604 5139 697 5194 sed
727 5147 780 5194 et
811 5156 903 5210 per
929 5143 1226 5197 universam
1274 5155 1501 5209 terram;
1553 5161 1652 5200 nec
1697 5149 1784 5217 qui
1839 5157 2040 5203 tantum
2081 5151 2182 5204 hoc

608 5243 842 5302 tempore
867 5275 882 5298 ,
931 5233 1027 5290 sed
1065 5237 1188 5306 quid
1228 5237 1440 5293 dicam?
1471 5239 1549 5294 Ex
1589 5241 1722 5297 Abel
1759 5243 1900 5312 justo
1929 5259 2100 5314 usque
2127 5245 2178 5299 in

609 5403 874 5516 iuisgtltiii‘i?
928 5413 1055 5467 MSS"
1095 5408 1310 5472 mqualis’
1353 5417 1493 5461 Pone
1549 5412 1814 5478 legendum
1837 5453 1850 5478 ν
1896 5416 2094 5480 α’σιιαιὶδ
2133 5425 2180 5470 et

601 5479 885 5602 vi
907 5528 1030 5578 liber
1055 5537 1115 5602 et.
1128 5531 1313 5602 Florus2
1327 5535 1561 5597 quomodo
1583 5548 1756 5600 corpus
1773 5539 1876 5600 ejus
1897 5553 1997 5602 nos,
2023 5540 2068 5590 si
2087 5554 2180 5592 non

607 5591 652 5638 rt
663 5589 900 5638 nobiscum
926 5604 1048 5640 unus
1061 5590 1274 5642 Christus
1290 5589 1313 5644 ?

669 5651 690 5680 ³
705 5653 839 5713 miti,
863 5652 1128 5732 (ιυημὲεἱι.
1153 5661 1208 5704 At
1230 5656 1404 5718 Regius
1423 5663 1524 5720 Ms,
1547 5673 1671 5710 ctua.
1697 5661 1876 5724 Florus,
1903 5665 2137 5715 cumam.

1797 301 1852 355 S.
1896 299 2256 356 AUGUSTINI
2301 297 2598 354 [iPlSCOPl

3729 306 3862 364 1500

2297 411 2451 466 tinem
2495 411 2672 465 smculi
2709 413 2956 480 quamdiu
2989 423 3240 484 generant
3267 423 3318 468 et
3347 426 3664 484 generantur
3695 413 3864 474 homi—

2293 521 2405 566 nes,
2430 502 2941 573 quisquisjustorum
2969 520 3062 576 per
3081 505 3214 560 hanc
3237 505 3390 559 \itam
3415 507 3692 561 transitum
3716 507 3862 576 facit,

2291 593 2542 664 quidquid
2575 610 2732 659 nunc,
2779 595 2830 648 id
2877 605 2990 660 est,
3020 611 3122 650 non
3165 597 3215 650 in
3249 597 3346 650 hoc
3376 598 3511 664 loco,
3553 599 3644 652 scd
3675 599 3729 654 in
3767 599 3862 655 hac

2291 687 2418 748 vita,
2451 683 2702 754 quidquid
2733 695 2850 754 post
2883 687 3210 740 nasccntium
3258 687 3488 741 futurum
3531 699 3610 742 est
3633 729 3650 754 ,
3695 699 3860 744 totum

2291 773 2390 828 hoc
2431 790 2592 828 unum
2639 789 2832 843 corpus
2878 775 3073 830 Christi
3119 795 3132 831 :
3177 777 3364 846 singuli
3413 787 3586 832 autem
3629 780 3860 834 membra

2289 862 2502 916 Christi.
2543 864 2596 918 Si
2637 879 2763 934 ergo
2789 881 2975 919 omnes
3003 881 3215 936 corpus,
3245 869 3435 938 singuli
3483 871 3754 934 membra;
3785 884 3861 924 cst

2291 957 2470 1026 utique
2499 967 2655 1024 caput
2682 957 2831 1026 cujus
2857 957 2956 1012 hoc
2988 957 3058 1011 sit
3083 973 3295 1028 corpus.
3339 959 3404 1012 Et
3424 961 3532 1030 ipse
3550 971 3641 1028 est,
3673 963 3859 1032 inquit,

2290 1055 2438 1116 caput
2476 1049 2699 1116 corporis
2739 1047 3000 1112 Ecclesitv,
3034 1051 3414 1120 primogenitus,
3457 1053 3563 1120 ipse
3593 1053 3860 1121 primatum

2290 1147 2456 1190 tenens
2484 1136 2698 1206 (Coloss.
2737 1153 2788 1200 ι,
2823 1136 2932 1209 18).
2962 1138 3028 1192 Et
3050 1140 3170 1207 quia
3197 1139 3263 1194 de
3297 1141 3384 1194 illo
3413 1141 3486 1194 ait
3513 1144 3694 1208 etiam,
3723 1144 3862 1212 quo)

2289 1243 2497 1297 semper
2524 1238 2673 1298 caput
2698 1229 2858 1282 omnis
2887 1230 3194 1298 principatus
3213 1240 3258 1283 et
3289 1231 3542 1298 potestatis
3569 1231 3634 1284 sit
3663 1231 3768 1300 (Id.
3803 1247 3858 1294 tt,

2291 1319 2399 1386 10),
2424 1318 2724 1387 adjungitur
2744 1318 2842 1372 ista
2866 1317 3122 1383 Ecclesia,
3157 1336 3274 1388 quae
3301 1336 3440 1373 nunc
3459 1323 3730 1390 peregrina
3759 1333 3859 1385 est,

2290 1409 2364 1462 illi
2395 1408 2596 1462 cmlcsti
2626 1409 2898 1475 Ecclesim,
2921 1409 3006 1462 ubi
3037 1409 3266 1478 Angelos
3288 1410 3428 1464 cives
3459 1409 3750 1474 habemus;
3776 1413 3859 1465 cui

2287 1501 2516 1568 :rquates
2559 1514 2657 1552 nos
2691 1497 2895 1552 futuros
2935 1509 3054 1569 post
3097 1501 3537 1555 resurrectionem
3577 1517 3860 1570 corporum

2289 1587 2620 1658 impmlenter
2653 1589 2803 1643 nobis
2845 1603 3245 1658 arrogaremus,
3288 1591 3388 1644 nisi
3415 1589 3624 1645 Veritas
3661 1593 3860 1659 promi-

2287 1681 2462 1746 sisset,
2494 1680 2676 1735 diceus
2707 1699 2721 1734 :
2753 1679 2919 1734 Erunt
2948 1681 3164 1752 (cquales
3189 1683 3392 1754 Angelis
3421 1682 3518 1737 Dei
3555 1683 3702 1754 (Luc.
3737 1699 3810 1738 xx
3841 1726 3858 1749 ,

2288 1771 2410 1842 56):
2449 1781 2502 1826 ct
2533 1771 2588 1824 lit
2617 1788 2718 1826 una
2749 1773 3000 1836 Ecclesia,
3031 1773 3216 1828 civitas
3239 1773 3396 1844 Regis
3427 1775 3622 1844 magni.

2356 1860 2581 1916 CAPUT
2627 1861 2694 1914 Χ.
2739 1891 2810 1901 -
2861 1861 2944 1914 12.
2993 1861 3219 1915 Christus
3267 1863 3318 1915 in
3383 1863 3659 1932 Sertpturis
3702 1881 3862 1917 emtu-

2290 1950 2438 2002 tiatus
2467 1948 2623 2004 tribus
2651 1949 2832 2004 modis.
2861 1949 3086 2004 Christus
3113 1959 3160 2004 et
3200 1949 3429 2005 Ecclesia
3457 1969 3586 2004 unus
3611 1952 3856 2006 Christus.

2287 2039 2374 2092 Sic
2397 2053 2522 2105 ergo
2548 2039 2829 2110 aliquando
2857 2039 2907 2095 in
2941 2041 3227 2110 Scripturis
3254 2042 3550 2096 insinuatur
3573 2041 3816 2096 Christus
3843 2082 3858 2107 ,

2287 2139 2342 2182 ut
2368 2129 2628 2198 intelligas
2659 2132 2889 2186 Verbum
2918 2133 3120 2202 mquale
3149 2133 3309 2187 Patri.
3339 2133 3424 2188 Sic
3445 2133 3728 2202 aliquando
3754 2175 3769 2200 ,
3804 2145 3860 2186 ut

2287 2223 2546 2292 intelligas
2577 2226 2954 2290 mediatorem;
2999 2242 3116 2280 cum
3159 2225 3370 2280 Verbum
3405 2243 3521 2278 caro
3549 2226 3738 2294 factum
3765 2236 3856 2290 est,

2287 2325 2344 2368 ιιι
2373 2315 2631 2369 habitaret
2653 2317 2704 2368 in
2733 2316 2872 2369 nobis
2901 2315 3074 2388 (Joan.
3101 2333 3138 2383 ι,
3163 2317 3250 2387 ii)
3271 2335 3285 2370 :
3305 2333 3424 2371 cum
3447 2317 3533 2370 ille
3559 2317 3859 2384 unigenitus

2286 2420 2381 2476 per
2409 2421 2566 2474 quem
2614 2404 2747 2459 facta
2791 2415 2915 2459 sunt
2955 2407 3130 2460 omnia
3153 2448 3165 2472 ,
3207 2423 3306 2459 non
3333 2407 3561 2476 rapinam
3588 2407 3858 2459 arbitratus

2285 2505 2358 2548 est
2404 2511 2508 2548 esse
2551 2497 2756 2560 atqualis
2820 2496 2965 2560 Deo,
3026 2497 3114 2550 sed
3169 2499 3486 2565 semetipsum
3551 2497 3858 2560 cximmivit,

2287 2587 2498 2657 formam
2525 2604 2650 2642 servi
2677 2589 2951 2658 accipiens,
2985 2589 3144 2660 factus
3183 2589 3416 2642 obcdieus
3449 2605 3604 2660 usque
3632 2589 3700 2640 ad
3729 2605 3859 2640 utor-

2287 2689 2404 2744 tem,
2433 2688 2638 2732 mortem
2666 2689 2828 2734 autem
2850 2681 3008 2732 crucis
3034 2678 3286 2749 (Philipp.
3317 2693 3375 2742 tt,
3403 2678 3546 2746 6-8).
3577 2679 3663 2732 Sic
3684 2689 3858 2731 autem

2287 2768 2593 2838 aliquando,
2621 2777 2678 2822 ut
2707 2767 2965 2838 intelligas
3002 2777 3158 2837 caput
3201 2780 3254 2822 et
3301 2785 3522 2838 corpus,
3559 2778 3859 2837 exponente

2287 2857 2405 2928 ipso
2449 2860 2702 2929 Apostolo
2744 2859 3080 2928 apertissime
3119 2860 3254 2929 quod
3297 2859 3492 2913 dictum
3533 2871 3612 2914 cst
3651 2861 3718 2914 de
3749 2861 3859 2912 viro

2288 2959 2340 3003 ct
2365 2965 2534 3003 uxore
2567 2949 2616 3002 in
2646 2949 2869 3016 Genesi,
2901 2947 3092 3016 Erunt,
3125 2951 3310 3019 inquit,
3343 2951 3442 3003 duo
3470 2953 3520 3004 in
3560 2969 3710 3003 carne
3741 2967 3856 3001 una.

2287 3039 2473 3094 Videte
2505 3039 2674 3108 ipsum
2707 3050 3080 3108 esponcntem,
3104 3050 3162 3094 ut
3190 3057 3291 3094 l.0tl
3315 3043 3633 3110 cenjccturis
3664 3043 3858 3096 nostris

2287 3131 2484 3200 aliquid
2515 3131 2629 3184 ausi
2661 3130 2836 3184 dicere
2861 3131 3149 3184 videamur.
3173 3131 3336 3184 Erunt
3362 3136 3512 3198 enim,
3543 3133 3730 3202 inquit,
3760 3133 3857 3185 duo

2287 3221 2336 3274 in
2365 3238 2514 3274 carne
2548 3237 2646 3273 uua
2679 3237 2698 3274 :
2722 3231 2774 3276 et
2813 3222 3010 3276 addidit
3031 3264 3044 3284 ,
3079 3221 3460 3276 Sacrumentum
3501 3225 3594 3276 hoc
3621 3241 3858 3296 maguum

2287 3321 2376 3364 est.
2423 3309 2490 3364 Et
2533 3327 2597 3365 ne
2635 3311 2806 3365 adhuc
2846 3321 3049 3381 putaret
3093 3315 3368 3382 quisquam
3407 3315 3457 3367 in
3501 3315 3614 3366 viro
3659 3330 3775 3367 esse
3807 3325 3859 3366 et

2286 3419 2450 3457 uxore
2493 3403 2782 3456 secundum
2823 3405 3111 3457 naturalem
3153 3405 3422 3474 utriusque
3451 3421 3610 3458 sexus
3637 3405 3858 3472 capula-

2289 3493 2482 3545 tionem
2521 3493 2955 3562 corporalemque
2996 3493 3275 3546 mixturam
3312 3512 3325 3548 :
3361 3493 3470 3565 Ego
3513 3504 3678 3548 autem
3719 3495 3855 3556 dico,

2287 3581 2476 3651 inquit,
2519 3583 2571 3635 in
2606 3581 2804 3636 Christo
2834 3593 2878 3635 et
2911 3581 3136 3636 Ecclesia
3167 3582 3319 3654 (Gen.
3355 3601 3410 3646 It.
3441 3585 3540 3648 ‘24;
3567 3583 3758 3648 Ephes.
3785 3599 3814 3634 ν
3837 3621 3853 3646 ,

2285 3677 2380 3740 51,
2427 3673 2537 3744 59.).
2571 3673 2872 3728 Secundum
2915 3675 3014 3728 hoc
3043 3691 3170 3744 ergo
3195 3677 3332 3745 quod
3365 3677 3414 3729 in
3445 3677 3655 3730 Christo
3678 3683 3731 3730 et
3761 3675 3858 3729 Ec-

2283 3765 2442 3819 clesia
2471 3764 2723 3832 accipitur
2751 3764 2891 3832 quod
2919 3764 3115 3818 dictum
3143 3775 3242 3828 est,
3275 3765 3440 3818 Erunt
3481 3765 3580 3818 duo
3615 3765 3668 3818 in
3711 3781 3858 3818 carne

2284 3873 2384 3910 una
2413 3871 2435 3912 :
2459 3873 2556 3909 non
2573 3857 2686 3925 jam
2712 3857 2830 3921 duo,
2853 3857 2940 3909 sed
2961 3873 3060 3908 una
3087 3873 3203 3909 caro
3229 3867 3302 3910 est
3335 3855 3542 3926 (Matth.
3569 3873 3679 3923 xix,
3707 3858 3758 3922 5,
3779 3856 3853 3924 6).

2283 3949 2350 4002 Et
2374 3947 2636 4016 quomodo
2663 3963 2888 4016 sponsus
2914 3959 2967 4003 et
2997 3963 3209 4018 sponsa,
3243 3950 3320 4002 sic
3348 3958 3503 4018 caput
3541 3958 3593 4002 et
3623 3962 3816 4016 corpus
3841 3965 3852 3999 :

2283 4041 2406 4109 quia
2458 4049 2612 4108 caput
2651 4039 2887 4094 mulieris
2933 4041 3031 4092 vir.
3077 4039 3199 4093 Sive
3237 4055 3362 4106 ergo
3401 4041 3571 4093 dicam
3607 4051 3763 4108 caput
3805 4047 3856 4092 et

2283 4148 2477 4202 corpus
2501 4174 2516 4198 ,
2563 4133 2673 4186 sive
2703 4133 2870 4185 dicam
2909 4145 3134 4199 sponsus
3163 4139 3216 4184 et
3240 4146 3463 4201 sponsa;
3509 4147 3669 4184 unum
3701 4131 3848 4184 intel-

2285 4225 2447 4294 ligite.
2482 4225 2708 4294 Ideoque
2731 4225 2868 4278 idem
2898 4224 3186 4292 apostolus,
3217 4239 3335 4277 cum
3359 4234 3496 4277 esset
3526 4224 3698 4278 adhuc
3721 4223 3856 4278 Sau-

2283 4317 2386 4382 lus,
2420 4317 2619 4370 audivit
2653 4333 2663 4368 :
2696 4315 2870 4381 Saule,
2909 4315 3084 4378 Saule,
3124 4314 3244 4382 quid
3283 4331 3360 4366 me
3390 4317 3696 4384 persequeris
3719 4316 3854 4384 (Act.

2283 4427 2368 4476 Ix,
2410 4410 2498 4478 4)?
2551 4409 2798 4478 quoniam
2841 4421 3032 4474 corpus
3075 4407 3231 4472 capiti
3269 4407 3589 4476 adjungitur.
3631 4407 3695 4461 Et
3739 4421 3856 4458 cum

2276 4501 2385 4570 jam
2414 4499 2608 4555 Christi
2639 4499 2951 4568 praedicator
2983 4506 3249 4566 pateretur
3278 4500 3344 4550 ab
3369 4499 3505 4561 aliis,
3529 4515 3644 4568 quas
3679 4513 3854 4566 perse-

2283 4601 2434 4645 cmor
2479 4590 2590 4658 ipse
2631 4589 2847 4653 fecerat,
2887 4585 2952 4642 Ut
2997 4587 3278 4658 suppleam,
3321 4587 3510 4658 inquit,
3547 4605 3656 4658 qua:
3681 4587 3858 4639 desunt

2285 4696 2629 4751 pressurarum
2669 4678 2850 4731 Christi
2877 4679 2928 4730 iu
2955 4694 3104 4730 conte
3129 4695 3236 4731 mea
3265 4677 3480 4748 (Coloss.
3537 4695 3574 4741 ι,
3623 4677 3712 4746 24)
3749 4694 3761 4728 :
3795 4673 3856 4726 ad

2285 4785 2556 4842 pressurus
2586 4769 2778 4824 Christi
2810 4769 3096 4823 ostendens
3144 4771 3411 4840 pertinere
3450 4769 3588 4838 quod
3625 4767 3855 4837 patieba-

2287 4871 2387 4915 tur.
2417 4859 2567 4927 Quod
2593 4875 2695 4912 non
2723 4867 2894 4928 potest
2919 4859 3134 4927 intelligi
3169 4859 3458 4913 secundum
3489 4871 3666 4930 caput,
3719 4854 3858 4926 quod

2280 4953 2388 5020 jam
2417 4953 2468 5004 in
2497 4951 2632 5004 caelo
2658 4949 2788 5003 nihil
2819 4950 2924 5005 tale
2953 4950 3176 5018 patitur;
3195 4949 3286 5002 scd
3314 4949 3602 5003 secundum
3641 4959 3853 5012 corpus,

2285 5041 2336 5094 id
2364 5049 2462 5104 est,
2497 5039 2819 5094 Ecclesiam:
2851 5040 2990 5110 quod
3009 5053 3202 5109 corpus
3225 5055 3344 5093 cum
3373 5053 3469 5094 suo
3490 5039 3682 5109 capite,
3717 5045 3853 5090 unus

2284 5131 2526 5186 Christus
2557 5139 2656 5185 est.

2355 5222 2576 5279 CAPUT
2611 5221 2701 5276 ΧΙ.
2741 5251 2813 5263 —-
2855 5221 2941 5276 15.
2979 5219 3182 5292 Sponsa
3219 5221 3407 5276 Christi
3437 5229 3556 5293 agat
3580 5229 3634 5274 ut
3662 5220 3724 5274 sit
3751 5218 3855 5269 sine

2282 5313 2480 5368 macula
2509 5321 2555 5366 et
2581 5331 2723 5384 ruga.
2744 5311 3002 5366 Exhibete
3027 5325 3153 5381 ergo
3173 5327 3271 5366 vos
3301 5313 3515 5383 dignum
3546 5325 3736 5382 corpus
3768 5304 3857 5358 tali

2283 5404 2475 5472 capite,
2503 5401 2713 5472 dignam
2745 5417 2993 5470 sponsam
3023 5403 3112 5457 tali
3137 5417 3352 5472 sponso.
3381 5403 3496 5458 Non
3545 5409 3718 5473 potest
3759 5398 3854 5452 ba-

2285 5496 2412 5549 bcre
2441 5505 2598 5562 caput.
2625 5491 2772 5557 illud,
2803 5492 2903 5545 nisi
2933 5493 3250 5564 condignum
3280 5508 3504 5564 corpus;
3538 5509 3636 5548 nec
3666 5491 3753 5546 ille
3777 5487 3855 5540 vir

2284 5595 2479 5650 tantus,
2511 5583 2612 5648 nisi
2632 5583 2942 5652 condignam
2961 5583 3106 5638 ducit
3125 5601 3364 5640 uxorem.
3392 5583 3458 5640 Ut
3478 5575 3854 5640 exhibuetsibi.

2285 5674 2471 5746 inquit,
2503 5674 2772 5744 gloriosam
2801 5673 3118 5744 Ecclesium,
3159 5691 3260 5731 non
3305 5672 3566 5732 habenten:
3597 5660 3853 5726 maculam
