  <div class='ocr_page' id='page_1' title='image "/cluster/home/n/w/nwhite01/storage/ocr_20150623/39/umn.319510024773323/016.png"; bbox 0 0 3968 6458; ppageno 0'>
   <div class='ocr_carea' id='block_1_1' title="bbox 150 404 252 461">
    <p class='ocr_par' dir='ltr' id='par_1_1' title="bbox 150 404 252 461">
     <span class='ocr_line' id='line_1_1' title="bbox 150 404 252 461; baseline -0.059 -1"><span class='ocrx_word' id='word_1_1' title='bbox 150 406 223 461; x_wconf 54' lang='grc' dir='ltr'><strong><em>Μ</em></strong></span> <span class='ocrx_word' id='word_1_2' title='bbox 236 404 252 455; x_wconf 88' lang='grc'><strong>1</strong></span> 
     </span>
    </p>
   </div>
   <div class='ocr_carea' id='block_1_2' title="bbox 151 486 1743 585">
    <p class='ocr_par' dir='ltr' id='par_1_2' title="bbox 151 486 1743 585">
     <span class='ocr_line' id='line_1_2' title="bbox 151 486 1743 585; baseline -0.021 -13"><span class='ocrx_word' id='word_1_3' title='bbox 151 529 429 585; x_wconf 57' lang='grc' dir='ltr'><strong>εειτιςετηι</strong></span> <span class='ocrx_word' id='word_1_4' title='bbox 451 555 467 578; x_wconf 87' lang='grc'><strong>,</strong></span> <span class='ocrx_word' id='word_1_5' title='bbox 503 519 597 563; x_wconf 70' lang='lat' dir='ltr'><strong>aut</strong></span> <span class='ocrx_word' id='word_1_6' title='bbox 623 503 817 577; x_wconf 75' lang='lat' dir='ltr'><strong>aliquid</strong></span> <span class='ocrx_word' id='word_1_7' title='bbox 841 499 1089 574; x_wconf 66' lang='lat' dir='ltr'><strong>ejusmodi</strong></span> <span class='ocrx_word' id='word_1_8' title='bbox 1120 493 1332 569; x_wconf 78' lang='lat' dir='ltr'><strong>(Ep/tes.</strong></span> <span class='ocrx_word' id='word_1_9' title='bbox 1367 506 1421 556; x_wconf 84' lang='lat' dir='ltr'><strong>v,</strong></span> <span class='ocrx_word' id='word_1_10' title='bbox 1464 487 1579 560; x_wconf 71' lang='lat'><strong>27).</strong></span> <span class='ocrx_word' id='word_1_11' title='bbox 1617 486 1743 541; x_wconf 57' lang='lat' dir='ltr'><strong>[hcc</strong></span> 
     </span>
    </p>
   </div>
   <div class='ocr_carea' id='block_1_3' title="bbox 1510 364 2062 427">
    <p class='ocr_par' dir='ltr' id='par_1_3' title="bbox 1510 364 2062 427">
     <span class='ocr_line' id='line_1_3' title="bbox 1510 364 2062 427; baseline -0.005 0"><span class='ocrx_word' id='word_1_12' title='bbox 1510 367 1733 427; x_wconf 73' lang='lat' dir='ltr'><strong>SEllMU</strong></span> <span class='ocrx_word' id='word_1_13' title='bbox 1773 364 2062 424; x_wconf 76' lang='lat' dir='ltr'><strong>CCCXL&quot;.</strong></span> 
     </span>
    </p>
   </div>
   <div class='ocr_carea' id='block_1_4' title="bbox 1850 473 3431 549">
    <p class='ocr_par' dir='ltr' id='par_1_4' title="bbox 1850 473 3431 549">
     <span class='ocr_line' id='line_1_4' title="bbox 1850 473 3431 549; baseline -0.006 -14"><span class='ocrx_word' id='word_1_14' title='bbox 1850 476 1917 534; x_wconf 76' lang='lat' dir='ltr'><strong>In</strong></span> <span class='ocrx_word' id='word_1_15' title='bbox 1944 481 2197 549; x_wconf 82' lang='lat' dir='ltr'><strong>principio</strong></span> <span class='ocrx_word' id='word_1_16' title='bbox 2226 487 2332 533; x_wconf 88' lang='lat' dir='ltr'><strong>erat</strong></span> <span class='ocrx_word' id='word_1_17' title='bbox 2373 476 2604 541; x_wconf 79' lang='lat' dir='ltr'><strong>Verbuttt,</strong></span> <span class='ocrx_word' id='word_1_18' title='bbox 2633 485 2678 528; x_wconf 89' lang='lat' dir='ltr'><strong>et</strong></span> <span class='ocrx_word' id='word_1_19' title='bbox 2712 474 2925 529; x_wconf 73' lang='lat' dir='ltr'><strong>Verbum</strong></span> <span class='ocrx_word' id='word_1_20' title='bbox 2950 484 3058 530; x_wconf 81' lang='lat' dir='ltr'><strong>erat</strong></span> <span class='ocrx_word' id='word_1_21' title='bbox 3082 476 3221 546; x_wconf 84' lang='lat' dir='ltr'><strong>apud</strong></span> <span class='ocrx_word' id='word_1_22' title='bbox 3248 473 3431 532; x_wconf 79' lang='lat' dir='ltr'><strong>Deam.</strong></span> 
     </span>
    </p>
   </div>
   <div class='ocr_carea' id='block_1_5' title="bbox 3295 362 3428 419">
    <p class='ocr_par' dir='ltr' id='par_1_5' title="bbox 3295 362 3428 419">
     <span class='ocr_line' id='line_1_5' title="bbox 3295 362 3428 419; baseline 0.008 -1"><span class='ocrx_word' id='word_1_23' title='bbox 3295 362 3428 419; x_wconf 72' lang='grc' dir='ltr'><strong>15οΞ</strong></span> 
     </span>
    </p>
   </div>
   <div class='ocr_carea' id='block_1_6' title="bbox 155 566 3431 678">
    <p class='ocr_par' dir='ltr' id='par_1_6' title="bbox 155 566 3431 678">
     <span class='ocr_line' id='line_1_6' title="bbox 155 566 3431 678; baseline -0.011 -26"><span class='ocrx_word' id='word_1_24' title='bbox 155 622 226 667; x_wconf 67' lang='grc' dir='ltr'>εει</span> <span class='ocrx_word' id='word_1_25' title='bbox 253 566 467 678; x_wconf 46' lang='grc' dir='ltr'><strong>μέλημα,</strong></span> <span class='ocrx_word' id='word_1_26' title='bbox 517 566 762 665; x_wconf 77' lang='lat' dir='ltr'><strong>Christi,</strong></span> <span class='ocrx_word' id='word_1_27' title='bbox 810 566 915 652; x_wconf 76' lang='lat' dir='ltr'><strong>non</strong></span> <span class='ocrx_word' id='word_1_28' title='bbox 969 566 1171 648; x_wconf 81' lang='lat' dir='ltr'><strong>habens</strong></span> <span class='ocrx_word' id='word_1_29' title='bbox 1217 585 1475 641; x_wconf 81' lang='lat' dir='ltr'><strong>maculam</strong></span> <span class='ocrx_word' id='word_1_30' title='bbox 1520 591 1613 636; x_wconf 89' lang='lat' dir='ltr'><strong>aut</strong></span> <span class='ocrx_word' id='word_1_31' title='bbox 1658 594 1745 632; x_wconf 84' lang='lat' dir='ltr'><strong>ru-</strong></span> <span class='ocrx_word' id='word_1_32' title='bbox 1811 580 1899 624; x_wconf 76' lang='grc' dir='ltr'><strong>ιιι</strong></span> <span class='ocrx_word' id='word_1_33' title='bbox 1946 570 2083 626; x_wconf 86' lang='lat' dir='ltr'><strong>Deus</strong></span> <span class='ocrx_word' id='word_1_34' title='bbox 2127 579 2233 625; x_wconf 89' lang='lat' dir='ltr'><strong>erat</strong></span> <span class='ocrx_word' id='word_1_35' title='bbox 2282 568 2494 624; x_wconf 80' lang='lat' dir='ltr'><strong>Verbum</strong></span> <span class='ocrx_word' id='word_1_36' title='bbox 2525 584 2543 621; x_wconf 91' lang='lat'><strong><em>:</em></strong></span> <span class='ocrx_word' id='word_1_37' title='bbox 2572 566 2737 620; x_wconf 90' lang='lat' dir='ltr'><strong><em>omnia</em></strong></span> <span class='ocrx_word' id='word_1_38' title='bbox 2776 584 2863 637; x_wconf 89' lang='lat' dir='ltr'><strong>per</strong></span> <span class='ocrx_word' id='word_1_39' title='bbox 2910 568 3076 638; x_wconf 88' lang='lat' dir='ltr'><strong>ipsum</strong></span> <span class='ocrx_word' id='word_1_40' title='bbox 3117 567 3252 638; x_wconf 78' lang='lat' dir='ltr'><strong>facta</strong></span> <span class='ocrx_word' id='word_1_41' title='bbox 3296 574 3431 619; x_wconf 86' lang='lat' dir='ltr'><strong>sunt.</strong></span> 
     </span>
     <span class='ocr_line' id='line_1_7' title="bbox 1456 656 3430 678; baseline 0 0"><span class='ocrx_word' id='word_1_42' title='bbox 1456 676 1465 678; x_wconf 60' lang='lat'><strong>-</strong></span> <span class='ocrx_word' id='word_1_43' title='bbox 1577 674 1587 678; x_wconf 88' lang='lat'><em>_</em></span> <span class='ocrx_word' id='word_1_44' title='bbox 1855 661 2035 678; x_wconf 62' lang='lat' dir='ltr'><strong>CVIII.</strong></span> <span class='ocrx_word' id='word_1_45' title='bbox 2270 663 2280 675; x_wconf 74' lang='grc' dir='ltr'><strong>ι</strong></span> <span class='ocrx_word' id='word_1_46' title='bbox 2323 661 2416 678; x_wconf 70' lang='lat' dir='ltr'><strong>nn</strong></span> <span class='ocrx_word' id='word_1_47' title='bbox 2464 676 2505 678; x_wconf 66' lang='lat'><strong>__</strong></span> <span class='ocrx_word' id='word_1_48' title='bbox 2546 659 2639 678; x_wconf 64' lang='lat'><strong>!._-</strong></span> <span class='ocrx_word' id='word_1_49' title='bbox 2677 667 2856 678; x_wconf 43' lang='lat' dir='ltr'><strong>_,_.A.-..</strong></span> <span class='ocrx_word' id='word_1_50' title='bbox 2888 668 3005 678; x_wconf 65' lang='lat'><strong>..____</strong></span> <span class='ocrx_word' id='word_1_51' title='bbox 3087 676 3103 678; x_wconf 90' lang='lat'>_</span> <span class='ocrx_word' id='word_1_52' title='bbox 3148 656 3430 678; x_wconf 62' lang='lat' dir='ltr'><strong>j__.,j--__.</strong></span> 
     </span>
    </p>
   </div>
   <div class='ocr_carea' id='block_1_7' title="bbox 152 674 1745 774">
    <p class='ocr_par' dir='ltr' id='par_1_7' title="bbox 152 674 1745 774">
     <span class='ocr_line' id='line_1_8' title="bbox 152 674 1745 774; baseline -0.018 -20"><span class='ocrx_word' id='word_1_53' title='bbox 152 720 253 774; x_wconf 68' lang='lat' dir='ltr'><strong>gnat</strong></span> <span class='ocrx_word' id='word_1_54' title='bbox 275 674 382 766; x_wconf 59' lang='lat' dir='ltr'><strong>ta).</strong></span> <span class='ocrx_word' id='word_1_55' title='bbox 412 697 538 752; x_wconf 75' lang='lat' dir='ltr'><strong>Non</strong></span> <span class='ocrx_word' id='word_1_56' title='bbox 556 695 638 751; x_wconf 85' lang='lat' dir='ltr'><strong>vis</strong></span> <span class='ocrx_word' id='word_1_57' title='bbox 655 692 855 748; x_wconf 88' lang='lat' dir='ltr'><strong>habere</strong></span> <span class='ocrx_word' id='word_1_58' title='bbox 886 682 1183 744; x_wconf 80' lang='lat' dir='ltr'><strong>maculam?</strong></span> <span class='ocrx_word' id='word_1_59' title='bbox 1206 678 1311 736; x_wconf 84' lang='lat' dir='ltr'><strong>Fac</strong></span> <span class='ocrx_word' id='word_1_60' title='bbox 1330 676 1469 748; x_wconf 90' lang='lat' dir='ltr'><strong>quod</strong></span> <span class='ocrx_word' id='word_1_61' title='bbox 1488 674 1745 774; x_wconf 75' lang='lat' dir='ltr'><strong>scriptum</strong></span> 
     </span>
    </p>
   </div>
   <div class='ocr_carea' id='block_1_8' title="bbox 154 766 1747 857">
    <p class='ocr_par' dir='ltr' id='par_1_8' title="bbox 154 766 1747 857">
     <span class='ocr_line' id='line_1_9' title="bbox 154 766 1747 857; baseline -0.02 -9"><span class='ocrx_word' id='word_1_62' title='bbox 154 766 254 857; x_wconf 60' lang='lat' dir='ltr'><strong>cst;</strong></span> <span class='ocrx_word' id='word_1_63' title='bbox 286 788 606 852; x_wconf 77' lang='lat' dir='ltr'><strong>Lamuiini,</strong></span> <span class='ocrx_word' id='word_1_64' title='bbox 634 784 815 840; x_wconf 86' lang='lat' dir='ltr'><strong>mundi</strong></span> <span class='ocrx_word' id='word_1_65' title='bbox 853 790 1027 842; x_wconf 84' lang='lat' dir='ltr'><strong>estote,</strong></span> <span class='ocrx_word' id='word_1_66' title='bbox 1056 777 1248 849; x_wconf 73' lang='lat' dir='ltr'><strong>auferte</strong></span> <span class='ocrx_word' id='word_1_67' title='bbox 1274 769 1518 840; x_wconf 70' lang='lat' dir='ltr'><strong>nequitias</strong></span> <span class='ocrx_word' id='word_1_68' title='bbox 1542 766 1605 819; x_wconf 85' lang='lat' dir='ltr'><strong>de</strong></span> <span class='ocrx_word' id='word_1_69' title='bbox 1629 779 1747 819; x_wconf 88' lang='lat' dir='ltr'><strong>eor—</strong></span> 
     </span>
    </p>
   </div>
   <div class='ocr_carea' id='block_1_9' title="bbox 156 853 1753 948">
    <p class='ocr_par' dir='ltr' id='par_1_9' title="bbox 156 853 1753 948">
     <span class='ocr_line' id='line_1_10' title="bbox 156 853 1753 948; baseline -0.019 -10"><span class='ocrx_word' id='word_1_70' title='bbox 324 881 514 935; x_wconf 77' lang='lat' dir='ltr'><strong>restris</strong></span> <span class='ocrx_word' id='word_1_71' title='bbox 560 876 718 948; x_wconf 88' lang='lat' dir='ltr'><strong>(Isai.</strong></span> <span class='ocrx_word' id='word_1_72' title='bbox 762 892 800 942; x_wconf 87' lang='grc' dir='ltr'>ι,</span> <span class='ocrx_word' id='word_1_73' title='bbox 852 872 963 942; x_wconf 85' lang='grc'><strong>16).</strong></span> <span class='ocrx_word' id='word_1_74' title='bbox 1008 868 1124 924; x_wconf 81' lang='lat' dir='ltr'><strong>Non</strong></span> <span class='ocrx_word' id='word_1_75' title='bbox 1161 866 1241 919; x_wconf 85' lang='lat' dir='ltr'><strong>vis</strong></span> <span class='ocrx_word' id='word_1_76' title='bbox 1279 862 1480 916; x_wconf 87' lang='lat' dir='ltr'><strong>habere</strong></span> <span class='ocrx_word' id='word_1_77' title='bbox 1523 853 1753 926; x_wconf 80' lang='lat' dir='ltr'><strong>rugam?</strong></span> 
     </span>
    </p>
   </div>
   <div class='ocr_carea' id='block_1_10' title="bbox 160 954 1756 1032">
    <p class='ocr_par' dir='ltr' id='par_1_10' title="bbox 160 954 1756 1032">
     <span class='ocr_line' id='line_1_11' title="bbox 160 954 1756 1032; baseline -0.021 0"><span class='ocrx_word' id='word_1_78' title='bbox 160 972 455 1032; x_wconf 74' lang='lat' dir='ltr'><strong>Extendere</strong></span> <span class='ocrx_word' id='word_1_79' title='bbox 503 971 564 1025; x_wconf 87' lang='lat' dir='ltr'><strong>in</strong></span> <span class='ocrx_word' id='word_1_80' title='bbox 612 982 850 1023; x_wconf 87' lang='lat' dir='ltr'><strong>crucem.</strong></span> <span class='ocrx_word' id='word_1_81' title='bbox 882 961 998 1016; x_wconf 87' lang='lat' dir='ltr'><strong>Non</strong></span> <span class='ocrx_word' id='word_1_82' title='bbox 1025 959 1164 1014; x_wconf 89' lang='lat' dir='ltr'><strong>enim</strong></span> <span class='ocrx_word' id='word_1_83' title='bbox 1197 962 1401 1009; x_wconf 87' lang='lat' dir='ltr'><strong>tantum</strong></span> <span class='ocrx_word' id='word_1_84' title='bbox 1432 965 1565 1019; x_wconf 89' lang='lat' dir='ltr'><strong>opus</strong></span> <span class='ocrx_word' id='word_1_85' title='bbox 1590 956 1672 1001; x_wconf 84' lang='lat' dir='ltr'><strong>cst</strong></span> <span class='ocrx_word' id='word_1_86' title='bbox 1696 954 1756 1000; x_wconf 89' lang='lat' dir='ltr'><strong>ut</strong></span> 
     </span>
    </p>
   </div>
   <div class='ocr_carea' id='block_1_11' title="bbox 164 1037 1755 1129">
    <p class='ocr_par' dir='ltr' id='par_1_11' title="bbox 164 1037 1755 1129">
     <span class='ocr_line' id='line_1_12' title="bbox 164 1037 1755 1129; baseline -0.019 -8"><span class='ocrx_word' id='word_1_87' title='bbox 164 1065 360 1129; x_wconf 75' lang='lat' dir='ltr'><strong>lueris,</strong></span> <span class='ocrx_word' id='word_1_88' title='bbox 387 1061 491 1115; x_wconf 84' lang='lat' dir='ltr'><strong>sed</strong></span> <span class='ocrx_word' id='word_1_89' title='bbox 523 1060 693 1115; x_wconf 86' lang='lat' dir='ltr'><strong>etiam</strong></span> <span class='ocrx_word' id='word_1_90' title='bbox 737 1067 797 1110; x_wconf 88' lang='lat' dir='ltr'><strong>ut</strong></span> <span class='ocrx_word' id='word_1_91' title='bbox 836 1049 1172 1111; x_wconf 79' lang='lat' dir='ltr'><strong>extendaris,</strong></span> <span class='ocrx_word' id='word_1_92' title='bbox 1220 1054 1279 1100; x_wconf 88' lang='lat' dir='ltr'><strong>ut</strong></span> <span class='ocrx_word' id='word_1_93' title='bbox 1305 1045 1378 1097; x_wconf 88' lang='lat' dir='ltr'><strong>sis</strong></span> <span class='ocrx_word' id='word_1_94' title='bbox 1405 1043 1520 1096; x_wconf 84' lang='lat' dir='ltr'><strong>sine</strong></span> <span class='ocrx_word' id='word_1_95' title='bbox 1549 1037 1755 1094; x_wconf 78' lang='lat' dir='ltr'><strong>macula</strong></span> 
     </span>
    </p>
   </div>
   <div class='ocr_carea' id='block_1_12' title="bbox 162 1137 1758 1223">
    <p class='ocr_par' dir='ltr' id='par_1_12' title="bbox 162 1137 1758 1223">
     <span class='ocr_line' id='line_1_13' title="bbox 162 1137 1758 1223; baseline -0.018 -12"><span class='ocrx_word' id='word_1_96' title='bbox 162 1168 240 1211; x_wconf 72' lang='lat' dir='ltr'><strong>aut</strong></span> <span class='ocrx_word' id='word_1_97' title='bbox 262 1170 420 1223; x_wconf 75' lang='lat' dir='ltr'><strong>ruga.</strong></span> <span class='ocrx_word' id='word_1_98' title='bbox 447 1151 558 1205; x_wconf 85' lang='lat' dir='ltr'><strong>Per</strong></span> <span class='ocrx_word' id='word_1_99' title='bbox 585 1150 855 1203; x_wconf 83' lang='lat' dir='ltr'><strong>lavacrum</strong></span> <span class='ocrx_word' id='word_1_100' title='bbox 878 1142 1017 1198; x_wconf 89' lang='lat' dir='ltr'><strong>enim</strong></span> <span class='ocrx_word' id='word_1_101' title='bbox 1041 1137 1350 1193; x_wconf 79' lang='lat' dir='ltr'><strong>auferuntur</strong></span> <span class='ocrx_word' id='word_1_102' title='bbox 1378 1141 1588 1203; x_wconf 88' lang='lat' dir='ltr'><strong>peccata</strong></span> <span class='ocrx_word' id='word_1_103' title='bbox 1618 1148 1629 1183; x_wconf 92' lang='lat'><strong>:</strong></span> <span class='ocrx_word' id='word_1_104' title='bbox 1665 1144 1758 1197; x_wconf 83' lang='lat' dir='ltr'><strong>per</strong></span> 
     </span>
    </p>
   </div>
   <div class='ocr_carea' id='block_1_13' title="bbox 164 1223 1761 1304">
    <p class='ocr_par' dir='ltr' id='par_1_13' title="bbox 164 1223 1761 1304">
     <span class='ocr_line' id='line_1_14' title="bbox 164 1223 1761 1304; baseline -0.02 -1"><span class='ocrx_word' id='word_1_105' title='bbox 164 1247 538 1304; x_wconf 73' lang='lat' dir='ltr'><strong>cxtensionem</strong></span> <span class='ocrx_word' id='word_1_106' title='bbox 600 1240 660 1293; x_wconf 84' lang='lat' dir='ltr'><strong>ﬁt</strong></span> <span class='ocrx_word' id='word_1_107' title='bbox 698 1235 1018 1292; x_wconf 74' lang='lat' dir='ltr'><strong>desiderium</strong></span> <span class='ocrx_word' id='word_1_108' title='bbox 1067 1227 1228 1283; x_wconf 82' lang='lat' dir='ltr'><strong>futuri</strong></span> <span class='ocrx_word' id='word_1_109' title='bbox 1273 1223 1492 1289; x_wconf 69' lang='lat' dir='ltr'><strong>szeculi,</strong></span> <span class='ocrx_word' id='word_1_110' title='bbox 1544 1228 1761 1290; x_wconf 79' lang='lat' dir='ltr'><strong>propter</strong></span> 
     </span>
    </p>
   </div>
   <div class='ocr_carea' id='block_1_14' title="bbox 166 1309 1760 1408">
    <p class='ocr_par' dir='ltr' id='par_1_14' title="bbox 166 1309 1760 1408">
     <span class='ocr_line' id='line_1_15' title="bbox 166 1309 1760 1408; baseline -0.022 -13"><span class='ocrx_word' id='word_1_111' title='bbox 166 1338 293 1408; x_wconf 74' lang='lat' dir='ltr'><strong>quod</strong></span> <span class='ocrx_word' id='word_1_112' title='bbox 318 1335 585 1391; x_wconf 77' lang='lat' dir='ltr'><strong>Christus</strong></span> <span class='ocrx_word' id='word_1_113' title='bbox 614 1327 900 1385; x_wconf 81' lang='lat' dir='ltr'><strong>cruciﬁxus</strong></span> <span class='ocrx_word' id='word_1_114' title='bbox 930 1334 1030 1379; x_wconf 90' lang='lat' dir='ltr'><strong>est.</strong></span> <span class='ocrx_word' id='word_1_115' title='bbox 1059 1320 1194 1375; x_wconf 82' lang='lat' dir='ltr'><strong>Audi</strong></span> <span class='ocrx_word' id='word_1_116' title='bbox 1225 1319 1395 1387; x_wconf 87' lang='lat' dir='ltr'><strong>ipsum</strong></span> <span class='ocrx_word' id='word_1_117' title='bbox 1427 1312 1646 1368; x_wconf 79' lang='lat' dir='ltr'><strong>Paulum</strong></span> <span class='ocrx_word' id='word_1_118' title='bbox 1682 1309 1760 1362; x_wconf 79' lang='lat' dir='ltr'><strong>lo-</strong></span> 
     </span>
    </p>
   </div>
   <div class='ocr_carea' id='block_1_15' title="bbox 171 1399 1760 1491">
    <p class='ocr_par' dir='ltr' id='par_1_15' title="bbox 171 1399 1760 1491">
     <span class='ocr_line' id='line_1_16' title="bbox 171 1399 1760 1491; baseline -0.02 -9"><span class='ocrx_word' id='word_1_119' title='bbox 171 1399 270 1482; x_wconf 73' lang='lat' dir='ltr'><strong>ium</strong></span> <span class='ocrx_word' id='word_1_120' title='bbox 300 1445 314 1480; x_wconf 89' lang='lat'><strong>:</strong></span> <span class='ocrx_word' id='word_1_121' title='bbox 352 1424 504 1489; x_wconf 72' lang='lat' dir='ltr'><strong>Non,</strong></span> <span class='ocrx_word' id='word_1_122' title='bbox 540 1420 757 1491; x_wconf 88' lang='lat' dir='ltr'><strong>inquit,</strong></span> <span class='ocrx_word' id='word_1_123' title='bbox 784 1433 848 1472; x_wconf 79' lang='lat' dir='ltr'><strong>ea:</strong></span> <span class='ocrx_word' id='word_1_124' title='bbox 874 1414 1105 1486; x_wconf 78' lang='lat' dir='ltr'><strong>operibus</strong></span> <span class='ocrx_word' id='word_1_125' title='bbox 1124 1409 1341 1481; x_wconf 77' lang='lat' dir='ltr'><strong>jnstitiae</strong></span> <span class='ocrx_word' id='word_1_126' title='bbox 1369 1420 1480 1475; x_wconf 76' lang='lat' dir='ltr'><strong>qure</strong></span> <span class='ocrx_word' id='word_1_127' title='bbox 1508 1418 1598 1455; x_wconf 89' lang='lat' dir='ltr'><strong>nos</strong></span> <span class='ocrx_word' id='word_1_128' title='bbox 1632 1399 1760 1468; x_wconf 81' lang='lat' dir='ltr'><strong>[eci-</strong></span> 
     </span>
    </p>
   </div>
   <div class='ocr_carea' id='block_1_16' title="bbox 174 1494 1762 1582">
    <p class='ocr_par' dir='ltr' id='par_1_16' title="bbox 174 1494 1762 1582">
     <span class='ocr_line' id='line_1_17' title="bbox 174 1494 1762 1582; baseline -0.018 -11"><span class='ocrx_word' id='word_1_129' title='bbox 174 1537 291 1582; x_wconf 65' lang='lat' dir='ltr'><strong>usus,</strong></span> <span class='ocrx_word' id='word_1_130' title='bbox 343 1516 441 1570; x_wconf 74' lang='lat' dir='ltr'><strong>sed</strong></span> <span class='ocrx_word' id='word_1_131' title='bbox 489 1512 775 1567; x_wconf 82' lang='lat' dir='ltr'><strong>secundum</strong></span> <span class='ocrx_word' id='word_1_132' title='bbox 825 1522 970 1563; x_wconf 86' lang='lat' dir='ltr'><strong>suam</strong></span> <span class='ocrx_word' id='word_1_133' title='bbox 1018 1498 1411 1556; x_wconf 84' lang='lat' dir='ltr'><strong>misericordiam</strong></span> <span class='ocrx_word' id='word_1_134' title='bbox 1459 1494 1622 1549; x_wconf 87' lang='lat' dir='ltr'><strong>salvos</strong></span> <span class='ocrx_word' id='word_1_135' title='bbox 1671 1506 1762 1543; x_wconf 88' lang='lat' dir='ltr'><strong>nos</strong></span> 
     </span>
    </p>
   </div>
   <div class='ocr_carea' id='block_1_17' title="bbox 175 1583 1766 1681">
    <p class='ocr_par' dir='ltr' id='par_1_17' title="bbox 175 1583 1766 1681">
     <span class='ocr_line' id='line_1_18' title="bbox 175 1583 1766 1681; baseline -0.017 -17"><span class='ocrx_word' id='word_1_136' title='bbox 175 1613 316 1681; x_wconf 72' lang='lat' dir='ltr'><strong>(erit,</strong></span> <span class='ocrx_word' id='word_1_137' title='bbox 361 1625 458 1679; x_wconf 76' lang='lat' dir='ltr'><strong>per</strong></span> <span class='ocrx_word' id='word_1_138' title='bbox 499 1607 769 1661; x_wconf 75' lang='lat' dir='ltr'><strong>lavacrum</strong></span> <span class='ocrx_word' id='word_1_139' title='bbox 811 1595 1199 1670; x_wconf 78' lang='lat' dir='ltr'><strong>regenerationis</strong></span> <span class='ocrx_word' id='word_1_140' title='bbox 1226 1590 1351 1666; x_wconf 89' lang='lat' dir='ltr'><strong>(Tit.</strong></span> <span class='ocrx_word' id='word_1_141' title='bbox 1394 1606 1473 1655; x_wconf 87' lang='grc' dir='ltr'>ιιι,</span> <span class='ocrx_word' id='word_1_142' title='bbox 1516 1587 1594 1659; x_wconf 81' lang='grc'><strong>5).</strong></span> <span class='ocrx_word' id='word_1_143' title='bbox 1630 1583 1766 1639; x_wconf 84' lang='lat' dir='ltr'><strong>Audi</strong></span> 
     </span>
    </p>
   </div>
   <div class='ocr_carea' id='block_1_18' title="bbox 175 1677 1769 1758">
    <p class='ocr_par' dir='ltr' id='par_1_18' title="bbox 175 1677 1769 1758">
     <span class='ocr_line' id='line_1_19' title="bbox 175 1677 1769 1758; baseline -0.018 -1"><span class='ocrx_word' id='word_1_144' title='bbox 175 1677 411 1756; x_wconf 67' lang='lat' dir='ltr'><strong>candet!)</strong></span> <span class='ocrx_word' id='word_1_145' title='bbox 454 1707 753 1753; x_wconf 74' lang='lat' dir='ltr'><strong>extensum</strong></span> <span class='ocrx_word' id='word_1_146' title='bbox 783 1711 797 1745; x_wconf 92' lang='lat'><strong>:</strong></span> <span class='ocrx_word' id='word_1_147' title='bbox 832 1690 940 1758; x_wconf 86' lang='lat' dir='ltr'><strong>Ea,</strong></span> <span class='ocrx_word' id='word_1_148' title='bbox 973 1687 1176 1758; x_wconf 88' lang='lat' dir='ltr'><strong>inquit,</strong></span> <span class='ocrx_word' id='word_1_149' title='bbox 1203 1700 1315 1755; x_wconf 72' lang='lat' dir='ltr'><strong>quo:</strong></span> <span class='ocrx_word' id='word_1_150' title='bbox 1340 1691 1470 1735; x_wconf 87' lang='lat' dir='ltr'><strong>retro</strong></span> <span class='ocrx_word' id='word_1_151' title='bbox 1495 1688 1611 1734; x_wconf 87' lang='lat' dir='ltr'><strong>sunt</strong></span> <span class='ocrx_word' id='word_1_152' title='bbox 1642 1677 1769 1731; x_wconf 84' lang='lat' dir='ltr'><strong>obli-</strong></span> 
     </span>
    </p>
   </div>
   <div class='ocr_carea' id='block_1_19' title="bbox 178 1769 1767 1858">
    <p class='ocr_par' dir='ltr' id='par_1_19' title="bbox 178 1769 1767 1858">
     <span class='ocr_line' id='line_1_20' title="bbox 178 1769 1767 1858; baseline -0.015 -12"><span class='ocrx_word' id='word_1_153' title='bbox 178 1806 266 1857; x_wconf 75' lang='grc' dir='ltr'><strong>ω,</strong></span> <span class='ocrx_word' id='word_1_154' title='bbox 296 1792 348 1844; x_wconf 78' lang='lat' dir='ltr'><strong>in</strong></span> <span class='ocrx_word' id='word_1_155' title='bbox 388 1806 454 1844; x_wconf 84' lang='lat' dir='ltr'><strong>ea</strong></span> <span class='ocrx_word' id='word_1_156' title='bbox 491 1803 617 1858; x_wconf 73' lang='lat' dir='ltr'><strong>qua!</strong></span> <span class='ocrx_word' id='word_1_157' title='bbox 643 1793 764 1838; x_wconf 88' lang='lat' dir='ltr'><strong>ante</strong></span> <span class='ocrx_word' id='word_1_158' title='bbox 783 1792 901 1837; x_wconf 86' lang='lat' dir='ltr'><strong>sunt</strong></span> <span class='ocrx_word' id='word_1_159' title='bbox 928 1789 1159 1835; x_wconf 76' lang='lat' dir='ltr'><strong>extensus</strong></span> <span class='ocrx_word' id='word_1_160' title='bbox 1182 1818 1196 1844; x_wconf 90' lang='lat'><strong>,</strong></span> <span class='ocrx_word' id='word_1_161' title='bbox 1226 1773 1501 1830; x_wconf 86' lang='lat' dir='ltr'><strong>secundum</strong></span> <span class='ocrx_word' id='word_1_162' title='bbox 1530 1769 1767 1824; x_wconf 85' lang='lat' dir='ltr'><strong>intentio-</strong></span> 
     </span>
    </p>
   </div>
   <div class='ocr_carea' id='block_1_20' title="bbox 180 1861 1771 1951">
    <p class='ocr_par' dir='ltr' id='par_1_20' title="bbox 180 1861 1771 1951">
     <span class='ocr_line' id='line_1_21' title="bbox 180 1861 1771 1951; baseline -0.014 -15"><span class='ocrx_word' id='word_1_163' title='bbox 180 1901 279 1936; x_wconf 71' lang='lat' dir='ltr'><strong>nem</strong></span> <span class='ocrx_word' id='word_1_164' title='bbox 304 1898 496 1951; x_wconf 76' lang='lat' dir='ltr'><strong>sequor</strong></span> <span class='ocrx_word' id='word_1_165' title='bbox 520 1879 598 1932; x_wconf 86' lang='lat' dir='ltr'><strong>ad</strong></span> <span class='ocrx_word' id='word_1_166' title='bbox 617 1876 845 1948; x_wconf 84' lang='lat' dir='ltr'><strong><em>palmam</em></strong></span> <span class='ocrx_word' id='word_1_167' title='bbox 869 1887 1100 1941; x_wconf 77' lang='lat' dir='ltr'><strong>supernae</strong></span> <span class='ocrx_word' id='word_1_168' title='bbox 1125 1867 1396 1923; x_wconf 82' lang='lat' dir='ltr'><strong>vocationis</strong></span> <span class='ocrx_word' id='word_1_169' title='bbox 1426 1864 1515 1918; x_wconf 85' lang='lat' dir='ltr'><strong>Dei</strong></span> <span class='ocrx_word' id='word_1_170' title='bbox 1544 1865 1597 1918; x_wconf 89' lang='lat' dir='ltr'><strong>in</strong></span> <span class='ocrx_word' id='word_1_171' title='bbox 1621 1861 1771 1919; x_wconf 75' lang='lat' dir='ltr'><strong>Chri-</strong></span> 
     </span>
    </p>
   </div>
   <div class='ocr_carea' id='block_1_21' title="bbox 179 1960 1114 2042">
    <p class='ocr_par' dir='ltr' id='par_1_21' title="bbox 179 1960 1114 2042">
     <span class='ocr_line' id='line_1_22' title="bbox 179 1960 1114 2042; baseline -0.013 -13"><span class='ocrx_word' id='word_1_172' title='bbox 179 1986 247 2028; x_wconf 71' lang='lat' dir='ltr'><strong>s’o</strong></span> <span class='ocrx_word' id='word_1_173' title='bbox 266 1972 390 2028; x_wconf 76' lang='lat' dir='ltr'><strong>Iesu</strong></span> <span class='ocrx_word' id='word_1_174' title='bbox 418 1970 693 2042; x_wconf 78' lang='lat' dir='ltr'><strong>(Philipp.</strong></span> <span class='ocrx_word' id='word_1_175' title='bbox 734 1983 790 2022; x_wconf 88' lang='grc' dir='ltr'><strong>ιιι</strong></span> <span class='ocrx_word' id='word_1_176' title='bbox 810 2007 825 2033; x_wconf 86' lang='grc'><strong><em>,</em></strong></span> <span class='ocrx_word' id='word_1_177' title='bbox 852 1966 918 2020; x_wconf 86' lang='grc'><strong>15</strong></span> <span class='ocrx_word' id='word_1_178' title='bbox 939 1973 982 2019; x_wconf 86' lang='lat' dir='ltr'><strong>et</strong></span> <span class='ocrx_word' id='word_1_179' title='bbox 1006 1960 1114 2034; x_wconf 75' lang='grc'><strong>14).</strong></span> 
     </span>
    </p>
   </div>
   <div class='ocr_carea' id='block_1_22' title="bbox 649 2114 1353 2186">
    <p class='ocr_par' dir='ltr' id='par_1_22' title="bbox 649 2114 1353 2186">
     <span class='ocr_line' id='line_1_23' title="bbox 649 2114 1353 2186; baseline -0.02 -7"><span class='ocrx_word' id='word_1_180' title='bbox 649 2119 880 2179; x_wconf 77' lang='lat' dir='ltr'><strong>SERMO</strong></span> <span class='ocrx_word' id='word_1_181' title='bbox 915 2115 1180 2175; x_wconf 77' lang='lat' dir='ltr'><strong>cccxw</strong></span> <span class='ocrx_word' id='word_1_182' title='bbox 1208 2118 1228 2139; x_wconf 72' lang='grc' dir='ltr'><strong>ο</strong></span> <span class='ocrx_word' id='word_1_183' title='bbox 1255 2114 1353 2186; x_wconf 90' lang='lat' dir='ltr'><strong>(b).</strong></span> 
     </span>
    </p>
   </div>
   <div class='ocr_carea' id='block_1_23' title="bbox 192 2240 1777 2328">
    <p class='ocr_par' dir='ltr' id='par_1_23' title="bbox 192 2240 1777 2328">
     <span class='ocr_line' id='line_1_24' title="bbox 192 2240 1777 2328; baseline -0.016 -10"><span class='ocrx_word' id='word_1_184' title='bbox 192 2261 258 2317; x_wconf 74' lang='lat' dir='ltr'><strong>De</strong></span> <span class='ocrx_word' id='word_1_185' title='bbox 293 2258 576 2328; x_wconf 80' lang='lat' dir='ltr'><strong>Sacriﬁcio</strong></span> <span class='ocrx_word' id='word_1_186' title='bbox 616 2254 900 2325; x_wconf 81' lang='lat' dir='ltr'><strong>vespertino</strong></span> <span class='ocrx_word' id='word_1_187' title='bbox 927 2251 1020 2321; x_wconf 82' lang='grc' dir='ltr'><strong>(ε).</strong></span> <span class='ocrx_word' id='word_1_188' title='bbox 1053 2247 1118 2302; x_wconf 85' lang='grc' dir='ltr'><strong>1η</strong></span> <span class='ocrx_word' id='word_1_189' title='bbox 1147 2264 1246 2317; x_wconf 88' lang='lat' dir='ltr'><strong>quo</strong></span> <span class='ocrx_word' id='word_1_190' title='bbox 1270 2244 1551 2316; x_wconf 75' lang='lat' dir='ltr'><strong>explicatur</strong></span> <span class='ocrx_word' id='word_1_191' title='bbox 1576 2240 1777 2295; x_wconf 87' lang='lat' dir='ltr'><strong>initium</strong></span> 
     </span>
    </p>
   </div>
   <div class='ocr_carea' id='block_1_24' title="bbox 726 2339 1260 2415">
    <p class='ocr_par' dir='ltr' id='par_1_24' title="bbox 726 2339 1260 2415">
     <span class='ocr_line' id='line_1_25' title="bbox 726 2339 1260 2415; baseline -0.017 -16"><span class='ocrx_word' id='word_1_192' title='bbox 726 2342 988 2415; x_wconf 82' lang='lat' dir='ltr'><strong>Evangelii</strong></span> <span class='ocrx_word' id='word_1_193' title='bbox 1025 2339 1260 2394; x_wconf 75' lang='lat' dir='ltr'><strong>Joannis.</strong></span> 
     </span>
    </p>
   </div>
   <div class='ocr_carea' id='block_1_25' title="bbox 254 2463 1781 2548">
    <p class='ocr_par' dir='ltr' id='par_1_25' title="bbox 254 2463 1781 2548">
     <span class='ocr_line' id='line_1_26' title="bbox 254 2463 1781 2548; baseline -0.013 -11"><span class='ocrx_word' id='word_1_194' title='bbox 254 2486 304 2538; x_wconf 86' lang='grc'><strong>1.</strong></span> <span class='ocrx_word' id='word_1_195' title='bbox 335 2480 523 2535; x_wconf 75' lang='lat' dir='ltr'><strong>Crucis</strong></span> <span class='ocrx_word' id='word_1_196' title='bbox 565 2477 794 2548; x_wconf 78' lang='lat' dir='ltr'><strong>signum.</strong></span> <span class='ocrx_word' id='word_1_197' title='bbox 841 2473 1164 2541; x_wconf 87' lang='lat' dir='ltr'><strong>Sacri/icium</strong></span> <span class='ocrx_word' id='word_1_198' title='bbox 1194 2469 1377 2523; x_wconf 85' lang='lat' dir='ltr'><strong>erucis.</strong></span> <span class='ocrx_word' id='word_1_199' title='bbox 1409 2467 1487 2521; x_wconf 90' lang='lat' dir='ltr'><strong>De</strong></span> <span class='ocrx_word' id='word_1_200' title='bbox 1508 2463 1781 2521; x_wconf 90' lang='lat' dir='ltr'><strong>Sacriﬁcio</strong></span> 
     </span>
    </p>
   </div>
   <div class='ocr_carea' id='block_1_26' title="bbox 192 2558 1782 2643">
    <p class='ocr_par' dir='ltr' id='par_1_26' title="bbox 192 2558 1782 2643">
     <span class='ocr_line' id='line_1_27' title="bbox 192 2558 1782 2643; baseline -0.012 -15"><span class='ocrx_word' id='word_1_201' title='bbox 192 2573 496 2643; x_wconf 66' lang='lat' dir='ltr'><strong>vespertino</strong></span> <span class='ocrx_word' id='word_1_202' title='bbox 524 2583 714 2624; x_wconf 83' lang='lat' dir='ltr'><strong><em>sermo</em></strong></span> <span class='ocrx_word' id='word_1_203' title='bbox 733 2565 1039 2621; x_wconf 87' lang='lat' dir='ltr'><strong>reddendus</strong></span> <span class='ocrx_word' id='word_1_204' title='bbox 1061 2570 1161 2618; x_wconf 86' lang='lat' dir='ltr'><strong>est.</strong></span> <span class='ocrx_word' id='word_1_205' title='bbox 1192 2561 1471 2616; x_wconf 87' lang='lat' dir='ltr'><strong>Oravimus</strong></span> <span class='ocrx_word' id='word_1_206' title='bbox 1491 2558 1631 2613; x_wconf 88' lang='lat' dir='ltr'><strong>enim</strong></span> <span class='ocrx_word' id='word_1_207' title='bbox 1657 2571 1782 2610; x_wconf 87' lang='lat' dir='ltr'><strong>ean-</strong></span> 
     </span>
    </p>
   </div>
   <div class='ocr_carea' id='block_1_27' title="bbox 195 2649 1786 2730">
    <p class='ocr_par' dir='ltr' id='par_1_27' title="bbox 195 2649 1786 2730">
     <span class='ocr_line' id='line_1_28' title="bbox 195 2649 1786 2730; baseline -0.013 -9"><span class='ocrx_word' id='word_1_208' title='bbox 195 2667 367 2730; x_wconf 72' lang='lat' dir='ltr'><strong>tando,</strong></span> <span class='ocrx_word' id='word_1_209' title='bbox 385 2673 445 2719; x_wconf 82' lang='lat' dir='ltr'><strong>et</strong></span> <span class='ocrx_word' id='word_1_210' title='bbox 472 2661 688 2717; x_wconf 87' lang='lat' dir='ltr'><strong>orando</strong></span> <span class='ocrx_word' id='word_1_211' title='bbox 714 2658 1066 2723; x_wconf 84' lang='lat' dir='ltr'><strong>cantavimus,</strong></span> <span class='ocrx_word' id='word_1_212' title='bbox 1089 2654 1347 2726; x_wconf 86' lang='lat' dir='ltr'><strong>Dirigatur</strong></span> <span class='ocrx_word' id='word_1_213' title='bbox 1359 2652 1520 2706; x_wconf 88' lang='lat' dir='ltr'><strong><em>oratio</em></strong></span> <span class='ocrx_word' id='word_1_214' title='bbox 1535 2666 1641 2703; x_wconf 86' lang='lat' dir='ltr'><strong>mea</strong></span> <span class='ocrx_word' id='word_1_215' title='bbox 1659 2649 1786 2703; x_wconf 83' lang='lat' dir='ltr'><strong>sicut</strong></span> 
     </span>
    </p>
   </div>
   <div class='ocr_carea' id='block_1_28' title="bbox 194 2746 1785 2820">
    <p class='ocr_par' dir='ltr' id='par_1_28' title="bbox 194 2746 1785 2820">
     <span class='ocr_line' id='line_1_29' title="bbox 194 2746 1785 2820; baseline -0.012 -10"><span class='ocrx_word' id='word_1_216' title='bbox 194 2761 444 2810; x_wconf 62' lang='lat' dir='ltr'><strong>incusant</strong></span> <span class='ocrx_word' id='word_1_217' title='bbox 460 2755 517 2806; x_wconf 85' lang='lat' dir='ltr'><strong>in</strong></span> <span class='ocrx_word' id='word_1_218' title='bbox 528 2760 806 2820; x_wconf 85' lang='lat' dir='ltr'><strong>conspectu</strong></span> <span class='ocrx_word' id='word_1_219' title='bbox 832 2759 920 2803; x_wconf 88' lang='lat' dir='ltr'><strong>tuo</strong></span> <span class='ocrx_word' id='word_1_220' title='bbox 941 2764 961 2801; x_wconf 91' lang='lat'><strong><em>:</em></strong></span> <span class='ocrx_word' id='word_1_221' title='bbox 976 2746 1180 2801; x_wconf 80' lang='lat' dir='ltr'><strong>elevatio</strong></span> <span class='ocrx_word' id='word_1_222' title='bbox 1198 2760 1438 2799; x_wconf 88' lang='lat' dir='ltr'><strong>manuum</strong></span> <span class='ocrx_word' id='word_1_223' title='bbox 1458 2756 1684 2795; x_wconf 87' lang='lat' dir='ltr'><strong>mearum</strong></span> <span class='ocrx_word' id='word_1_224' title='bbox 1698 2755 1785 2792; x_wconf 89' lang='lat' dir='ltr'><strong>sa-</strong></span> 
     </span>
    </p>
   </div>
   <div class='ocr_carea' id='block_1_29' title="bbox 198 2831 1787 2916">
    <p class='ocr_par' dir='ltr' id='par_1_29' title="bbox 198 2831 1787 2916">
     <span class='ocr_line' id='line_1_30' title="bbox 198 2831 1787 2916; baseline -0.01 -16"><span class='ocrx_word' id='word_1_225' title='bbox 198 2849 441 2916; x_wconf 69' lang='lat' dir='ltr'><strong>criﬁcium</strong></span> <span class='ocrx_word' id='word_1_226' title='bbox 462 2844 811 2915; x_wconf 69' lang='lat' dir='ltr'><strong>vespertinum</strong></span> <span class='ocrx_word' id='word_1_227' title='bbox 829 2840 1002 2911; x_wconf 89' lang='lat' dir='ltr'><strong>(Psal.</strong></span> <span class='ocrx_word' id='word_1_228' title='bbox 1022 2836 1233 2909; x_wconf 49' lang='lat' dir='ltr'><strong>etimit).</strong></span> <span class='ocrx_word' id='word_1_229' title='bbox 1259 2835 1315 2890; x_wconf 85' lang='lat' dir='ltr'><strong>in</strong></span> <span class='ocrx_word' id='word_1_230' title='bbox 1328 2835 1565 2889; x_wconf 86' lang='lat' dir='ltr'><strong>oratione</strong></span> <span class='ocrx_word' id='word_1_231' title='bbox 1594 2831 1787 2885; x_wconf 88' lang='lat' dir='ltr'><strong>adver-</strong></span> 
     </span>
    </p>
   </div>
   <div class='ocr_carea' id='block_1_30' title="bbox 202 2923 1787 3001">
    <p class='ocr_par' dir='ltr' id='par_1_30' title="bbox 202 2923 1787 3001">
     <span class='ocr_line' id='line_1_31' title="bbox 202 2923 1787 3001; baseline -0.013 -6"><span class='ocrx_word' id='word_1_232' title='bbox 202 2942 352 2995; x_wconf 76' lang='lat' dir='ltr'><strong>timus</strong></span> <span class='ocrx_word' id='word_1_233' title='bbox 378 2938 665 2992; x_wconf 82' lang='lat' dir='ltr'><strong>hominem</strong></span> <span class='ocrx_word' id='word_1_234' title='bbox 690 2975 705 3001; x_wconf 91' lang='lat'><strong>,</strong></span> <span class='ocrx_word' id='word_1_235' title='bbox 745 2934 801 2988; x_wconf 91' lang='lat' dir='ltr'><strong>in</strong></span> <span class='ocrx_word' id='word_1_236' title='bbox 827 2931 1138 2987; x_wconf 79' lang='lat' dir='ltr'><strong><em>extensione</em></strong></span> <span class='ocrx_word' id='word_1_237' title='bbox 1162 2942 1413 2983; x_wconf 89' lang='lat' dir='ltr'><strong>manuum</strong></span> <span class='ocrx_word' id='word_1_238' title='bbox 1452 2923 1787 2995; x_wconf 78' lang='lat' dir='ltr'><strong>agnoscimus</strong></span> 
     </span>
    </p>
   </div>
   <div class='ocr_carea' id='block_1_31' title="bbox 199 3019 1789 3095">
    <p class='ocr_par' dir='ltr' id='par_1_31' title="bbox 199 3019 1789 3095">
     <span class='ocr_line' id='line_1_32' title="bbox 199 3019 1789 3095; baseline -0.011 -10"><span class='ocrx_word' id='word_1_239' title='bbox 199 3046 429 3084; x_wconf 81' lang='lat' dir='ltr'><strong>erucem.</strong></span> <span class='ocrx_word' id='word_1_240' title='bbox 448 3029 548 3083; x_wconf 82' lang='lat' dir='ltr'><strong>Est</strong></span> <span class='ocrx_word' id='word_1_241' title='bbox 573 3041 708 3095; x_wconf 87' lang='lat' dir='ltr'><strong>ergo</strong></span> <span class='ocrx_word' id='word_1_242' title='bbox 733 3028 834 3079; x_wconf 91' lang='lat' dir='ltr'><strong>hoc</strong></span> <span class='ocrx_word' id='word_1_243' title='bbox 855 3024 1063 3093; x_wconf 88' lang='lat' dir='ltr'><strong>signum</strong></span> <span class='ocrx_word' id='word_1_244' title='bbox 1081 3019 1220 3091; x_wconf 89' lang='lat' dir='ltr'><strong>quod</strong></span> <span class='ocrx_word' id='word_1_245' title='bbox 1243 3021 1293 3073; x_wconf 93' lang='lat' dir='ltr'><strong>in</strong></span> <span class='ocrx_word' id='word_1_246' title='bbox 1312 3020 1482 3073; x_wconf 82' lang='lat' dir='ltr'><strong>fronte</strong></span> <span class='ocrx_word' id='word_1_247' title='bbox 1498 3023 1789 3086; x_wconf 82' lang='lat' dir='ltr'><strong>gestamus,</strong></span> 
     </span>
    </p>
   </div>
   <div class='ocr_carea' id='block_1_32' title="bbox 204 3109 1794 3191">
    <p class='ocr_par' dir='ltr' id='par_1_32' title="bbox 204 3109 1794 3191">
     <span class='ocr_line' id='line_1_33' title="bbox 204 3109 1794 3191; baseline -0.01 -17"><span class='ocrx_word' id='word_1_248' title='bbox 204 3123 403 3191; x_wconf 74' lang='lat' dir='ltr'><strong>signum</strong></span> <span class='ocrx_word' id='word_1_249' title='bbox 424 3135 537 3191; x_wconf 86' lang='lat' dir='ltr'><strong>quo</strong></span> <span class='ocrx_word' id='word_1_250' title='bbox 567 3118 704 3173; x_wconf 86' lang='lat' dir='ltr'><strong>salvi</strong></span> <span class='ocrx_word' id='word_1_251' title='bbox 731 3131 935 3171; x_wconf 88' lang='lat' dir='ltr'><strong>sumus.</strong></span> <span class='ocrx_word' id='word_1_252' title='bbox 971 3112 1189 3183; x_wconf 78' lang='lat' dir='ltr'><strong>Signum</strong></span> <span class='ocrx_word' id='word_1_253' title='bbox 1229 3111 1463 3174; x_wconf 85' lang='lat' dir='ltr'><strong>irrisum,</strong></span> <span class='ocrx_word' id='word_1_254' title='bbox 1484 3118 1541 3162; x_wconf 90' lang='lat' dir='ltr'><strong>ut</strong></span> <span class='ocrx_word' id='word_1_255' title='bbox 1566 3109 1794 3161; x_wconf 88' lang='lat' dir='ltr'><strong>honora-</strong></span> 
     </span>
    </p>
   </div>
   <div class='ocr_carea' id='block_1_33' title="bbox 203 3203 1790 3278">
    <p class='ocr_par' dir='ltr' id='par_1_33' title="bbox 203 3203 1790 3278">
     <span class='ocr_line' id='line_1_34' title="bbox 203 3203 1790 3278; baseline -0.009 -12"><span class='ocrx_word' id='word_1_256' title='bbox 203 3223 362 3273; x_wconf 67' lang='lat' dir='ltr'><strong>ntur;</strong></span> <span class='ocrx_word' id='word_1_257' title='bbox 390 3218 791 3278; x_wconf 87' lang='lat' dir='ltr'><strong>contemptum,</strong></span> <span class='ocrx_word' id='word_1_258' title='bbox 821 3215 879 3261; x_wconf 89' lang='lat' dir='ltr'><strong>ut</strong></span> <span class='ocrx_word' id='word_1_259' title='bbox 904 3204 1306 3276; x_wconf 85' lang='lat' dir='ltr'><strong>gloriﬁcaretur.</strong></span> <span class='ocrx_word' id='word_1_260' title='bbox 1335 3203 1474 3257; x_wconf 89' lang='lat' dir='ltr'><strong>Deus</strong></span> <span class='ocrx_word' id='word_1_261' title='bbox 1497 3207 1790 3269; x_wconf 82' lang='lat' dir='ltr'><strong>comparet,</strong></span> 
     </span>
    </p>
   </div>
   <div class='ocr_carea' id='block_1_34' title="bbox 206 3291 1792 3369">
    <p class='ocr_par' dir='ltr' id='par_1_34' title="bbox 206 3291 1792 3369">
     <span class='ocr_line' id='line_1_35' title="bbox 206 3291 1792 3369; baseline -0.009 -13"><span class='ocrx_word' id='word_1_262' title='bbox 206 3312 259 3355; x_wconf 80' lang='lat' dir='ltr'><strong>ut</strong></span> <span class='ocrx_word' id='word_1_263' title='bbox 274 3302 438 3356; x_wconf 85' lang='lat' dir='ltr'><strong>homo</strong></span> <span class='ocrx_word' id='word_1_264' title='bbox 454 3301 812 3369; x_wconf 89' lang='lat' dir='ltr'><strong>deprecetur;</strong></span> <span class='ocrx_word' id='word_1_265' title='bbox 839 3305 896 3351; x_wconf 87' lang='lat' dir='ltr'><strong>et</strong></span> <span class='ocrx_word' id='word_1_266' title='bbox 922 3298 1059 3351; x_wconf 89' lang='lat' dir='ltr'><strong>Deus</strong></span> <span class='ocrx_word' id='word_1_267' title='bbox 1079 3295 1226 3360; x_wconf 88' lang='lat' dir='ltr'><strong>latet,</strong></span> <span class='ocrx_word' id='word_1_268' title='bbox 1245 3303 1303 3348; x_wconf 91' lang='lat' dir='ltr'><strong>ut</strong></span> <span class='ocrx_word' id='word_1_269' title='bbox 1329 3293 1488 3347; x_wconf 88' lang='lat' dir='ltr'><strong>homo</strong></span> <span class='ocrx_word' id='word_1_270' title='bbox 1514 3291 1792 3346; x_wconf 89' lang='lat' dir='ltr'><strong>moriatur.</strong></span> 
     </span>
    </p>
   </div>
   <div class='ocr_carea' id='block_1_35' title="bbox 206 3381 1799 3463">
    <p class='ocr_par' dir='ltr' id='par_1_35' title="bbox 206 3381 1799 3463">
     <span class='ocr_line' id='line_1_36' title="bbox 206 3381 1799 3463; baseline -0.009 -14"><span class='ocrx_word' id='word_1_271' title='bbox 206 3396 265 3450; x_wconf 82' lang='lat' dir='ltr'><strong>Si</strong></span> <span class='ocrx_word' id='word_1_272' title='bbox 282 3396 418 3448; x_wconf 69' lang='lat' dir='ltr'><strong>enim</strong></span> <span class='ocrx_word' id='word_1_273' title='bbox 442 3393 813 3463; x_wconf 74' lang='lat' dir='ltr'><strong>cognovissent,</strong></span> <span class='ocrx_word' id='word_1_274' title='bbox 840 3404 1093 3458; x_wconf 81' lang='lat' dir='ltr'><strong>nunquam</strong></span> <span class='ocrx_word' id='word_1_275' title='bbox 1123 3386 1396 3440; x_wconf 88' lang='lat' dir='ltr'><strong>Dominum</strong></span> <span class='ocrx_word' id='word_1_276' title='bbox 1433 3385 1609 3457; x_wconf 78' lang='lat' dir='ltr'><strong>gloria:</strong></span> <span class='ocrx_word' id='word_1_277' title='bbox 1636 3381 1799 3436; x_wconf 82' lang='lat' dir='ltr'><strong>cruri-</strong></span> 
     </span>
    </p>
   </div>
   <div class='ocr_carea' id='block_1_36' title="bbox 209 3472 1799 3553">
    <p class='ocr_par' dir='ltr' id='par_1_36' title="bbox 209 3472 1799 3553">
     <span class='ocr_line' id='line_1_37' title="bbox 209 3472 1799 3553; baseline -0.008 -12"><span class='ocrx_word' id='word_1_278' title='bbox 209 3488 429 3553; x_wconf 69' lang='lat' dir='ltr'><strong>ﬁxinent</strong></span> <span class='ocrx_word' id='word_1_279' title='bbox 452 3483 499 3552; x_wconf 90' lang='lat' dir='ltr'><strong>(l</strong></span> <span class='ocrx_word' id='word_1_280' title='bbox 515 3482 707 3547; x_wconf 60' lang='lat' dir='ltr'><strong>Cornu,</strong></span> <span class='ocrx_word' id='word_1_281' title='bbox 721 3482 799 3553; x_wconf 87' lang='lat'><strong>8).</strong></span> <span class='ocrx_word' id='word_1_282' title='bbox 819 3479 932 3535; x_wconf 80' lang='lat' dir='ltr'><strong>Hoc</strong></span> <span class='ocrx_word' id='word_1_283' title='bbox 942 3494 1069 3548; x_wconf 86' lang='lat' dir='ltr'><strong>ergo</strong></span> <span class='ocrx_word' id='word_1_284' title='bbox 1092 3478 1428 3542; x_wconf 79' lang='lat' dir='ltr'><strong>sacrificium,</strong></span> <span class='ocrx_word' id='word_1_285' title='bbox 1449 3476 1534 3529; x_wconf 91' lang='lat' dir='ltr'><strong>ubi</strong></span> <span class='ocrx_word' id='word_1_286' title='bbox 1552 3472 1799 3529; x_wconf 90' lang='lat' dir='ltr'><strong>sacerdos</strong></span> 
     </span>
    </p>
   </div>
   <div class='ocr_carea' id='block_1_37' title="bbox 207 3564 1799 3639">
    <p class='ocr_par' dir='ltr' id='par_1_37' title="bbox 207 3564 1799 3639">
     <span class='ocr_line' id='line_1_38' title="bbox 207 3564 1799 3639; baseline -0.008 -8"><span class='ocrx_word' id='word_1_287' title='bbox 207 3578 540 3639; x_wconf 78' lang='lat' dir='ltr'><strong>cstvictima,</strong></span> <span class='ocrx_word' id='word_1_288' title='bbox 574 3572 803 3627; x_wconf 78' lang='lat' dir='ltr'><strong>redemit</strong></span> <span class='ocrx_word' id='word_1_289' title='bbox 827 3585 927 3626; x_wconf 90' lang='lat' dir='ltr'><strong>nos</strong></span> <span class='ocrx_word' id='word_1_290' title='bbox 947 3570 1063 3624; x_wconf 81' lang='lat' dir='ltr'><strong>fuso</strong></span> <span class='ocrx_word' id='word_1_291' title='bbox 1092 3569 1346 3637; x_wconf 82' lang='lat' dir='ltr'><strong>sanguine</strong></span> <span class='ocrx_word' id='word_1_292' title='bbox 1374 3566 1661 3622; x_wconf 85' lang='lat' dir='ltr'><strong>Creatoris.</strong></span> <span class='ocrx_word' id='word_1_293' title='bbox 1685 3564 1799 3618; x_wconf 83' lang='lat' dir='ltr'><strong>Non</strong></span> 
     </span>
    </p>
   </div>
   <div class='ocr_carea' id='block_1_38' title="bbox 209 3659 1799 3732">
    <p class='ocr_par' dir='ltr' id='par_1_38' title="bbox 209 3659 1799 3732">
     <span class='ocr_line' id='line_1_39' title="bbox 209 3659 1799 3732; baseline -0.009 -8"><span class='ocrx_word' id='word_1_294' title='bbox 209 3679 386 3723; x_wconf 78' lang='lat' dir='ltr'><strong>tamen</strong></span> <span class='ocrx_word' id='word_1_295' title='bbox 408 3670 425 3700; x_wconf 78' lang='lat'><strong>‘</strong></span> <span class='ocrx_word' id='word_1_296' title='bbox 456 3667 665 3722; x_wconf 83' lang='lat' dir='ltr'><strong>creavit</strong></span> <span class='ocrx_word' id='word_1_297' title='bbox 693 3681 794 3721; x_wconf 91' lang='lat' dir='ltr'><strong>nos</strong></span> <span class='ocrx_word' id='word_1_298' title='bbox 818 3680 937 3719; x_wconf 87' lang='lat' dir='ltr'><strong>cum</strong></span> <span class='ocrx_word' id='word_1_299' title='bbox 968 3664 1243 3732; x_wconf 83' lang='lat' dir='ltr'><strong>sanguine,</strong></span> <span class='ocrx_word' id='word_1_300' title='bbox 1275 3660 1372 3717; x_wconf 88' lang='lat' dir='ltr'><strong>sed</strong></span> <span class='ocrx_word' id='word_1_301' title='bbox 1403 3659 1629 3713; x_wconf 88' lang='lat' dir='ltr'><strong>redemit</strong></span> <span class='ocrx_word' id='word_1_302' title='bbox 1672 3673 1799 3711; x_wconf 89' lang='lat' dir='ltr'><strong>san-</strong></span> 
     </span>
    </p>
   </div>
   <div class='ocr_carea' id='block_1_39' title="bbox 211 3748 1797 3829">
    <p class='ocr_par' dir='ltr' id='par_1_39' title="bbox 211 3748 1797 3829">
     <span class='ocr_line' id='line_1_40' title="bbox 211 3748 1797 3829; baseline -0.011 -13"><span class='ocrx_word' id='word_1_303' title='bbox 211 3759 624 3829; x_wconf 75' lang='lat' dir='ltr'><strong>guine.Creavit</strong></span> <span class='ocrx_word' id='word_1_304' title='bbox 640 3757 781 3813; x_wconf 90' lang='lat' dir='ltr'><strong>enim</strong></span> <span class='ocrx_word' id='word_1_305' title='bbox 808 3770 906 3811; x_wconf 90' lang='lat' dir='ltr'><strong>nos</strong></span> <span class='ocrx_word' id='word_1_306' title='bbox 924 3756 978 3808; x_wconf 89' lang='lat' dir='ltr'><strong>in</strong></span> <span class='ocrx_word' id='word_1_307' title='bbox 998 3754 1245 3824; x_wconf 86' lang='lat' dir='ltr'><strong>principio</strong></span> <span class='ocrx_word' id='word_1_308' title='bbox 1264 3751 1404 3822; x_wconf 89' lang='lat' dir='ltr'><strong>quod</strong></span> <span class='ocrx_word' id='word_1_309' title='bbox 1429 3761 1533 3805; x_wconf 76' lang='lat' dir='ltr'><strong>erat</strong></span> <span class='ocrx_word' id='word_1_310' title='bbox 1562 3748 1797 3813; x_wconf 86' lang='lat' dir='ltr'><strong>Verbum,</strong></span> 
     </span>
    </p>
   </div>
   <div class='ocr_carea' id='block_1_40' title="bbox 214 3839 1803 3920">
    <p class='ocr_par' dir='ltr' id='par_1_40' title="bbox 214 3839 1803 3920">
     <span class='ocr_line' id='line_1_41' title="bbox 214 3839 1803 3920; baseline -0.008 -14"><span class='ocrx_word' id='word_1_311' title='bbox 214 3864 262 3905; x_wconf 86' lang='lat' dir='ltr'><strong>et</strong></span> <span class='ocrx_word' id='word_1_312' title='bbox 293 3851 518 3906; x_wconf 67' lang='lat' dir='ltr'><strong>Verbum</strong></span> <span class='ocrx_word' id='word_1_313' title='bbox 543 3859 656 3905; x_wconf 85' lang='lat' dir='ltr'><strong>erat</strong></span> <span class='ocrx_word' id='word_1_314' title='bbox 678 3848 820 3920; x_wconf 79' lang='lat' dir='ltr'><strong>apud</strong></span> <span class='ocrx_word' id='word_1_315' title='bbox 849 3847 1030 3913; x_wconf 87' lang='lat' dir='ltr'><strong>Deum,</strong></span> <span class='ocrx_word' id='word_1_316' title='bbox 1072 3853 1116 3899; x_wconf 84' lang='lat' dir='ltr'><strong>et</strong></span> <span class='ocrx_word' id='word_1_317' title='bbox 1148 3844 1284 3897; x_wconf 86' lang='lat' dir='ltr'><strong>Deus</strong></span> <span class='ocrx_word' id='word_1_318' title='bbox 1313 3851 1420 3896; x_wconf 89' lang='lat' dir='ltr'><strong>erat</strong></span> <span class='ocrx_word' id='word_1_319' title='bbox 1456 3841 1692 3894; x_wconf 82' lang='lat' dir='ltr'><strong>Verbum.</strong></span> <span class='ocrx_word' id='word_1_320' title='bbox 1722 3839 1803 3893; x_wconf 81' lang='lat' dir='ltr'><strong>Ab</strong></span> 
     </span>
    </p>
   </div>
   <div class='ocr_carea' id='block_1_41' title="bbox 218 3928 1806 4003">
    <p class='ocr_par' dir='ltr' id='par_1_41' title="bbox 218 3928 1806 4003">
     <span class='ocr_line' id='line_1_42' title="bbox 218 3928 1806 4003; baseline -0.011 -5"><span class='ocrx_word' id='word_1_321' title='bbox 218 3945 320 3998; x_wconf 72' lang='lat' dir='ltr'><strong>hoc</strong></span> <span class='ocrx_word' id='word_1_322' title='bbox 342 3943 512 3999; x_wconf 78' lang='lat' dir='ltr'><strong>creati</strong></span> <span class='ocrx_word' id='word_1_323' title='bbox 539 3954 746 3997; x_wconf 86' lang='lat' dir='ltr'><strong>sumus.</strong></span> <span class='ocrx_word' id='word_1_324' title='bbox 793 3939 984 3995; x_wconf 85' lang='lat' dir='ltr'><strong>Sermo</strong></span> <span class='ocrx_word' id='word_1_325' title='bbox 1011 3944 1286 3992; x_wconf 78' lang='lat' dir='ltr'><strong>contextus</strong></span> <span class='ocrx_word' id='word_1_326' title='bbox 1314 3932 1552 4003; x_wconf 83' lang='lat' dir='ltr'><strong>adjungit</strong></span> <span class='ocrx_word' id='word_1_327' title='bbox 1575 3972 1589 3995; x_wconf 95' lang='lat'><strong>,</strong></span> <span class='ocrx_word' id='word_1_328' title='bbox 1622 3928 1806 3984; x_wconf 85' lang='lat' dir='ltr'><strong><em>Omnia</em></strong></span> 
     </span>
    </p>
   </div>
   <div class='ocr_carea' id='block_1_42' title="bbox 222 4023 1807 4106">
    <p class='ocr_par' dir='ltr' id='par_1_42' title="bbox 222 4023 1807 4106">
     <span class='ocr_line' id='line_1_43' title="bbox 222 4023 1807 4106; baseline -0.009 -16"><span class='ocrx_word' id='word_1_329' title='bbox 222 4053 308 4103; x_wconf 79' lang='lat' dir='ltr'><strong>per</strong></span> <span class='ocrx_word' id='word_1_330' title='bbox 332 4037 505 4106; x_wconf 67' lang='lat' dir='ltr'><strong>ipsum</strong></span> <span class='ocrx_word' id='word_1_331' title='bbox 531 4038 669 4104; x_wconf 80' lang='lat' dir='ltr'><strong>facta</strong></span> <span class='ocrx_word' id='word_1_332' title='bbox 697 4039 836 4098; x_wconf 76' lang='lat' dir='ltr'><strong>sunt,</strong></span> <span class='ocrx_word' id='word_1_333' title='bbox 868 4039 914 4084; x_wconf 85' lang='lat' dir='ltr'><strong>et</strong></span> <span class='ocrx_word' id='word_1_334' title='bbox 943 4030 1050 4083; x_wconf 86' lang='lat' dir='ltr'><strong>sine</strong></span> <span class='ocrx_word' id='word_1_335' title='bbox 1074 4030 1184 4100; x_wconf 90' lang='lat' dir='ltr'><strong>ipso</strong></span> <span class='ocrx_word' id='word_1_336' title='bbox 1211 4030 1400 4099; x_wconf 81' lang='lat' dir='ltr'><strong>factum</strong></span> <span class='ocrx_word' id='word_1_337' title='bbox 1425 4034 1496 4079; x_wconf 90' lang='lat' dir='ltr'><strong>est</strong></span> <span class='ocrx_word' id='word_1_338' title='bbox 1520 4023 1665 4078; x_wconf 85' lang='lat' dir='ltr'><strong>nihil.</strong></span> <span class='ocrx_word' id='word_1_339' title='bbox 1694 4023 1807 4076; x_wconf 81' lang='lat' dir='ltr'><strong>Hoc</strong></span> 
     </span>
    </p>
   </div>
   <div class='ocr_carea' id='block_1_43' title="bbox 220 4115 1807 4198">
    <p class='ocr_par' dir='ltr' id='par_1_43' title="bbox 220 4115 1807 4198">
     <span class='ocr_line' id='line_1_44' title="bbox 220 4115 1807 4198; baseline -0.009 -14"><span class='ocrx_word' id='word_1_340' title='bbox 220 4139 303 4183; x_wconf 80' lang='lat' dir='ltr'><strong>est</strong></span> <span class='ocrx_word' id='word_1_341' title='bbox 326 4144 433 4198; x_wconf 81' lang='lat' dir='ltr'><strong>quo</strong></span> <span class='ocrx_word' id='word_1_342' title='bbox 450 4127 622 4183; x_wconf 80' lang='lat' dir='ltr'><strong>creati</strong></span> <span class='ocrx_word' id='word_1_343' title='bbox 642 4139 846 4180; x_wconf 89' lang='lat' dir='ltr'><strong>sumus.</strong></span> <span class='ocrx_word' id='word_1_344' title='bbox 874 4123 990 4191; x_wconf 91' lang='lat' dir='ltr'><strong>Quo</strong></span> <span class='ocrx_word' id='word_1_345' title='bbox 1012 4136 1140 4177; x_wconf 89' lang='lat' dir='ltr'><strong>vero</strong></span> <span class='ocrx_word' id='word_1_346' title='bbox 1168 4119 1446 4188; x_wconf 88' lang='lat' dir='ltr'><strong>redempti,</strong></span> <span class='ocrx_word' id='word_1_347' title='bbox 1475 4117 1595 4172; x_wconf 86' lang='lat' dir='ltr'><strong>audi</strong></span> <span class='ocrx_word' id='word_1_348' title='bbox 1620 4134 1633 4169; x_wconf 89' lang='lat'><strong>:</strong></span> <span class='ocrx_word' id='word_1_349' title='bbox 1660 4115 1807 4181; x_wconf 81' lang='lat' dir='ltr'><strong>Quod</strong></span> 
     </span>
    </p>
   </div>
   <div class='ocr_carea' id='block_1_44' title="bbox 225 4209 1812 4292">
    <p class='ocr_par' dir='ltr' id='par_1_44' title="bbox 225 4209 1812 4292">
     <span class='ocr_line' id='line_1_45' title="bbox 225 4209 1812 4292; baseline -0.007 -17"><span class='ocrx_word' id='word_1_350' title='bbox 225 4229 415 4292; x_wconf 66' lang='lat' dir='ltr'><strong>rm</strong></span> <span class='ocrx_word' id='word_1_351' title='bbox 442 4230 540 4286; x_wconf 87' lang='lat' dir='ltr'><strong>est,</strong></span> <span class='ocrx_word' id='word_1_352' title='bbox 570 4218 761 4288; x_wconf 87' lang='lat' dir='ltr'><strong>inquit,</strong></span> <span class='ocrx_word' id='word_1_353' title='bbox 793 4217 845 4271; x_wconf 91' lang='lat' dir='ltr'><strong>in</strong></span> <span class='ocrx_word' id='word_1_354' title='bbox 874 4232 930 4271; x_wconf 89' lang='lat' dir='ltr'><strong>eo</strong></span> <span class='ocrx_word' id='word_1_355' title='bbox 953 4215 1054 4269; x_wconf 78' lang='lat' dir='ltr'><strong>vita</strong></span> <span class='ocrx_word' id='word_1_356' title='bbox 1082 4223 1208 4276; x_wconf 89' lang='lat' dir='ltr'><strong>erat,</strong></span> <span class='ocrx_word' id='word_1_357' title='bbox 1241 4221 1285 4266; x_wconf 85' lang='lat' dir='ltr'><strong>et</strong></span> <span class='ocrx_word' id='word_1_358' title='bbox 1310 4212 1410 4264; x_wconf 86' lang='lat' dir='ltr'><strong>vita</strong></span> <span class='ocrx_word' id='word_1_359' title='bbox 1435 4218 1541 4265; x_wconf 89' lang='lat' dir='ltr'><strong>erat</strong></span> <span class='ocrx_word' id='word_1_360' title='bbox 1583 4209 1673 4262; x_wconf 76' lang='lat' dir='ltr'><strong>lux</strong></span> <span class='ocrx_word' id='word_1_361' title='bbox 1717 4210 1812 4264; x_wconf 88' lang='lat' dir='ltr'><strong>ho-</strong></span> 
     </span>
    </p>
   </div>
   <div class='ocr_carea' id='block_1_45' title="bbox 224 4302 1813 4377">
    <p class='ocr_par' dir='ltr' id='par_1_45' title="bbox 224 4302 1813 4377">
     <span class='ocr_line' id='line_1_46' title="bbox 224 4302 1813 4377; baseline -0.008 -11"><span class='ocrx_word' id='word_1_362' title='bbox 224 4315 450 4377; x_wconf 68' lang='lat' dir='ltr'><strong>minum;</strong></span> <span class='ocrx_word' id='word_1_363' title='bbox 505 4320 552 4364; x_wconf 90' lang='lat' dir='ltr'><strong>et</strong></span> <span class='ocrx_word' id='word_1_364' title='bbox 599 4310 690 4362; x_wconf 72' lang='lat' dir='ltr'><strong>lnx</strong></span> <span class='ocrx_word' id='word_1_365' title='bbox 706 4308 759 4362; x_wconf 90' lang='lat' dir='ltr'><strong>in</strong></span> <span class='ocrx_word' id='word_1_366' title='bbox 802 4305 1012 4361; x_wconf 73' lang='lat' dir='ltr'><strong>tenebris</strong></span> <span class='ocrx_word' id='word_1_367' title='bbox 1052 4304 1201 4371; x_wconf 84' lang='lat' dir='ltr'><strong>lueet,</strong></span> <span class='ocrx_word' id='word_1_368' title='bbox 1234 4312 1281 4358; x_wconf 90' lang='lat' dir='ltr'><strong>et</strong></span> <span class='ocrx_word' id='word_1_369' title='bbox 1311 4302 1527 4356; x_wconf 74' lang='lat' dir='ltr'><strong>tenebrat</strong></span> <span class='ocrx_word' id='word_1_370' title='bbox 1560 4314 1673 4355; x_wconf 83' lang='lat' dir='ltr'><strong>eant</strong></span> <span class='ocrx_word' id='word_1_371' title='bbox 1711 4317 1813 4355; x_wconf 90' lang='lat' dir='ltr'><strong>non</strong></span> 
     </span>
    </p>
   </div>
   <div class='ocr_carea' id='block_1_46' title="bbox 225 4390 1812 4475">
    <p class='ocr_par' dir='ltr' id='par_1_46' title="bbox 225 4390 1812 4475">
     <span class='ocr_line' id='line_1_47' title="bbox 225 4390 1812 4475; baseline -0.008 -17"><span class='ocrx_word' id='word_1_372' title='bbox 225 4401 733 4475; x_wconf 69' lang='lat' dir='ltr'><strong>comprehenderunt.</strong></span> <span class='ocrx_word' id='word_1_373' title='bbox 782 4398 969 4453; x_wconf 82' lang='lat' dir='ltr'><strong>Adhuc</strong></span> <span class='ocrx_word' id='word_1_374' title='bbox 999 4397 1138 4452; x_wconf 90' lang='lat' dir='ltr'><strong>Deus</strong></span> <span class='ocrx_word' id='word_1_375' title='bbox 1169 4403 1252 4451; x_wconf 84' lang='lat' dir='ltr'><strong>eSt</strong></span> <span class='ocrx_word' id='word_1_376' title='bbox 1278 4411 1292 4447; x_wconf 89' lang='lat'><strong>:</strong></span> <span class='ocrx_word' id='word_1_377' title='bbox 1324 4392 1498 4447; x_wconf 90' lang='lat' dir='ltr'><strong>adhuc</strong></span> <span class='ocrx_word' id='word_1_378' title='bbox 1521 4390 1651 4448; x_wconf 90' lang='lat' dir='ltr'><strong>illud</strong></span> <span class='ocrx_word' id='word_1_379' title='bbox 1678 4392 1812 4447; x_wconf 91' lang='lat' dir='ltr'><strong>dici-</strong></span> 
     </span>
    </p>
   </div>
   <div class='ocr_carea' id='block_1_47' title="bbox 227 4485 1813 4565">
    <p class='ocr_par' dir='ltr' id='par_1_47' title="bbox 227 4485 1813 4565">
     <span class='ocr_line' id='line_1_48' title="bbox 227 4485 1813 4565; baseline -0.008 -13"><span class='ocrx_word' id='word_1_380' title='bbox 227 4506 333 4560; x_wconf 82' lang='lat' dir='ltr'><strong>tur,</strong></span> <span class='ocrx_word' id='word_1_381' title='bbox 362 4494 509 4565; x_wconf 87' lang='lat' dir='ltr'><strong>quod</strong></span> <span class='ocrx_word' id='word_1_382' title='bbox 536 4490 971 4548; x_wconf 84' lang='lat' dir='ltr'><strong>incommutabile</strong></span> <span class='ocrx_word' id='word_1_383' title='bbox 992 4503 1203 4558; x_wconf 88' lang='lat' dir='ltr'><strong>semper</strong></span> <span class='ocrx_word' id='word_1_384' title='bbox 1231 4493 1439 4553; x_wconf 85' lang='lat' dir='ltr'><strong>manet;</strong></span> <span class='ocrx_word' id='word_1_385' title='bbox 1479 4486 1651 4542; x_wconf 88' lang='lat' dir='ltr'><strong>adhuc</strong></span> <span class='ocrx_word' id='word_1_386' title='bbox 1686 4485 1813 4540; x_wconf 90' lang='lat' dir='ltr'><strong>illud</strong></span> 
     </span>
    </p>
   </div>
   <div class='ocr_carea' id='block_1_48' title="bbox 226 4576 1817 4653">
    <p class='ocr_par' dir='ltr' id='par_1_48' title="bbox 226 4576 1817 4653">
     <span class='ocr_line' id='line_1_49' title="bbox 226 4576 1817 4653; baseline -0.004 -13"><span class='ocrx_word' id='word_1_387' title='bbox 226 4588 459 4653; x_wconf 83' lang='lat' dir='ltr'><strong>dicitur,</strong></span> <span class='ocrx_word' id='word_1_388' title='bbox 512 4584 599 4638; x_wconf 89' lang='lat' dir='ltr'><strong>cui</strong></span> <span class='ocrx_word' id='word_1_389' title='bbox 638 4582 867 4638; x_wconf 84' lang='lat' dir='ltr'><strong>videndo</strong></span> <span class='ocrx_word' id='word_1_390' title='bbox 903 4580 1061 4636; x_wconf 89' lang='lat' dir='ltr'><strong>corda</strong></span> <span class='ocrx_word' id='word_1_391' title='bbox 1108 4578 1411 4635; x_wconf 88' lang='lat' dir='ltr'><strong>mundanda</strong></span> <span class='ocrx_word' id='word_1_392' title='bbox 1458 4587 1582 4633; x_wconf 89' lang='lat' dir='ltr'><strong>sunt</strong></span> <span class='ocrx_word' id='word_1_393' title='bbox 1625 4597 1638 4632; x_wconf 90' lang='lat'><strong>:</strong></span> <span class='ocrx_word' id='word_1_394' title='bbox 1675 4576 1817 4633; x_wconf 82' lang='lat' dir='ltr'><strong>unde</strong></span> 
     </span>
    </p>
   </div>
   <div class='ocr_carea' id='block_1_49' title="bbox 227 4671 1818 4755">
    <p class='ocr_par' dir='ltr' id='par_1_49' title="bbox 227 4671 1818 4755">
     <span class='ocr_line' id='line_1_50' title="bbox 227 4671 1818 4755; baseline -0.004 -25"><span class='ocrx_word' id='word_1_395' title='bbox 227 4688 405 4733; x_wconf 77' lang='lat' dir='ltr'><strong>autem</strong></span> <span class='ocrx_word' id='word_1_396' title='bbox 432 4674 795 4755; x_wconf 77' lang='lat' dir='ltr'><strong>mandentur,</strong></span> <span class='ocrx_word' id='word_1_397' title='bbox 826 4673 1058 4728; x_wconf 91' lang='lat' dir='ltr'><strong>nondum</strong></span> <span class='ocrx_word' id='word_1_398' title='bbox 1094 4671 1243 4731; x_wconf 88' lang='lat' dir='ltr'><strong>dicit.</strong></span> <span class='ocrx_word' id='word_1_399' title='bbox 1293 4672 1440 4737; x_wconf 76' lang='lat' dir='ltr'><strong>Lux,</strong></span> <span class='ocrx_word' id='word_1_400' title='bbox 1469 4671 1656 4742; x_wconf 87' lang='lat' dir='ltr'><strong>inquit,</strong></span> <span class='ocrx_word' id='word_1_401' title='bbox 1687 4671 1818 4724; x_wconf 85' lang='lat' dir='ltr'><strong>lueet</strong></span> 
     </span>
    </p>
   </div>
   <div class='ocr_carea' id='block_1_50' title="bbox 228 4756 1817 4836">
    <p class='ocr_par' dir='ltr' id='par_1_50' title="bbox 228 4756 1817 4836">
     <span class='ocr_line' id='line_1_51' title="bbox 228 4756 1817 4836; baseline -0.004 -11"><span class='ocrx_word' id='word_1_402' title='bbox 228 4773 278 4825; x_wconf 69' lang='grc' dir='ltr'>ξι</span> <span class='ocrx_word' id='word_1_403' title='bbox 315 4770 554 4835; x_wconf 76' lang='lat' dir='ltr'><strong>tenebris,</strong></span> <span class='ocrx_word' id='word_1_404' title='bbox 587 4777 636 4822; x_wconf 85' lang='lat' dir='ltr'><strong>et</strong></span> <span class='ocrx_word' id='word_1_405' title='bbox 672 4768 886 4821; x_wconf 68' lang='lat' dir='ltr'><strong>tenebrae</strong></span> <span class='ocrx_word' id='word_1_406' title='bbox 906 4783 1018 4822; x_wconf 80' lang='lat' dir='ltr'><strong>eam</strong></span> <span class='ocrx_word' id='word_1_407' title='bbox 1056 4756 1155 4822; x_wconf 74' lang='grc' dir='ltr'><strong>ηὸη</strong></span> <span class='ocrx_word' id='word_1_408' title='bbox 1180 4765 1678 4836; x_wconf 75' lang='lat' dir='ltr'><strong>comprehenderunt.</strong></span> <span class='ocrx_word' id='word_1_409' title='bbox 1711 4762 1817 4818; x_wconf 86' lang='lat' dir='ltr'><strong>Sed</strong></span> 
     </span>
    </p>
   </div>
   <div class='ocr_carea' id='block_1_51' title="bbox 229 4855 1816 4932">
    <p class='ocr_par' dir='ltr' id='par_1_51' title="bbox 229 4855 1816 4932">
     <span class='ocr_line' id='line_1_52' title="bbox 229 4855 1816 4932; baseline -0.006 -13"><span class='ocrx_word' id='word_1_410' title='bbox 229 4874 286 4919; x_wconf 80' lang='grc' dir='ltr'><strong>ιιι</strong></span> <span class='ocrx_word' id='word_1_411' title='bbox 310 4878 421 4919; x_wconf 85' lang='lat' dir='ltr'><strong>non</strong></span> <span class='ocrx_word' id='word_1_412' title='bbox 447 4864 560 4917; x_wconf 89' lang='lat' dir='ltr'><strong>sint</strong></span> <span class='ocrx_word' id='word_1_413' title='bbox 577 4859 836 4931; x_wconf 67' lang='lat' dir='ltr'><strong>tenebrae,</strong></span> <span class='ocrx_word' id='word_1_414' title='bbox 867 4862 1173 4932; x_wconf 88' lang='lat' dir='ltr'><strong>possintque</strong></span> <span class='ocrx_word' id='word_1_415' title='bbox 1198 4874 1313 4915; x_wconf 88' lang='lat' dir='ltr'><strong>eam</strong></span> <span class='ocrx_word' id='word_1_416' title='bbox 1341 4855 1816 4926; x_wconf 82' lang='lat' dir='ltr'><strong>comprehendere;</strong></span> 
     </span>
    </p>
   </div>
   <div class='ocr_carea' id='block_1_52' title="bbox 229 4952 1821 5027">
    <p class='ocr_par' dir='ltr' id='par_1_52' title="bbox 229 4952 1821 5027">
     <span class='ocr_line' id='line_1_53' title="bbox 229 4952 1821 5027; baseline -0.004 -15"><span class='ocrx_word' id='word_1_417' title='bbox 229 4958 466 5012; x_wconf 66' lang='lat' dir='ltr'><strong>tenebras</strong></span> <span class='ocrx_word' id='word_1_418' title='bbox 496 4953 645 5012; x_wconf 87' lang='lat' dir='ltr'><strong>enim</strong></span> <span class='ocrx_word' id='word_1_419' title='bbox 672 4963 1009 5027; x_wconf 88' lang='lat' dir='ltr'><strong>peccatores,</strong></span> <span class='ocrx_word' id='word_1_420' title='bbox 1035 4954 1269 5009; x_wconf 79' lang='lat' dir='ltr'><strong>tenebra:</strong></span> <span class='ocrx_word' id='word_1_421' title='bbox 1302 4952 1542 5007; x_wconf 88' lang='lat' dir='ltr'><strong>inﬁdeles</strong></span> <span class='ocrx_word' id='word_1_422' title='bbox 1567 4969 1581 5005; x_wconf 89' lang='lat'><strong>:</strong></span> <span class='ocrx_word' id='word_1_423' title='bbox 1609 4960 1669 5005; x_wconf 90' lang='lat' dir='ltr'><strong>ut</strong></span> <span class='ocrx_word' id='word_1_424' title='bbox 1692 4965 1821 5021; x_wconf 87' lang='lat' dir='ltr'><strong>ergo</strong></span> 
     </span>
    </p>
   </div>
   <div class='ocr_carea' id='block_1_53' title="bbox 230 5042 1822 5116">
    <p class='ocr_par' dir='ltr' id='par_1_53' title="bbox 230 5042 1822 5116">
     <span class='ocr_line' id='line_1_54' title="bbox 230 5042 1822 5116; baseline -0.003 -13"><span class='ocrx_word' id='word_1_425' title='bbox 230 5062 336 5103; x_wconf 78' lang='lat' dir='ltr'><strong>non</strong></span> <span class='ocrx_word' id='word_1_426' title='bbox 374 5047 491 5105; x_wconf 83' lang='lat' dir='ltr'><strong>sint</strong></span> <span class='ocrx_word' id='word_1_427' title='bbox 530 5048 787 5115; x_wconf 62' lang='lat' dir='ltr'><strong>tenebrat,</strong></span> <span class='ocrx_word' id='word_1_428' title='bbox 818 5046 1123 5116; x_wconf 89' lang='lat' dir='ltr'><strong>possintque</strong></span> <span class='ocrx_word' id='word_1_429' title='bbox 1155 5044 1610 5115; x_wconf 89' lang='lat' dir='ltr'><strong>comprehendere</strong></span> <span class='ocrx_word' id='word_1_430' title='bbox 1631 5083 1649 5109; x_wconf 95' lang='lat'><strong>,</strong></span> <span class='ocrx_word' id='word_1_431' title='bbox 1698 5042 1822 5099; x_wconf 88' lang='lat' dir='ltr'><strong>Ver-</strong></span> 
     </span>
    </p>
   </div>
   <div class='ocr_carea' id='block_1_54' title="bbox 232 5135 1821 5210">
    <p class='ocr_par' dir='ltr' id='par_1_54' title="bbox 232 5135 1821 5210">
     <span class='ocr_line' id='line_1_55' title="bbox 232 5135 1821 5210; baseline -0.004 -16"><span class='ocrx_word' id='word_1_432' title='bbox 232 5142 350 5194; x_wconf 64' lang='lat' dir='ltr'><strong>itus</strong></span> <span class='ocrx_word' id='word_1_433' title='bbox 376 5156 501 5194; x_wconf 80' lang='lat' dir='ltr'><strong>caro</strong></span> <span class='ocrx_word' id='word_1_434' title='bbox 527 5143 720 5210; x_wconf 78' lang='lat' dir='ltr'><strong>factum</strong></span> <span class='ocrx_word' id='word_1_435' title='bbox 743 5147 834 5203; x_wconf 85' lang='lat' dir='ltr'><strong>est,</strong></span> <span class='ocrx_word' id='word_1_436' title='bbox 866 5146 913 5190; x_wconf 88' lang='lat' dir='ltr'><strong>et</strong></span> <span class='ocrx_word' id='word_1_437' title='bbox 937 5137 1175 5191; x_wconf 82' lang='lat' dir='ltr'><strong>habitavit</strong></span> <span class='ocrx_word' id='word_1_438' title='bbox 1202 5136 1253 5189; x_wconf 89' lang='lat' dir='ltr'><strong>in</strong></span> <span class='ocrx_word' id='word_1_439' title='bbox 1279 5135 1440 5189; x_wconf 88' lang='lat' dir='ltr'><strong>nobis.</strong></span> <span class='ocrx_word' id='word_1_440' title='bbox 1471 5135 1661 5190; x_wconf 73' lang='lat' dir='ltr'><strong>Videte</strong></span> <span class='ocrx_word' id='word_1_441' title='bbox 1685 5135 1821 5189; x_wconf 82' lang='lat' dir='ltr'><strong>Ver-</strong></span> 
     </span>
    </p>
   </div>
   <div class='ocr_carea' id='block_1_55' title="bbox 237 5227 1818 5300">
    <p class='ocr_par' dir='ltr' id='par_1_55' title="bbox 237 5227 1818 5300">
     <span class='ocr_line' id='line_1_56' title="bbox 237 5227 1818 5300; baseline -0.005 -13"><span class='ocrx_word' id='word_1_442' title='bbox 237 5233 387 5300; x_wconf 73' lang='lat' dir='ltr'><strong>bum,</strong></span> <span class='ocrx_word' id='word_1_443' title='bbox 417 5230 602 5286; x_wconf 80' lang='lat' dir='ltr'><strong>videte</strong></span> <span class='ocrx_word' id='word_1_444' title='bbox 634 5228 864 5284; x_wconf 76' lang='lat' dir='ltr'><strong>Verbum</strong></span> <span class='ocrx_word' id='word_1_445' title='bbox 889 5242 1126 5296; x_wconf 88' lang='lat' dir='ltr'><strong>carnem,</strong></span> <span class='ocrx_word' id='word_1_446' title='bbox 1154 5227 1383 5282; x_wconf 74' lang='lat' dir='ltr'><strong>Verbum</strong></span> <span class='ocrx_word' id='word_1_447' title='bbox 1421 5234 1543 5281; x_wconf 86' lang='lat' dir='ltr'><strong>ante</strong></span> <span class='ocrx_word' id='word_1_448' title='bbox 1582 5241 1818 5281; x_wconf 84' lang='lat' dir='ltr'><strong>carnem.</strong></span> 
     </span>
    </p>
   </div>
   <div class='ocr_carea' id='block_1_56' title="bbox 298 5422 1665 5486">
    <p class='ocr_par' dir='ltr' id='par_1_56' title="bbox 298 5422 1665 5486">
     <span class='ocr_line' id='line_1_57' title="bbox 298 5422 1665 5486; baseline -0.004 -9"><span class='ocrx_word' id='word_1_449' title='bbox 298 5430 318 5461; x_wconf 83' lang='grc'>¹</span> <span class='ocrx_word' id='word_1_450' title='bbox 331 5424 638 5486; x_wconf 69' lang='grc' dir='ltr'><strong>εὶτωωᾶιιε,</strong></span> <span class='ocrx_word' id='word_1_451' title='bbox 661 5428 969 5476; x_wconf 75' lang='lat' dir='ltr'><strong>nonttmtum.</strong></span> <span class='ocrx_word' id='word_1_452' title='bbox 997 5425 1159 5486; x_wconf 83' lang='lat' dir='ltr'><strong>Aptius</strong></span> <span class='ocrx_word' id='word_1_453' title='bbox 1180 5422 1361 5483; x_wconf 81' lang='lat' dir='ltr'><strong>Florus,</strong></span> <span class='ocrx_word' id='word_1_454' title='bbox 1376 5434 1468 5473; x_wconf 90' lang='lat' dir='ltr'><strong>non</strong></span> <span class='ocrx_word' id='word_1_455' title='bbox 1492 5428 1665 5474; x_wconf 86' lang='lat' dir='ltr'><strong>tamen.</strong></span> 
     </span>
    </p>
   </div>
   <div class='ocr_carea' id='block_1_57' title="bbox 298 5506 1824 5571">
    <p class='ocr_par' dir='ltr' id='par_1_57' title="bbox 298 5506 1824 5571">
     <span class='ocr_line' id='line_1_58' title="bbox 298 5506 1824 5571; baseline -0.003 -12"><span class='ocrx_word' id='word_1_456' title='bbox 298 5512 319 5533; x_wconf 85' lang='grc'><strong>⁹</strong></span> <span class='ocrx_word' id='word_1_457' title='bbox 340 5510 639 5559; x_wconf 75' lang='lat' dir='ltr'><strong>necensitus</strong></span> <span class='ocrx_word' id='word_1_458' title='bbox 674 5508 879 5571; x_wconf 81' lang='lat' dir='ltr'><strong>primum</strong></span> <span class='ocrx_word' id='word_1_459' title='bbox 918 5506 1067 5571; x_wconf 57' lang='lat' dir='ltr'><strong>add].</strong></span> <span class='ocrx_word' id='word_1_460' title='bbox 1090 5522 1133 5556; x_wconf 85' lang='lat' dir='ltr'><strong>v.</strong></span> <span class='ocrx_word' id='word_1_461' title='bbox 1162 5513 1214 5555; x_wconf 86' lang='lat' dir='ltr'><strong>et</strong></span> <span class='ocrx_word' id='word_1_462' title='bbox 1243 5506 1300 5555; x_wconf 90' lang='lat' dir='ltr'><strong>ad</strong></span> <span class='ocrx_word' id='word_1_463' title='bbox 1337 5507 1502 5567; x_wconf 71' lang='lat' dir='ltr'><strong>sirm;</strong></span> <span class='ocrx_word' id='word_1_464' title='bbox 1537 5515 1588 5556; x_wconf 86' lang='lat' dir='ltr'><strong>et</strong></span> <span class='ocrx_word' id='word_1_465' title='bbox 1625 5506 1824 5566; x_wconf 89' lang='lat' dir='ltr'><strong>deinde,</strong></span> 
     </span>
    </p>
   </div>
   <div class='ocr_carea' id='block_1_58' title="bbox 234 5568 1088 5634">
    <p class='ocr_par' dir='ltr' id='par_1_58' title="bbox 234 5568 1088 5634">
     <span class='ocr_line' id='line_1_59' title="bbox 234 5568 1088 5634; baseline -0.007 -12"><span class='ocrx_word' id='word_1_466' title='bbox 234 5580 345 5634; x_wconf 62' lang='lat' dir='ltr'><strong>pou</strong></span> <span class='ocrx_word' id='word_1_467' title='bbox 369 5571 664 5631; x_wconf 80' lang='lat' dir='ltr'><strong>editionem,</strong></span> <span class='ocrx_word' id='word_1_468' title='bbox 674 5568 1005 5634; x_wconf 47' lang='lat' dir='ltr'><strong>’eastigatusad</strong></span> <span class='ocrx_word' id='word_1_469' title='bbox 1027 5569 1088 5618; x_wconf 90' lang='lat' dir='ltr'><strong>cl.</strong></span> 
     </span>
    </p>
   </div>
   <div class='ocr_carea' id='block_1_59' title="bbox 313 5654 1151 5717">
    <p class='ocr_par' dir='ltr' id='par_1_59' title="bbox 313 5654 1151 5717">
     <span class='ocr_line' id='line_1_60' title="bbox 313 5654 1151 5717; baseline -0.005 -11"><span class='ocrx_word' id='word_1_470' title='bbox 313 5658 373 5717; x_wconf 74' lang='grc' dir='ltr'><strong>α)</strong></span> <span class='ocrx_word' id='word_1_471' title='bbox 396 5656 520 5706; x_wconf 71' lang='lat' dir='ltr'><strong>Vide</strong></span> <span class='ocrx_word' id='word_1_472' title='bbox 542 5662 750 5706; x_wconf 83' lang='lat' dir='ltr'><strong>ttetract.</strong></span> <span class='ocrx_word' id='word_1_473' title='bbox 767 5655 855 5705; x_wconf 88' lang='lat' dir='ltr'><strong>lib.</strong></span> <span class='ocrx_word' id='word_1_474' title='bbox 878 5654 927 5714; x_wconf 78' lang='lat'><strong>2,</strong></span> <span class='ocrx_word' id='word_1_475' title='bbox 951 5667 1055 5717; x_wconf 75' lang='lat' dir='ltr'><strong>cap.</strong></span> <span class='ocrx_word' id='word_1_476' title='bbox 1073 5654 1151 5704; x_wconf 79' lang='lat'><strong>38.</strong></span> 
     </span>
    </p>
   </div>
   <div class='ocr_carea' id='block_1_60' title="bbox 290 5658 1132 5837">
    <p class='ocr_par' dir='ltr' id='par_1_60' title="bbox 290 5658 1132 5837">
     <span class='ocr_line' id='line_1_61' title="bbox 313 5658 1132 5717; baseline -0.002 -11"><span class='ocrx_word' id='word_1_477' title='bbox 313 5671 348 5706; x_wconf 75' lang='grc' dir='ltr'><strong>α</strong></span> <span class='ocrx_word' id='word_1_478' title='bbox 396 5658 520 5706; x_wconf 80' lang='lat' dir='ltr'><strong>vide</strong></span> <span class='ocrx_word' id='word_1_479' title='bbox 542 5662 750 5706; x_wconf 83' lang='lat' dir='ltr'><strong>ttetract.</strong></span> <span class='ocrx_word' id='word_1_480' title='bbox 767 5658 855 5705; x_wconf 88' lang='lat' dir='ltr'><strong>lib.</strong></span> <span class='ocrx_word' id='word_1_481' title='bbox 878 5658 927 5714; x_wconf 78' lang='lat'><strong>2,</strong></span> <span class='ocrx_word' id='word_1_482' title='bbox 951 5667 1055 5717; x_wconf 74' lang='lat' dir='ltr'><strong>cap.</strong></span> <span class='ocrx_word' id='word_1_483' title='bbox 1073 5658 1132 5704; x_wconf 78' lang='lat'><strong>58</strong></span> 
     </span>
     <span class='ocr_line' id='line_1_62' title="bbox 290 5658 1132 5837; baseline -0.006 -68"><span class='ocrx_word' id='word_1_484' title='bbox 290 5658 375 5837; x_wconf 53' lang='grc' dir='ltr'><strong>ξιξ</strong></span> <span class='ocrx_word' id='word_1_485' title='bbox 400 5720 547 5779; x_wconf 57' lang='lat' dir='ltr'><strong>alb,</strong></span> <span class='ocrx_word' id='word_1_486' title='bbox 566 5720 698 5769; x_wconf 82' lang='lat' dir='ltr'><strong>inter</strong></span> <span class='ocrx_word' id='word_1_487' title='bbox 718 5718 1070 5767; x_wconf 85' lang='lat' dir='ltr'><strong>sirmoudianos</strong></span> <span class='ocrx_word' id='word_1_488' title='bbox 1084 5718 1132 5765; x_wconf 93' lang='lat'><strong>8.</strong></span> 
     </span>
     <span class='ocr_line' id='line_1_63' title="bbox 314 5778 1113 5831; baseline -0.003 -2"><span class='ocrx_word' id='word_1_489' title='bbox 314 5796 343 5829; x_wconf 88' lang='lat' dir='ltr'><strong>e</strong></span> <span class='ocrx_word' id='word_1_490' title='bbox 405 5782 535 5831; x_wconf 72' lang='grc' dir='ltr'><strong>σω</strong></span> <span class='ocrx_word' id='word_1_491' title='bbox 575 5778 745 5831; x_wconf 75' lang='lat' dir='ltr'><strong>Flam</strong></span> <span class='ocrx_word' id='word_1_492' title='bbox 784 5779 846 5830; x_wconf 81' lang='lat' dir='ltr'><strong>ad</strong></span> <span class='ocrx_word' id='word_1_493' title='bbox 891 5786 1018 5829; x_wconf 72' lang='lat' dir='ltr'><strong>Rom.</strong></span> <span class='ocrx_word' id='word_1_494' title='bbox 1066 5792 1113 5828; x_wconf 73' lang='lat' dir='ltr'><strong>si</strong></span> 
     </span>
    </p>
   </div>
   <div class='ocr_carea' id='block_1_61' title="bbox 1066 5778 1828 5840">
    <p class='ocr_par' dir='ltr' id='par_1_61' title="bbox 1066 5778 1828 5840">
     <span class='ocr_line' id='line_1_64' title="bbox 1066 5778 1828 5840; baseline -0.001 -13"><span class='ocrx_word' id='word_1_495' title='bbox 1066 5792 1149 5840; x_wconf 81' lang='lat' dir='ltr'><strong>st,</strong></span> <span class='ocrx_word' id='word_1_496' title='bbox 1207 5778 1265 5827; x_wconf 88' lang='lat' dir='ltr'><strong>ad</strong></span> <span class='ocrx_word' id='word_1_497' title='bbox 1306 5783 1320 5824; x_wconf 93' lang='grc' dir='ltr'><strong>Ι</strong></span> <span class='ocrx_word' id='word_1_498' title='bbox 1364 5781 1468 5828; x_wconf 84' lang='lat' dir='ltr'><strong>Cor.</strong></span> <span class='ocrx_word' id='word_1_499' title='bbox 1520 5791 1612 5839; x_wconf 75' lang='grc' dir='ltr'>ιι,</span> <span class='ocrx_word' id='word_1_500' title='bbox 1666 5788 1717 5830; x_wconf 82' lang='lat' dir='ltr'><strong>et</strong></span> <span class='ocrx_word' id='word_1_501' title='bbox 1770 5779 1828 5829; x_wconf 86' lang='lat' dir='ltr'><strong>ad</strong></span> 
     </span>
    </p>
   </div>
   <div class='ocr_carea' id='block_1_62' title="bbox 232 5844 484 5893">
    <p class='ocr_par' dir='ltr' id='par_1_62' title="bbox 232 5844 484 5893">
     <span class='ocr_line' id='line_1_65' title="bbox 232 5844 484 5893; baseline 0 -1"><span class='ocrx_word' id='word_1_502' title='bbox 232 5844 381 5893; x_wconf 67' lang='lat' dir='ltr'><strong>lletr.</strong></span> <span class='ocrx_word' id='word_1_503' title='bbox 407 5854 484 5892; x_wconf 72' lang='grc' dir='ltr'>ιι.</span> 
     </span>
    </p>
   </div>
   <div class='ocr_carea' id='block_1_63' title="bbox 1855 656 3434 733">
    <p class='ocr_par' dir='ltr' id='par_1_63' title="bbox 1855 656 3434 733">
     <span class='ocr_line' id='line_1_66' title="bbox 1855 656 3434 733; baseline -0.005 -16"><span class='ocrx_word' id='word_1_504' title='bbox 1855 661 1956 718; x_wconf 85' lang='lat' dir='ltr'><strong>Ubi</strong></span> <span class='ocrx_word' id='word_1_505' title='bbox 1986 663 2071 717; x_wconf 90' lang='lat' dir='ltr'><strong>hic</strong></span> <span class='ocrx_word' id='word_1_506' title='bbox 2099 663 2346 733; x_wconf 84' lang='lat' dir='ltr'><strong>sanguis?</strong></span> <span class='ocrx_word' id='word_1_507' title='bbox 2378 661 2513 716; x_wconf 88' lang='lat' dir='ltr'><strong>Ecce</strong></span> <span class='ocrx_word' id='word_1_508' title='bbox 2536 659 2646 730; x_wconf 90' lang='lat' dir='ltr'><strong>jam</strong></span> <span class='ocrx_word' id='word_1_509' title='bbox 2673 667 2858 713; x_wconf 86' lang='lat' dir='ltr'><strong>auctor</strong></span> <span class='ocrx_word' id='word_1_510' title='bbox 2888 668 3009 713; x_wconf 91' lang='lat' dir='ltr'><strong>tuus</strong></span> <span class='ocrx_word' id='word_1_511' title='bbox 3032 701 3047 724; x_wconf 92' lang='lat'><strong>,</strong></span> <span class='ocrx_word' id='word_1_512' title='bbox 3081 656 3175 713; x_wconf 79' lang='lat' dir='ltr'><strong>scd</strong></span> <span class='ocrx_word' id='word_1_513' title='bbox 3204 656 3434 711; x_wconf 86' lang='lat' dir='ltr'><strong>nondum</strong></span> 
     </span>
    </p>
   </div>
   <div class='ocr_carea' id='block_1_64' title="bbox 1858 744 3439 822">
    <p class='ocr_par' dir='ltr' id='par_1_64' title="bbox 1858 744 3439 822">
     <span class='ocr_line' id='line_1_67' title="bbox 1858 744 3439 822; baseline -0.006 -15"><span class='ocrx_word' id='word_1_514' title='bbox 1858 762 1940 807; x_wconf 88' lang='lat' dir='ltr'><strong>est</strong></span> <span class='ocrx_word' id='word_1_515' title='bbox 1968 753 2191 822; x_wconf 84' lang='lat' dir='ltr'><strong>pretium</strong></span> <span class='ocrx_word' id='word_1_516' title='bbox 2221 763 2386 806; x_wconf 90' lang='lat' dir='ltr'><strong>tuum.</strong></span> <span class='ocrx_word' id='word_1_517' title='bbox 2422 749 2573 805; x_wconf 90' lang='lat' dir='ltr'><strong>Unde</strong></span> <span class='ocrx_word' id='word_1_518' title='bbox 2598 764 2727 818; x_wconf 83' lang='lat' dir='ltr'><strong>ergo</strong></span> <span class='ocrx_word' id='word_1_519' title='bbox 2753 747 3104 817; x_wconf 87' lang='lat' dir='ltr'><strong>redemptus?</strong></span> <span class='ocrx_word' id='word_1_520' title='bbox 3131 746 3261 815; x_wconf 84' lang='lat' dir='ltr'><strong>Quia</strong></span> <span class='ocrx_word' id='word_1_521' title='bbox 3316 744 3439 799; x_wconf 85' lang='lat' dir='ltr'><strong>Ver-</strong></span> 
     </span>
    </p>
   </div>
   <div class='ocr_carea' id='block_1_65' title="bbox 1862 837 3099 911">
    <p class='ocr_par' dir='ltr' id='par_1_65' title="bbox 1862 837 3099 911">
     <span class='ocr_line' id='line_1_68' title="bbox 1862 837 3099 911; baseline -0.006 -15"><span class='ocrx_word' id='word_1_522' title='bbox 1862 842 1977 896; x_wconf 88' lang='lat' dir='ltr'><strong>bunt</strong></span> <span class='ocrx_word' id='word_1_523' title='bbox 2001 858 2118 894; x_wconf 85' lang='lat' dir='ltr'><strong>caro</strong></span> <span class='ocrx_word' id='word_1_524' title='bbox 2142 842 2332 911; x_wconf 75' lang='lat' dir='ltr'><strong>factum</strong></span> <span class='ocrx_word' id='word_1_525' title='bbox 2359 850 2450 903; x_wconf 88' lang='lat' dir='ltr'><strong>est,</strong></span> <span class='ocrx_word' id='word_1_526' title='bbox 2474 849 2520 893; x_wconf 90' lang='lat' dir='ltr'><strong>et</strong></span> <span class='ocrx_word' id='word_1_527' title='bbox 2546 838 2784 891; x_wconf 81' lang='lat' dir='ltr'><strong>habitavit</strong></span> <span class='ocrx_word' id='word_1_528' title='bbox 2810 837 2861 890; x_wconf 87' lang='lat' dir='ltr'><strong>in</strong></span> <span class='ocrx_word' id='word_1_529' title='bbox 2887 837 3049 891; x_wconf 89' lang='lat' dir='ltr'><strong>nobis.</strong></span> <span class='ocrx_word' id='word_1_530' title='bbox 3093 854 3099 859; x_wconf 60' lang='lat'><em>‘</em></span> 
     </span>
    </p>
   </div>
   <div class='ocr_carea' id='block_1_66' title="bbox 1855 928 3445 994">
    <p class='ocr_par' dir='ltr' id='par_1_66' title="bbox 1855 928 3445 994">
     <span class='ocr_line' id='line_1_69' title="bbox 1855 928 3445 994; baseline -0.007 -7"><span class='ocrx_word' id='word_1_531' title='bbox 1855 968 1861 975; x_wconf 89' lang='lat'><strong>-</strong></span> <span class='ocrx_word' id='word_1_532' title='bbox 1933 934 1988 987; x_wconf 73' lang='lat'><strong>2.</strong></span> <span class='ocrx_word' id='word_1_533' title='bbox 2017 933 2242 987; x_wconf 81' lang='lat' dir='ltr'><strong>Joannes</strong></span> <span class='ocrx_word' id='word_1_534' title='bbox 2282 934 2462 987; x_wconf 87' lang='lat' dir='ltr'><strong>missus</strong></span> <span class='ocrx_word' id='word_1_535' title='bbox 2508 941 2623 985; x_wconf 87' lang='lat' dir='ltr'><strong>ante</strong></span> <span class='ocrx_word' id='word_1_536' title='bbox 2649 928 2938 994; x_wconf 79' lang='lat' dir='ltr'><strong>Christum,</strong></span> <span class='ocrx_word' id='word_1_537' title='bbox 2984 936 3037 981; x_wconf 86' lang='lat' dir='ltr'><strong>ut</strong></span> <span class='ocrx_word' id='word_1_538' title='bbox 3078 928 3281 980; x_wconf 85' lang='lat' dir='ltr'><strong>lucerna</strong></span> <span class='ocrx_word' id='word_1_539' title='bbox 3328 935 3445 977; x_wconf 73' lang='lat' dir='ltr'><strong>ante</strong></span> 
     </span>
    </p>
   </div>
   <div class='ocr_carea' id='block_1_67' title="bbox 1865 1018 3442 1097">
    <p class='ocr_par' dir='ltr' id='par_1_67' title="bbox 1865 1018 3442 1097">
     <span class='ocr_line' id='line_1_70' title="bbox 1865 1018 3442 1097; baseline -0.008 -15"><span class='ocrx_word' id='word_1_540' title='bbox 1865 1028 2054 1097; x_wconf 69' lang='lat' dir='ltr'><strong>(auten.</strong></span> <span class='ocrx_word' id='word_1_541' title='bbox 2096 1027 2259 1080; x_wconf 83' lang='lat' dir='ltr'><strong>Paulo</strong></span> <span class='ocrx_word' id='word_1_542' title='bbox 2288 1025 2528 1094; x_wconf 88' lang='lat' dir='ltr'><strong>superius</strong></span> <span class='ocrx_word' id='word_1_543' title='bbox 2551 1023 2787 1078; x_wconf 89' lang='lat' dir='ltr'><strong>attende.</strong></span> <span class='ocrx_word' id='word_1_544' title='bbox 2821 1021 2936 1074; x_wconf 76' lang='lat' dir='ltr'><strong>Lux.</strong></span> <span class='ocrx_word' id='word_1_545' title='bbox 2956 1063 2970 1087; x_wconf 89' lang='lat'><strong>,</strong></span> <span class='ocrx_word' id='word_1_546' title='bbox 3010 1020 3197 1087; x_wconf 81' lang='lat' dir='ltr'><strong>inquit,</strong></span> <span class='ocrx_word' id='word_1_547' title='bbox 3232 1018 3362 1071; x_wconf 77' lang='lat' dir='ltr'><strong>lueet</strong></span> <span class='ocrx_word' id='word_1_548' title='bbox 3392 1018 3442 1070; x_wconf 87' lang='lat' dir='ltr'><strong>in</strong></span> 
     </span>
    </p>
   </div>
   <div class='ocr_carea' id='block_1_68' title="bbox 1866 1107 3445 1181">
    <p class='ocr_par' dir='ltr' id='par_1_68' title="bbox 1866 1107 3445 1181">
     <span class='ocr_line' id='line_1_71' title="bbox 1866 1107 3445 1181; baseline -0.006 -10"><span class='ocrx_word' id='word_1_549' title='bbox 1866 1118 2111 1181; x_wconf 83' lang='lat' dir='ltr'><strong>tenebris,</strong></span> <span class='ocrx_word' id='word_1_550' title='bbox 2145 1127 2191 1170; x_wconf 89' lang='lat' dir='ltr'><strong>et</strong></span> <span class='ocrx_word' id='word_1_551' title='bbox 2233 1115 2445 1169; x_wconf 69' lang='lat' dir='ltr'><strong>tenebrat</strong></span> <span class='ocrx_word' id='word_1_552' title='bbox 2484 1131 2593 1169; x_wconf 88' lang='lat' dir='ltr'><strong>eam</strong></span> <span class='ocrx_word' id='word_1_553' title='bbox 2622 1130 2722 1167; x_wconf 88' lang='lat' dir='ltr'><strong>non</strong></span> <span class='ocrx_word' id='word_1_554' title='bbox 2763 1110 3262 1181; x_wconf 79' lang='lat' dir='ltr'><strong>comprehendemnt.</strong></span> <span class='ocrx_word' id='word_1_555' title='bbox 3311 1107 3445 1175; x_wconf 80' lang='lat' dir='ltr'><strong>Quia</strong></span> 
     </span>
    </p>
   </div>
   <div class='ocr_carea' id='block_1_69' title="bbox 1867 1202 3446 1279">
    <p class='ocr_par' dir='ltr' id='par_1_69' title="bbox 1867 1202 3446 1279">
     <span class='ocr_line' id='line_1_72' title="bbox 1867 1202 3446 1279; baseline -0.006 -16"><span class='ocrx_word' id='word_1_556' title='bbox 1867 1224 1996 1279; x_wconf 79' lang='lat' dir='ltr'><strong>ergo</strong></span> <span class='ocrx_word' id='word_1_557' title='bbox 2041 1208 2276 1262; x_wconf 65' lang='lat' dir='ltr'><strong>tenebrae</strong></span> <span class='ocrx_word' id='word_1_558' title='bbox 2322 1207 2498 1260; x_wconf 86' lang='lat' dir='ltr'><strong>lumen</strong></span> <span class='ocrx_word' id='word_1_559' title='bbox 2551 1222 2657 1260; x_wconf 90' lang='lat' dir='ltr'><strong>non</strong></span> <span class='ocrx_word' id='word_1_560' title='bbox 2708 1202 3262 1273; x_wconf 81' lang='lat' dir='ltr'><strong>comprehenderunt,</strong></span> <span class='ocrx_word' id='word_1_561' title='bbox 3312 1216 3446 1269; x_wconf 78' lang='lat' dir='ltr'><strong>Opus</strong></span> 
     </span>
    </p>
   </div>
   <div class='ocr_carea' id='block_1_70' title="bbox 1868 1293 3448 1356">
    <p class='ocr_par' dir='ltr' id='par_1_70' title="bbox 1868 1293 3448 1356">
     <span class='ocr_line' id='line_1_73' title="bbox 1868 1293 3448 1356; baseline -0.008 0"><span class='ocrx_word' id='word_1_562' title='bbox 1868 1312 1986 1356; x_wconf 84' lang='lat' dir='ltr'><strong>erat</strong></span> <span class='ocrx_word' id='word_1_563' title='bbox 2015 1300 2322 1354; x_wconf 89' lang='lat' dir='ltr'><strong>hominibus</strong></span> <span class='ocrx_word' id='word_1_564' title='bbox 2348 1300 2578 1352; x_wconf 90' lang='lat' dir='ltr'><strong>humano</strong></span> <span class='ocrx_word' id='word_1_565' title='bbox 2606 1296 2929 1352; x_wconf 85' lang='lat' dir='ltr'><strong>testimonio.</strong></span> <span class='ocrx_word' id='word_1_566' title='bbox 2957 1295 3102 1348; x_wconf 86' lang='lat' dir='ltr'><strong>Diem</strong></span> <span class='ocrx_word' id='word_1_567' title='bbox 3127 1293 3310 1346; x_wconf 86' lang='lat' dir='ltr'><strong>videre</strong></span> <span class='ocrx_word' id='word_1_568' title='bbox 3341 1306 3448 1344; x_wconf 90' lang='lat' dir='ltr'><strong>nou</strong></span> 
     </span>
    </p>
   </div>
   <div class='ocr_carea' id='block_1_71' title="bbox 1870 1382 3447 1463">
    <p class='ocr_par' dir='ltr' id='par_1_71' title="bbox 1870 1382 3447 1463">
     <span class='ocr_line' id='line_1_74' title="bbox 1870 1382 3447 1463; baseline -0.01 -17"><span class='ocrx_word' id='word_1_569' title='bbox 1870 1400 2159 1463; x_wconf 87' lang='lat' dir='ltr'><strong>poterant,</strong></span> <span class='ocrx_word' id='word_1_570' title='bbox 2212 1391 2481 1445; x_wconf 86' lang='lat' dir='ltr'><strong>lucernam</strong></span> <span class='ocrx_word' id='word_1_571' title='bbox 2530 1388 2668 1442; x_wconf 83' lang='lat' dir='ltr'><strong>forte</strong></span> <span class='ocrx_word' id='word_1_572' title='bbox 2715 1395 2960 1457; x_wconf 79' lang='lat' dir='ltr'><strong>poterant</strong></span> <span class='ocrx_word' id='word_1_573' title='bbox 3015 1385 3260 1438; x_wconf 83' lang='lat' dir='ltr'><strong>tolerare.</strong></span> <span class='ocrx_word' id='word_1_574' title='bbox 3316 1382 3447 1449; x_wconf 77' lang='lat' dir='ltr'><strong>Quia</strong></span> 
     </span>
    </p>
   </div>
   <div class='ocr_carea' id='block_1_72' title="bbox 1871 1474 3449 1553">
    <p class='ocr_par' dir='ltr' id='par_1_72' title="bbox 1871 1474 3449 1553">
     <span class='ocr_line' id='line_1_75' title="bbox 1871 1474 3449 1553; baseline -0.01 -14"><span class='ocrx_word' id='word_1_575' title='bbox 1871 1498 1998 1553; x_wconf 86' lang='lat' dir='ltr'><strong>ergo</strong></span> <span class='ocrx_word' id='word_1_576' title='bbox 2026 1482 2091 1536; x_wconf 89' lang='lat' dir='ltr'><strong>ad</strong></span> <span class='ocrx_word' id='word_1_577' title='bbox 2120 1481 2405 1536; x_wconf 86' lang='lat' dir='ltr'><strong>videndum</strong></span> <span class='ocrx_word' id='word_1_578' title='bbox 2434 1480 2574 1534; x_wconf 90' lang='lat' dir='ltr'><strong>diem</strong></span> <span class='ocrx_word' id='word_1_579' title='bbox 2616 1482 2788 1533; x_wconf 83' lang='lat' dir='ltr'><strong>minus</strong></span> <span class='ocrx_word' id='word_1_580' title='bbox 2827 1477 3001 1532; x_wconf 86' lang='lat' dir='ltr'><strong>idonei</strong></span> <span class='ocrx_word' id='word_1_581' title='bbox 3047 1485 3229 1538; x_wconf 87' lang='lat' dir='ltr'><strong>erant,</strong></span> <span class='ocrx_word' id='word_1_582' title='bbox 3276 1474 3449 1527; x_wconf 84' lang='lat' dir='ltr'><strong>lucer—</strong></span> 
     </span>
    </p>
   </div>
   <div class='ocr_carea' id='block_1_73' title="bbox 1872 1566 3454 1642">
    <p class='ocr_par' dir='ltr' id='par_1_73' title="bbox 1872 1566 3454 1642">
     <span class='ocr_line' id='line_1_76' title="bbox 1872 1566 3454 1642; baseline -0.005 -15"><span class='ocrx_word' id='word_1_583' title='bbox 1872 1589 1994 1628; x_wconf 90' lang='lat' dir='ltr'><strong>nam</strong></span> <span class='ocrx_word' id='word_1_584' title='bbox 2028 1584 2201 1627; x_wconf 84' lang='lat' dir='ltr'><strong>tamen</strong></span> <span class='ocrx_word' id='word_1_585' title='bbox 2235 1584 2521 1642; x_wconf 84' lang='lat' dir='ltr'><strong>utcumque</strong></span> <span class='ocrx_word' id='word_1_586' title='bbox 2564 1571 2897 1633; x_wconf 83' lang='lat' dir='ltr'><strong>tolerabant;</strong></span> <span class='ocrx_word' id='word_1_587' title='bbox 2932 1569 3053 1621; x_wconf 81' lang='lat' dir='ltr'><strong>Fuit</strong></span> <span class='ocrx_word' id='word_1_588' title='bbox 3095 1568 3242 1621; x_wconf 87' lang='lat' dir='ltr'><strong>homo</strong></span> <span class='ocrx_word' id='word_1_589' title='bbox 3272 1566 3454 1620; x_wconf 80' lang='lat' dir='ltr'><strong>missus</strong></span> 
     </span>
    </p>
   </div>
   <div class='ocr_carea' id='block_1_74' title="bbox 1873 1658 3453 1732">
    <p class='ocr_par' dir='ltr' id='par_1_74' title="bbox 1873 1658 3453 1732">
     <span class='ocr_line' id='line_1_77' title="bbox 1873 1658 3453 1732; baseline -0.007 -13"><span class='ocrx_word' id='word_1_590' title='bbox 1873 1683 1905 1719; x_wconf 88' lang='lat' dir='ltr'><strong>a</strong></span> <span class='ocrx_word' id='word_1_591' title='bbox 1935 1665 2062 1732; x_wconf 89' lang='lat' dir='ltr'><strong>Deo,</strong></span> <span class='ocrx_word' id='word_1_592' title='bbox 2093 1667 2172 1719; x_wconf 87' lang='lat' dir='ltr'><strong>cui</strong></span> <span class='ocrx_word' id='word_1_593' title='bbox 2207 1681 2385 1718; x_wconf 91' lang='lat' dir='ltr'><strong>nomen</strong></span> <span class='ocrx_word' id='word_1_594' title='bbox 2413 1674 2519 1718; x_wconf 89' lang='lat' dir='ltr'><strong>erat</strong></span> <span class='ocrx_word' id='word_1_595' title='bbox 2548 1662 2796 1716; x_wconf 85' lang='lat' dir='ltr'><strong>Joannes.</strong></span> <span class='ocrx_word' id='word_1_596' title='bbox 2833 1661 2932 1714; x_wconf 86' lang='lat' dir='ltr'><strong>Ilie</strong></span> <span class='ocrx_word' id='word_1_597' title='bbox 2961 1661 3110 1724; x_wconf 80' lang='lat' dir='ltr'><strong>venit,</strong></span> <span class='ocrx_word' id='word_1_598' title='bbox 3146 1668 3200 1711; x_wconf 90' lang='lat' dir='ltr'><strong>ut</strong></span> <span class='ocrx_word' id='word_1_599' title='bbox 3229 1658 3453 1711; x_wconf 79' lang='lat' dir='ltr'><strong>(estinte-</strong></span> 
     </span>
    </p>
   </div>
   <div class='ocr_carea' id='block_1_75' title="bbox 1874 1750 3458 1823">
    <p class='ocr_par' dir='ltr' id='par_1_75' title="bbox 1874 1750 3458 1823">
     <span class='ocr_line' id='line_1_78' title="bbox 1874 1750 3458 1823; baseline -0.005 -14"><span class='ocrx_word' id='word_1_600' title='bbox 1874 1756 2013 1809; x_wconf 87' lang='lat' dir='ltr'><strong>nium</strong></span> <span class='ocrx_word' id='word_1_601' title='bbox 2045 1755 2323 1823; x_wconf 83' lang='lat' dir='ltr'><strong>perhiberet</strong></span> <span class='ocrx_word' id='word_1_602' title='bbox 2347 1753 2409 1806; x_wconf 82' lang='lat' dir='ltr'><strong>de</strong></span> <span class='ocrx_word' id='word_1_603' title='bbox 2438 1754 2643 1807; x_wconf 88' lang='lat' dir='ltr'><strong>lumine.</strong></span> <span class='ocrx_word' id='word_1_604' title='bbox 2673 1753 2823 1820; x_wconf 86' lang='lat' dir='ltr'><strong>Quis,</strong></span> <span class='ocrx_word' id='word_1_605' title='bbox 2858 1751 2923 1806; x_wconf 86' lang='lat' dir='ltr'><strong>de</strong></span> <span class='ocrx_word' id='word_1_606' title='bbox 2950 1768 3055 1819; x_wconf 80' lang='lat' dir='ltr'><strong>quo</strong></span> <span class='ocrx_word' id='word_1_607' title='bbox 3084 1750 3172 1804; x_wconf 85' lang='lat' dir='ltr'><strong>hic</strong></span> <span class='ocrx_word' id='word_1_608' title='bbox 3202 1750 3366 1814; x_wconf 80' lang='lat' dir='ltr'><strong>venit,</strong></span> <span class='ocrx_word' id='word_1_609' title='bbox 3400 1758 3458 1801; x_wconf 88' lang='lat' dir='ltr'><strong>ut</strong></span> 
     </span>
    </p>
   </div>
   <div class='ocr_carea' id='block_1_76' title="bbox 1879 1839 3455 1914">
    <p class='ocr_par' dir='ltr' id='par_1_76' title="bbox 1879 1839 3455 1914">
     <span class='ocr_line' id='line_1_79' title="bbox 1879 1839 3455 1914; baseline -0.004 -14"><span class='ocrx_word' id='word_1_610' title='bbox 1879 1846 2240 1900; x_wconf 87' lang='lat' dir='ltr'><strong>testimonium</strong></span> <span class='ocrx_word' id='word_1_611' title='bbox 2281 1844 2591 1914; x_wconf 89' lang='lat' dir='ltr'><strong>perhiberet</strong></span> <span class='ocrx_word' id='word_1_612' title='bbox 2618 1843 2685 1898; x_wconf 90' lang='lat' dir='ltr'><strong>de</strong></span> <span class='ocrx_word' id='word_1_613' title='bbox 2717 1844 2913 1896; x_wconf 85' lang='lat' dir='ltr'><strong>lumine</strong></span> <span class='ocrx_word' id='word_1_614' title='bbox 2943 1843 2957 1873; x_wconf 84' lang='grc'>¹</span> <span class='ocrx_word' id='word_1_615' title='bbox 2982 1842 3004 1894; x_wconf 90' lang='lat'><strong>?</strong></span> <span class='ocrx_word' id='word_1_616' title='bbox 3045 1839 3322 1907; x_wconf 78' lang='lat' dir='ltr'><strong>Quomodo</strong></span> <span class='ocrx_word' id='word_1_617' title='bbox 3352 1856 3455 1893; x_wconf 87' lang='lat' dir='ltr'><strong>non</strong></span> 
     </span>
    </p>
   </div>
   <div class='ocr_carea' id='block_1_77' title="bbox 1878 1931 3455 2000">
    <p class='ocr_par' dir='ltr' id='par_1_77' title="bbox 1878 1931 3455 2000">
     <span class='ocr_line' id='line_1_80' title="bbox 1878 1931 3455 2000; baseline -0.006 -8"><span class='ocrx_word' id='word_1_618' title='bbox 1878 1948 1993 1992; x_wconf 89' lang='lat' dir='ltr'><strong>erat</strong></span> <span class='ocrx_word' id='word_1_619' title='bbox 2021 1937 2109 1990; x_wconf 91' lang='lat' dir='ltr'><strong>ille</strong></span> <span class='ocrx_word' id='word_1_620' title='bbox 2135 1938 2333 2000; x_wconf 90' lang='lat' dir='ltr'><strong>lumen,</strong></span> <span class='ocrx_word' id='word_1_621' title='bbox 2365 1936 2407 1989; x_wconf 91' lang='lat' dir='ltr'><strong>si</strong></span> <span class='ocrx_word' id='word_1_622' title='bbox 2435 1935 2520 1989; x_wconf 89' lang='lat' dir='ltr'><strong>vel</strong></span> <span class='ocrx_word' id='word_1_623' title='bbox 2549 1934 2762 1988; x_wconf 87' lang='lat' dir='ltr'><strong>lucerna</strong></span> <span class='ocrx_word' id='word_1_624' title='bbox 2791 1933 2949 1987; x_wconf 85' lang='lat' dir='ltr'><strong>erat?</strong></span> <span class='ocrx_word' id='word_1_625' title='bbox 2986 1933 3162 1985; x_wconf 80' lang='lat' dir='ltr'><strong>l‘rimo</strong></span> <span class='ocrx_word' id='word_1_626' title='bbox 3192 1931 3309 1984; x_wconf 88' lang='lat' dir='ltr'><strong>vide</strong></span> <span class='ocrx_word' id='word_1_627' title='bbox 3334 1931 3455 2000; x_wconf 87' lang='lat' dir='ltr'><strong>quia</strong></span> 
     </span>
    </p>
   </div>
   <div class='ocr_carea' id='block_1_78' title="bbox 1880 2022 3457 2086">
    <p class='ocr_par' dir='ltr' id='par_1_78' title="bbox 1880 2022 3457 2086">
     <span class='ocr_line' id='line_1_81' title="bbox 1880 2022 3457 2086; baseline -0.006 -3"><span class='ocrx_word' id='word_1_628' title='bbox 1880 2028 2093 2084; x_wconf 90' lang='lat' dir='ltr'><strong>lucerna</strong></span> <span class='ocrx_word' id='word_1_629' title='bbox 2125 2037 2257 2082; x_wconf 89' lang='lat' dir='ltr'><strong>erat.</strong></span> <span class='ocrx_word' id='word_1_630' title='bbox 2289 2026 2488 2081; x_wconf 78' lang='lat' dir='ltr'><strong>Audire</strong></span> <span class='ocrx_word' id='word_1_631' title='bbox 2519 2026 2602 2078; x_wconf 85' lang='lat' dir='ltr'><strong>vis</strong></span> <span class='ocrx_word' id='word_1_632' title='bbox 2650 2025 2921 2079; x_wconf 85' lang='lat' dir='ltr'><strong>lucernam</strong></span> <span class='ocrx_word' id='word_1_633' title='bbox 2967 2023 3032 2077; x_wconf 90' lang='lat' dir='ltr'><strong>de</strong></span> <span class='ocrx_word' id='word_1_634' title='bbox 3076 2022 3180 2086; x_wconf 87' lang='lat' dir='ltr'><strong>die,</strong></span> <span class='ocrx_word' id='word_1_635' title='bbox 3229 2031 3282 2075; x_wconf 86' lang='lat' dir='ltr'><strong>et</strong></span> <span class='ocrx_word' id='word_1_636' title='bbox 3317 2022 3457 2074; x_wconf 89' lang='lat' dir='ltr'><strong>diem</strong></span> 
     </span>
    </p>
   </div>
   <div class='ocr_carea' id='block_1_79' title="bbox 1880 2113 3462 2186">
    <p class='ocr_par' dir='ltr' id='par_1_79' title="bbox 1880 2113 3462 2186">
     <span class='ocr_line' id='line_1_82' title="bbox 1880 2113 3462 2186; baseline -0.006 -12"><span class='ocrx_word' id='word_1_637' title='bbox 1880 2119 1949 2174; x_wconf 88' lang='lat' dir='ltr'><strong>de</strong></span> <span class='ocrx_word' id='word_1_638' title='bbox 1978 2120 2193 2174; x_wconf 89' lang='lat' dir='ltr'><strong>lucerna</strong></span> <span class='ocrx_word' id='word_1_639' title='bbox 2219 2119 2280 2171; x_wconf 74' lang='lat' dir='ltr'><strong>&quot;t</strong></span> <span class='ocrx_word' id='word_1_640' title='bbox 2316 2116 2448 2184; x_wconf 83' lang='lat' dir='ltr'><strong>Vos,</strong></span> <span class='ocrx_word' id='word_1_641' title='bbox 2494 2116 2701 2186; x_wconf 89' lang='lat' dir='ltr'><strong>inquit,</strong></span> <span class='ocrx_word' id='word_1_642' title='bbox 2751 2115 2957 2168; x_wconf 67' lang='lat' dir='ltr'><strong>misistis</strong></span> <span class='ocrx_word' id='word_1_643' title='bbox 2999 2114 3066 2167; x_wconf 86' lang='lat' dir='ltr'><strong>ad</strong></span> <span class='ocrx_word' id='word_1_644' title='bbox 3094 2113 3375 2176; x_wconf 82' lang='lat' dir='ltr'><strong>Joannem,</strong></span> <span class='ocrx_word' id='word_1_645' title='bbox 3417 2123 3462 2165; x_wconf 87' lang='lat' dir='ltr'><strong>et</strong></span> 
     </span>
    </p>
   </div>
   <div class='ocr_carea' id='block_1_80' title="bbox 1810 2200 3464 2277">
    <p class='ocr_par' dir='ltr' id='par_1_80' title="bbox 1810 2200 3464 2277">
     <span class='ocr_line' id='line_1_83' title="bbox 1810 2200 3464 2277; baseline -0.007 -8"><span class='ocrx_word' id='word_1_646' title='bbox 1810 2229 1817 2234; x_wconf 84' lang='lat'><strong>&#39;</strong></span> <span class='ocrx_word' id='word_1_647' title='bbox 1882 2213 2107 2269; x_wconf 83' lang='lat' dir='ltr'><strong>voluistis</strong></span> <span class='ocrx_word' id='word_1_648' title='bbox 2142 2212 2210 2267; x_wconf 80' lang='lat' dir='ltr'><strong>ad</strong></span> <span class='ocrx_word' id='word_1_649' title='bbox 2237 2218 2417 2267; x_wconf 89' lang='lat' dir='ltr'><strong>horam</strong></span> <span class='ocrx_word' id='word_1_650' title='bbox 2445 2212 2699 2266; x_wconf 79' lang='lat' dir='ltr'><strong>exsultare</strong></span> <span class='ocrx_word' id='word_1_651' title='bbox 2739 2211 2789 2263; x_wconf 91' lang='lat' dir='ltr'><strong>in</strong></span> <span class='ocrx_word' id='word_1_652' title='bbox 2833 2209 3023 2263; x_wconf 88' lang='lat' dir='ltr'><strong>lumine</strong></span> <span class='ocrx_word' id='word_1_653' title='bbox 3056 2200 3163 2277; x_wconf 82' lang='lat' dir='ltr'><strong>ejus</strong></span> <span class='ocrx_word' id='word_1_654' title='bbox 3196 2224 3214 2260; x_wconf 89' lang='lat'><em>:</em></span> <span class='ocrx_word' id='word_1_655' title='bbox 3244 2206 3331 2260; x_wconf 88' lang='lat' dir='ltr'><strong>ille</strong></span> <span class='ocrx_word' id='word_1_656' title='bbox 3358 2218 3464 2260; x_wconf 87' lang='lat' dir='ltr'><strong>erat</strong></span> 
     </span>
    </p>
   </div>
   <div class='ocr_carea' id='block_1_81' title="bbox 1885 2299 3466 2372">
    <p class='ocr_par' dir='ltr' id='par_1_81' title="bbox 1885 2299 3466 2372">
     <span class='ocr_line' id='line_1_84' title="bbox 1885 2299 3466 2372; baseline -0.005 -13"><span class='ocrx_word' id='word_1_657' title='bbox 1885 2307 2092 2361; x_wconf 87' lang='lat' dir='ltr'><strong>lucerna</strong></span> <span class='ocrx_word' id='word_1_658' title='bbox 2119 2305 2300 2358; x_wconf 85' lang='lat' dir='ltr'><strong>ardens</strong></span> <span class='ocrx_word' id='word_1_659' title='bbox 2336 2314 2384 2357; x_wconf 89' lang='lat' dir='ltr'><strong>et</strong></span> <span class='ocrx_word' id='word_1_660' title='bbox 2413 2304 2585 2357; x_wconf 85' lang='lat' dir='ltr'><strong>lucens</strong></span> <span class='ocrx_word' id='word_1_661' title='bbox 2624 2301 2809 2372; x_wconf 88' lang='lat' dir='ltr'><strong>(Joan.</strong></span> <span class='ocrx_word' id='word_1_662' title='bbox 2833 2317 2885 2365; x_wconf 88' lang='lat' dir='ltr'><strong>v,</strong></span> <span class='ocrx_word' id='word_1_663' title='bbox 2914 2302 2981 2355; x_wconf 82' lang='grc'><strong>55</strong></span> <span class='ocrx_word' id='word_1_664' title='bbox 3006 2310 3052 2354; x_wconf 90' lang='lat' dir='ltr'><strong>et</strong></span> <span class='ocrx_word' id='word_1_665' title='bbox 3079 2299 3206 2369; x_wconf 83' lang='grc'><strong>55).</strong></span> <span class='ocrx_word' id='word_1_666' title='bbox 3231 2299 3466 2354; x_wconf 81' lang='lat' dir='ltr'><strong>Joannes</strong></span> 
     </span>
    </p>
   </div>
   <div class='ocr_carea' id='block_1_82' title="bbox 1886 2390 3468 2470">
    <p class='ocr_par' dir='ltr' id='par_1_82' title="bbox 1886 2390 3468 2470">
     <span class='ocr_line' id='line_1_85' title="bbox 1886 2390 3468 2470; baseline -0.009 -16"><span class='ocrx_word' id='word_1_667' title='bbox 1886 2413 2017 2470; x_wconf 85' lang='lat' dir='ltr'><strong>ergo</strong></span> <span class='ocrx_word' id='word_1_668' title='bbox 2044 2398 2143 2452; x_wconf 90' lang='lat' dir='ltr'><strong>iste</strong></span> <span class='ocrx_word' id='word_1_669' title='bbox 2172 2396 2299 2465; x_wconf 86' lang='lat' dir='ltr'><strong>quid</strong></span> <span class='ocrx_word' id='word_1_670' title='bbox 2325 2394 2575 2456; x_wconf 89' lang='lat' dir='ltr'><strong>videbat,</strong></span> <span class='ocrx_word' id='word_1_671' title='bbox 2619 2394 2705 2462; x_wconf 88' lang='lat' dir='ltr'><strong>qui</strong></span> <span class='ocrx_word' id='word_1_672' title='bbox 2737 2393 3009 2445; x_wconf 88' lang='lat' dir='ltr'><strong>lucernam</strong></span> <span class='ocrx_word' id='word_1_673' title='bbox 3048 2390 3468 2445; x_wconf 85' lang='lat' dir='ltr'><strong>contemnebat?</strong></span> 
     </span>
    </p>
   </div>
   <div class='ocr_carea' id='block_1_83' title="bbox 1890 2479 3469 2550">
    <p class='ocr_par' dir='ltr' id='par_1_83' title="bbox 1890 2479 3469 2550">
     <span class='ocr_line' id='line_1_86' title="bbox 1890 2479 3469 2550; baseline -0.008 -6"><span class='ocrx_word' id='word_1_674' title='bbox 1890 2488 2011 2544; x_wconf 84' lang='lat' dir='ltr'><strong>Non</strong></span> <span class='ocrx_word' id='word_1_675' title='bbox 2040 2496 2146 2542; x_wconf 79' lang='lat' dir='ltr'><strong>erat</strong></span> <span class='ocrx_word' id='word_1_676' title='bbox 2174 2488 2258 2541; x_wconf 88' lang='lat' dir='ltr'><strong>ille</strong></span> <span class='ocrx_word' id='word_1_677' title='bbox 2285 2487 2453 2540; x_wconf 88' lang='lat' dir='ltr'><strong>lumen</strong></span> <span class='ocrx_word' id='word_1_678' title='bbox 2473 2526 2487 2550; x_wconf 94' lang='lat'><strong>,</strong></span> <span class='ocrx_word' id='word_1_679' title='bbox 2532 2484 2619 2537; x_wconf 86' lang='lat' dir='ltr'><strong>sed</strong></span> <span class='ocrx_word' id='word_1_680' title='bbox 2650 2493 2703 2536; x_wconf 91' lang='lat' dir='ltr'><strong>ut</strong></span> <span class='ocrx_word' id='word_1_681' title='bbox 2734 2483 3068 2535; x_wconf 88' lang='lat' dir='ltr'><strong>testimonium</strong></span> <span class='ocrx_word' id='word_1_682' title='bbox 3096 2479 3372 2548; x_wconf 84' lang='lat' dir='ltr'><strong>perhiberet</strong></span> <span class='ocrx_word' id='word_1_683' title='bbox 3407 2480 3469 2532; x_wconf 85' lang='lat' dir='ltr'><strong>de</strong></span> 
     </span>
    </p>
   </div>
   <div class='ocr_carea' id='block_1_84' title="bbox 1892 2572 3472 2649">
    <p class='ocr_par' dir='ltr' id='par_1_84' title="bbox 1892 2572 3472 2649">
     <span class='ocr_line' id='line_1_87' title="bbox 1892 2572 3472 2649; baseline -0.006 -15"><span class='ocrx_word' id='word_1_684' title='bbox 1892 2581 2097 2635; x_wconf 86' lang='lat' dir='ltr'><strong>lumine.</strong></span> <span class='ocrx_word' id='word_1_685' title='bbox 2150 2580 2225 2634; x_wconf 88' lang='lat' dir='ltr'><strong>Dc</strong></span> <span class='ocrx_word' id='word_1_686' title='bbox 2263 2594 2370 2649; x_wconf 90' lang='lat' dir='ltr'><strong>quo</strong></span> <span class='ocrx_word' id='word_1_687' title='bbox 2417 2576 2658 2633; x_wconf 78' lang='lat' dir='ltr'><strong>lumine?</strong></span> <span class='ocrx_word' id='word_1_688' title='bbox 2708 2572 2835 2629; x_wconf 86' lang='lat' dir='ltr'><strong>Erat</strong></span> <span class='ocrx_word' id='word_1_689' title='bbox 2877 2574 3045 2627; x_wconf 89' lang='lat' dir='ltr'><strong>lumen</strong></span> <span class='ocrx_word' id='word_1_690' title='bbox 3084 2588 3291 2640; x_wconf 84' lang='lat' dir='ltr'><strong>verum,</strong></span> <span class='ocrx_word' id='word_1_691' title='bbox 3335 2572 3472 2642; x_wconf 80' lang='lat' dir='ltr'><strong>quod</strong></span> 
     </span>
    </p>
   </div>
   <div class='ocr_carea' id='block_1_85' title="bbox 1890 2665 3470 2728">
    <p class='ocr_par' dir='ltr' id='par_1_85' title="bbox 1890 2665 3470 2728">
     <span class='ocr_line' id='line_1_88' title="bbox 1890 2665 3470 2728; baseline -0.006 0"><span class='ocrx_word' id='word_1_692' title='bbox 1890 2673 2147 2728; x_wconf 83' lang='lat' dir='ltr'><strong>illuminat</strong></span> <span class='ocrx_word' id='word_1_693' title='bbox 2176 2688 2373 2726; x_wconf 89' lang='lat' dir='ltr'><strong>omnem</strong></span> <span class='ocrx_word' id='word_1_694' title='bbox 2400 2670 2652 2723; x_wconf 88' lang='lat' dir='ltr'><strong>hominem</strong></span> <span class='ocrx_word' id='word_1_695' title='bbox 2678 2667 2953 2722; x_wconf 82' lang='lat' dir='ltr'><strong>venientem</strong></span> <span class='ocrx_word' id='word_1_696' title='bbox 2973 2666 3026 2719; x_wconf 90' lang='lat' dir='ltr'><strong>in</strong></span> <span class='ocrx_word' id='word_1_697' title='bbox 3050 2665 3183 2719; x_wconf 85' lang='lat' dir='ltr'><strong>hunc</strong></span> <span class='ocrx_word' id='word_1_698' title='bbox 3204 2665 3470 2719; x_wconf 77' lang='lat' dir='ltr'><strong>mundum.</strong></span> 
     </span>
    </p>
   </div>
   <div class='ocr_carea' id='block_1_86' title="bbox 1894 2757 3475 2830">
    <p class='ocr_par' dir='ltr' id='par_1_86' title="bbox 1894 2757 3475 2830">
     <span class='ocr_line' id='line_1_89' title="bbox 1894 2757 3475 2830; baseline -0.004 -12"><span class='ocrx_word' id='word_1_699' title='bbox 1894 2765 1949 2819; x_wconf 90' lang='lat' dir='ltr'><strong>Si</strong></span> <span class='ocrx_word' id='word_1_700' title='bbox 1981 2779 2193 2819; x_wconf 90' lang='lat' dir='ltr'><strong>omnem</strong></span> <span class='ocrx_word' id='word_1_701' title='bbox 2222 2762 2515 2830; x_wconf 86' lang='lat' dir='ltr'><strong>hominem,</strong></span> <span class='ocrx_word' id='word_1_702' title='bbox 2539 2775 2667 2830; x_wconf 89' lang='lat' dir='ltr'><strong>ergo</strong></span> <span class='ocrx_word' id='word_1_703' title='bbox 2693 2769 2745 2814; x_wconf 92' lang='lat' dir='ltr'><strong>et</strong></span> <span class='ocrx_word' id='word_1_704' title='bbox 2768 2757 3049 2814; x_wconf 84' lang='lat' dir='ltr'><strong>Joannem.</strong></span> <span class='ocrx_word' id='word_1_705' title='bbox 3074 2757 3175 2825; x_wconf 91' lang='lat' dir='ltr'><strong>Qui</strong></span> <span class='ocrx_word' id='word_1_706' title='bbox 3201 2758 3437 2814; x_wconf 85' lang='lat' dir='ltr'><strong>nondum</strong></span> <span class='ocrx_word' id='word_1_707' title='bbox 3454 2758 3475 2789; x_wconf 85' lang='grc'><strong><em>³</em></strong></span> 
     </span>
    </p>
   </div>
   <div class='ocr_carea' id='block_1_87' title="bbox 1895 2848 3475 2919">
    <p class='ocr_par' dir='ltr' id='par_1_87' title="bbox 1895 2848 3475 2919">
     <span class='ocr_line' id='line_1_90' title="bbox 1895 2848 3475 2919; baseline -0.006 -7"><span class='ocrx_word' id='word_1_708' title='bbox 1895 2869 1954 2912; x_wconf 86' lang='lat' dir='ltr'><strong>se</strong></span> <span class='ocrx_word' id='word_1_709' title='bbox 1984 2856 2196 2910; x_wconf 90' lang='lat' dir='ltr'><strong>volebat</strong></span> <span class='ocrx_word' id='word_1_710' title='bbox 2222 2853 2508 2908; x_wconf 88' lang='lat' dir='ltr'><strong>ostendere</strong></span> <span class='ocrx_word' id='word_1_711' title='bbox 2537 2852 2675 2905; x_wconf 90' lang='lat' dir='ltr'><strong>diem</strong></span> <span class='ocrx_word' id='word_1_712' title='bbox 2698 2892 2713 2915; x_wconf 92' lang='lat'><strong>,</strong></span> <span class='ocrx_word' id='word_1_713' title='bbox 2757 2849 2870 2919; x_wconf 87' lang='lat' dir='ltr'><strong>ipse</strong></span> <span class='ocrx_word' id='word_1_714' title='bbox 2900 2848 3000 2903; x_wconf 84' lang='lat' dir='ltr'><strong>sibi</strong></span> <span class='ocrx_word' id='word_1_715' title='bbox 3028 2862 3183 2903; x_wconf 87' lang='lat' dir='ltr'><strong>suam</strong></span> <span class='ocrx_word' id='word_1_716' title='bbox 3215 2848 3475 2903; x_wconf 87' lang='lat' dir='ltr'><strong>accende-</strong></span> 
     </span>
    </p>
   </div>
   <div class='ocr_carea' id='block_1_88' title="bbox 1896 2939 3478 3010">
    <p class='ocr_par' dir='ltr' id='par_1_88' title="bbox 1896 2939 3478 3010">
     <span class='ocr_line' id='line_1_91' title="bbox 1896 2939 3478 3010; baseline -0.005 -8"><span class='ocrx_word' id='word_1_717' title='bbox 1896 2957 1978 3003; x_wconf 89' lang='lat' dir='ltr'><strong>rat</strong></span> <span class='ocrx_word' id='word_1_718' title='bbox 2008 2955 2195 3001; x_wconf 79' lang='lat' dir='ltr'><strong>testem</strong></span> <span class='ocrx_word' id='word_1_719' title='bbox 2226 2946 2521 3000; x_wconf 88' lang='lat' dir='ltr'><strong>lucernam.</strong></span> <span class='ocrx_word' id='word_1_720' title='bbox 2555 2942 2658 2997; x_wconf 87' lang='lat' dir='ltr'><strong>Sed</strong></span> <span class='ocrx_word' id='word_1_721' title='bbox 2691 2943 2810 2996; x_wconf 84' lang='lat' dir='ltr'><strong>talis</strong></span> <span class='ocrx_word' id='word_1_722' title='bbox 2840 2950 2955 2995; x_wconf 90' lang='lat' dir='ltr'><strong>erat</strong></span> <span class='ocrx_word' id='word_1_723' title='bbox 2979 2939 3229 3008; x_wconf 88' lang='lat' dir='ltr'><strong>lucerna,</strong></span> <span class='ocrx_word' id='word_1_724' title='bbox 3262 2957 3382 3010; x_wconf 71' lang='lat' dir='ltr'><strong>qua:</strong></span> <span class='ocrx_word' id='word_1_725' title='bbox 3412 2940 3478 2995; x_wconf 89' lang='lat' dir='ltr'><strong>dc</strong></span> 
     </span>
    </p>
   </div>
   <div class='ocr_carea' id='block_1_89' title="bbox 1898 3031 3479 3111">
    <p class='ocr_par' dir='ltr' id='par_1_89' title="bbox 1898 3031 3479 3111">
     <span class='ocr_line' id='line_1_92' title="bbox 1898 3031 3479 3111; baseline -0.007 -14"><span class='ocrx_word' id='word_1_726' title='bbox 1898 3041 1984 3097; x_wconf 88' lang='lat' dir='ltr'><strong>die</strong></span> <span class='ocrx_word' id='word_1_727' title='bbox 2022 3047 2201 3111; x_wconf 87' lang='lat' dir='ltr'><strong>posset</strong></span> <span class='ocrx_word' id='word_1_728' title='bbox 2238 3037 2476 3092; x_wconf 86' lang='lat' dir='ltr'><strong>accendi.</strong></span> <span class='ocrx_word' id='word_1_729' title='bbox 2526 3036 2664 3090; x_wconf 87' lang='lat' dir='ltr'><strong>Audi</strong></span> <span class='ocrx_word' id='word_1_730' title='bbox 2705 3035 2877 3104; x_wconf 89' lang='lat' dir='ltr'><strong>ipsum</strong></span> <span class='ocrx_word' id='word_1_731' title='bbox 2916 3031 3181 3089; x_wconf 71' lang='lat' dir='ltr'><strong>Joannem</strong></span> <span class='ocrx_word' id='word_1_732' title='bbox 3215 3032 3479 3087; x_wconf 89' lang='lat' dir='ltr'><strong>conﬁten-</strong></span> 
     </span>
    </p>
   </div>
   <div class='ocr_carea' id='block_1_90' title="bbox 1900 3124 3481 3200">
    <p class='ocr_par' dir='ltr' id='par_1_90' title="bbox 1900 3124 3481 3200">
     <span class='ocr_line' id='line_1_93' title="bbox 1900 3124 3481 3200; baseline -0.008 -11"><span class='ocrx_word' id='word_1_733' title='bbox 1900 3141 2007 3189; x_wconf 87' lang='lat' dir='ltr'><strong>tem</strong></span> <span class='ocrx_word' id='word_1_734' title='bbox 2033 3150 2047 3185; x_wconf 88' lang='lat'><strong>:</strong></span> <span class='ocrx_word' id='word_1_735' title='bbox 2082 3131 2193 3185; x_wconf 86' lang='lat' dir='ltr'><strong>Nos</strong></span> <span class='ocrx_word' id='word_1_736' title='bbox 2216 3172 2231 3195; x_wconf 96' lang='lat'><strong>,</strong></span> <span class='ocrx_word' id='word_1_737' title='bbox 2265 3130 2472 3200; x_wconf 90' lang='lat' dir='ltr'><strong>inquit,</strong></span> <span class='ocrx_word' id='word_1_738' title='bbox 2504 3145 2674 3183; x_wconf 86' lang='lat' dir='ltr'><strong>omnes</strong></span> <span class='ocrx_word' id='word_1_739' title='bbox 2705 3126 2767 3180; x_wconf 89' lang='lat' dir='ltr'><strong>de</strong></span> <span class='ocrx_word' id='word_1_740' title='bbox 2795 3126 3107 3198; x_wconf 82' lang='lat' dir='ltr'><strong>plenitudine</strong></span> <span class='ocrx_word' id='word_1_741' title='bbox 3134 3126 3243 3196; x_wconf 84' lang='lat' dir='ltr'><strong>ejus</strong></span> <span class='ocrx_word' id='word_1_742' title='bbox 3282 3124 3481 3196; x_wconf 85' lang='lat' dir='ltr'><strong>accepi-</strong></span> 
     </span>
    </p>
   </div>
   <div class='ocr_carea' id='block_1_91' title="bbox 1901 3216 3479 3290">
    <p class='ocr_par' dir='ltr' id='par_1_91' title="bbox 1901 3216 3479 3290">
     <span class='ocr_line' id='line_1_94' title="bbox 1901 3216 3479 3290; baseline -0.007 -12"><span class='ocrx_word' id='word_1_743' title='bbox 1901 3241 2033 3278; x_wconf 90' lang='lat' dir='ltr'><strong>mus.</strong></span> <span class='ocrx_word' id='word_1_744' title='bbox 2065 3223 2309 3277; x_wconf 75' lang='lat' dir='ltr'><strong>Christus</strong></span> <span class='ocrx_word' id='word_1_745' title='bbox 2337 3220 2640 3290; x_wconf 86' lang='lat' dir='ltr'><strong>putabatur,</strong></span> <span class='ocrx_word' id='word_1_746' title='bbox 2669 3217 2939 3274; x_wconf 87' lang='lat' dir='ltr'><strong>hominem</strong></span> <span class='ocrx_word' id='word_1_747' title='bbox 2967 3232 3025 3271; x_wconf 90' lang='lat' dir='ltr'><strong>se</strong></span> <span class='ocrx_word' id='word_1_748' title='bbox 3050 3231 3171 3272; x_wconf 89' lang='lat' dir='ltr'><strong>esse</strong></span> <span class='ocrx_word' id='word_1_749' title='bbox 3201 3216 3479 3270; x_wconf 76' lang='lat' dir='ltr'><strong>fatebatur.</strong></span> 
     </span>
    </p>
   </div>
   <div class='ocr_carea' id='block_1_92' title="bbox 1906 3306 3480 3382">
    <p class='ocr_par' dir='ltr' id='par_1_92' title="bbox 1906 3306 3480 3382">
     <span class='ocr_line' id='line_1_95' title="bbox 1906 3306 3480 3382; baseline -0.008 -13"><span class='ocrx_word' id='word_1_750' title='bbox 1906 3315 2163 3369; x_wconf 87' lang='lat' dir='ltr'><strong>Dominus</strong></span> <span class='ocrx_word' id='word_1_751' title='bbox 2210 3311 2529 3382; x_wconf 86' lang='lat' dir='ltr'><strong>putabatur,</strong></span> <span class='ocrx_word' id='word_1_752' title='bbox 2575 3323 2793 3364; x_wconf 84' lang='lat' dir='ltr'><strong>servum</strong></span> <span class='ocrx_word' id='word_1_753' title='bbox 2839 3323 2899 3363; x_wconf 90' lang='lat' dir='ltr'><strong>se</strong></span> <span class='ocrx_word' id='word_1_754' title='bbox 2947 3323 3069 3362; x_wconf 88' lang='lat' dir='ltr'><strong>esse</strong></span> <span class='ocrx_word' id='word_1_755' title='bbox 3112 3306 3480 3361; x_wconf 84' lang='lat' dir='ltr'><strong>conﬁtebatur.</strong></span> 
     </span>
    </p>
   </div>
   <div class='ocr_carea' id='block_1_93' title="bbox 1905 3398 3485 3474">
    <p class='ocr_par' dir='ltr' id='par_1_93' title="bbox 1905 3398 3485 3474">
     <span class='ocr_line' id='line_1_96' title="bbox 1905 3398 3485 3474; baseline -0.008 -13"><span class='ocrx_word' id='word_1_756' title='bbox 1905 3406 2049 3461; x_wconf 86' lang='lat' dir='ltr'><strong>Bene</strong></span> <span class='ocrx_word' id='word_1_757' title='bbox 2090 3403 2367 3474; x_wconf 83' lang='lat' dir='ltr'><strong>agnoscis,</strong></span> <span class='ocrx_word' id='word_1_758' title='bbox 2409 3400 2665 3468; x_wconf 86' lang='lat' dir='ltr'><strong>lucerna,</strong></span> <span class='ocrx_word' id='word_1_759' title='bbox 2717 3398 3070 3455; x_wconf 87' lang='lat' dir='ltr'><strong>humilitatem</strong></span> <span class='ocrx_word' id='word_1_760' title='bbox 3104 3407 3278 3461; x_wconf 88' lang='lat' dir='ltr'><strong>tuam,</strong></span> <span class='ocrx_word' id='word_1_761' title='bbox 3330 3410 3396 3450; x_wconf 89' lang='lat' dir='ltr'><strong>ne</strong></span> <span class='ocrx_word' id='word_1_762' title='bbox 3436 3405 3485 3449; x_wconf 83' lang='lat' dir='ltr'><strong>te</strong></span> 
     </span>
    </p>
   </div>
   <div class='ocr_carea' id='block_1_94' title="bbox 1906 3489 3485 3568">
    <p class='ocr_par' dir='ltr' id='par_1_94' title="bbox 1906 3489 3485 3568">
     <span class='ocr_line' id='line_1_97' title="bbox 1906 3489 3485 3568; baseline -0.009 -15"><span class='ocrx_word' id='word_1_763' title='bbox 1906 3497 2170 3568; x_wconf 69' lang='lat' dir='ltr'><strong>superbire</strong></span> <span class='ocrx_word' id='word_1_764' title='bbox 2200 3503 2391 3550; x_wconf 88' lang='lat' dir='ltr'><strong>ventus</strong></span> <span class='ocrx_word' id='word_1_765' title='bbox 2417 3494 2739 3564; x_wconf 70' lang='lat' dir='ltr'><strong>exstinguat.</strong></span> <span class='ocrx_word' id='word_1_766' title='bbox 2772 3491 2899 3545; x_wconf 86' lang='lat' dir='ltr'><strong>Erat</strong></span> <span class='ocrx_word' id='word_1_767' title='bbox 2929 3490 3069 3545; x_wconf 85' lang='lat' dir='ltr'><strong>enim</strong></span> <span class='ocrx_word' id='word_1_768' title='bbox 3101 3489 3269 3543; x_wconf 87' lang='lat' dir='ltr'><strong>lumen</strong></span> <span class='ocrx_word' id='word_1_769' title='bbox 3295 3504 3485 3550; x_wconf 82' lang='lat' dir='ltr'><strong>verum,</strong></span> 
     </span>
    </p>
   </div>
   <div class='ocr_carea' id='block_1_95' title="bbox 1907 3578 3488 3661">
    <p class='ocr_par' dir='ltr' id='par_1_95' title="bbox 1907 3578 3488 3661">
     <span class='ocr_line' id='line_1_98' title="bbox 1907 3578 3488 3661; baseline -0.009 -17"><span class='ocrx_word' id='word_1_770' title='bbox 1907 3590 2041 3661; x_wconf 82' lang='lat' dir='ltr'><strong>quod</strong></span> <span class='ocrx_word' id='word_1_771' title='bbox 2091 3588 2346 3643; x_wconf 88' lang='lat' dir='ltr'><strong>illuminat</strong></span> <span class='ocrx_word' id='word_1_772' title='bbox 2390 3600 2590 3641; x_wconf 86' lang='lat' dir='ltr'><strong>onmem</strong></span> <span class='ocrx_word' id='word_1_773' title='bbox 2637 3584 2890 3638; x_wconf 87' lang='lat' dir='ltr'><strong>hominem</strong></span> <span class='ocrx_word' id='word_1_774' title='bbox 2931 3582 3203 3635; x_wconf 77' lang='lat' dir='ltr'><strong>uenientem</strong></span> <span class='ocrx_word' id='word_1_775' title='bbox 3246 3579 3308 3632; x_wconf 90' lang='lat' dir='ltr'><strong>.in</strong></span> <span class='ocrx_word' id='word_1_776' title='bbox 3355 3578 3488 3631; x_wconf 88' lang='lat' dir='ltr'><strong>hunc</strong></span> 
     </span>
    </p>
   </div>
   <div class='ocr_carea' id='block_1_96' title="bbox 1909 3671 3489 3743">
    <p class='ocr_par' dir='ltr' id='par_1_96' title="bbox 1909 3671 3489 3743">
     <span class='ocr_line' id='line_1_99' title="bbox 1909 3671 3489 3743; baseline -0.006 -9"><span class='ocrx_word' id='word_1_777' title='bbox 1909 3680 2156 3735; x_wconf 88' lang='lat' dir='ltr'><strong>mundum</strong></span> <span class='ocrx_word' id='word_1_778' title='bbox 2185 3693 2205 3732; x_wconf 92' lang='lat'><strong><em>:</em></strong></span> <span class='ocrx_word' id='word_1_779' title='bbox 2237 3676 2290 3732; x_wconf 92' lang='lat' dir='ltr'><strong>id</strong></span> <span class='ocrx_word' id='word_1_780' title='bbox 2314 3685 2400 3734; x_wconf 78' lang='lat' dir='ltr'><strong>est</strong></span> <span class='ocrx_word' id='word_1_781' title='bbox 2422 3692 2583 3732; x_wconf 88' lang='lat' dir='ltr'><strong>omne</strong></span> <span class='ocrx_word' id='word_1_782' title='bbox 2612 3675 2832 3740; x_wconf 87' lang='lat' dir='ltr'><strong>animal,</strong></span> <span class='ocrx_word' id='word_1_783' title='bbox 2862 3673 3004 3743; x_wconf 89' lang='lat' dir='ltr'><strong>quod</strong></span> <span class='ocrx_word' id='word_1_784' title='bbox 3030 3683 3112 3727; x_wconf 91' lang='lat' dir='ltr'><strong>est</strong></span> <span class='ocrx_word' id='word_1_785' title='bbox 3140 3671 3489 3726; x_wconf 90' lang='lat' dir='ltr'><strong>illuminatio-</strong></span> 
     </span>
    </p>
   </div>
   <div class='ocr_carea' id='block_1_97' title="bbox 1913 3764 3490 3842">
    <p class='ocr_par' dir='ltr' id='par_1_97' title="bbox 1913 3764 3490 3842">
     <span class='ocr_line' id='line_1_100' title="bbox 1913 3764 3490 3842; baseline -0.007 -14"><span class='ocrx_word' id='word_1_786' title='bbox 1913 3774 1996 3828; x_wconf 89' lang='lat' dir='ltr'><strong>nis</strong></span> <span class='ocrx_word' id='word_1_787' title='bbox 2021 3786 2209 3842; x_wconf 77' lang='lat' dir='ltr'><strong>capax,</strong></span> <span class='ocrx_word' id='word_1_788' title='bbox 2246 3769 2348 3826; x_wconf 90' lang='lat' dir='ltr'><strong>hoc</strong></span> <span class='ocrx_word' id='word_1_789' title='bbox 2377 3777 2460 3825; x_wconf 89' lang='lat' dir='ltr'><strong>est</strong></span> <span class='ocrx_word' id='word_1_790' title='bbox 2487 3782 2702 3823; x_wconf 84' lang='lat' dir='ltr'><strong>omnem</strong></span> <span class='ocrx_word' id='word_1_791' title='bbox 2732 3766 2998 3820; x_wconf 87' lang='lat' dir='ltr'><strong>hominem</strong></span> <span class='ocrx_word' id='word_1_792' title='bbox 3029 3764 3312 3819; x_wconf 82' lang='lat' dir='ltr'><strong>habentem</strong></span> <span class='ocrx_word' id='word_1_793' title='bbox 3341 3779 3490 3817; x_wconf 87' lang='lat' dir='ltr'><strong>men-</strong></span> 
     </span>
    </p>
   </div>
   <div class='ocr_carea' id='block_1_98' title="bbox 1911 3855 3490 3932">
    <p class='ocr_par' dir='ltr' id='par_1_98' title="bbox 1911 3855 3490 3932">
     <span class='ocr_line' id='line_1_101' title="bbox 1911 3855 3490 3932; baseline -0.006 -14"><span class='ocrx_word' id='word_1_794' title='bbox 1911 3873 2019 3918; x_wconf 90' lang='lat' dir='ltr'><strong>tem</strong></span> <span class='ocrx_word' id='word_1_795' title='bbox 2048 3871 2210 3932; x_wconf 86' lang='lat' dir='ltr'><strong>atque</strong></span> <span class='ocrx_word' id='word_1_796' title='bbox 2235 3863 2518 3925; x_wconf 89' lang='lat' dir='ltr'><strong>rationem,</strong></span> <span class='ocrx_word' id='word_1_797' title='bbox 2549 3871 2649 3929; x_wconf 88' lang='lat' dir='ltr'><strong>qua</strong></span> <span class='ocrx_word' id='word_1_798' title='bbox 2677 3857 2845 3927; x_wconf 86' lang='lat' dir='ltr'><strong>possit</strong></span> <span class='ocrx_word' id='word_1_799' title='bbox 2873 3871 2991 3910; x_wconf 86' lang='lat' dir='ltr'><strong>esse</strong></span> <span class='ocrx_word' id='word_1_800' title='bbox 3018 3855 3287 3925; x_wconf 88' lang='lat' dir='ltr'><strong>particeps</strong></span> <span class='ocrx_word' id='word_1_801' title='bbox 3310 3855 3490 3910; x_wconf 73' lang='lat' dir='ltr'><strong>Verbi.</strong></span> 
     </span>
    </p>
   </div>
   <div class='ocr_carea' id='block_1_99' title="bbox 1986 3945 3493 4017">
    <p class='ocr_par' dir='ltr' id='par_1_99' title="bbox 1986 3945 3493 4017">
     <span class='ocr_line' id='line_1_102' title="bbox 1986 3945 3493 4017; baseline -0.007 -9"><span class='ocrx_word' id='word_1_802' title='bbox 1986 3954 2042 4008; x_wconf 82' lang='lat'><strong>5.</strong></span> <span class='ocrx_word' id='word_1_803' title='bbox 2097 3953 2323 4009; x_wconf 81' lang='lat' dir='ltr'><strong>Mundus</strong></span> <span class='ocrx_word' id='word_1_804' title='bbox 2368 3950 2560 4004; x_wconf 88' lang='lat' dir='ltr'><strong>duobus</strong></span> <span class='ocrx_word' id='word_1_805' title='bbox 2608 3948 2771 4002; x_wconf 82' lang='lat' dir='ltr'><strong>modis</strong></span> <span class='ocrx_word' id='word_1_806' title='bbox 2820 3946 3137 4017; x_wconf 85' lang='lat' dir='ltr'><strong>intelligitur.</strong></span> <span class='ocrx_word' id='word_1_807' title='bbox 3193 3945 3323 3999; x_wconf 90' lang='lat' dir='ltr'><strong>Illud</strong></span> <span class='ocrx_word' id='word_1_808' title='bbox 3367 3961 3493 4015; x_wconf 80' lang='lat' dir='ltr'><strong>ergo</strong></span> 
     </span>
    </p>
   </div>
   <div class='ocr_carea' id='block_1_100' title="bbox 1916 4036 3494 4117">
    <p class='ocr_par' dir='ltr' id='par_1_100' title="bbox 1916 4036 3494 4117">
     <span class='ocr_line' id='line_1_103' title="bbox 1916 4036 3494 4117; baseline -0.008 -14"><span class='ocrx_word' id='word_1_809' title='bbox 1916 4046 2060 4117; x_wconf 88' lang='lat' dir='ltr'><strong>quod</strong></span> <span class='ocrx_word' id='word_1_810' title='bbox 2088 4054 2203 4100; x_wconf 90' lang='lat' dir='ltr'><strong>crat</strong></span> <span class='ocrx_word' id='word_1_811' title='bbox 2230 4045 2409 4098; x_wconf 90' lang='lat' dir='ltr'><strong>lumen</strong></span> <span class='ocrx_word' id='word_1_812' title='bbox 2440 4056 2655 4103; x_wconf 89' lang='lat' dir='ltr'><strong>verum,</strong></span> <span class='ocrx_word' id='word_1_813' title='bbox 2697 4038 2837 4111; x_wconf 90' lang='lat' dir='ltr'><strong>quod</strong></span> <span class='ocrx_word' id='word_1_814' title='bbox 2870 4038 3126 4093; x_wconf 88' lang='lat' dir='ltr'><strong>illuminat</strong></span> <span class='ocrx_word' id='word_1_815' title='bbox 3158 4052 3371 4091; x_wconf 87' lang='lat' dir='ltr'><strong>omnem</strong></span> <span class='ocrx_word' id='word_1_816' title='bbox 3400 4036 3494 4091; x_wconf 92' lang='lat' dir='ltr'><strong>ho-</strong></span> 
     </span>
    </p>
   </div>
   <div class='ocr_carea' id='block_1_101' title="bbox 1920 4127 3496 4193">
    <p class='ocr_par' dir='ltr' id='par_1_101' title="bbox 1920 4127 3496 4193">
     <span class='ocr_line' id='line_1_104' title="bbox 1920 4127 3496 4193; baseline -0.01 0"><span class='ocrx_word' id='word_1_817' title='bbox 1920 4139 2118 4193; x_wconf 86' lang='lat' dir='ltr'><strong>minem</strong></span> <span class='ocrx_word' id='word_1_818' title='bbox 2161 4136 2441 4189; x_wconf 78' lang='lat' dir='ltr'><strong>habentem</strong></span> <span class='ocrx_word' id='word_1_819' title='bbox 2473 4142 2705 4186; x_wconf 86' lang='lat' dir='ltr'><strong>mentem</strong></span> <span class='ocrx_word' id='word_1_820' title='bbox 2735 4128 3033 4184; x_wconf 87' lang='lat' dir='ltr'><strong>venientem</strong></span> <span class='ocrx_word' id='word_1_821' title='bbox 3074 4128 3126 4182; x_wconf 91' lang='lat' dir='ltr'><strong>in</strong></span> <span class='ocrx_word' id='word_1_822' title='bbox 3170 4127 3307 4181; x_wconf 88' lang='lat' dir='ltr'><strong>hunc</strong></span> <span class='ocrx_word' id='word_1_823' title='bbox 3340 4142 3496 4180; x_wconf 89' lang='lat' dir='ltr'><strong>mun-</strong></span> 
     </span>
    </p>
   </div>
   <div class='ocr_carea' id='block_1_102' title="bbox 1919 4217 3496 4296">
    <p class='ocr_par' dir='ltr' id='par_1_102' title="bbox 1919 4217 3496 4296">
     <span class='ocr_line' id='line_1_105' title="bbox 1919 4217 3496 4296; baseline -0.01 -10"><span class='ocrx_word' id='word_1_824' title='bbox 1919 4231 2045 4287; x_wconf 92' lang='lat' dir='ltr'><strong>dum</strong></span> <span class='ocrx_word' id='word_1_825' title='bbox 2069 4271 2083 4296; x_wconf 93' lang='lat'><strong>,</strong></span> <span class='ocrx_word' id='word_1_826' title='bbox 2132 4229 2220 4282; x_wconf 87' lang='lat' dir='ltr'><strong>ubi</strong></span> <span class='ocrx_word' id='word_1_827' title='bbox 2265 4226 2419 4281; x_wconf 87' lang='lat' dir='ltr'><strong>erat?</strong></span> <span class='ocrx_word' id='word_1_828' title='bbox 2466 4223 2533 4277; x_wconf 87' lang='lat' dir='ltr'><strong>In</strong></span> <span class='ocrx_word' id='word_1_829' title='bbox 2563 4224 2656 4276; x_wconf 85' lang='lat' dir='ltr'><strong>hac</strong></span> <span class='ocrx_word' id='word_1_830' title='bbox 2683 4221 2872 4275; x_wconf 84' lang='lat' dir='ltr'><strong>mundo</strong></span> <span class='ocrx_word' id='word_1_831' title='bbox 2903 4228 3026 4273; x_wconf 85' lang='lat' dir='ltr'><strong>erat.</strong></span> <span class='ocrx_word' id='word_1_832' title='bbox 3060 4218 3164 4272; x_wconf 88' lang='lat' dir='ltr'><strong>Sed</strong></span> <span class='ocrx_word' id='word_1_833' title='bbox 3193 4228 3411 4272; x_wconf 87' lang='lat' dir='ltr'><strong>et.terra</strong></span> <span class='ocrx_word' id='word_1_834' title='bbox 3444 4217 3496 4271; x_wconf 82' lang='lat' dir='ltr'><strong>in</strong></span> 
     </span>
    </p>
   </div>
   <div class='ocr_carea' id='block_1_103' title="bbox 1923 4308 3495 4383">
    <p class='ocr_par' dir='ltr' id='par_1_103' title="bbox 1923 4308 3495 4383">
     <span class='ocr_line' id='line_1_106' title="bbox 1923 4308 3495 4383; baseline -0.011 -4"><span class='ocrx_word' id='word_1_835' title='bbox 1923 4322 2027 4379; x_wconf 88' lang='lat' dir='ltr'><strong>hoc</strong></span> <span class='ocrx_word' id='word_1_836' title='bbox 2054 4319 2254 4375; x_wconf 89' lang='lat' dir='ltr'><strong>mundo</strong></span> <span class='ocrx_word' id='word_1_837' title='bbox 2282 4326 2430 4383; x_wconf 88' lang='lat' dir='ltr'><strong>erat,</strong></span> <span class='ocrx_word' id='word_1_838' title='bbox 2462 4324 2515 4370; x_wconf 92' lang='lat' dir='ltr'><strong>et</strong></span> <span class='ocrx_word' id='word_1_839' title='bbox 2544 4315 2620 4369; x_wconf 87' lang='lat' dir='ltr'><strong>sol</strong></span> <span class='ocrx_word' id='word_1_840' title='bbox 2652 4323 2705 4367; x_wconf 88' lang='lat' dir='ltr'><strong>et</strong></span> <span class='ocrx_word' id='word_1_841' title='bbox 2735 4313 2855 4365; x_wconf 91' lang='lat' dir='ltr'><strong>luna</strong></span> <span class='ocrx_word' id='word_1_842' title='bbox 2885 4312 2936 4365; x_wconf 89' lang='lat' dir='ltr'><strong>in</strong></span> <span class='ocrx_word' id='word_1_843' title='bbox 2968 4310 3071 4363; x_wconf 87' lang='lat' dir='ltr'><strong>hoc</strong></span> <span class='ocrx_word' id='word_1_844' title='bbox 3100 4308 3297 4362; x_wconf 84' lang='lat' dir='ltr'><strong>mundo</strong></span> <span class='ocrx_word' id='word_1_845' title='bbox 3324 4317 3495 4362; x_wconf 86' lang='lat' dir='ltr'><strong>erant.</strong></span> 
     </span>
    </p>
   </div>
   <div class='ocr_carea' id='block_1_104' title="bbox 1923 4399 3499 4475">
    <p class='ocr_par' dir='ltr' id='par_1_104' title="bbox 1923 4399 3499 4475">
     <span class='ocr_line' id='line_1_107' title="bbox 1923 4399 3499 4475; baseline -0.01 -5"><span class='ocrx_word' id='word_1_846' title='bbox 1923 4414 2060 4470; x_wconf 85' lang='lat' dir='ltr'><strong>Audi</strong></span> <span class='ocrx_word' id='word_1_847' title='bbox 2090 4413 2157 4468; x_wconf 92' lang='lat' dir='ltr'><strong>de</strong></span> <span class='ocrx_word' id='word_1_848' title='bbox 2188 4411 2274 4466; x_wconf 89' lang='lat' dir='ltr'><strong>die</strong></span> <span class='ocrx_word' id='word_1_849' title='bbox 2314 4418 2439 4475; x_wconf 91' lang='lat' dir='ltr'><strong>tuo,</strong></span> <span class='ocrx_word' id='word_1_850' title='bbox 2491 4422 2525 4464; x_wconf 91' lang='lat'><strong>0</strong></span> <span class='ocrx_word' id='word_1_851' title='bbox 2559 4406 2754 4461; x_wconf 89' lang='lat' dir='ltr'><strong>mentis</strong></span> <span class='ocrx_word' id='word_1_852' title='bbox 2783 4404 3029 4460; x_wconf 68' lang='lat' dir='ltr'><strong>humanm</strong></span> <span class='ocrx_word' id='word_1_853' title='bbox 3058 4402 3281 4456; x_wconf 85' lang='lat' dir='ltr'><strong>oculus!</strong></span> <span class='ocrx_word' id='word_1_854' title='bbox 3314 4399 3380 4455; x_wconf 92' lang='lat' dir='ltr'><strong>In</strong></span> <span class='ocrx_word' id='word_1_855' title='bbox 3406 4401 3499 4454; x_wconf 80' lang='lat' dir='ltr'><strong>hoc</strong></span> 
     </span>
    </p>
   </div>
   <div class='ocr_carea' id='block_1_105' title="bbox 1924 4495 3501 4574">
    <p class='ocr_par' dir='ltr' id='par_1_105' title="bbox 1924 4495 3501 4574">
     <span class='ocr_line' id='line_1_108' title="bbox 1924 4495 3501 4574; baseline -0.012 -9"><span class='ocrx_word' id='word_1_856' title='bbox 1924 4508 2114 4565; x_wconf 88' lang='lat' dir='ltr'><strong>mundo</strong></span> <span class='ocrx_word' id='word_1_857' title='bbox 2140 4515 2245 4560; x_wconf 87' lang='lat' dir='ltr'><strong>erat</strong></span> <span class='ocrx_word' id='word_1_858' title='bbox 2266 4548 2279 4571; x_wconf 94' lang='lat'><strong>,</strong></span> <span class='ocrx_word' id='word_1_859' title='bbox 2323 4513 2372 4558; x_wconf 89' lang='lat' dir='ltr'><strong>et</strong></span> <span class='ocrx_word' id='word_1_860' title='bbox 2406 4520 2494 4574; x_wconf 89' lang='lat' dir='ltr'><strong>per</strong></span> <span class='ocrx_word' id='word_1_861' title='bbox 2520 4502 2689 4572; x_wconf 84' lang='lat' dir='ltr'><strong>ipsum</strong></span> <span class='ocrx_word' id='word_1_862' title='bbox 2715 4497 2931 4552; x_wconf 85' lang='lat' dir='ltr'><strong>mundus</strong></span> <span class='ocrx_word' id='word_1_863' title='bbox 2959 4498 3125 4567; x_wconf 80' lang='lat' dir='ltr'><strong>[actus</strong></span> <span class='ocrx_word' id='word_1_864' title='bbox 3153 4506 3245 4549; x_wconf 86' lang='lat' dir='ltr'><strong>est.</strong></span> <span class='ocrx_word' id='word_1_865' title='bbox 3277 4495 3363 4549; x_wconf 88' lang='lat' dir='ltr'><strong>Sic</strong></span> <span class='ocrx_word' id='word_1_866' title='bbox 3389 4501 3501 4548; x_wconf 87' lang='lat' dir='ltr'><strong>erat</strong></span> 
     </span>
    </p>
   </div>
   <div class='ocr_carea' id='block_1_106' title="bbox 1927 4591 3502 4667">
    <p class='ocr_par' dir='ltr' id='par_1_106' title="bbox 1927 4591 3502 4667">
     <span class='ocr_line' id='line_1_109' title="bbox 1927 4591 3502 4667; baseline -0.011 -10"><span class='ocrx_word' id='word_1_867' title='bbox 1927 4602 2046 4667; x_wconf 90' lang='lat' dir='ltr'><strong>hic,</strong></span> <span class='ocrx_word' id='word_1_868' title='bbox 2090 4608 2149 4655; x_wconf 88' lang='lat' dir='ltr'><strong>ut</strong></span> <span class='ocrx_word' id='word_1_869' title='bbox 2184 4608 2240 4654; x_wconf 91' lang='lat' dir='ltr'><strong>ct</strong></span> <span class='ocrx_word' id='word_1_870' title='bbox 2277 4606 2557 4666; x_wconf 85' lang='lat' dir='ltr'><strong>antequam</strong></span> <span class='ocrx_word' id='word_1_871' title='bbox 2589 4591 2815 4648; x_wconf 90' lang='lat' dir='ltr'><strong>mundus</strong></span> <span class='ocrx_word' id='word_1_872' title='bbox 2841 4597 3017 4654; x_wconf 79' lang='lat' dir='ltr'><strong>esset,</strong></span> <span class='ocrx_word' id='word_1_873' title='bbox 3056 4604 3160 4642; x_wconf 88' lang='lat' dir='ltr'><strong>non</strong></span> <span class='ocrx_word' id='word_1_874' title='bbox 3199 4592 3348 4657; x_wconf 90' lang='lat' dir='ltr'><strong>quasi</strong></span> <span class='ocrx_word' id='word_1_875' title='bbox 3397 4602 3502 4641; x_wconf 89' lang='lat' dir='ltr'><strong>non</strong></span> 
     </span>
    </p>
   </div>
   <div class='ocr_carea' id='block_1_107' title="bbox 1926 4678 3503 4747">
    <p class='ocr_par' dir='ltr' id='par_1_107' title="bbox 1926 4678 3503 4747">
     <span class='ocr_line' id='line_1_110' title="bbox 1926 4678 3503 4747; baseline -0.01 0"><span class='ocrx_word' id='word_1_876' title='bbox 1926 4691 2148 4747; x_wconf 86' lang='lat' dir='ltr'><strong>haberet</strong></span> <span class='ocrx_word' id='word_1_877' title='bbox 2192 4689 2282 4744; x_wconf 89' lang='lat' dir='ltr'><strong>ubi</strong></span> <span class='ocrx_word' id='word_1_878' title='bbox 2331 4695 2492 4743; x_wconf 89' lang='lat' dir='ltr'><strong>esset.</strong></span> <span class='ocrx_word' id='word_1_879' title='bbox 2544 4685 2687 4739; x_wconf 89' lang='lat' dir='ltr'><strong>Deus</strong></span> <span class='ocrx_word' id='word_1_880' title='bbox 2730 4683 2871 4737; x_wconf 88' lang='lat' dir='ltr'><strong>enim</strong></span> <span class='ocrx_word' id='word_1_881' title='bbox 2917 4678 3203 4734; x_wconf 89' lang='lat' dir='ltr'><strong>habitando</strong></span> <span class='ocrx_word' id='word_1_882' title='bbox 3247 4678 3503 4744; x_wconf 89' lang='lat' dir='ltr'><strong>continet,</strong></span> 
     </span>
    </p>
   </div>
   <div class='ocr_carea' id='block_1_108' title="bbox 1928 4768 3502 4845">
    <p class='ocr_par' dir='ltr' id='par_1_108' title="bbox 1928 4768 3502 4845">
     <span class='ocr_line' id='line_1_111' title="bbox 1928 4768 3502 4845; baseline -0.01 -7"><span class='ocrx_word' id='word_1_883' title='bbox 1928 4798 2034 4838; x_wconf 91' lang='lat' dir='ltr'><strong>non</strong></span> <span class='ocrx_word' id='word_1_884' title='bbox 2064 4780 2385 4836; x_wconf 86' lang='lat' dir='ltr'><strong>continetur.</strong></span> <span class='ocrx_word' id='word_1_885' title='bbox 2432 4776 2572 4845; x_wconf 81' lang='lat' dir='ltr'><strong>Ergo</strong></span> <span class='ocrx_word' id='word_1_886' title='bbox 2598 4773 2735 4828; x_wconf 90' lang='lat' dir='ltr'><strong>miro</strong></span> <span class='ocrx_word' id='word_1_887' title='bbox 2764 4782 2817 4828; x_wconf 87' lang='lat' dir='ltr'><strong>et</strong></span> <span class='ocrx_word' id='word_1_888' title='bbox 2846 4769 3097 4827; x_wconf 80' lang='lat' dir='ltr'><strong>ineliabili</strong></span> <span class='ocrx_word' id='word_1_889' title='bbox 3128 4768 3288 4822; x_wconf 88' lang='lat' dir='ltr'><strong>modo</strong></span> <span class='ocrx_word' id='word_1_890' title='bbox 3316 4768 3368 4822; x_wconf 93' lang='lat' dir='ltr'><strong>in</strong></span> <span class='ocrx_word' id='word_1_891' title='bbox 3401 4768 3502 4823; x_wconf 88' lang='lat' dir='ltr'><strong>hoc</strong></span> 
     </span>
    </p>
   </div>
   <div class='ocr_carea' id='block_1_109' title="bbox 1928 4863 3509 4935">
    <p class='ocr_par' dir='ltr' id='par_1_109' title="bbox 1928 4863 3509 4935">
     <span class='ocr_line' id='line_1_112' title="bbox 1928 4863 3509 4935; baseline -0.011 -5"><span class='ocrx_word' id='word_1_892' title='bbox 1928 4871 2126 4929; x_wconf 90' lang='lat' dir='ltr'><strong>mundo</strong></span> <span class='ocrx_word' id='word_1_893' title='bbox 2155 4878 2288 4926; x_wconf 84' lang='lat' dir='ltr'><strong>erat.</strong></span> <span class='ocrx_word' id='word_1_894' title='bbox 2338 4866 2406 4920; x_wconf 87' lang='lat' dir='ltr'><strong>Et</strong></span> <span class='ocrx_word' id='word_1_895' title='bbox 2434 4865 2652 4919; x_wconf 86' lang='lat' dir='ltr'><strong>mundus</strong></span> <span class='ocrx_word' id='word_1_896' title='bbox 2680 4880 2768 4935; x_wconf 89' lang='lat' dir='ltr'><strong>per</strong></span> <span class='ocrx_word' id='word_1_897' title='bbox 2795 4878 2906 4916; x_wconf 87' lang='lat' dir='ltr'><strong>eum</strong></span> <span class='ocrx_word' id='word_1_898' title='bbox 2942 4863 3107 4930; x_wconf 80' lang='lat' dir='ltr'><strong>factus</strong></span> <span class='ocrx_word' id='word_1_899' title='bbox 3133 4868 3237 4923; x_wconf 88' lang='lat' dir='ltr'><strong>est,</strong></span> <span class='ocrx_word' id='word_1_900' title='bbox 3276 4867 3322 4912; x_wconf 81' lang='lat' dir='ltr'><strong>et</strong></span> <span class='ocrx_word' id='word_1_901' title='bbox 3361 4876 3509 4913; x_wconf 87' lang='lat' dir='ltr'><strong>mun-</strong></span> 
     </span>
    </p>
   </div>
   <div class='ocr_carea' id='block_1_110' title="bbox 1929 4951 3507 5033">
    <p class='ocr_par' dir='ltr' id='par_1_110' title="bbox 1929 4951 3507 5033">
     <span class='ocr_line' id='line_1_113' title="bbox 1929 4951 3507 5033; baseline -0.01 -11"><span class='ocrx_word' id='word_1_902' title='bbox 1929 4969 2025 5022; x_wconf 86' lang='lat' dir='ltr'><strong>dus</strong></span> <span class='ocrx_word' id='word_1_903' title='bbox 2049 4982 2160 5021; x_wconf 84' lang='lat' dir='ltr'><strong>eum</strong></span> <span class='ocrx_word' id='word_1_904' title='bbox 2190 4980 2291 5018; x_wconf 90' lang='lat' dir='ltr'><strong>non</strong></span> <span class='ocrx_word' id='word_1_905' title='bbox 2316 4961 2562 5033; x_wconf 81' lang='lat' dir='ltr'><strong>cognovit.</strong></span> <span class='ocrx_word' id='word_1_906' title='bbox 2584 4958 2715 5026; x_wconf 89' lang='lat' dir='ltr'><strong>Quis</strong></span> <span class='ocrx_word' id='word_1_907' title='bbox 2742 4965 2823 5011; x_wconf 88' lang='lat' dir='ltr'><strong>est</strong></span> <span class='ocrx_word' id='word_1_908' title='bbox 2849 4951 3107 5019; x_wconf 88' lang='lat' dir='ltr'><strong>mundus,</strong></span> <span class='ocrx_word' id='word_1_909' title='bbox 3149 4952 3238 5022; x_wconf 90' lang='lat' dir='ltr'><strong>qui</strong></span> <span class='ocrx_word' id='word_1_910' title='bbox 3266 4967 3362 5022; x_wconf 89' lang='lat' dir='ltr'><strong>per</strong></span> <span class='ocrx_word' id='word_1_911' title='bbox 3386 4968 3507 5008; x_wconf 90' lang='lat' dir='ltr'><strong>eum</strong></span> 
     </span>
    </p>
   </div>
   <div class='ocr_carea' id='block_1_111' title="bbox 1993 5087 3511 5155">
    <p class='ocr_par' dir='ltr' id='par_1_111' title="bbox 1993 5087 3511 5155">
     <span class='ocr_line' id='line_1_114' title="bbox 1993 5087 3511 5155; baseline -0.01 -5"><span class='ocrx_word' id='word_1_912' title='bbox 1993 5102 2010 5134; x_wconf 74' lang='grc'>³</span> <span class='ocrx_word' id='word_1_913' title='bbox 2034 5098 2191 5149; x_wconf 86' lang='lat' dir='ltr'><strong>Codex</strong></span> <span class='ocrx_word' id='word_1_914' title='bbox 2203 5097 2285 5148; x_wconf 89' lang='lat' dir='ltr'><strong>cl.:</strong></span> <span class='ocrx_word' id='word_1_915' title='bbox 2303 5098 2434 5155; x_wconf 87' lang='lat' dir='ltr'><strong>Quis,</strong></span> <span class='ocrx_word' id='word_1_916' title='bbox 2444 5095 2509 5144; x_wconf 90' lang='lat' dir='ltr'><strong>de</strong></span> <span class='ocrx_word' id='word_1_917' title='bbox 2518 5107 2616 5155; x_wconf 88' lang='lat' dir='ltr'><strong>quo</strong></span> <span class='ocrx_word' id='word_1_918' title='bbox 2630 5091 2858 5155; x_wconf 87' lang='lat' dir='ltr'><strong>hic_venit</strong></span> <span class='ocrx_word' id='word_1_919' title='bbox 2874 5095 2929 5140; x_wconf 91' lang='lat' dir='ltr'><strong>ut</strong></span> <span class='ocrx_word' id='word_1_920' title='bbox 2945 5088 3271 5155; x_wconf 79' lang='lat' dir='ltr'><strong>testimonium</strong></span> <span class='ocrx_word' id='word_1_921' title='bbox 3286 5087 3511 5155; x_wconf 80' lang='lat' dir='ltr'><strong>perbibe-</strong></span> 
     </span>
    </p>
   </div>
   <div class='ocr_carea' id='block_1_112' title="bbox 1927 5108 3512 5218">
    <p class='ocr_par' dir='ltr' id='par_1_112' title="bbox 1927 5108 3512 5218">
     <span class='ocr_line' id='line_1_115' title="bbox 1993 5108 3511 5155; baseline -0.011 -5"><span class='ocrx_word' id='word_1_922' title='bbox 1993 5108 2010 5134; x_wconf 76' lang='grc'>³</span> <span class='ocrx_word' id='word_1_923' title='bbox 2034 5108 2191 5149; x_wconf 84' lang='lat' dir='ltr'><strong>Codex</strong></span> <span class='ocrx_word' id='word_1_924' title='bbox 2203 5108 2285 5148; x_wconf 85' lang='lat' dir='ltr'><strong>CL:</strong></span> <span class='ocrx_word' id='word_1_925' title='bbox 2303 5108 2509 5155; x_wconf 76' lang='lat' dir='ltr'><strong>Quis,ue</strong></span> <span class='ocrx_word' id='word_1_926' title='bbox 2551 5108 2616 5143; x_wconf 89' lang='lat' dir='ltr'><strong>uo</strong></span> <span class='ocrx_word' id='word_1_927' title='bbox 2633 5108 2709 5142; x_wconf 89' lang='lat' dir='ltr'><strong>mc</strong></span> <span class='ocrx_word' id='word_1_928' title='bbox 2724 5108 2858 5141; x_wconf 76' lang='lat' dir='ltr'><strong>venit</strong></span> <span class='ocrx_word' id='word_1_929' title='bbox 2874 5108 2929 5140; x_wconf 80' lang='lat' dir='ltr'><strong>ut</strong></span> <span class='ocrx_word' id='word_1_930' title='bbox 2945 5108 3271 5139; x_wconf 79' lang='lat' dir='ltr'><strong>tesutnomutn</strong></span> <span class='ocrx_word' id='word_1_931' title='bbox 3288 5108 3511 5151; x_wconf 72' lang='lat' dir='ltr'><strong>pet-ume-</strong></span> 
     </span>
     <span class='ocr_line' id='line_1_116' title="bbox 1927 5108 3512 5218; baseline -0.011 -4"><span class='ocrx_word' id='word_1_932' title='bbox 1927 5171 2009 5214; x_wconf 88' lang='lat' dir='ltr'><strong>ret</strong></span> <span class='ocrx_word' id='word_1_933' title='bbox 2029 5163 2093 5211; x_wconf 88' lang='lat' dir='ltr'><strong>de</strong></span> <span class='ocrx_word' id='word_1_934' title='bbox 2115 5160 2338 5209; x_wconf 87' lang='lat' dir='ltr'><strong>lumine?</strong></span> <span class='ocrx_word' id='word_1_935' title='bbox 2362 5157 2501 5218; x_wconf 73' lang='lat' dir='ltr'><strong>(tuis,</strong></span> <span class='ocrx_word' id='word_1_936' title='bbox 2514 5108 2575 5207; x_wconf 54' lang='lat' dir='ltr'><strong>se</strong></span> <span class='ocrx_word' id='word_1_937' title='bbox 2596 5152 2728 5216; x_wconf 83' lang='lat' dir='ltr'><strong>quo?</strong></span> <span class='ocrx_word' id='word_1_938' title='bbox 2748 5160 2960 5218; x_wconf 73' lang='lat' dir='ltr'><strong>Joannes</strong></span> <span class='ocrx_word' id='word_1_939' title='bbox 2992 5151 3054 5201; x_wconf 83' lang='lat' dir='ltr'><strong>de</strong></span> <span class='ocrx_word' id='word_1_940' title='bbox 3087 5150 3294 5218; x_wconf 75' lang='lat' dir='ltr'><strong>Christo,</strong></span> <span class='ocrx_word' id='word_1_941' title='bbox 3315 5149 3512 5218; x_wconf 78' lang='lat' dir='ltr'><strong>lucerna</strong></span> 
     </span>
    </p>
   </div>
   <div class='ocr_carea' id='block_1_113' title="bbox 1930 5210 3513 5284">
    <p class='ocr_par' dir='ltr' id='par_1_113' title="bbox 1930 5210 3513 5284">
     <span class='ocr_line' id='line_1_117' title="bbox 1930 5210 3513 5284; baseline -0.011 -9"><span class='ocrx_word' id='word_1_942' title='bbox 1930 5210 2109 5275; x_wconf 27' lang='lat' dir='ltr'><strong>diedie.</strong></span> <span class='ocrx_word' id='word_1_943' title='bbox 2135 5220 2267 5284; x_wconf 70' lang='lat' dir='ltr'><strong>ouis,</strong></span> <span class='ocrx_word' id='word_1_944' title='bbox 2286 5220 2348 5284; x_wconf 84' lang='lat' dir='ltr'><strong>de</strong></span> <span class='ocrx_word' id='word_1_945' title='bbox 2370 5210 2462 5284; x_wconf 64' lang='lat' dir='ltr'><strong>quo</strong></span> <span class='ocrx_word' id='word_1_946' title='bbox 2478 5210 2505 5269; x_wconf 68' lang='grc' dir='ltr'><strong>ἶ)</strong></span> <span class='ocrx_word' id='word_1_947' title='bbox 2524 5210 2748 5284; x_wconf 67' lang='lat' dir='ltr'><strong>Joannes</strong></span> <span class='ocrx_word' id='word_1_948' title='bbox 2763 5216 2824 5265; x_wconf 89' lang='lat' dir='ltr'><strong>de</strong></span> <span class='ocrx_word' id='word_1_949' title='bbox 2846 5214 3034 5284; x_wconf 80' lang='lat' dir='ltr'><strong>Christo</strong></span> <span class='ocrx_word' id='word_1_950' title='bbox 3062 5226 3211 5284; x_wconf 39' lang='lat' dir='ltr'><strong>:Iergo</strong></span> <span class='ocrx_word' id='word_1_951' title='bbox 3231 5211 3428 5284; x_wconf 77' lang='lat' dir='ltr'><strong>lucerna</strong></span> <span class='ocrx_word' id='word_1_952' title='bbox 3453 5210 3513 5280; x_wconf 72' lang='lat' dir='ltr'><strong>de</strong></span> 
     </span>
    </p>
   </div>
   <div class='ocr_carea' id='block_1_114' title="bbox 1931 5271 3514 5343">
    <p class='ocr_par' dir='ltr' id='par_1_114' title="bbox 1931 5271 3514 5343">
     <span class='ocr_line' id='line_1_118' title="bbox 1931 5271 3514 5343; baseline -0.01 -7"><span class='ocrx_word' id='word_1_953' title='bbox 1931 5271 2159 5336; x_wconf 51' lang='lat' dir='ltr'><strong>diducti</strong></span> <span class='ocrx_word' id='word_1_954' title='bbox 2195 5271 2428 5343; x_wconf 63' lang='lat' dir='ltr'><strong>iniuriam</strong></span> <span class='ocrx_word' id='word_1_955' title='bbox 2459 5277 2632 5329; x_wconf 86' lang='lat' dir='ltr'><strong>Joanni</strong></span> <span class='ocrx_word' id='word_1_956' title='bbox 2651 5277 2856 5340; x_wconf 79' lang='lat' dir='ltr'><strong>facimus</strong></span> <span class='ocrx_word' id='word_1_957' title='bbox 2892 5276 3021 5343; x_wconf 84' lang='lat' dir='ltr'><strong>_:sed</strong></span> <span class='ocrx_word' id='word_1_958' title='bbox 3059 5271 3190 5343; x_wconf 58' lang='lat' dir='ltr'><strong>diuit</strong></span> <span class='ocrx_word' id='word_1_959' title='bbox 3226 5279 3437 5343; x_wconf 75' lang='lat' dir='ltr'><strong>nostrum</strong></span> <span class='ocrx_word' id='word_1_960' title='bbox 3456 5271 3514 5343; x_wconf 29' lang='lat' dir='ltr'><strong>lsi</strong></span> 
     </span>
    </p>
   </div>
   <div class='ocr_carea' id='block_1_115' title="bbox 1932 5333 3515 5403">
    <p class='ocr_par' dir='ltr' id='par_1_115' title="bbox 1932 5333 3515 5403">
     <span class='ocr_line' id='line_1_119' title="bbox 1932 5333 3515 5403; baseline -0.009 -6"><span class='ocrx_word' id='word_1_961' title='bbox 1932 5333 2199 5397; x_wconf 62' lang='lat' dir='ltr'><strong>constanter</strong></span> <span class='ocrx_word' id='word_1_962' title='bbox 2220 5333 2397 5394; x_wconf 76' lang='lat' dir='ltr'><strong>intueri</strong></span> <span class='ocrx_word' id='word_1_963' title='bbox 2419 5355 2512 5393; x_wconf 87' lang='lat' dir='ltr'><strong>non</strong></span> <span class='ocrx_word' id='word_1_964' title='bbox 2534 5333 2799 5403; x_wconf 77' lang='lat' dir='ltr'><strong>possumus,</strong></span> <span class='ocrx_word' id='word_1_965' title='bbox 2815 5339 2995 5403; x_wconf 65' lang='lat' dir='ltr'><strong>saltem</strong></span> <span class='ocrx_word' id='word_1_966' title='bbox 3016 5350 3126 5403; x_wconf 76' lang='lat' dir='ltr'><strong>eum</strong></span> <span class='ocrx_word' id='word_1_967' title='bbox 3149 5335 3325 5403; x_wconf 77' lang='lat' dir='ltr'><strong>honore</strong></span> <span class='ocrx_word' id='word_1_968' title='bbox 3350 5333 3515 5403; x_wconf 51' lang='lat' dir='ltr'><strong>laudeg</strong></span> 
     </span>
    </p>
   </div>
   <div class='ocr_carea' id='block_1_116' title="bbox 1932 5396 3517 5465">
    <p class='ocr_par' dir='ltr' id='par_1_116' title="bbox 1932 5396 3517 5465">
     <span class='ocr_line' id='line_1_120' title="bbox 1932 5396 3517 5465; baseline -0.009 -5"><span class='ocrx_word' id='word_1_969' title='bbox 1932 5396 2055 5460; x_wconf 67' lang='lat' dir='ltr'><strong>nius.</strong></span> <span class='ocrx_word' id='word_1_970' title='bbox 2100 5415 2232 5458; x_wconf 74' lang='lat' dir='ltr'><strong>Venit</strong></span> <span class='ocrx_word' id='word_1_971' title='bbox 2254 5413 2305 5455; x_wconf 89' lang='lat' dir='ltr'><strong>ut</strong></span> <span class='ocrx_word' id='word_1_972' title='bbox 2328 5396 2646 5465; x_wconf 75' lang='lat' dir='ltr'><strong>testimonium</strong></span> <span class='ocrx_word' id='word_1_973' title='bbox 2685 5396 2955 5465; x_wconf 75' lang='lat' dir='ltr'><strong>perhiberet</strong></span> <span class='ocrx_word' id='word_1_974' title='bbox 2992 5399 3056 5465; x_wconf 76' lang='lat' dir='ltr'><strong>de</strong></span> <span class='ocrx_word' id='word_1_975' title='bbox 3075 5396 3264 5465; x_wconf 73' lang='lat' dir='ltr'><strong>lumine.</strong></span> <span class='ocrx_word' id='word_1_976' title='bbox 3290 5404 3390 5444; x_wconf 65' lang='lat' dir='ltr'><strong>non</strong></span> <span class='ocrx_word' id='word_1_977' title='bbox 3413 5400 3517 5445; x_wconf 80' lang='lat' dir='ltr'><strong>erat</strong></span> 
     </span>
    </p>
   </div>
   <div class='ocr_carea' id='block_1_117' title="bbox 1931 5455 3518 5584">
    <p class='ocr_par' dir='ltr' id='par_1_117' title="bbox 1931 5455 3518 5584">
     <span class='ocr_line' id='line_1_121' title="bbox 1931 5455 3518 5584; baseline -0.009 -63"><span class='ocrx_word' id='word_1_978' title='bbox 1931 5455 2387 5584; x_wconf 29' lang='lat' dir='ltr'><strong>ille&#39;lg’ttngnisedlgt</strong></span> <span class='ocrx_word' id='word_1_979' title='bbox 2411 5455 2727 5518; x_wconf 77' lang='lat' dir='ltr'><strong>testimonium</strong></span> <span class='ocrx_word' id='word_1_980' title='bbox 2740 5461 3007 5530; x_wconf 88' lang='lat' dir='ltr'><strong>perhiberet</strong></span> <span class='ocrx_word' id='word_1_981' title='bbox 3024 5460 3085 5510; x_wconf 88' lang='lat' dir='ltr'><strong>de</strong></span> <span class='ocrx_word' id='word_1_982' title='bbox 3108 5455 3301 5508; x_wconf 78' lang='lat' dir='ltr'><strong>tianine.</strong></span> <span class='ocrx_word' id='word_1_983' title='bbox 3324 5465 3518 5517; x_wconf 84' lang='lat' dir='ltr'><strong>Quomo-</strong></span> 
     </span>
     <span class='ocr_line' id='line_1_122' title="bbox 1970 5543 2380 5584; baseline -0.015 -1"><span class='ocrx_word' id='word_1_984' title='bbox 1970 5546 1998 5583; x_wconf 93' lang='grc' dir='ltr'><strong><em>ο</em></strong></span> <span class='ocrx_word' id='word_1_985' title='bbox 2018 5545 2048 5581; x_wconf 90' lang='lat' dir='ltr'><strong>n</strong></span> <span class='ocrx_word' id='word_1_986' title='bbox 2162 5544 2215 5579; x_wconf 87' lang='lat' dir='ltr'><strong>ra</strong></span> <span class='ocrx_word' id='word_1_987' title='bbox 2240 5568 2253 5584; x_wconf 89' lang='lat'><strong>,</strong></span> <span class='ocrx_word' id='word_1_988' title='bbox 2283 5543 2312 5579; x_wconf 87' lang='lat' dir='ltr'><strong>e</strong></span> <span class='ocrx_word' id='word_1_989' title='bbox 2365 5564 2380 5577; x_wconf 93' lang='lat'><strong>.</strong></span> 
     </span>
    </p>
   </div>
   <div class='ocr_carea' id='block_1_118' title="bbox 1970 5537 2380 5589">
    <p class='ocr_par' dir='ltr' id='par_1_118' title="bbox 1970 5537 2380 5589">
     <span class='ocr_line' id='line_1_123' title="bbox 1970 5537 2380 5589; baseline -0.015 -6"><span class='ocrx_word' id='word_1_990' title='bbox 1970 5546 1998 5583; x_wconf 93' lang='grc' dir='ltr'><strong><em>ο</em></strong></span> <span class='ocrx_word' id='word_1_991' title='bbox 2018 5544 2111 5581; x_wconf 83' lang='grc' dir='ltr'><strong>ηοη</strong></span> <span class='ocrx_word' id='word_1_992' title='bbox 2132 5537 2253 5589; x_wconf 86' lang='lat' dir='ltr'><strong>erat,</strong></span> <span class='ocrx_word' id='word_1_993' title='bbox 2283 5538 2380 5580; x_wconf 88' lang='lat' dir='ltr'><strong>etc.</strong></span> 
     </span>
    </p>
   </div>
   <div class='ocr_carea' id='block_1_119' title="bbox 1999 5578 3521 5654">
    <p class='ocr_par' dir='ltr' id='par_1_119' title="bbox 1999 5578 3521 5654">
     <span class='ocr_line' id='line_1_124' title="bbox 1999 5578 3521 5654; baseline -0.009 -12"><span class='ocrx_word' id='word_1_994' title='bbox 1999 5578 2110 5654; x_wconf 15' lang='lat' dir='ltr'><strong>1&#39;&quot;t&#39;tra</strong></span> <span class='ocrx_word' id='word_1_995' title='bbox 2133 5578 2397 5654; x_wconf 70' lang='lat' dir='ltr'><strong>legendum</strong></span> <span class='ocrx_word' id='word_1_996' title='bbox 2417 5603 2529 5654; x_wconf 80' lang='lat' dir='ltr'><strong>eum</strong></span> <span class='ocrx_word' id='word_1_997' title='bbox 2543 5589 2731 5654; x_wconf 77' lang='lat' dir='ltr'><strong>eodem</strong></span> <span class='ocrx_word' id='word_1_998' title='bbox 2744 5586 2910 5654; x_wconf 77' lang='lat' dir='ltr'><strong>codice</strong></span> <span class='ocrx_word' id='word_1_999' title='bbox 2930 5582 2993 5633; x_wconf 89' lang='lat' dir='ltr'><strong>cl.</strong></span> <span class='ocrx_word' id='word_1_1000' title='bbox 3019 5578 3218 5654; x_wconf 67' lang='lat' dir='ltr'><strong>[tudire</strong></span> <span class='ocrx_word' id='word_1_1001' title='bbox 3255 5579 3326 5633; x_wconf 83' lang='lat' dir='ltr'><strong>vis</strong></span> <span class='ocrx_word' id='word_1_1002' title='bbox 3363 5578 3521 5630; x_wconf 81' lang='lat' dir='ltr'><strong>lucer-</strong></span> 
     </span>
    </p>
   </div>
   <div class='ocr_carea' id='block_1_120' title="bbox 1933 5645 3104 5714">
    <p class='ocr_par' dir='ltr' id='par_1_120' title="bbox 1933 5645 3104 5714">
     <span class='ocr_line' id='line_1_125' title="bbox 1933 5645 3104 5714; baseline -0.015 -6"><span class='ocrx_word' id='word_1_1003' title='bbox 1933 5668 2064 5714; x_wconf 86' lang='lat' dir='ltr'><strong>nam,</strong></span> <span class='ocrx_word' id='word_1_1004' title='bbox 2089 5645 2336 5704; x_wconf 51' lang='lat' dir='ltr'><strong>luee‘i‘nam</strong></span> <span class='ocrx_word' id='word_1_1005' title='bbox 2354 5653 2415 5704; x_wconf 90' lang='lat' dir='ltr'><strong>de</strong></span> <span class='ocrx_word' id='word_1_1006' title='bbox 2437 5651 2518 5704; x_wconf 83' lang='lat' dir='ltr'><strong>die</strong></span> <span class='ocrx_word' id='word_1_1007' title='bbox 2534 5651 2585 5701; x_wconf 87' lang='lat' dir='ltr'><strong>in</strong></span> <span class='ocrx_word' id='word_1_1008' title='bbox 2608 5651 2755 5701; x_wconf 85' lang='lat' dir='ltr'><strong>diem.</strong></span> <span class='ocrx_word' id='word_1_1009' title='bbox 2783 5659 2850 5714; x_wconf 68' lang='lat' dir='ltr'><strong>ne</strong></span> <span class='ocrx_word' id='word_1_1010' title='bbox 2869 5645 3104 5706; x_wconf 62' lang='lat' dir='ltr'><strong>lacerum]</strong></span> 
     </span>
    </p>
   </div>
   <div class='ocr_carea' id='block_1_121' title="bbox 2001 5712 3518 5775">
    <p class='ocr_par' dir='ltr' id='par_1_121' title="bbox 2001 5712 3518 5775">
     <span class='ocr_line' id='line_1_126' title="bbox 2001 5712 3518 5775; baseline -0.01 -10"><span class='ocrx_word' id='word_1_1011' title='bbox 2001 5718 2022 5749; x_wconf 85' lang='grc'>³</span> <span class='ocrx_word' id='word_1_1012' title='bbox 2036 5712 2108 5767; x_wconf 80' lang='lat' dir='ltr'><strong>sic</strong></span> <span class='ocrx_word' id='word_1_1013' title='bbox 2129 5717 2259 5766; x_wconf 86' lang='lat' dir='ltr'><strong>idem</strong></span> <span class='ocrx_word' id='word_1_1014' title='bbox 2281 5716 2435 5765; x_wconf 79' lang='lat' dir='ltr'><strong>codex</strong></span> <span class='ocrx_word' id='word_1_1015' title='bbox 2458 5714 2521 5764; x_wconf 90' lang='lat' dir='ltr'><strong>el.</strong></span> <span class='ocrx_word' id='word_1_1016' title='bbox 2546 5727 2640 5764; x_wconf 90' lang='lat' dir='ltr'><strong>non</strong></span> <span class='ocrx_word' id='word_1_1017' title='bbox 2657 5712 2865 5775; x_wconf 77' lang='lat' dir='ltr'><strong>repetita</strong></span> <span class='ocrx_word' id='word_1_1018' title='bbox 2881 5721 3020 5764; x_wconf 79' lang='lat' dir='ltr'><strong>voce,</strong></span> <span class='ocrx_word' id='word_1_1019' title='bbox 3038 5714 3288 5764; x_wconf 83' lang='lat' dir='ltr'><strong>Joannem,</strong></span> <span class='ocrx_word' id='word_1_1020' title='bbox 3312 5716 3425 5775; x_wconf 66' lang='lat' dir='ltr'><strong>quae</strong></span> <span class='ocrx_word' id='word_1_1021' title='bbox 3442 5716 3518 5751; x_wconf 77' lang='lat' dir='ltr'><strong>su-</strong></span> 
     </span>
    </p>
   </div>
   <div class='ocr_carea' id='block_1_122' title="bbox 1937 5772 3516 5846">
    <p class='ocr_par' dir='ltr' id='par_1_122' title="bbox 1937 5772 3516 5846">
     <span class='ocr_line' id='line_1_127' title="bbox 1937 5772 3516 5846; baseline -0.006 -17"><span class='ocrx_word' id='word_1_1022' title='bbox 1937 5786 2107 5846; x_wconf 81' lang='lat' dir='ltr'><strong>perest</strong></span> <span class='ocrx_word' id='word_1_1023' title='bbox 2127 5778 2175 5845; x_wconf 83' lang='lat' dir='ltr'><strong>i_n</strong></span> <span class='ocrx_word' id='word_1_1024' title='bbox 2199 5776 2356 5846; x_wconf 73' lang='lat' dir='ltr'><strong>editis.</strong></span> <span class='ocrx_word' id='word_1_1025' title='bbox 2381 5776 2448 5846; x_wconf 67' lang='lat' dir='ltr'><strong>[fi</strong></span> <span class='ocrx_word' id='word_1_1026' title='bbox 2462 5788 2646 5827; x_wconf 85' lang='lat' dir='ltr'><strong>onmem</strong></span> <span class='ocrx_word' id='word_1_1027' title='bbox 2671 5772 2925 5831; x_wconf 74' lang='lat' dir='ltr'><strong>hominem,</strong></span> <span class='ocrx_word' id='word_1_1028' title='bbox 2949 5782 3063 5832; x_wconf 72' lang='lat' dir='ltr'><strong>ergo</strong></span> <span class='ocrx_word' id='word_1_1029' title='bbox 3087 5777 3317 5819; x_wconf 73' lang='lat' dir='ltr'><strong>Joannem</strong></span> <span class='ocrx_word' id='word_1_1030' title='bbox 3339 5779 3357 5818; x_wconf 88' lang='lat'><strong><em>:</em></strong></span> <span class='ocrx_word' id='word_1_1031' title='bbox 3382 5773 3516 5819; x_wconf 64' lang='lat' dir='ltr'><strong>Joan-</strong></span> 
     </span>
    </p>
   </div>
   <div class='ocr_carea' id='block_1_123' title="bbox 1937 5839 2421 5903">
    <p class='ocr_par' dir='ltr' id='par_1_123' title="bbox 1937 5839 2421 5903">
     <span class='ocr_line' id='line_1_128' title="bbox 1937 5839 2421 5903; baseline -0.017 -10"><span class='ocrx_word' id='word_1_1032' title='bbox 1937 5839 2045 5893; x_wconf 73' lang='lat' dir='ltr'><strong>item</strong></span> <span class='ocrx_word' id='word_1_1033' title='bbox 2068 5839 2152 5903; x_wconf 83' lang='lat' dir='ltr'><strong>qui</strong></span> <span class='ocrx_word' id='word_1_1034' title='bbox 2172 5839 2421 5900; x_wconf 78' lang='lat' dir='ltr'><strong>nondum]</strong></span> 
     </span>
    </p>
   </div>
  </div>
