3996 6518
456 342 591 400 1505
1682 346 1737 400 S.
1782 336 2139 398 AUGUSTINI
2181 340 2479 398 EPlSCOPl

454 471 622 524 lactus
666 467 784 521 est?
827 464 892 519 In
937 462 1179 534 principio
1208 460 1325 533 fecit
1356 458 1493 512 Deus
1537 458 1715 510 caelum
1761 463 1807 508 et
1849 462 2035 505 terram

455 559 607 632 (Cen.
643 577 680 619 ι.
714 560 790 628 l),
830 558 953 629 quia
981 555 1153 609 omnia
1182 567 1273 621 per
1315 552 1487 620 ipsum
1535 547 1669 602 facta
1715 554 1858 600 sunt.
1905 543 2035 610 Quis

454 650 685 706 mundus
726 664 849 705 eum
898 662 1003 702 non
1041 640 1347 715 cognovit?
1412 639 1637 695 Mundus
1683 645 1738 691 et
1784 633 2031 698 mundus,

456 743 596 797 sicut
619 740 809 795 domus
845 748 899 792 et
922 736 1111 791 domus
1134 751 1149 795 ;
1194 732 1385 789 domus
1413 732 1464 785 in
1492 729 1691 785 fabrica
1714 770 1729 795 ,
1766 726 1956 781 domus
1982 725 2035 778 in

3618 347 3809 401 1504

2144 456 2301 509 Arnen
2347 456 2460 510 dico
2501 457 2668 521 vobis,
2715 473 2814 510 non
2858 453 3024 511 inveni
3049 466 3241 511 tantam
3273 460 3424 528 ﬁdem
3455 460 3506 513 in
3544 456 3807 514 Israel.

2146 543 2201 599 ln
2232 545 2370 600 oliva
2414 562 2518 601 non
2567 547 2743 602 iuveni
2785 548 2925 618 quod
2956 550 3128 604 inveni
3176 551 3228 604 in
3278 552 3529 606 olcaSIro.
3611 550 3812 621 Ergo

2143 634 2283 691 oliva
2309 636 2623 706 superbiens
2652 638 2992 708 prmcidatur,
3017 645 3248 696 oleaster
3275 642 3490 696 humilis
3520 643 3802 697 inser-av

2144 734 2250 781 tur.
2282 726 2415 783 Vide
2442 728 2765 785 inserentem
2786 772 2800 797 ,
2844 731 2965 786 vide
2992 731 3367 802 prmcidentem
3398 750 3412 788 :
3446 733 3808 804 Propterea

455 830 858 886 habitatoribus.
921 827 979 881 ln
1026 824 1223 879 fabrica
1280 822 1504 886 domus;
1552 815 2036 890 quemadmodum,

455 920 694 991 Magnam
735 919 949 972 domum
997 914 1155 981 fecit,
1203 912 1614 983 pulcherrimam
1646 909 1863 963 domum
1904 921 2035 960 con-

454 1013 665 1068 struxit.
717 1012 915 1067 Domus
964 1009 1018 1083 in
1063 1006 1486 1070 habitatoribus;
1538 1000 1838 1073 quomodo,
1891 998 2036 1051 Bona

453 1103 645 1158 domus
666 1145 681 1168 ,
710 1101 991 1157 benedicat
1018 1114 1135 1154 eam
1165 1096 1457 1159 Dominus;
1488 1094 1625 1147 mala
1651 1091 1872 1154 donius,
1912 1103 2037 1157 par-

452 1204 538 1247 cat
567 1194 616 1248 ei
646 1192 805 1246 Deus.
836 1192 975 1260 Ergo
1002 1188 1218 1241 mundus
1245 1203 1332 1255 per
1354 1201 1472 1239 eum
1499 1187 1664 1254 factus
1688 1189 1780 1244 est,
1809 1188 1864 1233 et
1890 1176 2039 1230 habi-

454 1287 583 1337 tatio
626 1291 680 1338 et
717 1282 1045 1337 habitatores
1087 1298 1100 1333 :
1148 1286 1194 1332 et
1232 1276 1447 1330 mundus
1486 1290 1600 1328 eum
1642 1287 1743 1325 non
1783 1268 2035 1339 cognovit,

454 1375 803 1431 habitatores.

531 1464 586 1518 4.
618 1463 849 1517 Christus
883 1460 1131 1531 quomodo
1162 1474 1259 1512 nou
1289 1465 1514 1527 receptus
1552 1470 1584 1506 a
1620 1452 1743 1507 suis.
1782 1448 1954 1503 Judan'
1979 1447 2040 1502 ob

455 1553 739 1624 superbiam
786 1553 1004 1624 prtecisi,
1060 1549 1283 1621 Gentiles
1331 1548 1391 1601 ob
1439 1544 1772 1599 humilitatem
1814 1542 1867 1595 in
1910 1541 2042 1595 oliva

456 1646 648 1700 inserti.
673 1644 991 1699 Centurionis
1017 1642 1275 1696 humilitas
1302 1650 1347 1694 et
1369 1640 1515 1709 ﬁdes.
1537 1636 1689 1690 -——In
1716 1651 1810 1690 sua
1835 1634 2043 1705 propria

456 1738 625 1804 venit,
670 1745 718 1791 et
754 1736 834 1791 sui
870 1751 983 1789 eum
1021 1750 1122 1787 non
1147 1739 1457 1802 receperunt.
1502 1729 1641 1798 Ergo
1676 1741 1841 1796 quare
1871 1725 2039 1791 venit,

459 1827 609 1896 quasi
653 1841 758 1880 non
791 1824 1046 1895 praescius
1075 1821 1218 1892 quod
1260 1821 1342 1875 sui
1383 1834 1488 1874 nou
1530 1826 1710 1873 essent
1738 1830 1860 1870 eum
1891 1829 2043 1869 rece-

463 1916 642 1986 pturi?
684 1916 819 1971 Audi
850 1924 1069 1986 propter
1093 1912 1235 1984 quod
1264 1911 1470 1967 venerit
1498 1912 1515 1942 ¹
1549 1927 1562 1963 :
1598 1908 1854 1977 Quotquot
1880 1916 2045 1959 autem

460 2017 753 2079 receperunt
777 2023 914 2061 eum.
964 2005 1060 2060 Sui
1104 2019 1207 2058 non
1248 2008 1599 2071 receperunt,
1629 2006 1682 2055 et
1710 1999 1793 2053 sui
1822 2011 2044 2065 recepe-

466 2108 595 2153 runt
619 2101 677 2165 ²;
716 2097 949 2152 mundus
989 2111 1093 2150 non
1120 2094 1376 2159 credidit,
1409 2102 1462 2148 et
1492 2090 1720 2146 mundus
1750 2099 1893 2145 totus
1921 2102 2044 2144 cre-

460 2192 617 2247 didit.
663 2192 811 2247 Sicut
838 2190 1067 2246 dicimus
1088 2231 1102 2254 ,
1134 2189 1266 2244 Tota
1291 2188 1450 2243 arbor
1476 2186 1632 2257 plena
1662 2184 1803 2239 foliis
1828 2202 1843 2251 ;
1887 2198 2045 2237 num-

461 2282 590 2353 quid
636 2281 895 2336 l‘ructibus
944 2290 1027 2336 est
1072 2281 1223 2335 locus
1272 2276 1524 2333 ablatus?
1574 2276 1871 2345 Utrumque
1916 2273 2043 2341 dici,

464 2386 751 2447 utrumque
798 2374 1020 2445 intelligi
1051 2380 1245 2444 potest,
1292 2379 1347 2426 et
1385 2371 1544 2425 arbor
1586 2368 1727 2423 loliis
1767 2368 1944 2437 plena,
1994 2374 2049 2420 et

461 2467 624 2522 arbor
669 2466 926 2521 fructibus
975 2465 1129 2533 plena
1164 2476 1313 2516 :una
1349 2461 1510 2514 arbor
1553 2459 1605 2512 in
1647 2468 1905 2526 utroque,
1954 2456 2048 2510 sed

468 2558 608 2613 foliis
635 2554 1026 2627 dispergendis,
1058 2552 1318 2607 fructibus
1347 2548 1677 2617 colligendis.
1712 2547 1871 2616 Ergo,
1916 2545 2049 2600 lide-

470 2651 551 2706 les
577 2649 696 2719 ejus
716 2690 730 2713 ,
758 2646 899 2702 servi
925 2646 1042 2715 ejus
1068 2644 1111 2709 ',
1141 2643 1427 2697 dilectores
1456 2641 1570 2710 ejus
1588 2679 1603 2704 ,
1634 2654 1857 2709 quorum
1883 2637 2049 2707 gloria

467 2750 583 2804 est,
617 2753 842 2809 quorum
873 2751 995 2806 spes
1016 2776 1031 2799 ,
1062 2748 1288 2804 quorum
1318 2747 1405 2787 res
1432 2740 1547 2796 est;
1593 2728 1806 2801 quando
1833 2727 2047 2792 auditis,

467 2831 564 2887 Sui
591 2846 707 2885 eum
734 2845 836 2882 non
860 2834 1171 2898 receperunt,
1196 2825 1360 2879 nolite
1385 2823 1565 2878 dolere
1591 2840 1604 2876 :
1631 2820 1755 2891 quia
1780 2819 2051 2876 credendo

467 2924 638 2994 ipsius
666 2922 817 2977 estis.
866 2919 964 2975 Sui
999 2934 1117 2972 eum
1153 2933 1254 2971 non
1280 2922 1590 2985 receperunt.
1638 2913 1739 2980 Qui
1774 2912 1859 2966 isti
1886 2911 2052 2966 sunt?

470 3016 632 3071 Forte
656 3012 828 3069 Judaei
853 3012 979 3065 olim
1005 3010 1176 3065 vocati
1204 3024 1269 3065 ex
1294 3007 1548 3077 Egypto,
1576 3005 1785 3060 liberati
1812 3004 1865 3058 in
1892 3019 2052 3058 manu

469 3106 695 3178 potenti,
738 3121 834 3176 per
858 3103 1097 3158 Rubrum
1132 3115 1282 3155 mare
1320 3098 1548 3167 trajecti,
1578 3112 1672 3166 per
1696 3097 1896 3150 siccum
1924 3110 2051 3151 eva-

468 3198 680 3265 dentes,
704 3195 946 3250 hostibus
968 3190 1369 3261 insequentibus
1393 3195 1656 3252 carentes,
1677 3201 1868 3240 manna
1891 3184 2050 3254 pasti,

469 3289 538 3346 de
567 3288 821 3344 servitute
850 3286 1009 3348 eruti,
1038 3283 1104 3337 ad
1132 3296 1350 3352 regnum
1380 3278 1649 3350 perducti,
1677 3284 1759 3331 tot
1782 3275 2054 3331 beneﬁciis

468 3381 654 3453 empti.
698 3379 837 3433 Ecce
860 3377 977 3444 sui,
1008 3376 1097 3445 qui
1131 3389 1233 3429 non
1264 3379 1586 3441 receperunt
1616 3387 1629 3423 :
1655 3368 1748 3423 sed
1778 3383 1883 3422 non
1913 3368 2053 3422 reci-

469 3472 666 3543 piendo
693 3470 816 3525 facti
844 3478 971 3524 sunt
998 3465 1175 3521 alieni.
1216 3464 1271 3519 lu
1299 3463 1437 3518 oliva
1466 3469 1651 3528 erant,
1698 3458 2054 3529 superbiendo

470 3565 624 3620 tracti
653 3572 796 3619 sunt.
826 3561 1067 3615 Oleaster
1090 3554 1525 3625 contemptibilis,
1552 3550 1906 3607 amaritudine
1930 3550 2055 3604 bac-

467 3672 649 3713 carum
680 3650 1030 3724 aspernabilis
1056 3648 1113 3714 ⁸,
1152 3663 1248 3719 per
1274 3657 1441 3701 totum
1474 3643 1727 3698 mundum
1758 3650 1911 3705 erat;
1962 3641 2055 3696 illo

470 3757 614 3802 totus
635 3745 867 3801 mundus
893 3740 1145 3798 horrebat
1170 3738 1402 3794 silvestri
1427 3737 1660 3791 oleastro
1680 3733 1701 3765 ⁸
1723 3752 1735 3787 :
1758 3732 1851 3788 sed
1878 3742 2055 3787 tamen

474 3853 569 3908 per
596 3836 944 3890 humilitatem
975 3833 1046 3886 ibi
1074 3831 1270 3885 meruit
1299 3828 1457 3883 inseri
1478 3869 1492 3893 ,
1523 3826 1668 3881 unde
1693 3826 1837 3881 oliva
1864 3838 2053 3893 super-

468 3926 669 3985 biendo
699 3923 913 3996 praecidi
962 3921 1148 3994 (Rom.
1175 3936 1260 3985 χι,
1293 3920 1405 3989 l7).
1448 3917 1585 3971 Audi
1630 3918 1822 3970 olivam
1863 3930 2053 3985 super-

466 4019 698 4075 bientem
725 4057 741 4082 ,
786 4023 839 4070 ct
884 4012 1057 4082 frangi
1097 4010 1354 4080 dignam:
1389 4006 1502 4062 Nos
1568 4006 1631 4059 de
1676 4006 1911 4059 servitute
1952 4020 2056 4056 non

466 4126 641 4164 sumus
669 4106 774 4160 nati
792 4147 807 4172 ,
838 4114 1032 4176 patrem
1059 4101 1297 4156 habemus
1325 4099 1601 4153 Abraham.
1633 4093 2004 4163 Respondetur
2034 4108 2048 4144 :

467 4200 531 4254 Si
558 4198 655 4269 ﬁlii
683 4196 900 4251 Abrahae
923 4193 1096 4249 essetis
1117 4234 1131 4257 ,
1164 4195 1301 4263 facta
1330 4188 1550 4243 Abrahae
1579 4183 1829 4256 faceretis.
1858 4182 2055 4238 Contra

467 4290 519 4347 id
550 4288 692 4360 quod
724 4287 925 4342 dictum
957 4294 1039 4340 est
1059 4324 1073 4349 ,
1107 4282 1185 4336 De
1220 4281 1455 4335 servitute
1486 4294 1587 4330 non
1615 4292 1789 4330 sumus
1818 4273 1925 4327 nati
1953 4288 1971 4326 :
1996 4272 2059 4327 Si

465 4399 551 4437 uos
580 4380 749 4434 Filius
793 4377 1109 4440 liberaverit,
1156 4388 1271 4429 vere
1313 4370 1456 4426 liberi
1501 4369 1661 4423 eritis.
1712 4365 1936 4420 Liberos
1959 4376 2057 4417 vos

466 4488 588 4528 esse
625 4469 874 4539 jactatis?
921 4466 1100 4520 Omnis
1142 4462 1232 4534 qui
1276 4461 1402 4534 facit
1434 4468 1695 4531 peccatum
1720 4498 1734 4522 ,
1778 4469 1950 4508 servus
1985 4461 2057 4506 est

468 4561 655 4635 peccati
686 4557 865 4631 (Joan.
891 4571 985 4611 vut
1004 4595 1020 4620 ,
1050 4550 1273 4623 53-39).
1302 4551 1515 4619 Quanto
1541 4561 1670 4618 ergo
1700 4545 1865 4600 tutius
1894 4543 2056 4635 homo

467 4633 654 4709 servus
703 4664 851 4706 esses
898 4644 1150 4710 hominis,
1176 4658 1336 4713 quam
1384 4652 1650 4709 perversa:
1700 4633 2056 4705 cupiditatis?

472 4747 549 4800 Illi
602 4756 779 4800 tamen
833 4736 1194 4809 superbiendo
1249 4733 1504 4788 humilem
1560 4746 1665 4784 non
1718 4734 2054 4796 receperunt.

472 4835 605 4891 Vide
640 4834 929 4889 oleastrum
970 4828 1191 4899 dignum
1220 4821 1418 4888 inseri,
1458 4818 1836 4875 Centurionem
1883 4815 2051 4882 illum,

472 4941 577 4980 non
608 4922 674 4978 de
700 4918 1007 4977 lsraeliticis
1025 4959 1041 4985 ,
1070 4915 1167 4971 sed
1205 4913 1275 4969 de
1303 4911 1600 4968 Gentilibus
1621 4909 1662 4963 °:
1691 4907 1925 4972 Domine,
1956 4923 2057 4960 non

472 5032 583 5071 sum
607 5015 790 5086 dignus
809 5054 824 5080 ,
854 5022 909 5067 ut
937 5010 1029 5065 sub
1058 5016 1240 5063 tectum
1264 5020 1432 5059 meum
1459 5003 1633 5057 intres.
1667 5002 1734 5056 Et
1760 5000 2014 5055 Dominus
2041 5016 2055 5054 :

535 5152 554 5186 ι
582 5148 710 5211 Idem
732 5143 995 5211 codex_cl.:
1016 5132 1731 5211 ωάὶριξσριενφιρξυεηετὶιχ
1756 5195 1849 5211 ,ψ
1896 5194 1992 5211 μ),

534 5194 717 5282 ’.ιλῖάᾇὲ
739 5194 902 5259 em:
922 5194 1256 5282 ‘reeeress:
1270 5194 1855 5282 esseesse
1887 5194 2057 5245 οοάίοε

470 5273 534 5326 cl.
558 5259 670 5335 [sui
696 5259 790 5321 non
811 5259 1092 5333 receperunt
1108 5301 1124 5325 ,
1146 5259 1352 5315 mundus
1386 5276 1480 5313 non
1496 5259 1757 5333 crediditz]

536 5338 557 5369 ³
578 5344 694 5395 Vox,
718 5333 841 5392 eius,
864 5331 945 5395 hic
976 5328 1248 5395 restituitur
1273 5340 1379 5395 ἐκ,
1398 5325 1574 5375 eodem
1617 5322 1784 5372 codice
1824 5318 1887 5395 cl.
1912 5318 2057 5381 [Ergo

472 5396 640 5461 ﬁdeles
660 5387 785 5459 eius,
801 5387 943 5465 servi.
967 5389 1218 5440 dilectores
1236 5387 1380 5499 ejus}
1820 5394 1843 5413 ο
2043 5453 2056 5466 ⁸

534 5460 557 5491 ι
573 5464 619 5499 ln
642 5457 816 5499 amitam
830 5454 997 5499 codice
1013 5450 1096 5499 ρι..
1114 5449 1355 5499 amarttud
1376 5460 1434 5497 ne
1450 5446 1707 5497 baccarum
1720 5439 2052 5499 aspernabilis,

534 5460 557 5491 ι
572 5446 629 5507 ιὰ
642 5446 816 5508 eodem
830 5446 997 5519 codice
1013 5450 1096 5510 et,
1114 5446 1434 5519 amaritudine
1450 5446 1707 5519 baccarum
1720 5446 2052 5519 asperitabius;

475 5520 557 5590 alii
590 5506 887 5590 scripsimus,
919 5506 1197 5565 baccarum.
1220 5508 1568 5574 [Amaritudine
1594 5506 1812 5557 batorum
1827 5516 2057 5567 asperna-

474 5580 713 5699 bdrlllud,
736 5635 943 5693 silvestri
957 5636 1175 5696 oleastro,
1200 5633 1386 5699 additur
1406 5645 1469 5683 ex
1486 5629 1661 5681 eodem
1683 5628 1848 5678 codice
1870 5625 1933 5677 cl.
1956 5626 2058 5689 [T0-

476 5710 549 5754 tus
565 5697 771 5753 mundus
792 5699 1012 5750 horrebat
1027 5710 1044 5759 ,'
1059 5699 1144 5749 sed
1161 5703 1337 5747 tamen.
1352 5697 1371 5758 ]
1530 5751 1540 5762 _
2026 5746 2036 5755 ι

537 5764 558 5796 ⁸
584 5765 714 5815 Idem
765 5762 922 5814 codex
973 5758 1071 5820 οι..
1116 5771 1212 5809 non
1257 5756 1320 5808 de
1371 5752 1629 5814 Israelttts,
1681 5750 1765 5804 scd
1812 5749 1874 5800 de
1907 5754 2058 5800 Genti~

476 5826 574 5876 bus.
1056 5835 1063 5839 ‘

2144 816 2257 870 dico
2282 817 2418 873 vobis
2442 861 2457 885 ,
2500 820 2619 889 quia
2648 820 2794 874 multi
2822 821 2884 875 ab
2909 822 3098 876 oriente
3131 832 3178 876 et
3208 824 3462 877 occidente
3495 824 3752 878 venient
3779 841 3800 888 ε

2144 910 2343 965 multus
2365 911 2541 967 veniet
2564 913 2796 968 oleaster
2827 914 3141 970 inserendas
3168 915 3220 970 in
3249 915 3388 971 oliva
3415 932 3430 983 ;
3463 928 3509 971 et
3530 932 3800 971 recum-

2146 1001 2257 1055 bent
2283 1018 2399 1055 cum
2419 1002 2673 1057 Abraham
2699 1013 2746 1057 et
2773 1002 2926 1059 Isaac
2949 1015 2996 1059 et
3019 1005 3178 1060 Iacob
3202 1007 3257 1060 in
3281 1023 3437 1078 regno
3461 1009 3799 1064 caelorum.

2146 1091 2355 1147 Audisti
2393 1093 2840 1163 quemadmodum
2884 1095 3116 1152 oleaster
3158 1097 3377 1154 humilis
3422 1098 3793 1164 inseratur;

2145 1181 2269 1236 audl
2295 1183 2744 1252 quemadmodum
2772 1185 2912 1241 oliva
2951 1187 3181 1257 superba
3209 1188 3533 1259 praecidatur
3558 1208 3578 1245 :
3623 1184 3798 1244 Filii

2146 1282 2313 1326 autem
2339 1275 2481 1344 regni
2508 1275 2649 1328 ibunt
2677 1276 2730 1329 in
2775 1275 2999 1330 tenebras
3025 1278 3293 1332 exteriores
3314 1293 3335 1343 ;
3362 1279 3432 1332 ibi
3456 1280 3553 1332 erit
3586 1280 3787 1350 ﬂetus

2146 1374 2195 1417 et
2238 1365 2424 1419 stridor
2462 1365 2686 1420 dentium
2732 1366 2942 1437 (Matth.
2976 1383 3091 1433 Vlll,
3120 1368 3302 1438 8-12).
3342 1368 3557 1436 Quare?
3610 1368 3789 1437 Quia

2146 1455 2227 1507 sui
2252 1471 2367 1508 eum
2396 1472 2497 1509 non
2536 1467 2846 1525 receperunt.
2894 1457 2961 1511 Et
2987 1473 3153 1527 quare
3194 1458 3429 1514 insertus
3457 1459 3733 1515 oleaster
3757 1459 3786 1513 ?

2148 1547 2280 1612 Quia
2326 1557 2566 1618 quotquot
2610 1566 2725 1605 eum
2753 1559 3082 1621 receperunt,
3131 1551 3268 1606 dedit
3314 1552 3385 1606 eis
3433 1562 3785 1624 potestatem

2150 1637 2283 1706 ﬁlios
2313 1638 2409 1692 Dei
2437 1640 2568 1709 ﬁeri.

2220 1729 2275 1783 Β.
2317 1728 2549 1786 Potestas
2588 1731 2709 1786 data
2746 1742 2803 1787 ut
2831 1734 3103 1805 efﬁciamur
3130 1736 3228 1807 ﬁlii
3254 1736 3369 1792 Dei.
3416 1737 3578 1809 Erige
3626 1755 3775 1807 cor,

2150 1837 2318 1892 genus
2344 1822 2656 1891 humanum,
2687 1827 2891 1896 reSpira
2920 1828 2971 1882 iu
2999 1845 3124 1883 aura
3151 1830 3271 1885 vita:
3298 1840 3353 1887 et
3379 1832 3777 1889 securissimus

2152 1914 2410 1969 libertatis
2439 1917 2480 1969 ¹.
2509 1916 2643 1983 Quid
2673 1918 2868 1973 audis?
2906 1919 3031 1989 quid
3063 1920 3156 1975 tibi
3185 1922 3554 1990 promittitur?
3587 1924 3775 1979 Dedit

2154 2005 2224 2058 eis
2252 2014 2563 2075 potestatem.
2595 2007 2763 2075 Quam
2801 2012 3164 2078 potestatem?
3202 2014 3284 2067 An
3312 2011 3451 2069 forte
3480 2014 3632 2070 unde
3664 2015 3731 2070 in
3750 2042 3773 2055 ο

2155 2094 2349 2149 ﬂaiitur
2394 2096 2669 2163 homines,
2716 2098 2988 2168 judicandi
3040 2101 3108 2157 de
3154 2102 3417 2173 capitibus
3462 2103 3769 2169 humanis,

2155 2184 2359 2240 ferendi
2407 2190 2697 2243 sententias
2747 2189 2815 2244 de
2864 2192 3232 2248 innocentibus
3280 2202 3336 2249 et
3382 2197 3769 2252 nocentibus?

2159 2277 2492 2346 Potestatem,
2524 2280 2715 2351 inquit,
2744 2282 2879 2336 dedit
2905 2285 2977 2337 eis
3004 2286 3136 2352 ﬁlios
3168 2284 3261 2340 Dei
3288 2287 3416 2356 ﬁeri.
3448 2287 3565 2344 Jam
3592 2291 3769 2345 enim

2157 2379 2313 2425 erant
2340 2386 2445 2424 non
2475 2372 2564 2425 lilii
2585 2414 2599 2437 ,
2651 2382 2704 2427 et
2730 2373 2929 2429 ﬁebant
2959 2375 3048 2429 lilii
3072 2379 3130 2441 ²;
3173 2378 3294 2448 quia
3326 2379 3414 2435 ille
3456 2397 3551 2450 per
3581 2399 3768 2451 quem

2159 2461 2293 2514 fiunt
2318 2462 2411 2515 lilii
2441 2463 2567 2529 Dei,
2594 2464 2703 2533 jam
2731 2474 2844 2519 erat
2870 2465 3034 2521 Filius
3063 2467 3177 2531 Dei,
3208 2478 3260 2523 et
3288 2468 3457 2524 lactus
3484 2480 3565 2526 est
3592 2472 3761 2526 ﬁlius

2160 2550 2410 2607 hominis.
2457 2553 2573 2608 lam
2613 2570 2742 2625 ergo
2779 2568 2834 2610 et
2874 2556 2947 2611 illi
2987 2567 3142 2613 erant
3183 2558 3276 2613 lilii
3322 2559 3597 2616 hominum
3627 2604 3644 2625 ,
3702 2573 3767 2617 et

2160 2641 2282 2696 lacti
2328 2652 2452 2697 sunt
2494 2643 2588 2698 lilii
2635 2644 2750 2700 Dei.
2805 2646 3086 2702 Descendit
3114 2648 3179 2703 ad
3210 2648 3262 2705 id
3291 2649 3433 2720 quod
3464 2666 3569 2706 non
3601 2662 3761 2717 erat,

2161 2734 2282 2803 quia
2325 2734 2468 2788 aliud
2515 2743 2648 2789 erat.
2700 2735 2919 2791 Levavit
2966 2748 3016 2793 te
3061 2738 3127 2794 ad
3176 2740 3225 2794 id
3269 2741 3408 2811 quod
3453 2757 3558 2796 non
3598 2758 3764 2811 eras,

2161 2824 2282 2893 quia
2310 2824 2444 2877 alius
2467 2840 2587 2880 eras
2608 2826 2650 2879 ⁸.
2682 2826 2840 2897 Erige
2868 2844 2996 2898 ergo
3022 2844 3192 2899 spem.
3222 2830 3466 2901 Magnum
3491 2841 3574 2887 est
3598 2835 3763 2903 quod

2164 2916 2255 2970 tibi
2299 2917 2619 2985 promissum
2660 2928 2780 2985 est,
2828 2919 2924 2975 sed
2964 2936 2994 2974 a
3038 2938 3229 2992 magno
3269 2926 3590 2995 promissum
3640 2936 3760 2982 cst.

2163 3006 2383 3061 Multum
2423 3017 2478 3064 ct
2518 3008 2831 3065 incredibile
2860 3012 3071 3066 videtur
3093 3011 3146 3079 ⁸,
3178 3023 3231 3069 et
3270 3015 3421 3085 quasi
3450 3031 3554 3070 non
3584 3032 3763 3086 posse

2164 3098 2458 3153 mstimatur
2501 3100 2641 3154 Iilios
2684 3100 2957 3155 hominum
3001 3103 3112 3157 lieri
3161 3104 3295 3159 lilios
3326 3105 3440 3160 Dei.
3488 3107 3591 3162 Sed
3625 3108 3763 3177 plus

2164 3205 2261 3259 pro
2291 3192 2394 3245 illis
2424 3190 2619 3247 factum
2648 3201 2760 3260 est,
2790 3195 2909 3263 quia
2940 3193 3106 3249 Filius
3134 3195 3226 3250 Dei
3270 3196 3439 3252 lactus
3481 3206 3565 3253 est
3605 3200 3762 3253 [ilius

2165 3279 2419 3339 hominis.
2470 3282 2625 3353 Erige
2654 3298 2782 3354 ergo
2808 3299 2994 3353 spem,
3034 3299 3068 3339 ο
3093 3285 3288 3353 homo,
3336 3288 3471 3356 pelle
3510 3303 3540 3342 a
3580 3290 3762 3345 corde

2165 3370 2556 3427 inﬁdelitatem.
2606 3374 2971 3429 lncredibilius
3006 3374 3115 3447 jam
3160 3392 3257 3446 pro
3303 3386 3355 3432 te
3399 3378 3599 3434 lactant
3639 3391 3757 3448 est,

2166 3477 2322 3532 quam
2350 3462 2491 3533 quod
2527 3464 2620 3519 tibi
2655 3466 2977 3535 promissum
3009 3477 3110 3521 est.
3155 3467 3362 3523 Miraris
3388 3470 3431 3523 si
3460 3470 3622 3525 homo
3647 3472 3759 3526 ha-

2166 3553 2291 3607 beat
2315 3554 2475 3607 vitam
2506 3555 2804 3610 aeternam?
2852 3556 3063 3613 miraris
3107 3557 3153 3612 si
3184 3558 3344 3613 homo
3376 3561 3652 3630 perveniat
3680 3564 3756 3618 ad

2170 3644 2333 3698 vitam
2380 3645 2674 3699 aeternam?
2723 3647 2918 3703 mirare
2968 3649 3144 3717 potius
3188 3649 3331 3719 quod
3370 3651 3513 3706 Deus
3557 3668 3656 3722 pro
3701 3663 3759 3710 to

2167 3739 2408 3806 pervenit
2461 3737 2527 3791 ad
2581 3746 2830 3794 mortem.
2889 3739 3025 3808 Quid
3074 3739 3286 3796 dubitas
3331 3741 3401 3797 de
3454 3745 3751 3813 promisso.

2168 3837 2314 3883 tanto
2357 3829 2577 3899 pignore
2603 3832 2867 3901 accepto?
2898 3831 3031 3888 Vide
3058 3849 3186 3903 ergo
3211 3835 3479 3904 quomodo
3520 3844 3573 3891 te
3613 3853 3753 3893 cou-

2168 3921 2376 3983 lirmat,
2414 3921 2682 3991 quomodo
2714 3924 3122 3992 promissionem
3155 3924 3245 3980 Dei
3289 3924 3507 3979 roborat
3538 3944 3550 3979 :
3585 3926 3753 3991 Quot-

2167 4022 2307 4082 quot,
2333 4013 2524 4081 iuquit,
2549 4025 2841 4084 receperunt
2871 4030 3005 4081 eum,
3036 4015 3174 4069 dedit
3200 4016 3270 4070 eis
3296 4024 3586 4086 potestatem
3615 4019 3755 4086 ﬁlios

2167 4103 2263 4157 Dei
2312 4104 2444 4171 ﬁeri.
2498 4103 2612 4171 Qua
2653 4107 3041 4173 generatione?
3088 4106 3201 4159 Non
3235 4106 3321 4160 illa
3365 4108 3591 4175 usitata,
3636 4124 3746 4163 non

2166 4194 2365 4258 veteri,
2410 4208 2515 4247 non
2561 4194 2861 4248 transitoria
2903 4194 2988 4249 vel
3036 4195 3253 4248 carnali.
3310 4194 3430 4249 Non
3473 4212 3535 4251 ea:
3571 4215 3747 4265 carne,

2170 4283 2375 4353 inquit,
2407 4300 2505 4338 non
2536 4300 2598 4338 ex
2623 4284 2866 4353 sanguine
2885 4324 2901 4351 ,
2946 4300 3102 4355 neque
3130 4300 3191 4337 ex
3216 4286 3471 4341 voluntate
3492 4288 3588 4342 riri
3603 4329 3618 4354 ,
3658 4289 3750 4342 sed

2167 4389 2229 4426 ex
2257 4372 2362 4427 Deo
2387 4373 2493 4426 nati
2522 4382 2657 4426 sunt.
2705 4373 2912 4427 Miraris
2933 4413 2948 4436 ,
2990 4387 3096 4429 non
3123 4374 3336 4429 credis?
3389 4374 3599 4431 Verbum
3628 4393 3750 4432 caro

2167 4467 2356 4534 factum
2383 4474 2476 4529 est,
2496 4474 2541 4518 et
2562 4463 2803 4517 habitavit
2831 4464 2882 4517 in
2903 4464 3044 4518 nobis
3061 4461 3236 4537 (Joan.
3252 4481 3291 4531 l,
3312 4466 3360 4531 l,
3377 4466 3433 4531 2,
3451 4466 3592 4537 etc.).
3609 4466 3749 4523 Ecce

2170 4554 2311 4608 unde
2350 4553 2544 4609 factum
2584 4562 2668 4609 est
2704 4553 3024 4609 sacrificium
3051 4557 3432 4626 vespertinum.
3484 4557 3748 4613 Inhaerea-

2168 4661 2286 4700 mus
2315 4646 2388 4699 illi
2419 4662 2432 4698 :
2466 4644 2741 4700 nobiscum
2780 4646 3035 4700 olleratur
3056 4686 3070 4710 ,
3110 4645 3200 4716 qui
3229 4662 3325 4717 pro
3355 4646 3510 4702 nobis
3539 4647 3748 4703 oblatus

2169 4746 2269 4790 est.
2317 4735 2408 4791 Sic
2444 4735 2586 4790 enim
2612 4735 2917 4807 vespertino
2955 4735 3220 4793 sacrificio
3249 4738 3357 4792 vita
3386 4745 3541 4793 vetus
3580 4737 3744 4793 inter—
3814 4786 3822 4793 .

2170 4827 2365 4895 ticitur,
2396 4834 2449 4881 et
2477 4825 2710 4882 diluculo
2736 4841 2873 4882 nova
2899 4826 3087 4882 oritur.

2170 5026 2404 5139 06:33.11
2420 5025 2574 5077 codex
2597 5026 2682 5087 οι..
2705 5026 2893 5093 respiro
2923 5025 2975 5078 in
2992 5038 3141 5078 auras
3157 5025 3267 5078 vita:
3287 5032 3334 5077 et
3350 5023 3667 5079 serenissima
3688 5026 3743 5078 li-

2341 5103 2381 5139 8.

2226 5152 2246 5211 ε
2270 5158 2397 5200 lianc
2426 5150 2710 5211 adhibemus
2730 5150 2993 5211 lectionem
3028 5163 3093 5200 ex
3119 5150 3293 5200 eodem
3324 5149 3491 5200 codice
3526 5148 3591 5199 cl.
3617 5148 3742 5211 [Jam

2167 5210 2293 5306 enim
2313 5225 2407 5261 non
2425 5218 2562 5263 erant
2582 5210 2690 5282 filii,
2708 5219 2752 5263 et
2769 5210 2889 5284 ﬁunt
2911 5211 3039 5321 βιϋὶ)
3396 5270 3407 5283 ι
3531 5269 3541 5281 ⁸

2274 5273 2389 5321 Illud
2411 5311 2423 5321 .
2445 5280 2627 5321 levarat
2664 5282 2708 5321 te
2746 5274 2811 5321 ad
2834 5273 2887 5321 τά
2908 5286 2998 5321 ouo
3054 5285 3147 5321 non
3168 5285 3294 5321 eras.
3324 5285 3438 5321 ausa
3473 5269 3541 5321 alt

2231 5275 2253 5337 ξ
2274 5273 2389 5324 Illud
2411 5311 2423 5323 .
2445 5269 2627 5337 levarit
2664 5269 2708 5324 te
2746 5269 2811 5337 a'd
2834 5273 2887 5323 id
2898 5269 3038 5337 quod
3054 5285 3147 5337 non
3168 5285 3294 5337 eras,
3324 5270 3438 5335 quia
3473 5269 3599 5337 alius
3619 5283 3740 5325 cras.

2167 5335 2355 5386 additur
2380 5350 2444 5386 ex
2484 5336 2658 5385 eodem
2678 5336 2845 5385 codice
2868 5331 2930 5385 cl."
2974 5334 3112 5397 [quia
3134 5331 3287 5383 aliud
3304 5331 3426 5385 erat.
3451 5332 3593 5397 Erige
3635 5344 3739 5395 ergo

2166 5400 2386 5526 spsﬁlllld
2408 5472 2421 5508 :
2440 5458 2525 5526 sed
2547 5471 2578 5507 a
2597 5469 2773 5526 magno
2793 5455 3082 5526 promissum
3116 5454 3444 5526 est._{ttultuni,
3468 5453 3736 5526 addituret;

2171 5519 2632 5592 eodemegdicecl.
2655 5517 2899 5592 [@agnum
2924 5524 2993 5571 est
3017 5518 3141 5585 quod
3167 5517 3247 5569 tibi
3279 5517 3563 5581 promissum
3584 5520 3672 5576 cst,
3698 5524 3737 5566 et

2170 5580 2453 5634 incredibile
2475 5581 2707 5643 t'idctur.]
2752 5580 2770 5583 '
2986 5598 3005 5618 -

3946 2412 3949 2557 ι

3947 2652 3949 2733 ι
