3996 6478
197 300 334 354 1505

609 428 835 484 εειιιιο
873 426 1154 482 cccxua
1188 431 1200 446 ι
1235 426 1330 496 (α).

209 549 284 603 De
310 545 546 602 Susanna
584 555 630 599 et
661 543 854 614 Joseplt
891 559 909 596 :
949 559 1064 596 cum
1100 542 1445 596 exhortatione
1493 539 1559 591 ad
1603 537 1758 590 cnsti-

831 641 979 686 tatem
1016 632 1088 704 (ὁ)
1099 670 1114 685 .

265 767 315 821 1.
347 766 585 821 Susanna
625 765 905 836 exemplum
932 764 1185 835 pudicitia.-
1211 762 1510 833 conjugalis.
1546 760 1761 816 Castitas

191 859 378 910 donum
410 856 519 911 Dei.
539 857 777 912 Susanna
803 856 1040 910 diuinitus
1069 855 1276 909 liberata
1300 869 1331 906 a
1357 853 1505 923 falsis
1535 851 1756 906 testibus.

197 946 396 1002 Divina:
425 946 710 1012 lectiones,
752 955 807 1001 et
839 954 1018 1001 sancta
1048 944 1258 1000 oracula
1289 945 1419 1010 Dei,
1451 960 1567 1014 quae
1611 945 1759 999 inso-

193 1045 421 1091 nuerunt
460 1037 679 1092 auribus
705 1037 901 1092 nostris
921 1076 937 1102 ,
977 1036 1155 1092 nidum
1184 1033 1380 1090 faciant
1412 1035 1464 1089 in
1493 1035 1761 1090 mentibus

189 1128 432 1183 nostris:
464 1144 570 1183 non
613 1128 792 1183 volent
831 1137 886 1184 et
927 1138 1232 1193 transeant,
1279 1139 1370 1182 aut
1407 1127 1662 1194 sedeant,
1705 1136 1761 1182 et

189 1220 540 1286 discedant‘;
572 1219 664 1275 sed
695 1219 894 1288 aliquid
920 1219 1148 1290 pariant.
1199 1217 1330 1272 Nam
1358 1220 1402 1272 si
1431 1235 1602 1288 passer
1625 1218 1763 1272 inve-

187 1313 266 1366 nit
302 1313 396 1367 sibi
436 1312 676 1379 domum,
725 1319 773 1365 et
816 1320 982 1364 turtur
1009 1310 1183 1363 nidum
1219 1309 1308 1364 ubi
1342 1320 1550 1381 reponat
1595 1309 1762 1380 pullos

185 1419 308 1458 suos
335 1403 508 1475 (Psal.
537 1417 759 1467 Luxm,
791 1402 846 1462 4)
868 1418 883 1468 ;
909 1412 1108 1472 quanto
1133 1403 1300 1473 magis
1329 1418 1512 1472 passer
1538 1403 1760 1458 verbum

187 1493 284 1550 Dei
328 1502 381 1548 et
423 1502 598 1548 turtur
625 1493 986 1547 misericordia
1018 1493 1166 1548 Dei‘i.
1199 1494 1509 1549 Audivimus
1547 1493 1614 1548 de
1654 1494 1759 1548 Su-

183 1599 357 1640 sanna
393 1585 676 1640 lectiouem
707 1601 721 1637 :
749 1584 1044 1639 mditicetur
1071 1584 1316 1653 pudicitia
1346 1585 1636 1656 conjugalis
1655 1626 1670 1651 ,
1707 1593 1762 1640 et

197 1685 307 1730 tam
353 1675 507 1730 firmo
551 1675 894 1731 fundamento
937 1675 1191 1729 innitatur
1227 1689 1486 1745 muroque
1517 1674 1759 1740 valletur,

184 1773 249 1819 ut
276 1774 330 1819 et
355 1763 664 1820 insidiantes
688 1765 948 1836 repellat,
990 1776 1045 1818 et
1071 1763 1236 1819 falsos
1262 1772 1424 1819 testes
1459 1765 1758 1819 convincat.

183 1855 536 1912 Remanserat
563 1865 706 1910 casta
743 1856 934 1910 mulier
957 1856 1210 1916 moritura
1231 1896 1246 1920 ,
1289 1855 1387 1908 nisi
1421 1855 1632 1910 adesset
1671 1855 1760 1925 qui

182 1947 401 2003 videbat
449 1947 589 2018 quod
643 1946 941 2013 iudicantes
996 1945 1210 2001 latebat.
1271 1944 1580 2015 Conscripta
1638 1955 1762 2000 sunt

182 2040 349 2093 verba
377 2039 493 2106 ejus
513 2080 527 2103 ,
560 2054 676 2106 qua:
707 2038 890 2092 habuit
917 2038 970 2091 in
999 2037 1272 2105 paradiso,
1306 2037 1409 2091 hoc
1437 2046 1519 2092 est
1555 2037 1606 2090 in
1633 2036 1764 2092 viri-

181 2127 337 2182 dar‘o
362 2144 458 2181 suo
489 2145 503 2182 :
535 2143 650 2198 qua:
679 2127 839 2181 verba
873 2126 1048 2180 nullus
1091 2125 1365 2180 hominum
1394 2112 1631 2191 audivit,
1660 2125 1760 2181 nisi

182 2219 288 2272 soli
315 2219 420 2272 duo
440 2259 455 2282 ,
496 2217 585 2286 qui
625 2217 810 2284 pudori
851 2216 1032 2269 uxoris
1064 2216 1249 2270 aliena!
1280 2215 1686 2280 insidiabantur,
1711 2224 1766 2270 et

184 2308 472 2363 reluctanti
534 2306 722 2360 falsum
787 2306 1144 2359 testimonium
1210 2306 1617 2360 meditabantur.
1678 2304 1763 2362 llli

186 2397 291 2451 soli
319 2397 601 2450 audierunt
629 2395 768 2465 quod
795 2396 992 2449 dictum
1021 2405 1102 2449 est
1131 2412 1145 2448 :
1175 2397 1432 2465 Augustin:
1455 2397 1581 2452 mihi
1609 2398 1764 2452 undi-

184 2505 306 2557 que.
337 2487 398 2542 Si
427 2487 558 2541 enim
589 2485 682 2540 hoc
710 2488 902 2556 fecero,
935 2502 1069 2538 mors
1095 2485 1218 2539 milii
1246 2494 1360 2552 est;
1395 2487 1439 2541 si
1467 2497 1634 2541 autem
1662 2505 1764 2542 non

186 2578 374 2643 feca'o,
395 2593 494 2629 non
510 2573 747 2646 e/fugiam
759 2591 938 2628 manus
955 2585 1159 2630 vestras.
1177 2575 1232 2629 ,11
1237 2577 1360 2631 clins
1372 2587 1444 2632 est
1458 2588 1625 2632 autem
1642 2579 1765 2632 mihi

185 2684 370 2720 manus
389 2676 574 2720 uestras
592 2683 691 2719 non
707 2665 933 2732 evadere,
953 2675 1102 2735 quam
1115 2667 1166 2718 in
1183 2677 1450 2736 conspectu
1470 2667 1567 2722 Dei
1583 2686 1762 2740 pecca-

186 2775 244 2811 re
270 2756 426 2826 (Dan.
447 2771 558 2822 xnt,
587 2754 702 2827 2‘2).
733 2753 1123 2811 Contemnebat
1169 2756 1308 2826 quod
1345 2757 1612 2824 audiebat,
1642 2759 1764 2828 quia

155 2879 160 2882 -
190 2848 411 2902 timebat
428 2862 584 2917 quem
609 2862 711 2900 non
734 2845 979 2910 videbat;
1003 2845 1152 2915 cujus
1181 2855 1356 2901 tamen
1380 2846 1574 2902 divinis
1599 2849 1766 2905 oculis

186 2948 309 2993 erat
333 2938 444 3007 ipsa
471 2937 779 3007 conspicua.
810 2934 994 3005 Neque
1020 2937 1162 2990 enim
1191 2936 1456 3006 quomodo
1484 2937 1764 2992 illa‘Deum

190 3045 303 3082 non
329 3027 542 3082 videdat
563 3067 578 3090 ,
619 3027 697 3080 sic
723 3040 826 3080 non
858 3026 1136 3082 videbatur
1161 3041 1189 3078 a
1219 3027 1346 3081 Deo.
1378 3025 1604 3082 Videbat
1628 3028 1767 3084 Deus

191 3119 336 3188 quod
368 3117 701 3184 aedificabat,
752 3117 1063 3186 inspiciebat
1087 3133 1221 3188 opus
1259 3132 1408 3172 suum
1434 3160 1450 3184 ,
1501 3119 1769 3175 habitabat

189 3212 448 3282 templum
475 3225 628 3264 suum
654 3227 669 3275 ;
716 3209 787 3264 ibi
817 3219 931 3264 erat
957 3210 1071 3279 ipse
1090 3250 1105 3274 ,
1147 3209 1516 3266 insidiantibus
1543 3227 1767 3283 respon-

189 3301 370 3356 dehat.
399 3299 528 3354 Nam
568 3299 611 3353 si
655 3300 914 3354 caelitatis
957 3300 1112 3354 dator
1139 3299 1498 3367 deseruisset,
1552 3304 1768 3358 castitas

192 3393 506 3448 interiissct.
554 3392 643 3446 Ait
670 3407 798 3462 ergo
817 3431 833 3458 ,
868 3393 1128 3462 Augustin:
1155 3393 1279 3446 mihi
1306 3395 1540 3464 undique.
1582 3395 1684 3449 Sed
1715 3405 1769 3451 et

190 3485 532 3554 exSpectabat
565 3499 684 3539 eum
708 3524 722 3549 ,
767 3485 854 3554 qui
885 3499 1002 3539 eam
1034 3484 1234 3538 salvam
1265 3485 1463 3540 faceret
1489 3501 1518 3540 a
1551 3487 1769 3555 pusilla-

190 3578 437 3633 nimitate
460 3618 476 3644 ,
527 3585 582 3632 et
608 3585 928 3645 tempestate
954 3575 1206 3630 falsorum
1239 3578 1448 3632 testium
1470 3621 1486 3645 ,
1521 3588 1768 3648 tauquam

193 3677 477 3723 ventorum
506 3667 788 3720 malorum.
821 3666 877 3720 In
912 3666 1018 3720 illis
1047 3675 1222 3720 tamen
1250 3668 1422 3721 ventis
1446 3679 1498 3722 et
1527 3668 1770 3723 fluctibus

193 3761 528 3830 naufragium
557 3761 774 3813 castitas
806 3775 909 3812 non
937 3758 1098 3824 fecit;
1144 3761 1266 3830 quia
1294 3760 1547 3814 Dominus
1573 3763 1770 3831 guber-

193 3849 362 3904 navit.
406 3849 703 3903 Clamatum
733 3855 848 3913 est,
896 3856 1112 3903 ventum
1140 3858 1218 3902 est
1244 3889 1260 3914 ,
1305 3863 1610 3918 processum
1641 3863 1722 3906 est
1753 3871 1768 3908 :

193 3942 439 4012 pervenit
477 3954 633 3995 causa
662 3939 727 3992 ad
770 3937 1047 4008 judicium.
1095 3939 1291 3992 Domus
1316 3940 1574 3995 Susanna:
1598 3942 1771 3997 credi-

191 4034 350 4087 derat
386 4039 572 4083 contra
602 4028 872 4082 dominam
901 4027 1202 4082 senioribus
1233 4029 1376 4084 falsis
1408 4045 1421 4082 :
1453 4040 1506 4084 et
1533 4035 1776 4102 quamvis

193 4129 442 4175 anteacta
469 4118 631 4172 ill-.csa
661 4126 716 4171 et
741 4117 1077 4172 immaculata
1100 4119 1205 4172 vita
1232 4118 1479 4176 idoneum
1504 4124 1775 4180 videretur

202 4211 473 4284 pudicitia:
493 4211 862 4266 testimonium
898 4209 1218 4280 perhibere;
1265 4213 1367 4268 illis
1396 4223 1572 4272 tamen
1600 4217 1776 4274 irreli-

199 4305 411 4374 giosum
462 4300 740 4358 videbatur
791 4300 1092 4356 senioribus
1138 4316 1242 4357 non
1295 4305 1535 4361 credere.
1590 4305 1777 4363 Nullus

206 4397 330 4452 talis
356 4410 533 4452 sermo
577 4408 809 4465 unquam
850 4403 1102 4449 sonuerat
1123 4394 1191 4450 de
1218 4395 1477 4451 Susanna.
1529 4397 1608 4454 Illi
1648 4414 1778 4470 ergo

204 4487 324 4542 falsi
370 4497 567 4551 testes;
615 4485 709 4541 sed
745 4484 856 4540 noti
895 4485 1025 4541 Deo.
1079 4485 1234 4541 Aliud
1276 4487 1526 4544 credebat
1566 4489 1775 4560 domus,

202 4577 349 4634 aliud
385 4575 600 4633 videbat
636 4575 936 4632 Dominus:
965 4575 1059 4632 sed
1087 4576 1229 4648 quod
1255 4578 1463 4634 videbat
1501 4581 1776 4649 Dominus,

205 4669 454 4724 homines
474 4666 801 4733 nesciebant,
826 4668 1122 4722 senioribus
1148 4677 1290 4724 recte
1312 4671 1456 4726 credi
1479 4673 1776 4728 videbatur.

206 4763 348 4830 Ergo
375 4759 705 4814 moriendum
732 4766 847 4812 erat
877 4775 892 4812 :
920 4757 1014 4812 sed
1043 4757 1089 4812 si
1117 4773 1242 4814 caro
1269 4771 1594 4831 moreretur,
1622 4765 1783 4820 casti-

207 4863 290 4908 tas
312 4859 679 4907 coronaretur.
721 4849 904 4904 Adfuit
929 4850 1182 4906 Dominus
1211 4855 1482 4921 precanti,
1511 4857 1780 4912 exaudivit

203 4959 364 5012 quam
397 4951 616 4998 noverat
642 4959 657 4996 :
691 4957 794 4995 non
821 4939 1060 4996 deseruit
1088 4955 1153 4996 ne
1178 4953 1502 5008 moreretur,
1538 4947 1622 5002 cui
1651 4949 1780 5002 sub-

211 5033 353 5089 venit
393 5049 462 5088 ne
500 5031 909 5087 adulteraretur.
956 5032 1217 5086 Excitavit
1257 5034 1508 5090 Dominus
1537 5039 1779 5107 spiritum

274 5265 294 5298 ί
320 5264 450 5328 Apud
472 5264 869 5329 Chrysostomum,
906 5263 991 5314 sed
1021 5263 1235 5326 sedeant,
1261 5277 1349 5316 nec
1371 5266 1637 5319 discedant.

274 5349 292 5369 '
307 5348 390 5398 ttlc
409 5359 571 5397 sermo
592 5347 641 5395 in
664 5346 840 5396 nostris
855 5353 958 5395 Mss.
983 5346 1177 5410 integer
1192 5360 1285 5396 non
1307 5349 1567 5400 invenitur.

275 5427 535 5502 (trinitas,
577 5426 611 5477 2
651 5429 779 5477 inter
812 5428 967 5478 editos
1006 5441 1070 5477 ex
1110 5430 1368 5480 Carthusia:
1400 5433 1590 5494 majoris
1619 5446 1788 5482 manu-

211 5499 662 5615 Ἵὲἳιῗξεωιιεὶιυει
692 5557 767 5615 est
788 5563 815 5601 a
838 5551 1043 5615 Possidio
1080 5553 1129 5601 in
1162 5552 1353 5602 tndiculi
1387 5565 1492 5615 cap.
1533 5555 1603 5604 l0.
1629 5560 1792 5606 Exstat

217 5610 342 5662 idem
365 5625 542 5668 sermo,
575 5611 664 5661 sed
695 5610 802 5720 plus
836 5614 992 5661 media
1018 5621 1154 5674 parte
1191 5615 1424 5670 minutus,
1445 5610 1580 5666 inter
1623 5615 1791 5666 latinas

217 5673 433 5720 humilius
456 5713 467 5720 .
481 5675 650 5720 ominis
663 5679 694 5719 C
713 5675 976 5720 trvsostomi
996 5675 1190 5720 nomine
1210 5676 1485 5720 nubiimtas-

217 5673 433 5723 humilius
456 5713 467 5722 .
481 5675 650 5722 oaums
663 5673 976 5735 Chrysostomi
996 5675 1190 5723 nomine
1209 5676 1485 5738 publicatas.

1559 286 1783 348 SERMO
1819 284 2127 342 CCCXLlll.

3295 303 3321 362 ί
3344 298 3448 354 5οϋ

1872 408 2110 453 sanctum
2144 399 2370 456 Daniclis
2415 401 2587 458 adhuc
2633 405 2826 460 novelli
2853 417 3008 464 astate
3032 452 3048 476 ,
3100 413 3196 468 sed
3235 408 3452 471 robusti

1869 487 2083 557 pietate.
2128 491 2257 560 Quia
2300 508 2426 563 ergo
2467 505 2580 550 erat
2623 497 2675 551 in
2719 509 2784 552 eo
2813 501 3158 570 propheticus
3185 505 3435 575 Spiritus,

1869 580 2120 634 continuo
2162 583 2604 652 nequissimorum
2651 589 2920 644 seniorum
2972 593 3105 649 vidit
3151 596 3436 651 fallaciam.

1869 667 1974 723 Sed
1999 670 2140 739 quod
2163 672 2250 728 ille
2274 674 2591 739 intuebatur,
2618 680 3001 749 providendum
3030 696 3146 740 erat
3171 692 3439 758 quomodo

1869 761 2078 816 caeteris
2103 773 2502 846 monstraretur.
2534 766 2698 836 Falsi,
2724 771 2914 842 inquit,
2937 783 3080 831 testes
3103 790 3254 846 sunt;
3281 783 3444 836 redite

1869 850 1922 904 in
1939 845 2212 922 judicium.
2247 854 2350 910 Sed
2376 857 2517 927 quod
2543 856 2661 915 falsi
2690 871 2870 916 essent
2888 904 2902 928 ,
2935 863 3022 920 ille
3051 879 3306 938 noverat,
3350 872 3436 926 cui

1867 941 2208 1011 prOpheticus
2235 944 2461 1014 Spiritus
2489 949 2817 1005 revelaverat
2843 969 2856 1005 :
2887 952 3112 1010 docendi
3157 971 3307 1014 erant
3346 963 3435 1032 qui

1869 1033 2193 1088 nesciebant.
2243 1036 2384 1107 Ergo
2420 1037 2464 1092 si
2507 1038 2712 1108 judices
2738 1041 3002 1112 docendi,
3051 1055 3212 1104 testes
3251 1051 3435 1121 procul

1867 1121 2030 1179 dubio
2057 1127 2424 1184 convincendi.
2454 1130 2788 1189 Convincens
2828 1148 2955 1204 ergo
2998 1153 3094 1194 eos
3116 1181 3131 1205 ,
3155 1140 3434 1199 intendens

1867 1210 2149 1270 falsitatem
2176 1218 2497 1285 testimonii,
2541 1237 2696 1291 quam
2722 1221 2837 1293 ipse
2860 1224 2969 1295 jam
2997 1240 3248 1296 noverat,
3277 1234 3439 1303 jussit

1866 1319 1960 1360 eos
1983 1305 2051 1360 ab
2076 1307 2298 1363 invicem
2324 1313 2578 1380 separari.
2608 1314 2956 1387 interrogavit
2979 1318 3214 1390 singulos
3239 1341 3253 1379 :
3277 1340 3436 1382 unam

1865 1393 2008 1449 enim
2039 1400 2520 1467 concupiscentiam
2549 1401 2746 1459 habere
2771 1405 2932 1462 ambo
2973 1417 3295 1478 potuerunt,
3343 1416 3437 1470 scd

1867 1498 2031 1539 unum
2073 1487 2350 1542 consilium
2382 1489 2625 1546 meditari
2655 1509 2760 1548 non
2788 1505 3092 1564 potuerunt.
3136 1500 3438 1575 Interroga-

1868 1581 1952 1627 tus
1991 1584 2074 1629 est
2115 1592 2286 1644 unus,
2333 1580 2432 1635 sub
2470 1597 2628 1650 quam
2670 1584 2915 1640 arborem
2945 1591 3438 1659 comprehendisset

1866 1663 2175 1734 adulteros;
2218 1670 2520 1739 respondit,
2557 1672 2666 1727 Sub
2703 1675 2926 1731 lentisco.
2958 1676 3316 1752 Interrogatus
3353 1698 3436 1742 est

1866 1755 2020 1822 alius;
2049 1759 2340 1828 respondit,
2364 1761 2473 1816 Sub
2498 1763 2630 1816 ilice.
2655 1764 2984 1822 Dissonantia
3016 1771 3438 1832 testimoniorum

1868 1847 2116 1916 patefecit
2153 1850 2427 1907 veritatem
2451 1895 2465 1920 ,
2509 1855 2750 1909 liberavit
2786 1859 3081 1914 castitatem
3109 1861 3272 1930 (Dan.
3301 1868 3438 1938 xui).

1937 1940 1990 1992 2.
2022 1940 2274 1995 Susanna:
2291 1982 2305 2005 ,
2341 1944 2460 2014 quia
2483 1944 2692 1998 liberata
2710 1957 2812 2012 est,
2841 1964 2942 2002 non
2965 1951 3130 2020 major
3156 1953 3335 2008 exinde
3361 1960 3441 2026 fe-

1869 2027 2051 2082 licitas.
2076 2030 2141 2084 Et
2169 2029 2383 2086 castitas
2401 2031 2636 2102 quidem,
2665 2033 2890 2101 fratres,
2921 2037 3057 2093 sicut
3071 2042 3180 2109 jam
3206 2042 3349 2109 dixi,
3378 2044 3443 2098 li-

1867 2117 2146 2175 beraretur
2189 2130 2244 2175 et
2290 2132 2665 2191 coronaretur,
2711 2127 2917 2180 etiamsi
2957 2142 3082 2184 caro
3128 2133 3442 2204 quandoque

1869 2210 2122 2263 moritura
2143 2251 2158 2276 ,
2188 2211 2278 2264 illo
2303 2211 2506 2281 judicio
2545 2222 2862 2270 moreretur.
2891 2217 3129 2274 Morituri
3169 2223 3312 2277 enim
3348 2239 3440 2278 su-

1870 2316 1989 2354 mus
2015 2316 2200 2356 omnes
2224 2320 2237 2355 :
2269 2318 2368 2356 nec
2391 2305 2500 2373 agit
2524 2306 2802 2375 quisquam
2827 2310 2914 2378 qui
2945 2307 3087 2379 Cupit
3107 2314 3352 2383 evadere,
3384 2326 3446 2373 ut

1870 2401 2096 2446 mortem
2127 2391 2360 2458 auferat;
2391 2394 2484 2448 sed
2513 2406 2572 2448 ut
2593 2396 2801 2451 differat
2828 2397 3082 2455 debitum.
3113 2403 3224 2459 Hoc
3251 2420 3442 2463 omnes

1872 2491 2044 2548 tenet,
2073 2481 2172 2536 hoc
2216 2496 2405 2538 onmes
2447 2483 2699 2538 reddituri
2729 2501 2942 2555 sumus,
2975 2490 3115 2558 quod
3161 2492 3228 2547 de
3273 2495 3442 2552 Adam

1869 2571 2164 2639 traximus;
2194 2582 2249 2627 et
2273 2574 2412 2641 quod
2443 2575 2577 2629 mori
2606 2575 2854 2632 nolumus
2877 2618 2891 2643 ,
2919 2580 2986 2634 ab
3011 2595 3260 2639 exactore
3290 2585 3446 2657 hujus

1870 2662 2031 2717 debiti
2083 2678 2188 2716 non
2230 2665 2487 2718 securitas
2533 2664 2728 2734 datur,
2759 2667 2854 2722 sed
2901 2669 3084 2725 dilatio
3128 2675 3442 2742 postulatur.

1871 2751 2109 2806 Susanna
2135 2766 2263 2821 ergo
2292 2753 2536 2822 religiosa
2576 2756 2766 2810 mulier
2809 2766 2863 2812 et
2890 2759 3080 2828 pudica
3113 2764 3303 2834 conjux
3330 2777 3447 2822 erat

1873 2842 2054 2911 utique
2081 2843 2396 2913 quandoque
2438 2845 2694 2901 moritura
2724 2857 2815 2902 :et
2855 2848 3028 2919 ipsum
3058 2855 3372 2927 quandoque
3401 2861 3446 2915 si

1874 2941 1996 2987 tunc
2024 2942 2206 3000 esset,
2233 2935 2499 3004 pudicitia:
2527 2937 2652 3006 quid
2677 2940 2919 3010 obesset,
2945 2943 3070 2999 dum
3099 2961 3222 3003 caro
3246 2951 3446 3008 conde-

1871 3031 2020 3079 retur
2043 3025 2322 3092 sepulcro,
2367 3035 2420 3079 et
2465 3027 2680 3082 castitas
2706 3029 3018 3088 redderetur
3062 3036 3194 3106 Deo,
3227 3053 3448 3097 corona-

1872 3123 2021 3170 retur
2048 3130 2077 3168 a
2108 3115 2260 3170 Deo?
2286 3116 2487 3171 Putatis
2513 3119 2653 3173 enim
2674 3160 2691 3187 ,
2721 3119 2930 3188 fratres,
2965 3134 3210 3197 tanquam
3237 3131 3303 3185 ad
3330 3148 3444 3187 ma—

1874 3222 2033 3277 gnum
2058 3207 2304 3261 meritum
2337 3207 2636 3278 pertinere,
2665 3211 2708 3265 si
2734 3210 2850 3267 falsi
2888 3222 3050 3272 testes
3107 3233 3211 3274 non
3239 3236 3443 3292 praeva-

1872 3297 2015 3352 leant
2063 3297 2320 3354 adversus
2360 3299 2737 3357 innocentem?
2769 3303 2885 3359 Non
2923 3317 3006 3362 est
3051 3325 3299 3382 magnum
3336 3331 3450 3373 me-

1872 3389 2032 3443 ritum
2051 3429 2067 3456 ,
2095 3389 2140 3443 si
2165 3403 2267 3443 non
2292 3391 2575 3460 prmvaleat
2597 3391 2789 3449 falsum
2814 3397 3172 3454 testimonium
3194 3403 3450 3462 adversus

1875 3478 2234 3534 innocentem.
2260 3479 2502 3551 Magnum
2529 3484 2775 3539 meritum
2796 3495 2972 3554 esset,
3004 3491 3046 3543 si
3072 3490 3324 3548 adversus
3346 3495 3450 3550 Do-

1874 3570 2075 3624 minum
2101 3587 2205 3624 non
2231 3573 2613 3640 praevaluisset.
2647 3574 2761 3646 Ipse
2783 3585 2959 3632 autem
2981 3579 3238 3636 Dominus
3267 3596 3450 3641 noster

1873 3661 2027 3717 Jesus
2051 3661 2295 3718 Christus
2322 3678 2418 3732 per
2444 3664 2647 3734 linguas
2689 3666 2940 3722 falsorum
2972 3672 3181 3726 testium
3217 3683 3298 3728 est
3325 3691 3450 3731 cru-

1875 3753 2082 3809 cifixus.
2112 3754 2215 3809 Sed
2242 3755 2341 3824 ipsi
2368 3754 2580 3825 quidem
2610 3755 2728 3812 falsi
2757 3765 2917 3814 testes
2941 3760 3007 3815 ad
3031 3763 3213 3818 horam
3244 3781 3450 3835 praeva-

1877 3845 2128 3912 luerunt,
2155 3853 2524 3900 resurrecturo
2548 3847 2673 3916 quid
2707 3850 3041 3905 nocuerunt?
3067 3852 3324 3925 Exemplo
3348 3861 3451 3913 ita-

1877 3952 1981 4006 que
2007 3951 2105 3990 suo
2151 3936 2406 3990 Dominus
2446 3937 2584 3992 Deus
2613 3945 2796 3993 noster
2835 3939 2887 3994 in
2927 3955 3088 3998 carne
3131 3960 3226 3999 sua
3250 3987 3264 4011 ,
3297 3947 3348 4001 in
3375 3948 3452 4003 in-

1879 4026 2128 4080 firmitate
2147 4041 2262 4092 sua,
2286 4035 2339 4081 et
2373 4025 2426 4080 in
2447 4024 2616 4081 forma
2644 4028 2788 4082 servi
2815 4068 2828 4094 ,
2859 4044 3017 4099 quam
3048 4033 3280 4104 suscepit
3304 4036 3369 4090 ad
3389 4037 3453 4092 li-

1879 4116 2174 4172 berandum
2195 4131 2404 4172 servum
2426 4159 2441 4183 ,
2467 4116 2534 4172 ad
2559 4118 2900 4188 qumrendum
2925 4119 3200 4191 fugitivum
3221 4166 3236 4193 ,
3267 4125 3333 4180 ad
3363 4142 3452 4182 re-

1881 4207 2186 4263 dimendum
2216 4208 2502 4277 captivum,
2529 4209 2842 4264 solvendum
2876 4211 3128 4280 vinctum,
3152 4213 3451 4274 faciendum

1881 4299 1949 4354 de
1971 4313 2129 4355 servo
2158 4298 2407 4367 fratrem;
2437 4298 2504 4354 ad
2541 4299 2644 4356 hoc
2671 4301 2888 4357 veniens
2910 4301 2962 4356 in
3007 4302 3172 4359 forma
3199 4309 3338 4363 servi
3361 4307 3456 4365 de-

1885 4390 2203 4445 monstravit
2223 4404 2381 4445 servo
2401 4390 2699 4461 exemplum
2716 4433 2732 4460 ,
2762 4407 2830 4448 ne
2853 4391 3017 4450 falsos
3045 4404 3207 4452 testes
3234 4399 3456 4470 perhor-

1882 4494 2094 4549 rescat;
2121 4493 2172 4540 et
2200 4499 2319 4539 cum
2361 4483 2666 4551 creduntur,
2691 4501 2793 4539 non
2824 4487 3022 4541 timeat.
3051 4487 3278 4545 Possunt
3313 4492 3455 4548 enim

1883 4574 2061 4630 facere
2105 4574 2298 4628 malam
2349 4572 2580 4640 famam;
2609 4573 2702 4629 sed
2738 4591 2843 4630 non
2891 4587 3114 4646 possunt
3158 4580 3457 4638 interficere

1885 4665 2264 4721 Conscientiam
2315 4679 2522 4734 puram.
2563 4663 2793 4720 Liberali
2833 4676 2958 4722 sunt
2992 4677 3101 4725 tres
3126 4671 3223 4725 viri
3267 4671 3336 4726 de
3361 4687 3454 4727 ca-

1887 4758 2032 4812 mino
2058 4757 2193 4827 ignis
2220 4756 2456 4811 ardentis
2474 4798 2488 4823 ,
2520 4755 2688 4811 adfuit
2732 4757 2869 4813 Deus
2908 4775 3090 4815 eorum
3115 4801 3130 4826 ,
3153 4761 3460 4818 deambula-

1887 4856 2076 4902 verunt
2120 4847 2257 4901 inter
2298 4846 2446 4916 ignes
2474 4846 2738 4913 innoxios,
2766 4848 2964 4902 circum
2989 4848 3237 4906 ardentes
3269 4861 3325 4908 et
3351 4868 3458 4910 non

1889 4949 2136 5004 urentes,
2168 4946 2224 4992 et
2262 4937 2313 4991 in
2356 4937 2468 5006 ipsa
2507 4936 2932 4994 deambulatione
2983 4939 3164 4997 laudes
3204 4943 3456 5002 dixerunt

1891 5031 2020 5096 Deo,
2053 5037 2106 5082 et
2147 5028 2296 5082 illmsi
2344 5029 2479 5082 sicut
2519 5029 2665 5082 missi
2692 5028 2930 5097 fuerant,
2955 5045 3268 5100 evaserunt;
3295 5037 3464 5093 adfuit

1890 5137 2017 5189 ergo
2067 5119 2204 5173 Deus
2245 5133 2427 5172 eorum
2458 5117 2476 5188 (
2503 5117 2634 5172 Dan.
2666 5116 2796 5189 Ill):
2829 5123 3081 5192 numquid
3125 5124 3291 5181 defuit
3324 5127 3464 5183 Deus

1891 5209 2311 5266 Machahmorum
2357 5207 2433 5282 (ll
2463 5207 2700 5263 Hac/tab.
2737 5210 2896 5284 vn)?
2929 5211 3009 5268 Illi
3051 5227 3364 5284 evaserunt,
3392 5219 3466 5273 illi

1893 5319 2016 5356 mox
2045 5310 2288 5356 arserunt
2315 5319 2329 5356 :
2355 5303 2563 5370 utrique
2605 5304 2786 5358 tentati
2809 5347 2824 5372 ,
2852 5304 2904 5360 hi
2943 5322 3104 5364 carne
3127 5311 3422 5382 consumpti
3447 5350 3463 5376 ,

1896 5396 1946 5448 hi
1995 5410 2155 5449 carne
2194 5393 2378 5456 illaesi;
2409 5393 2501 5448 sed
2527 5394 2734 5465 utrique
2777 5398 3037 5452 coronati.
3065 5398 3132 5455 Ut
3181 5402 3466 5457 evaderent

1897 5488 2136 5542 ﬂammas
2185 5495 2292 5541 tres
2333 5487 2468 5552 viri,
2495 5486 2983 5546 Nabuchodonosor
3011 5493 3301 5560 prmstitum
3345 5501 3464 5559 est,

1897 5587 1956 5631 ut
1983 5577 2224 5633 crederet
2248 5577 2298 5631 in
2340 5577 2505 5632 Deum
2547 5592 2753 5633 eorum.
2795 5579 2926 5633 Nam
2969 5595 3055 5649 qui
3080 5595 3173 5635 eos
3211 5583 3382 5652 potuit
3411 5582 3464 5638 in

1901 5670 2181 5725 manifesto
2208 5673 2452 5736 liberare,
2486 5671 2654 5740 potuit
2673 5678 2728 5723 et
2753 5669 2805 5723 in
2835 5670 3042 5726 occulto
3062 5685 3335 5729 coronare.
3361 5673 3466 5731 Sed
