3968 6444
531 259 660 316 43(ὶῖ

529 381 572 428 si
601 373 720 426 illos
751 386 800 422 in
829 375 1032 422 occtuto
1077 362 1418 421 coronasset,
1445 365 1620 422 regem
1647 389 1662 416 ,
1698 347 1803 444 qui
1817 342 2062 444 saevierat
2085 378 2099 402 ,

534 482 638 518 non
666 463 960 516 liberasset.
1001 457 1154 512 Salus
1189 449 1426 520 corporis
1457 446 1664 500 illorum
1687 482 1700 504 ,
1729 439 1871 493 salus
1914 439 2105 488 animae

535 559 669 609 facta
697 563 780 609 est
817 553 974 608 illius.
1025 549 1102 602 illi
1146 549 1304 600 Deum
1353 537 1613 594 laudando
1651 537 1928 588 evaserunt
1955 567 1969 592 ,
2011 523 2106 579 sed

534 655 819 713 pnusentes
863 645 1010 712 ignes
1055 657 1070 694 :
1113 639 1204 690 ille
1259 637 1311 688 in
1369 634 1532 686 Deum
1581 623 1846 681 credendo
1897 617 2101 720 evasit,

537 711 628 788 sed
685 711 912 787 mternas
947 731 1237 800 gehennas.
1293 725 1416 778 Plus
1457 735 1582 789 ergo
1629 718 1702 772 illi
1729 729 1924 784 ,quam
1969 711 2104 771 illis,

536 826 826 890 praestitum
865 830 966 875 est.
997 817 1291 873 Antiochus
1334 823 1510 867 autem
1543 825 1645 862 non
1671 817 1784 860 erat
1811 805 1999 873 dignus
2022 801 2108 855 cui

535 915 656 965 talia
706 921 1112 978 prmstarentur,
1141 923 1171 960 a
1209 921 1314 976 quo
1357 901 1640 957 Machabzei
1681 897 2102 966 torquebantur:

533 1003 655 1056 ideo
685 1003 786 1056 illis
813 1004 930 1070 igne
975 1000 1356 1066 tormentisque
1387 992 1712 1061 consumptis
1732 1032 1746 1054 ,
1773 986 2058 1042 exsultavit
2091 1003 2104 1038 :

535 1092 628 1146 sed
657 1093 742 1162 qui
764 1109 814 1145 se
844 1091 1062 1156 exultat,
1090 1087 1434 1142 humiliabitur
1476 1085 1493 1154 (
1520 1082 1644 1135 an.
1677 1096 1804 1134 xvnt
1824 1119 1838 1143 ,
1867 1078 1975 1146 M).

611 1183 746 1237 5:51
753 1185 863 1236 aria
884 1201 914 1235 α
941 1183 1072 1253 falsa
1099 1181 1379 1250 suspicione
1396 1175 1586 1244 Joseph
1615 1173 1841 1226 liberata.
1864 1169 1964 1236 Qui
1985 1183 2111 1236 ergo

541 1275 781 1329 liberavit
812 1275 1108 1328 Susannam
1136 1273 1409 1325 mulierem
1433 1277 1650 1326 castam,
1683 1263 1960 1331 conjugem
1993 1259 2112 1312 lide-

537 1366 641 1418 lem
669 1381 696 1418 a
725 1366 857 1420 falso
880 1364 1180 1419 testimonio
1208 1361 1496 1424 seniorum,
1527 1357 1641 1426 ipse
1661 1354 1978 1432 liberavitqet
2003 1351 2110 1404 vir-

538 1459 716 1526 ginem
745 1457 960 1510 Mariam
987 1473 1014 1509 a
1043 1455 1174 1508 falsa
1213 1452 1513 1522 suspicione
1554 1447 1727 1502 mariti
1769 1445 1869 1498 sui.
1899 1443 2112 1498 Inventa

540 1558 623 1600 est
649 1563 773 1616 ergo
801 1548 951 1614 virgo
981 1547 1066 1599 illa
1089 1557 1384 1613 prmguans,
1415 1541 1480 1594 ad
1508 1555 1662 1608 quam
1693 1538 1770 1590 vir
1796 1552 1900 1590 non
1931 1549 2112 1587 acces-

543 1646 708 1690 serat.
743 1636 934 1690 Uterus
963 1636 1173 1704 quidem
1203 1633 1312 1688 fetu
1356 1636 1706 1694 intumuerat;
1731 1628 1822 1681 sed
1846 1625 2114 1694 virginalis

543 1728 821 1796 integritas
843 1735 1126 1780 manserat.
1155 1727 1536 1781 Seminatorem
1581 1721 1700 1781 fidei
1731 1718 1832 1772 fide
1854 1729 2112 1784 concepe-

541 1829 661 1882 rat,
695 1821 859 1873 Deum
901 1819 953 1872 in
1000 1834 1152 1872 suum
1199 1830 1393 1884 corpus
1429 1818 1823 1878 assumpserat,
1867 1806 1955 1876 qui
1999 1805 2116 1873 ejus

539 1923 732 1978 corpus
775 1910 958 1964 violari
1005 1925 1108 1962 non
1153 1907 1466 1976 permiserat
1498 1921 1512 1957 :
1541 1903 1730 1955 marito
1771 1909 1944 1952 tamen
2001 1906 2118 1950 tan-

543 2013 700 2062 quam
727 1999 925 2052 homini
955 1999 1096 2051 venit
1124 1997 1176 2050 in
1205 1997 1582 2064 suspicionem.
1610 1989 1835 2046 Aliunde
1865 2002 1981 2042 esse
2003 2001 2120 2040 cre-

545 2087 732 2154 debat,
761 2089 900 2158 quod
926 2087 992 2142 de
1023 2103 1080 2142 se
1111 2104 1214 2140 non
1241 2101 1358 2141 esse
1384 2084 1602 2148 sciebat,
1631 2091 1685 2136 et
1711 2082 1880 2149 ipsum
1907 2077 2118 2132 aliunde

547 2179 864 2232 adulterium
891 2179 1276 2247 suspicabatur.
1306 2177 1386 2229 Ab
1411 2174 1596 2243 angelo
1623 2171 1920 2239 corrigitur.
1946 2170 2118 2236 Quare

544 2269 732 2336 dignus
774 2269 872 2322 fuit
915 2270 980 2323 ab
1033 2269 1220 2336 angelo
1249 2267 1472 2335 corrigi?
1500 2265 1629 2331 Quia
1657 2280 1761 2316 non
1795 2263 1844 2315 in
1876 2263 1966 2314 illo
2005 2267 2120 2314 erat

545 2359 800 2412 malevola
840 2359 1303 2426 suspieiozquales
1347 2355 1631 2424 Apostolus
1659 2353 1786 2405 dicit
1833 2350 2119 2404 malevolus

545 2452 870 2517 suSpieiones
917 2451 1062 2504 nasci
1115 2449 1252 2502 inter
1291 2447 1481 2500 fratres
1517 2444 1575 2516 (1
1617 2443 1751 2498 Tim.
1779 2461 1828 2497 v1
1854 2485 1868 2510 ,
1900 2442 1986 2514 4).
2016 2443 2122 2495 Ma-

545 2539 734 2596 ievolae
783 2541 1111 2608 suspiciones
1160 2547 1282 2590 sunt
1332 2537 1794 2598 calumniantium,
1853 2533 2120 2588 benevola:

546 2631 877 2697 suspiciones
915 2639 1036 2682 sunt
1065 2628 1492 2698 gubernantium.
1525 2625 1673 2679 Licet
1696 2625 1938 2692 cuiquam
1963 2621 2031 2676 de
2061 2623 2122 2674 fi-

551 2721 620 2772 lio
647 2719 781 2772 male
807 2719 1060 2786 suspicari
1087 2735 1100 2782 ;
1146 2717 1236 2771 se‘d
1277 2716 1342 2770 de
1371 2717 1474 2768 ﬁlio
1502 2730 1605 2768 non
1635 2715 1755 2768 licet
1775 2711 2117 2767 calumniari:

552 2809 729 2876 utique
753 2808 1036 2877 suspicaris
1070 2807 1296 2870 malum;
1328 2805 1418 2860 sed
1455 2813 1606 2874 optas
1635 2804 1874 2858 invenire
1901 2804 2118 2858 bonum.

550 2898 646 2960 Qui
675 2897 933 2952 benevole
954 2897 1268 2967 suspicatur,
1299 2897 1434 2950 vinci
1462 2896 1604 2964 cupit
1631 2913 1644 2948 :
1669 2903 1790 2948 tunc
1817 2894 1956 2948 enim
1987 2895 2121 2948 bene

551 2989 791 3054 letatur,
823 2990 1033 3058 quando
1071 2989 1256 3042 falsum
1287 2988 1554 3042 inventam
1601 2987 1756 3041 fuerit
1797 2987 1936 3056 quod
1985 2987 2122 3042 male

549 3079 936 3144 suspicabatur.
968 3080 1107 3132 Talis
1133 3089 1246 3133 erat
1266 3078 1459 3147 .loseph
1482 3079 1620 3132 circa
1643 3078 1922 3146 conjugem
1947 3095 2118 3144 suam,

550 3169 632 3220 cui
664 3183 883 3236 corpore
912 3185 1013 3222 non
1042 3177 1154 3222 erat
1176 3170 1387 3234 mixtus,
1412 3169 1502 3222 sed
1534 3176 1705 3221 tamen
1735 3167 1836 3221 fide
1873 3171 1982 3236 jam
2013 3167 2124 3222 fuc-

551 3273 577 3309 r
597 3267 630 3310 ti.
657 3260 948 3326 copulatus.
979 3259 1276 3328 Venitergo
1302 3271 1355 3312 et
1393 3260 1540 3328 virgo
1567 3259 1616 3311 in
1649 3258 1832 3312 falsam
1864 3259 2124 3327 su3picio-

551 3365 671 3400 nem
700 3349 828 3402 :scd
861 3352 994 3402 sicut
1023 3365 1117 3418 pro
1145 3349 1384 3404 Susanna
1413 3349 1578 3402 adfuit
1622 3350 1675 3403 in
1707 3350 1921 3404 Daniele
1959 3349 2124 3419 Spiri-

557 3449 639 3490 tus
661 3480 674 3500 ,
703 3439 778 3491 sic
805 3455 901 3507 pro
929 3439 1086 3491 Maria
1121 3439 1288 3492 adfuit
1326 3440 1564 3507 angelus.
1595 3438 1675 3492 Ad
1718 3438 1914 3507 Joseph
1959 3440 2125 3509 inquit

549 3529 768 3597 angelus
797 3545 808 3578 :
843 3527 968 3580 Noli
989 3529 1160 3582 timere
1187 3531 1414 3598 accipere
1433 3529 1650 3582 Mariam
1672 3530 1934 3600 conjugem
1956 3539 2123 3582 tuam:

550 3619 682 3685 quini
707 3619 835 3670 enim
858 3619 918 3671 de
939 3637 993 3672 ea
1009 3621 1250 3682 nascitur,
1275 3619 1337 3672 de
1355 3619 1552 3688 Spiritu
1570 3629 1740 3673 sancto
1761 3631 1830 3672 est
1849 3619 2058 3691 (Matth.
2085 3637 2120 3687 ι,

551 3707 756 3774 18-20).
777 3707 959 3759 Ablata
978 3707 1204 3775 suspicio
1221 3718 1320 3773 est,
1340 3709 1460 3777 quia
1485 3709 1690 3763 inventa
1713 3709 2004 3778 redemptio
2019 3717 2121 3762 est.

623 3795 674 3847 ὦ.
712 3795 972 3865 Virginum
997 3807 1040 3850 et
1069 3799 1449 3867 conjngatarum
1489 3800 1725 3866 castitas,
1759 3803 2018 3868 prtemium
2043 3802 2124 3852 in-

553 3885 762 3952 a‘quale,
780 3885 867 3938 sed
887 3895 1124 3938 wtcrnum
1152 3897 1360 3957 utraque
1397 3886 1559 3941 habet.
1589 3887 1777 3956 Jugum
1803 3887 1987 3942 Christi
2017 3891 2126 3944 lene

551 3987 596 4025 ρ]
614 3975 810 4026 sarcina
844 3975 961 4028 leris
991 3976 1292 4029 amantibus.
1327 3975 1636 4030 Gaudebant
1665 3978 1821 4047 paulo
1847 3987 1970 4032 ante
2000 3994 2126 4033 con-

548 4065 741 4131 jugata:
767 4065 829 4119 ad
856 4065 1148 4120 Susannam
1170 4108 1184 4130 ,
1203 4067 1466 4136 gaudeant
1493 4068 1722 4138 virgines
1757 4071 1822 4122 ad
1867 4070 2082 4124 Mariam
2110 4090 2122 4125 :

553 4165 784 4223 utrmque
830 4164 1043 4209 teneant
1089 4157 1421 4224 castitatem;
1467 4158 1570 4211 ill-.e
1613 4159 1978 4229 cnnjugalem,
2024 4161 2125 4214 illae

550 4245 879 4312 virginalem.
905 4245 1138 4316 Utraque
1165 4247 1304 4301 enim
1350 4249 1564 4302 castitas
1603 4249 1761 4302 habet
1795 4249 1932 4320 apud
1961 4251 2122 4304 Deum

552 4336 837 4388 meritum:
873 4339 973 4390 etsi
1020 4339 1289 4407 virginalis
1337 4340 1507 4408 major
1548 4350 1655 4408 est,
1705 4343 1994 4410 conjugalis
2023 4343 2122 4396 mi-

550 4441 680 4490 nor;
717 4436 887 4480 tamen
940 4437 1155 4498 utraque
1197 4440 1342 4498 grata
1374 4441 1453 4484 est
1493 4430 1602 4484 Deo
1625 4472 1637 4495 ,
1673 4432 1790 4499 quia
1818 4433 2014 4486 donum
2045 4443 2126 4487 est

554 4517 662 4573 Dei.
709 4518 788 4573 Ad
829 4519 988 4573 vitam
1037 4531 1287 4575 mternam
1337 4537 1522 4578 omnes
1559 4524 1903 4592 perveniunt;
1932 4525 2024 4579 sed
2071 4524 2124 4578 in

551 4610 655 4662 vita
675 4619 868 4663 reterna
919 4627 1023 4664 non
1051 4628 1233 4666 omnes
1262 4614 1506 4668 eumdem
1552 4613 1807 4668 honorem
1833 4657 1848 4682 ,
1881 4615 2120 4670 eamdem

551 4703 878 4770 dignitatem.
915 4703 1054 4757 idem
1105 4705 1347 4758 meritum
1393 4715 1720 4774 comparant.
1747 4705 1834 4760 Sic
1880 4706 1981 4760 erit
2017 4711 2122 4760 vita

549 4805 740 4848 aeterna
765 4805 818 4850 et
848 4813 1068 4866 regnum
1090 4797 1214 4860 Dei,
1239 4798 1523 4865 quomodo,
1554 4799 1912 4852 similitudinis
1940 4815 2118 4866 causa,

549 4887 686 4952 quod
737 4887 959 4941 dicitnus
1007 4889 1222 4944 caelum.
1255 4887 1310 4942 In
1359 4890 1494 4943 caelo
1535 4899 1658 4944 sunt
1699 4893 1874 4944 omnia
1903 4891 2118 4944 sidera:

549 4978 624 5029 sic
654 4985 702 5029 et
755 4977 804 5030 in
858 4993 1019 5046 regno
1063 4979 1152 5032 Dei
1205 4995 1392 5032 omnes
1417 4988 1570 5033 erunt
1605 4980 1726 5033 boni
1769 4981 1970 5034 fideles.
2005 4981 2120 5034 Vita

548 5077 741 5120 aeterna
772 5083 866 5138 par
897 5069 998 5122 erit
1027 5071 1269 5123 omnibus
1301 5088 1313 5123 :
1344 5085 1445 5122 non
1475 5070 1612 5123 enim
1647 5070 1714 5123 ibi
1744 5071 1874 5123 alius
1904 5071 2018 5138 plus
2039 5073 2120 5124 vi-

549 5162 616 5214 vii
639 5201 656 5227 ,
688 5161 820 5214 alius
851 5159 1054 5220 minus;
1087 5163 1295 5229 quando
1325 5177 1508 5216 omnes
1536 5165 1648 5216 sine
1694 5162 1796 5216 fine
1823 5163 2006 5216 victuri
2035 5181 2121 5217 su-

552 5267 686 5305 mus.
722 5253 757 5318 li
780 5267 836 5305 se
859 5259 938 5302 est
963 5250 1210 5303 denarius
1237 5269 1391 5319 quem
1421 5253 1688 5321 acrepturi
1715 5263 1837 5306 sunt
1867 5256 2115 5322 operarii,

547 5344 656 5398 sive
678 5343 764 5413 qui
795 5344 842 5396 in
865 5341 1014 5396 vinea
1051 5358 1205 5396 mane
1233 5342 1642 5410 laboraverunt,
1676 5345 1785 5398 sive
1815 5346 1901 5414 qui
1932 5346 1996 5398 ad
2027 5347 2119 5399 ho-

552 5453 658 5488 ram
687 5437 1021 5492 undecimam
1049 5445 1310 5490 venerunt
1333 5435 1351 5508 (
1375 5435 1458 5488 Id.
1495 5453 1558 5490 xx
1587 5479 1599 5501 ,
1629 5438 1681 5502 9,
1713 5439 1797 5506 lO)
1829 5457 1840 5491 :
1871 5439 2119 5494 denarius

549 5530 634 5584 ille
666 5531 766 5582 vita
797 5540 992 5584 a‘tcrna
1043 5536 1122 5581 est
1147 5571 1159 5594 ,
1189 5544 1306 5597 qua:
1351 5527 1595 5580 omuiln:s
1639 5543 1732 5596 par
1770 5537 1867 5581 est.
1911 5530 2012 5585 Sed
2039 5532 2122 5584 in-

551 5624 760 5678 tuemini
811 5625 1033 5688 cmlum,
1079 5621 1426 5677 recordamini
1473 5621 1778 5690 Apostolrtm
1811 5641 1822 5674 :
1857 5623 1968 5675 Alit
2011 5643 2118 5680 cor-

1737 231 1790 286 S.
1835 218 2194 284 AUGUSTINI
2236 220 2536 278 EPISCOPI

3651 219 3674 276 ί
3685 219 3798 277 508

2218 350 2342 403 pora
2371 335 2605 402 caelestia,
2626 343 2671 388 et
2695 334 2796 387 alia
2822 335 3094 388 terrestria.
3123 333 3236 386 Alia
3259 332 3422 402 gloria
3449 333 3592 400 solis,
3619 343 3668 388 et
3682 334 3800 388 alia

2213 425 2374 494 gloria
2396 425 2546 487 lunae,
2567 433 2611 477 et
2639 426 2740 478 alia
2765 425 2926 494 gloria
2955 424 3211 477 stellarum
3227 422 3406 488 ;stella
3437 423 3566 477 enim
3587 441 3618 476 a
3647 423 3798 478 stella

2215 516 2385 584 (li/fert
2411 519 2460 569 in
2500 517 2661 588 gloria
2692 533 2710 570 :
2733 519 2804 570 sic
2831 527 2876 569 et
2913 515 3208 569 resurrectio
3250 525 3562 567 mortuorum
3593 515 3794 585 (lCor.

2213 625 2302 676 xv,
2331 609 2546 678 40-42).
2583 611 2721 679 Ergo
2745 609 3126 677 unusquisque,
3159 606 3345 660 fratres
3367 607 3500 670 mei,
3533 623 3628 675 pro
3651 608 3798 661 dono

2215 701 2354 770 quod
2380 701 2583 768 accepit
2606 741 2620 762 ,
2647 709 2814 754 certet
2837 699 2886 752 in
2931 699 3030 752 hoc
3051 698 3276 764 saeculo,
3305 707 3362 752 ut
3383 698 3604 766 gaudeat
3637 700 3685 751 in
3715 697 3796 763 fi“

2218 802 2354 846 turo.
2381 792 2702 861 Coujugatus
2739 791 2834 845 es?
2881 791 3105 846 Inferior
3128 791 3234 844 vita
3271 801 3384 855 est,
3417 791 3634 844 inferius
3659 806 3800 860 prae-

2219 884 2380 937 mium
2413 899 2563 950 Spera
2591 900 2604 946 ;
2635 893 2889 937 aeternum
2923 893 3097 938 tamen
3125 899 3342 952 regnum
3391 899 3494 938 non
3545 884 3795 952 despcra.

2221 974 2485 1041 Pra‘cepta
2519 973 2606 1026 tibi
2645 974 2938 1042 conjugalia
2971 973 3246 1027 retinenda
3287 985 3428 1028 sunt.
3455 974 3590 1040 Quid
3613 976 3754 1029 enim
3775 1016 3796 1042 ,

2217 1063 2335 1132 quia
2381 1079 2598 1117 uxorem
2636 1064 2824 1128 habes,
2881 1079 2982 1118 non
3017 1074 3065 1118 te
3105 1065 3268 1118 debes
3311 1081 3598 1134 agnoscere
3640 1083 3802 1135 perc-

2217 1153 2412 1223 grinari
2457 1155 2508 1208 in
2537 1155 2638 1209 hoc
2677 1155 2906 1220 tnundo,
2935 1156 3244 1210 moriturum
3289 1173 3394 1210 non
3441 1167 3491 1212 te
3517 1159 3678 1213 debes
3701 1175 3802 1213 co-

2219 1247 2416 1314 gitare,
2449 1247 2710 1300 exiturum
2740 1247 2806 1301 de
2846 1248 2981 1302 lecto
3013 1248 3325 1318 voluptatis?
3349 1260 3401 1302 et
3428 1250 3544 1306 vide
3573 1267 3679 1320 quo
3705 1261 3799 1306 ut-

2220 1351 2444 1404 cumque
2498 1353 2713 1405 pergas,
2757 1337 2821 1391 ad
2864 1346 3178 1392 tormentum
3225 1339 3572 1405 ealatuitatis,
3613 1357 3678 1396 an
3727 1344 3800 1399 ad

2219 1427 2490 1495 praemium
2523 1429 2850 1482 :ctcruitatis.
2881 1429 3060 1496 Cogita
3089 1445 3236 1498 ergo,
3265 1447 3416 1484 serva
3456 1433 3593 1500 quod
3639 1449 3802 1488 acce-

2223 1517 2369 1585 pisti,
2413 1519 2546 1572 ferto
2587 1520 2848 1572 sarcinam
2887 1527 3026 1573 tuam
3060 1538 3072 1573 :
3103 1521 3222 1587 quia
3265 1521 3394 1576 levis
3431 1532 3546 1587 est,
3589 1525 3631 1577 si
3675 1525 3801 1578 dili-

2219 1611 2331 1678 gis;
2362 1611 2564 1678 gravis,
2595 1610 2636 1663 si
2681 1611 2856 1664 odisli.
2883 1611 2998 1666 Non
3023 1613 3162 1666 enim
3191 1613 3378 1666 frustra
3407 1615 3655 1668 Dominus
3687 1617 3794 1679 ait,

2221 1712 2312 1752 aut
2333 1717 2457 1754 vere
2483 1717 2602 1754 cum
2633 1701 2734 1756 hoc
2758 1703 2850 1769 ait,
2877 1705 3004 1757 solis
3029 1705 3422 1758 continentibus
3443 1708 3757 1776 loquebatur
3783 1727 3799 1764 :

2232 1791 2404 1846 Venite
2429 1793 2497 1844 ad
2527 1810 2634 1856 me,
2668 1811 2836 1848 omnes
2879 1795 2964 1865 qui
3013 1795 3248 1848 laboratis
3283 1805 3328 1848 et
3363 1800 3557 1850 onerati
3575 1799 3721 1862 estis,
3753 1809 3802 1850 et

2223 1899 2311 1952 ego
2350 1883 2570 1950 reﬁciam
2617 1900 2719 1937 vos.
2766 1885 2943 1938 Tollite
2974 1888 3156 1956 jugum
3210 1904 3372 1940 meum
3411 1905 3562 1957 super
3600 1907 3716 1954 ros,
3753 1901 3800 1943 et

2225 1973 2397 2026 discite
2425 1990 2454 2024 a
2477 1991 2553 2028 me
2571 1975 2688 2043 quia
2724 1976 2856 2028 mitis
2883 1993 2991 2029 sum
3017 1987 3060 2028 et
3089 1978 3292 2030 Immitis
3313 1979 3479 2040 corde,
3506 1989 3550 2032 et
3577 1981 3802 2033 invenie—

2226 2063 2288 2115 tis
2317 2065 2536 2131 requiem
2587 2065 2846 2118 animabus
2895 2067 3106 2119 vestris:
3141 2083 3243 2120 non
3281 2069 3530 2123 carnibus
3571 2073 3800 2134 vestris,

2224 2155 2316 2208 sed
2357 2157 2632 2208 animabus
2658 2157 2866 2210 vestris.
2895 2156 3086 2226 Jugum
3113 2161 3246 2211 enim
3279 2176 3438 2212 meum
3480 2161 3590 2214 lene
3615 2171 3688 2215 est
3707 2201 3722 2226 ,
3755 2175 3805 2215 et

2224 2245 2420 2297 sarcina
2445 2261 2554 2298 mea
2577 2247 2694 2299 levis
2713 2255 2782 2300 est
2805 2246 3020 2314 (Matth.
3049 2264 3132 2312 XI,
3155 2248 3342 2320 28-50)
3366 2267 3378 2302 :
3405 2251 3536 2304 levis
3565 2253 3764 2304 amanti
3786 2295 3800 2314 ,

2225 2335 2397 2401 gravis
2423 2335 2653 2403 neganti.
2681 2335 2868 2405 Jugum
2897 2337 3104 2392 Domini
3131 2339 3182 2392 in
3211 2341 3469 2393 cervicem
3498 2343 3804 2410 sumpsisti?

2224 2421 2366 2477 Lenc
2388 2433 2488 2490 est,
2519 2425 2560 2478 si
2591 2425 2726 2480 bene
2753 2428 2979 2492 conaris;
2999 2443 3262 2496 asperum,
3285 2431 3326 2483 si
3359 2432 3649 2486 reluctaris.
3679 2434 3806 2488 Cir-

2225 2523 2484 2568 cumstant
2505 2517 2818 2572 tentationcs
2829 2518 3154 2588 c0njugalem
3177 2522 3356 2574 vitam.
3375 2521 3638 2590 Numquid
3657 2525 3804 2578 cutim

2226 2607 2324 2660 ista
2345 2607 2578 2662 Susanna
2611 2609 2728 2664 ideo
2755 2625 2856 2664 non
2881 2618 3076 2665 tentata
3097 2622 3176 2666 est
3195 2613 3242 2666 in
3259 2614 3368 2682 ipsa
3392 2614 3660 2682 pudicitia,
3677 2616 3806 2684 quia

2225 2698 2415 2751 marito
2438 2707 2552 2750 erat
2577 2699 2890 2768 conjuncta?
2913 2701 3174 2770 Numquid
3197 2702 3278 2756 lue
3299 2704 3426 2756 solae
3455 2703 3506 2756 in
3535 2703 3632 2758 hac
3653 2713 3808 2772 parte

2225 2801 2332 2840 non
2378 2796 2671 2852 tentantur,
2704 2805 2822 2858 qua:
2852 2790 2976 2844 viris
3015 2791 3350 2859 capulantur?
3377 2793 3516 2847 Ecce
3559 2791 3806 2847 Susanna

2227 2893 2361 2930 uxor
2405 2879 2575 2932 aliena
2620 2888 2733 2932 erat
2755 2921 2768 2944 ,
2801 2881 3046 2934 maritum
3093 2881 3320 2936 habebat
3353 2901 3366 2936 :
3399 2891 3574 2936 tamen
3601 2893 3807 2939 tentata

2227 2976 2335 3034 cst,
2377 2968 2646 3024 ﬂuctuavit
2693 2970 2742 3022 in
2789 2978 3122 3040 tempestate.
3154 2974 3429 3043 Augustine,
3455 2975 3647 3044 inquit,
3679 2978 3809 3030 mihi

2227 3069 2340 3111 sunt
2363 3060 2598 3128 undique.
2633 3061 2673 3114 A
2705 3059 2850 3114 falsis
2878 3063 3020 3115 enim
3049 3063 3270 3118 testibus
3301 3064 3474 3118 timuit
3499 3065 3634 3120 mOri
3667 3083 3679 3118 :
3708 3068 3808 3122 sed

2228 3163 2256 3201 a
2291 3149 2397 3203 Deo
2422 3150 2599 3219 judice
2625 3167 2750 3206 vero
2780 3153 2950 3206 timuit
2977 3154 3182 3221 penitus
3228 3155 3382 3208 mori.
3413 3155 3452 3207 A
3479 3155 3631 3209 falsis
3659 3159 3806 3210 enim

2231 3240 2450 3294 testibus
2471 3241 2534 3294 ad
2565 3251 2771 3311 tempus
2799 3253 3127 3298 moreretur:
3157 3259 3184 3296 a
3209 3245 3387 3313 judice
3413 3245 3521 3299 Deo
3551 3247 3602 3299 in
3648 3255 3811 3302 teter-

2229 3347 2352 3384 num
2407 3334 2700 3400 puniretur.
2744 3335 3051 3404 Appendit,
3099 3337 3298 3404 elegit:
3333 3342 3477 3406 prius
3521 3339 3724 3404 timuit,
3756 3351 3810 3395 et

2229 3424 2507 3492 appendit;
2539 3425 2822 3494 appendit,
2849 3437 2902 3481 et
2931 3427 3123 3496 elegit;
3147 3429 3332 3499 elegit,
3364 3440 3416 3484 et
3443 3432 3584 3485 vicit.
3617 3433 3809 3488 Docuit

2231 3511 2452 3568 feminas
2478 3515 2782 3584 conjugatas
2821 3518 3126 3588 religiosas,
3161 3523 3403 3576 tentatori
3429 3525 3676 3579 resistere
3703 3525 3806 3580 do-

2230 3603 2374 3668 cuit,
2431 3620 2662 3674 puguare
2715 3608 2922 3675 docuit,
2967 3611 3204 3666 laborare
3237 3612 3443 3680 docuit,
3484 3615 3808 3683 adjutorium

2230 3696 2512 3765 implorare
2538 3699 2732 3754 docuit.

2301 3789 2352 3843 5.
2385 3788 2610 3844 Feminis
2639 3793 2920 3863 exemplum
2947 3795 3203 3850 Susanna.
3224 3797 3484 3867 Agendum
3509 3817 3610 3854 non
3638 3803 3810 3857 solum

2229 3887 2282 3930 ut
2331 3879 2457 3932 bona
2495 3885 2558 3934 sit
2605 3884 2734 3948 vita,
2787 3885 2874 3938 sed
2917 3895 2960 3938 et
3001 3887 3139 3953 fama
3177 3887 3355 3941 illwsa.
3403 3888 3459 3943 Si
3503 3889 3569 3944 de
3609 3891 3806 3947 femina

2235 3980 2374 4025 tanta
2415 3973 2683 4041 Scriptura
2732 3979 2878 4030 testis
2916 3987 3024 4042 est;
3067 3981 3319 4048 numquid
3347 3981 3487 4036 viros
3531 3983 3810 4038 deseruit?

2233 4062 2483 4130 numquid
2512 4063 2588 4116 cis
2610 4065 2908 4132 exemplum
2937 4067 3244 4122 imitationis
3289 4069 3478 4124 deesse
3523 4075 3808 4140 permisit?

2232 4153 2570 4207 lntueban'mr
2591 4155 2884 4209 Susannam
2917 4165 3168 4212 tentatam
3203 4175 3232 4212 a
3263 4163 3390 4216 viris
3417 4165 3808 4233 concupiscen-

2233 4249 2371 4302 tibus
2400 4248 2516 4316 ejus
2545 4254 2934 4317 corrnptiouem
2958 4293 2970 4315 ,
3000 4253 3335 4311 inluebamur
3359 4265 3670 4312 certantem.
3700 4258 3808 4312 Le-

2230 4342 2332 4392 ctio
2377 4341 2462 4394 illa
2504 4343 2765 4396 theatrum
2801 4346 2968 4400 nostri
3009 4348 3186 4403 cordis
3225 4360 3372 4418 erat,
3422 4351 3672 4406 athletam
3705 4351 3806 4408 Dei

2233 4431 2475 4499 pudicum
2507 4435 2746 4504 spiritum
2789 4439 3254 4506 exspectabamus,
3283 4451 3571 4498 certantem
3611 4444 3802 4498 adver-

2231 4525 2372 4576 sariu
2397 4543 2424 4576 ιι
2457 4527 2792 4590 videbamus,
2826 4529 2890 4582 de.
2934 4531 3072 4584 victo
3115 4546 3233 4586 cum
3259 4533 3482 4591 victrice
3509 4534 3806 4604 triumphe-

2230 4632 2368 4669 mus.
2421 4617 2627 4672 llubent
2670 4621 2966 4688 exemplum
3011 4636 3164 4674 suum
3209 4625 3470 4692 religiosae
3510 4627 3801 4696 conjuges,

2231 4706 2426 4761 habent
2467 4709 2606 4777 quod
2649 4711 2934 4764 imitentur.
2983 4711 3092 4765 Deo
3121 4713 3348 4768 debeant
3385 4716 3520 4781 quod
3550 4729 3800 4783 servant,

2229 4814 2333 4850 non
2381 4799 2577 4852 lruntni
2617 4819 2628 4852 :
2665 4811 2786 4855 lllllC
2831 4803 2971 4856 enim
3013 4813 3216 4858 servant
3242 4845 3255 4869 ,
3297 4805 3339 4858 si
3387 4806 3494 4860 Deo
3541 4807 3798 4873 debeant;

2229 4899 2355 4944 tunc
2381 4900 2622 4956 servant,
2653 4893 2693 4944 si
2727 4891 2800 4944 illi
2834 4892 3090 4958 debeant,
3119 4895 3206 4962 qui
3233 4894 3373 4948 videt
3395 4895 3532 4962 quod
3561 4911 3798 4964 servam,

2228 4979 2369 5046 quod
2396 4980 2551 5031 etiam
2587 4981 2802 5035 maritus
2835 4997 2936 5036 non
2960 4982 3118 5035 videt.
3150 4981 3300 5050 Smpe
3329 4984 3470 5038 enim
3501 4987 3692 5040 absens
3719 4999 3805 5040 est

2229 5074 2486 5137 maritus,
2535 5089 2746 5142 semper
2783 5083 2865 5128 est
2911 5090 3147 5143 praesens
3187 5075 3326 5129 Deus
3354 5094 3366 5129 :
3399 5087 3452 5132 et
3479 5078 3800 5148 aliquando,

2228 5165 2348 5232 quia
2379 5164 2535 5218 homo
2562 5173 2642 5219 est
2669 5169 2887 5221 maritus
2912 5209 2924 5230 ,
2955 5167 3251 5236 suspicatur
3275 5167 3497 5233 falsum;
3531 5179 3654 5224 tunc
3683 5183 3800 5224 oret

2229 5256 2417 5308 mulier
2465 5273 2561 5325 pro
2609 5259 2799 5311 marito
2851 5273 2946 5310 suo
2992 5257 3292 5326 suspicante
3334 5259 3554 5324 falsum;
3601 5271 3711 5315 oret
3744 5273 3800 5316 ut

2229 5347 2318 5401 ille
2349 5348 2596 5412 salvetur,
2631 5365 2734 5401 non
2779 5359 2834 5402 ut
2880 5349 2967 5403 ille
2994 5350 3289 5404 damnetur.
3339 5350 3487 5404 Falsa
3530 5353 3667 5405 enim
3698 5353 3797 5406 viri

2228 5441 2458 5509 suspitio
2511 5457 2616 5496 non
2661 5443 2857 5496 claudit
2900 5443 3083 5496 oculos
3124 5443 3238 5496 Dei.
3295 5443 3434 5496 lllius
3477 5443 3796 5497 conscientia

2227 5533 2365 5586 nuda
2409 5543 2489 5586 e:-.t
2535 5549 2712 5587 caram
2758 5534 2881 5594 illo,
2915 5534 3003 5600 qui
3034 5543 3176 5586 creat
3223 5549 3358 5588 eam.
3407 5533 3520 5602 Ipse
3560 5535 3697 5588 enim
3729 5534 3794 5588 ad

2231 5637 2436 5694 tempus
2458 5639 2759 5696 oppressam
2803 5624 2989 5677 lii-terat
3034 5625 3082 5678 in
3112 5634 3386 5679 (uernum.
3415 5623 3518 5679 Sed
3563 5635 3672 5680 oret
3707 5637 3800 5692 pro
