3968 6462
135 299 240 353 lii-“9

138 422 332 474 mrito,
365 419 427 465 et
471 409 570 465 det
611 424 833 481 operam
860 423 965 464 non
990 406 1160 464 solum
1188 403 1384 460 habere
1407 400 1601 457 bonam
1630 397 1711 452 vi-

136 520 240 564 tm.
255 501 350 556 sed
371 503 549 557 etiam
574 503 799 558 illaesam
817 501 1029 555 famam.
1049 500 1247 553 Bonam
1264 496 1406 552 enim
1423 495 1581 547 vitam
1601 492 1711 561 ipsa

140 594 357 657 {ancilia
388 592 629 657 liberat,
657 608 726 648 ne
758 591 1040 647 damnetur
1064 608 1078 644 :
1102 589 1238 643 bona
1269 600 1394 642 vero
1415 584 1552 639 fama
1578 581 1713 635 alios

141 690 320 748 i'erat,
352 698 429 738 ne
458 682 659 737 falsum
708 681 1030 752 suspicando
1073 679 1340 738 labantur,
1372 684 1427 729 et
1467 672 1602 727 forte
1661 670 1713 723 in

142 783 391 837 peratum
420 772 717 839 decidant,
745 771 873 828 dum
911 770 1051 841 quod
1094 784 1199 824 non
1225 766 1404 821 vident
1426 763 1664 834 iudicant
1697 780 1710 815 :

142 868 263 921 eruti
282 866 506 935 iudices
541 866 630 921 isti
654 866 995 926 ceciderunt,
1026 871 1081 917 et
1130 860 1308 915 Daniel
1336 866 1579 921 sanctus,
1608 855 1715 907 imo

144 974 214 1023 μ
246 956 538 1011 Daniclcnt
591 955 881 1021 Dominus,
924 954 1088 1024 magis
1112 954 1231 1007 illos
1268 948 1515 1019 iudices.
1555 957 1713 1013 (illam

141 1052 456 1111 tisanana),
500 1045 576 1101 ab
630 1045 887 1101 interiore
935 1051 1103 1098 morte
1146 1040 1406 1096 liberavit.
1449 1032 1716 1090 Liberavit

144 1141 256 1193 .aim
307 1139 462 1192 illam
492 1181 511 1205 ,
558 1154 629 1193 tte
675 1136 743 1191 ad
793 1145 1000 1205 tempus
1053 1134 1395 1189 damnaretur
1447 1146 1460 1183 :
1519 1127 1713 1181 libera-

144 1232 193 1282 tit
229 1238 407 1282 autem
462 1228 627 1292 illos,
672 1242 740 1281 ne
787 1226 925 1279 male
957 1223 1243 1293 iudicando
1286 1230 1341 1276 et
1377 1221 1713 1275 innocentem

156 1319 453 1384 mutuando,
489 1318 546 1371 in
576 1327 840 1371 :etcrnum
870 1316 1185 1385 supplicium
1210 1313 1464 1369 caderent
1486 1310 1603 1380 ejus
1629 1310 1713 1378 ju-

142 1413 273 1467 κλεὶς,
316 1426 487 1479 quem
517 1424 683 1464 nemo
713 1416 890 1478 potest
931 1420 1269 1476 corrumpere
1295 1446 1309 1472 ,
1353 1419 1383 1457 a
1423 1417 1527 1474 quo
1557 1414 1713 1456 nemo

144 1522 185 1553 ς·
206 1512 371 1571 potest
402 1501 772 1555 abscoxidere.

196 1596 239 1645 6.
267 1591 468 1661 Ioseph
500 1592 624 1645 ciris
652 1592 940 1660 exeruplum
976 1589 1245 1660 pudicitiar.
1291 1586 1536 1640 Dicebam
1586 1597 1713 1651 ergo

144 1688 190 1731 ὲ·
212 1684 362 1749 viris,
387 1684 518 1752 quia
550 1698 652 1737 nec
679 1682 781 1751 ipsi
808 1682 923 1735 sine
943 1680 1184 1748 exemplo
1207 1677 1409 1735 dimissi
1436 1683 1577 1731 sunt.
1603 1673 1712 1727 Viri

144 1776 244 1827 «sti
262 1815 277 1837 ,
310 1774 411 1827 viri
446 1773 706 1827 timentes
739 1772 903 1826 Deum
927 1811 941 1835 ,
964 1770 1061 1823 viri
1079 1768 1268 1840 quibus
1294 1765 1563 1821 sufficiunt
1588 1778 1714 1817 con-

172 1880 263 1933 .ges
282 1881 436 1929 sum;
467 1865 573 1918 viri
619 1864 712 1934 qui
757 1879 863 1918 non
906 1862 1112 1916 violatis
1152 1858 1293 1931 quod
1335 1857 1486 1912 vobis
1525 1855 1713 1910 violari

146 1980 151 2005 ι
184 1974 228 2012 ιιι
266 1958 465 2021 vultis;
493 1955 602 2009 viri
629 1954 720 2025 qui
750 1952 904 2008 fidem
926 1993 942 2017 ,
970 1967 1124 2022 quam
1162 1948 1412 2021 exegistis
1431 1989 1447 2013 ,
1474 1945 1711 2001 reddidi-

142 2050 246 2111 tLLs;
270 2054 599 2116 exspectate
628 2056 683 2100 et
713 2058 807 2098 vos
832 2059 917 2097 me
937 2052 1407 2105 commemorante,
1437 2038 1577 2109 quod
1621 2051 1714 2089 ex-

144 2137 423 2201 -,ectahanl
456 2150 666 2190 uxores
694 2144 886 2190 vestra:
915 2133 1115 2188 lectore
1151 2132 1431 2186 recitante.
1469 2128 1580 2183 Nec
1612 2142 1710 2181 vos

145 2224 511 2293 sueexemplo
557 2223 839 2292 Scriptura
894 2222 1073 2277 divina
1116 2221 1335 2275 dimisit.
1383 2219 1492 2274 Illa:
1517 2218 1714 2273 Susan-

160 2336 239 2367 ,σιω
265 2315 599 2378 audiebant,
634 2324 690 2368 ct
716 2314 766 2368 iu
791 2329 853 2368 ea
882 2313 1126 2368 vincente
1152 2310 1451 2382 gaudebant
1474 2327 1487 2362 :
1512 2323 1606 2363 vos
1624 2307 1713 2362 Jo-

148 2410 251 2475 eph
294 2406 610 2469 attendite;
657 2421 763 2459 non
808 2405 954 2459 illum
1000 2402 1231 2471 .loscph,
1275 2401 1359 2455 cui
1395 2400 1714 2470 desponsata

152 2504 288 2554 ’πει-δι
312 2500 472 2570 virgo
499 2500 669 2553 Maria
692 2540 709 2559 ,
737 2514 854 2569 qua:
885 2497 1088 2567 peperit
1113 2496 1375 2549 Christum
1400 2511 1414 2558 ;
1460 2507 1579 2546 nam
1626 2491 1716 2546 ille

148 2592 421 2660 ~'t5pi€i0m
452 2599 699 2644 tentatus
741 2597 853 2652 cst,
888 2598 942 2644 et
984 2589 1053 2641 ab
1093 2586 1281 2656 angelo
1331 2600 1452 2640 mox
1499 2595 1715 2638 sanatus

144 2691 221 2731 est.
261 2681 441 2734 Alium
475 2678 685 2748 Joseph
726 2686 908 2733 sancta
956 2676 1227 2745 Scriptura
1272 2683 1514 2738 testatur,
1558 2688 1713 2744 quem

162 2771 337 2824 mut-it
368 2768 651 2840 impudica
677 2787 693 2823 :
723 2768 920 2822 amavit
956 2766 1231 2837 pulchrum
1262 2780 1366 2819 non
1407 2773 1549 2819 casta
1577 2804 1592 2829 ,
1621 2763 1715 2818 sed

146 2886 177 2929 ιι
196 2880 364 2918 nersa
415 2871 644 2929 mente,
674 2860 763 2915 ubi
805 2860 987 2915 oculos
1013 2874 1119 2915 non
1148 2859 1411 2927 habebat,
1440 2858 1532 2914 ubi
1564 2857 1717 2913 vide-

146 2966 263 3008 retur
278 2954 587 3023 spiritualis
608 2961 664 3008 et
684 2950 962 3007 invisibilis
988 2950 1358 3020 pulchritudo;
1387 2964 1545 3019 quem
1569 2963 1717 3002 ama-

152 3056 214 3098 at
257 3047 588 3115 pulchrum,
640 3045 855 3100 nolebat
906 3051 1131 3098 castum.
1185 3043 1395 3098 Amavit
1447 3042 1714 3108 alienum,

154 3142 313 3193 mavit
336 3154 563 3193 servum
590 3136 690 3192 viri
713 3137 792 3192 sui
825 3154 840 3192 :
868 3136 962 3191 sed
993 3136 1148 3192 ﬁdem
1176 3145 1475 3191 servantem
1499 3134 1717 3188 domino

150 3246 223 3281 c-o
246 3246 351 3285 non
379 3230 615 3284 amavit.
664 3230 745 3283 An
792 3238 946 3299 putas
974 3228 1168 3281 amavit
1213 3228 1394 3290 illum,
1439 3241 1505 3280 an
1540 3227 1716 3294 potius

146 3322 224 3373 se?
250 3322 362 3393 Ego
392 3331 531 3391 puto
559 3320 686 3391 quia
718 3335 817 3375 nec
849 3320 996 3373 illum
1018 3361 1033 3385 ,
1066 3334 1164 3373 nec
1190 3333 1270 3373 se.
1316 3317 1369 3374 Si
1395 3317 1536 3372 enim
1567 3317 1714 3371 illum

144 3416 349 3477 multat,
373 3429 553 3483 quare
586 3413 801 3468 volebat
829 3411 1092 3483 perdere?
1116 3412 1161 3466 si
1190 3427 1250 3466 se
1277 3410 1521 3475 amabat,
1552 3423 1719 3480 quare

146 3523 177 3551 ειη
202 3506 335 3559 lebat
363 3504 590 3574 perire?
626 3504 762 3559 Ecce
802 3503 1021 3574 probavi
1056 3503 1177 3574 quia
1207 3517 1313 3558 non
1338 3503 1567 3556 amabat.
1607 3500 1718 3556 Ve-

146 3614 167 3645 ιι
184 3613 263 3650 ’.ιο
286 3595 531 3651 libidinis
549 3594 795 3658 ardebat,
825 3608 929 3648 non
951 3593 1160 3648 ﬂamma
1183 3592 1456 3648 charitatis
1484 3591 1715 3646 lucebat.

144 3687 229 3739 .‘d
263 3687 350 3740 ille
380 3694 616 3740 noverat
643 3684 823 3739 videre
844 3726 858 3747 ,
886 3683 1027 3754 quod
1055 3684 1140 3739 illa
1166 3698 1272 3737 non
1317 3690 1557 3737 noverat.
1588 3681 1719 3736 Pul-

146 3782 307 3836 rarior
331 3793 449 3837 erat
474 3782 645 3846 intus,
664 3796 821 3851 quam
846 3778 1002 3844 foris;
1026 3778 1295 3848 pulchrior
1310 3778 1360 3832 in
1381 3776 1557 3833 cordis
1574 3776 1722 3848 luce,

148 3890 285 3939 quam
305 3874 357 3926 in
376 3872 564 3927 carnis
578 3879 703 3925 cute
723 3888 736 3921 ε
764 3885 871 3941 quo
892 3870 1029 3924 illius
1055 3868 1263 3923 femina:
1284 3867 1421 3923 oculi
1443 3882 1547 3921 non
1565 3882 1722 3936 pene-

152 3964 371 4024 trahant,
399 3961 477 4015 ibi
507 3960 627 4030 ipse
655 3974 750 4014 sua
777 3957 1163 4029 pulchritudine
1191 3957 1478 4011 fruebatur.
1502 3954 1721 4010 lntuens

152 4068 261 4121 rgo
287 4053 608 4106 interiorem
636 4048 1080 4123 pulchritudinem
1110 4048 1387 4114 castitatis,
1419 4045 1632 4117 quando
1654 4046 1720 4099 il-

154 4146 239 4195 lim
270 4142 548 4205 maculari,
571 4140 786 4211 quando
813 4140 999 4195 violari
1029 4139 1166 4194 illius
1191 4136 1402 4192 feminze
1429 4138 1721 4192 tentatione

157 4233 501 4297 tramitteret?
525 4233 756 4285 Amabat
780 4231 899 4295 illa;
930 4229 1024 4285 sed
1048 4228 1261 4284 amabat
1283 4236 1337 4283 et
1363 4227 1453 4282 ille
1477 4246 1491 4282 :
1523 4236 1579 4282 et
1604 4228 1726 4296 plus

156 4335 251 4376 rrat
286 4322 431 4392 quod
462 4322 681 4376 amabat
709 4322 798 4375 ille
819 4361 834 4389 ,
865 4336 1022 4392 quam
1047 4319 1187 4391 quod
1214 4319 1424 4376 amabat
1452 4318 1571 4385 illa;
1604 4319 1723 4388 quia

156 4417 349 4471 ﬁebat
374 4417 499 4480 ille,
525 4414 669 4485 quod
699 4429 802 4468 non
829 4413 1040 4469 videbat
1066 4413 1177 4467 illa.

212 4508 263 4559 7.
294 4505 599 4561 Castitatem
634 4505 687 4557 in
715 4505 829 4558 aliis
854 4502 1097 4574 impudici
1119 4504 1195 4557 vel
1222 4503 1321 4573 ipsi
1347 4510 1540 4555 amant.
1570 4500 1627 4556 Si
1649 4501 1726 4554 vis

159 4598 322 4652 tulere
374 4595 882 4667 quomodocumque
908 4595 1236 4664 spiritualem
1280 4594 1724 4664 pulchritudinem

158 4688 410 4753 pudicitiae
432 4728 449 4751 ,
484 4687 529 4739 si
558 4685 728 4740 habes
768 4685 834 4739 ad
881 4686 1025 4739 illam
1054 4685 1467 4754 qualescumque
1500 4683 1685 4739 oculos
1708 4723 1724 4749 ,

157 4780 377 4848 exempli
402 4777 580 4848 gratia
609 4776 807 4848 aliquid
832 4776 923 4831 tibi
966 4792 1204 4847 propono
1237 4794 1251 4830 :
1286 4777 1453 4846 ipsam
1498 4791 1647 4831 amas
1676 4776 1728 4830 in

158 4892 169 4914 τ
200 4874 369 4939 ιιιέαεε
421 4879 537 4923 tua.
570 4866 691 4924 Noli
731 4883 857 4938 ergo
900 4867 1077 4922 odisse
1105 4869 1154 4922 in
1194 4868 1384 4930 aliena,
1416 4866 1556 4937 quod
1583 4882 1732 4921 amas

160 4959 199 5011 51
241 4971 351 5014 tua.
396 4959 668 5028 Quidnam
716 4974 864 5014 amas
908 4960 957 5012 in
1003 4959 1130 5013 tua?
1176 4958 1369 5029 Utique
1410 4960 1728 5014 castitatem.

160 5049 287 5103 Hanc
315 5050 481 5104 odisti
513 5049 565 5104 in
589 5049 758 5104 aliena
779 5091 794 5114 ,
820 5064 974 5118 quam
997 5064 1145 5102 amas
1172 5047 1224 5102 in
1252 5057 1337 5103 tua
1368 5066 1381 5103 :
1413 5048 1550 5102 banc
1574 5048 1734 5103 odisti

164 5158 201 5187 ς.
227 5140 396 5193 aliena
418 5179 438 5205 ,
469 5153 592 5193 cum
616 5154 721 5208 qua
747 5137 1146 5192 concumbendo
1167 5136 1282 5207 ejus
1307 5137 1388 5191 vis
1411 5136 1632 5206 perdere
1653 5152 1735 5191 ca-

159 5242 401 5285 stitatem.
432 5229 592 5297 Quod
637 5243 789 5283 amas
830 5229 882 5283 in
932 5237 1056 5295 tua,
1107 5227 1206 5282 hoc
1233 5228 1309 5281 vis
1337 5228 1635 5283 interficere
1681 5226 1733 5280 in

160 5340 181 5367 ει
204 5321 350 5374 .ena?
380 5319 538 5388 Quod
561 5335 711 5373 amas
740 5319 792 5373 in
822 5327 932 5383 tua,
962 5318 1063 5373 hoc
1090 5319 1167 5372 vis
1196 5318 1417 5388 perdere
1447 5320 1497 5372 in
1524 5319 1737 5374 aliena?

160 5409 431 5473 t_:.mrodo
469 5408 691 5464 habebis
718 5409 1012 5463 orationem
1062 5409 1305 5476 pietatis,
1350 5407 1615 5486 homicida
1641 5424 1736 5463 ca-

162 5516 179 5539 ι
218 5500 373 5554 tatis?
431 5498 604 5555 Serva
632 5514 760 5568 ergo
784 5498 839 5553 in
867 5499 1062 5564 aliena,
1103 5497 1240 5567 quod
1279 5499 1476 5553 servari
1507 5499 1657 5568 cupis
1686 5500 1738 5554 in

162 5604 236 5645 tua
266 5612 283 5647 :
310 5594 492 5663 ipam
518 5592 821 5646 castitatem
848 5591 1025 5661 potius
1068 5589 1255 5660 dilige,
1303 5605 1459 5661 quam
1501 5605 1737 5645 carnem.

164 5686 253 5740 5-11
282 5684 424 5740 forte
450 5686 732 5741 existimas
762 5682 1130 5739 te’amatoretn
1172 5698 1290 5738 es~e
1336 5685 1508 5739 carnis
1560 5685 1740 5740 uxoris

1474 277 1700 337 SEltMO
1736 277 1906 334 CCCX
1916 283 2044 340 [ΙΙΙ.

3258 290 3394 347 ilSiO

1823 408 1962 462 tuae,
2009 413 2115 454 non
2154 399 2431 475 castitatis.
2455 399 2680 457 Sordida
2729 400 2943 472 quidem
2985 402 3266 472 cogitatio;
3296 400 3389 457 sed

1821 505 1925 544 non
1976 498 2027 543 te
2075 490 2284 547 dimitto
2311 493 2425 547 sine
2452 494 2714 564 exemplo.
2747 495 2859 564 Ego
2886 496 3027 550 enim
3080 505 3207 565 puto
3250 496 3388 565 quod

1820 581 2115 635 castitatem
2145 581 2265 651 plus
2291 598 2437 638 ames
2480 584 2534 638 in
2560 585 2783 656 conjuge
2810 594 2914 651 tua,
2949 601 3107 656 quam
3144 602 3383 642 carnem.

1821 669 1928 725 Sed
1950 680 2008 726 ut
2045 682 2098 727 te
2122 672 2513 729 absolutissime
2540 675 2813 730 ostendam
2840 685 3131 732 amatorem
3159 693 3278 732 esse
3304 693 3394 732 ca-

1820 763 2012 817 stitatis
2040 764 2208 834 magis
2245 781 2401 835 quam
2428 779 2623 833 carnis,
2657 766 2794 822 bane
2831 782 2977 821 amas
3027 768 3079 821 in
3131 770 3236 822 tilia
3281 778 3388 822 tua.

1819 853 1947 920 Quis
1978 853 2248 909 hominum
2276 867 2357 911 est
2382 858 2471 927 qui
2503 873 2606 912 non
2638 858 2773 912 tilias
2798 872 2921 912 suas
2948 868 3121 913 castas
3150 875 3269 914 esse
3296 875 3391 915 ve-

1822 942 1914 996 lit?
1937 943 2054 1012 quis
2083 944 2356 999 hominum
2387 956 2469 1000 esl
2497 948 2582 1016 qui
2614 964 2715 1001 non
2760 948 2986 1001 filiarum
3013 962 3226 1001 suarum
3253 962 3386 1001 con-

1819 1034 2043 1102 gaudeat
2097 1036 2364 1089 castitati?
2418 1036 2679 1106 Numquid
2722 1045 2775 1091 et
2819 1038 2887 1091 ibi
2945 1052 3157 1090 carnem
3204 1034 3388 1089 amas?

1820 1128 2074 1198 numquid
2100 1130 2429 1198 concupiscis
2451 1144 2646 1200 corpus
2683 1130 2959 1200 pulchrum
2978 1172 2992 1196 ,
3021 1130 3108 1184 ubi
3134 1128 3387 1183 exhorre-

1818 1220 1924 1272 scis
1952 1220 2245 1272 incestum?
2293 1221 2427 1275 Ecce
2450 1220 2664 1289 probavi
2694 1229 2744 1275 te
2769 1228 3058 1274 amatorem
3086 1235 3202 1274 esse
3226 1221 3388 1274 casti-

1821 1312 1962 1365 tatis.
1995 1310 2048 1365 Si
2077 1327 2203 1381 ergo
2231 1321 2521 1367 amatorem
2552 1314 2807 1367 castitatis
2836 1312 3042 1367 ostendi
3076 1322 3147 1376 te,
3182 1312 3304 1381 quid
3335 1321 3390 1366 to

1818 1400 2115 1467 offendisti,
2141 1411 2198 1457 ut
2225 1417 2330 1456 non
2362 1402 2502 1456 illam
2533 1417 2683 1457 ames
2711 1403 2761 1456 in
2790 1404 2873 1457 te?
2894 1403 3032 1456 Ecce
3058 1401 3219 1455 habes
3241 1416 3392 1455 com-

1817 1493 2090 1560 pendium,
2117 1507 2235 1546 ama
2274 1494 2327 1547 in
2359 1503 2410 1548 te
2438 1493 2577 1563 quod
2602 1508 2748 1548 amas
2775 1494 2829 1547 in
2858 1492 2961 1547 tilia
2990 1502 3076 1546 tua
3103 1510 3115 1546 :
3145 1507 3261 1545 ama
3289 1491 3393 1545 hoc

1818 1584 1871 1637 in
1895 1598 2061 1638 uxore
2082 1583 2285 1649 aliena;
2315 1584 2436 1653 quia
2464 1593 2517 1639 et
2540 1583 2643 1637 lilia
2666 1592 2751 1638 tua
2777 1598 2909 1637 uxor
2930 1583 3033 1637 erit
3052 1583 3390 1636 aliena.Ama

1816 1690 1943 1745 ergo
1969 1685 2027 1729 et
2067 1676 2119 1730 in
2149 1684 2199 1729 te
2224 1676 2544 1730 castitatem.
2575 1676 2630 1729 Si
2672 1689 2896 1730 uxorem
2924 1675 3149 1730 alienam
3181 1688 3393 1727 amave-

1816 1762 1926 1828 ris,
1977 1777 2083 1817 non
2141 1765 2392 1819 continuo
2422 1764 2679 1819 habebis:
2706 1766 2750 1819 si
2776 1765 3075 1820 castitatem
3104 1764 3388 1825 amoveris.

1817 1869 1941 1909 mox
1970 1854 2203 1909 habebis.
2236 1855 2370 1909 Ama
2400 1870 2527 1925 ergo
2568 1856 2865 1910 castitatem
2886 1894 2901 1921 ,
2934 1865 2989 1910 ut
3016 1855 3213 1909 habeas
3237 1863 3389 1908 mter-

1816 1961 1937 2001 nam
1966 1947 2290 2001 felicitatem.

1888 2037 1940 2091 8.
1978 2034 2245 2089 Pudicitia:
2269 2052 2439 2089 amore
2472 2036 2803 2091 resistendum
2827 2037 2881 2089 in
2919 2036 3190 2089 tentatione
3226 2051 3394 2087 exem—

1819 2127 1904 2196 plo
1930 2125 2185 2180 Susanna:
2211 2134 2257 2178 et
2281 2124 2493 2195 Ioseph.
2524 2124 2630 2180 Sed
2678 2125 2813 2178 forte
2862 2125 3151 2179 tentaberis
3180 2166 3194 2188 ,
3245 2138 3395 2177 ama-

1818 2217 1894 2271 bit
1923 2226 1975 2271 te
2003 2217 2191 2270 mulier
2214 2216 2497 2285 impudica,
2526 2216 2761 2271 inveniet
2783 2224 2836 2269 te
2870 2216 2922 2269 in
2958 2215 3277 2281 solitudine,
3306 2229 3399 2269 co-

1819 2307 2031 2361 nabitur
2073 2315 2392 2376 extorquere
2419 2306 2791 2375 complexum;
2825 2306 2868 2360 si
2895 2307 3170 2367 renueris.
3218 2305 3395 2360 mina-

1819 2397 1960 2452 bitur
1990 2394 2667 2465 inl‘amando‘supplicium.
2709 2396 2820 2450 lloc
2855 2398 3094 2451 seniores
3124 2396 3237 2450 falsi
3284 2396 3389 2451 Su-

1818 2502 2000 2543 sanna:
2041 2486 2313 2549 fecerunt,
2349 2486 2449 2541 hoc
2485 2501 2619 2539 uxor
2666 2485 2866 2540 domini
2915 2487 2994 2539 sui
3037 2487 3160 2540 fecit
3210 2496 3395 2540 sancto

1818 2577 2015 2648 Ioseph
2068 2576 2173 2632 Sed
2207 2576 2466 2631 attendite
2508 2576 2656 2630 illum
2680 2617 2694 2640 ,
2737 2589 2894 2644 quem
2932 2576 3156 2629 attendit
3197 2584 3251 2629 et
3292 2572 3395 2629 Su-

1819 2684 1985 2725 sanna
2016 2678 2068 2723 et
2098 2668 2316 2738 Ioseph.
2346 2668 2479 2722 Num
2511 2667 2629 2737 quia
2676 2667 2853 2721 nullus
2902 2666 3052 2720 testis
3094 2675 3209 2731 est,
3260 2666 3397 2720 Deus

1821 2760 1893 2816 ibi
1942 2776 2046 2815 non
2096 2762 2214 2815 est?
2259 2761 2385 2828 Ejus
2414 2760 2597 2815 oculos
2640 2758 2805 2813 noluit
2847 2757 3120 2812 otl‘endere
3160 2755 3397 2825 Josepb.
3442 2790 3453 2795 ι

1819 2853 2006 2907 oculos
2052 2851 2258 2906 Domini
2305 2851 2386 2904 sui
2426 2850 2725 2920 prmsentis.
2764 2848 2943 2903 Noluit
2972 2846 3251 2918 impudica:
3278 2861 3396 2899 mu-

1822 2942 1938 2996 lieri
1965 2941 2030 2996 ad
2056 2941 2395 2995 concubitum
2421 2940 2660 2995 illicitum
2686 2938 3003 2993 consentire.
3034 2936 3250 3006 Repulit
3272 2950 3401 2989 cou-

1821 3033 2202 3104 cupisceutiam
2220 3032 2445 3086 alienam
2468 3072 2483 3096 ,
2508 3030 2782 3100 amplexus
2798 3039 2880 3084 est
2900 3029 3203 3098 pudicitiam
3224 3042 3397 3081 suam.

1822 3124 1972 3179 Fecit
2001 3132 2174 3178 tamen
2202 3124 2286 3176 illa
2307 3164 2320 3186 ,
2347 3123 2486 3193 quod
2518 3122 2714 3175 minata
2743 3129 2824 3176 est
2854 3137 2867 3174 :
2897 3119 3114 3178 mentita
3142 3127 3225 3173 est
3251 3119 3398 3182 viro;

1822 3213 2022 3270 credita
2062 3221 2145 3267 est
2171 3228 2199 3266 a
2230 3228 2327 3266 suo
2358 3214 2569 3266 marito.
2602 3211 2792 3265 Adhuc
2833 3210 3037 3279 patiens
3084 3210 3241 3263 Deus.
3269 3207 3402 3262 Tra-

1822 3305 1967 3360 ditur
1989 3303 2186 3372 Joseph
2217 3305 2267 3358 in
2309 3319 2613 3364 carcerem;
2644 3301 2939 3357 custoditur
2966 3310 3213 3371 tauquam
3241 3313 3398 3362 reus,

1823 3412 1852 3451 a
1899 3412 2006 3467 quo
2055 3411 2161 3451 non
2209 3405 2293 3450 est
2337 3396 2571 3450 offensus
2619 3395 2921 3450 Deuszsed
2971 3409 3072 3449 nec
3118 3394 3187 3448 ibi
3235 3391 3404 3447 defuit

1827 3489 1999 3556 Deus,
2032 3488 2153 3559 quia
2205 3488 2293 3542 ille
2343 3502 2447 3541 non
2495 3498 2610 3540 erat
2637 3502 2781 3540 rens.
2810 3484 2994 3540 Adfuit
3033 3484 3287 3538 Dominus
3311 3481 3405 3535 .lo-

1826 3579 1957 3648 seph
1988 3579 2205 3649 patienti
2237 3599 2250 3631 :
2284 3577 2427 3647 quod
2468 3594 2570 3631 non
2619 3579 2726 3631 cito
2769 3577 3047 3639 subvenit,
3095 3574 3162 3627 ad
3202 3572 3400 3641 maiora

1828 3669 2044 3739 praemia
2071 3667 2274 3722 distulit
2304 3667 2451 3737 (Gen.
2483 3683 2663 3731 xxxrx,
2692 3668 2823 3734 xu).
2854 3665 3161 3718 Lmtilicavit
3185 3662 3398 3726 merito,

1827 3776 1985 3831 quem
2016 3760 2256 3815 exercuit
2280 3758 2560 3828 supplicio.
2616 3757 2805 3811 Debuit
2846 3757 2985 3811 enim
3029 3766 3245 3809 sanctus
3291 3754 3407 3821 ipso

1826 3850 2025 3921 Joseph
2076 3864 2171 3919 pro
2200 3849 2310 3917 ipsa
2351 3848 2598 3917 pudicitia
2627 3846 2822 3916 aliquid
2852 3847 3010 3901 etiam
3039 3845 3233 3900 durum
3262 3843 3401 3913 pati,

1831 3941 1932 3997 hoc
1973 3950 2082 4005 est,
2129 3956 2389 3995 amarum.
2435 3939 2487 3994 Si
2537 3940 2707 4008 ipsam
2762 3938 3078 4007 impudicam
3125 3935 3402 3990 mulierem

1831 4033 2049 4088 forsitan
2075 4040 2310 4096 amaret,
2342 4046 2438 4101 pro
2467 4031 2554 4084 illa
2583 4039 2796 4099 paratus
2823 4038 2964 4083 esset
2986 4028 3118 4082 dura
3145 4026 3352 4097 perpeti
3386 4044 3400 4079 :

1829 4134 1883 4181 et
1926 4125 2013 4179 illa
2066 4139 2303 4178 antorem
2355 4139 2508 4177 suum
2555 4137 2678 4191 erga
2727 4136 2786 4176 se
2829 4136 2934 4175 non
2981 4119 3264 4188 probaret,
3303 4117 3406 4170 nisi

1830 4225 2049 4287 propter
2076 4217 2222 4270 illam
2265 4214 2387 4267 talia
2431 4213 2655 4267 molesta
2704 4213 2788 4265 vel
2835 4210 2967 4264 dura
3014 4210 3303 4273 toleraret,
3353 4214 3410 4261 et

1831 4307 2075 4365 charitati
2099 4349 2116 4373 ,
2149 4308 2256 4360 imo
2295 4320 2405 4359 non
2432 4304 2710 4367 charitati,
2754 4301 2847 4355 sed
2894 4302 3049 4355 mala:
3089 4298 3406 4367 cupiditati,

1832 4400 1999 4454 vicem
2027 4398 2293 4453 redderet.
2327 4395 2710 4450 Exardesceret
2736 4392 2823 4445 illa
2865 4393 2916 4445 in
2959 4391 3105 4445 illum
3136 4388 3403 4449 vicissim,

1832 4494 1954 4562 quia
1996 4475 2201 4545 vider’et
2241 4503 2361 4543 eum
2391 4496 2536 4541 tanto
2560 4500 2745 4539 amore
2782 4500 2884 4561 suo
2928 4481 3304 4543 inardescere,
3352 4489 3410 4532 ut

1832 4592 2113 4654 propterea
2143 4597 2248 4636 non
2295 4586 2571 4635 recusaret
2594 4591 2943 4647 quacumque
2972 4574 3226 4643 supplicia
3272 4572 3410 4625 tole-

1834 4689 1973 4728 rare.
2004 4673 2058 4728 Si
2088 4672 2188 4726 hoc
2213 4686 2309 4739 pro
2360 4669 2619 4738 impudica
2641 4708 2657 4731 ,
2702 4675 2900 4737 quanto
2958 4665 3126 4731 magis
3171 4677 3266 4731 pro
3297 4661 3408 4730 ipsa

1836 4763 2124 4835 pudicitia?
2151 4762 2294 4816 Bene
2336 4775 2463 4829 ergo
2507 4757 2797 4827 aliquando
2826 4757 2961 4809 Dens
2990 4754 3167 4807 diﬂ'crt
3191 4752 3409 4820 adjuto-

1836 4861 1973 4914 rium
2004 4872 2189 4921 suum;
2219 4864 2275 4908 ut
2304 4853 2492 4921 probet
2521 4851 2787 4904 hominem
2809 4887 2825 4912 ,
2859 4856 2915 4900 ut
2952 4854 3196 4899 exerceat
3243 4845 3413 4899 homi-

1840 4964 1992 5013 nem,
2021 4956 2082 5001 ut
2109 4947 2221 5015 ipse
2248 4944 2347 4998 sibi
2389 4942 2548 4996 homo
2578 4941 2891 4994 innotescat.
2921 4935 3050 4989 Nam
3084 4934 3251 4989 Deum
3283 4934 3415 4989 nihil

1838 5039 1984 5094 latet.

1912 5130 1966 5184 9.
2002 5128 2107 5182 Pro
2128 5127 2369 5199 pudicitia
2388 5122 2681 5196 spernenda:
2705 5120 3058 5173 delectationes
3084 5128 3132 5172 et
3157 5118 3415 5172 molestiae.

1844 5223 1955 5278 lloc
1980 5239 2108 5292 ergo
2134 5220 2427 5275 mouuerim
2457 5215 2781 5271 Charitatem
2808 5221 3037 5267 vestram
3058 5251 3074 5277 ,
3105 5209 3294 5264 fratres
3314 5249 3329 5272 ,
3362 5217 3421 5262 ut

1845 5325 1967 5369 ante
1995 5312 2169 5368 omnia
2199 5305 2642 5377 concupiscentiis
2678 5303 2981 5359 carnalibus
3006 5311 3062 5355 et
3083 5300 3287 5370 gaudiis
3315 5312 3420 5352 ste-

1846 5406 2114 5462 cularihus
2142 5411 2196 5456 et
2235 5416 2383 5454 vana:
2411 5413 2618 5468 pompa:
2646 5404 2701 5451 et
2720 5395 2963 5450 volaticze
2983 5435 2998 5459 ,
3030 5390 3318 5459 vaporique
3343 5385 3422 5440 vi-

1849 5510 1914 5554 ta:
1947 5496 2103 5567 hujus
2145 5493 2425 5563 prtrsentis
2461 5490 2779 5561 praeponatis
2804 5487 2967 5543 decus
2991 5494 3045 5540 et
3072 5480 3425 5554 pulchritudio
3472 5504 3489 5525 κ

1851 5606 1970 5647 nem
2003 5587 2275 5658 sapientim
2298 5628 2315 5653 ,
2359 5585 2680 5657 praeponatis
2708 5580 3040 5637 dulcedinem
3078 5574 3425 5632 suavitatem-

1850 5699 1952 5751 que
1978 5680 2267 5751 sapientim,
2298 5676 2615 5749 praeponatis
2643 5674 2806 5728 decus
2850 5670 3112 5742 pudicitiae
3133 5708 3147 5732 ,
3180 5668 3425 5755 pulchris
