3968 6518
506 322 631 378 1511

504 436 740 489 tudinem
791 427 1068 486 castitatis.
1116 426 1239 481 "me
1279 421 1452 476 omnia
1500 414 1806 472 absenndita
1854 418 1978 467 sunt
2025 408 2078 463 in

506 526 757 579 thesauro
803 520 1040 586 cmlesti,
1086 516 1240 572 nuda:
1282 526 1461 567 coram
1508 507 1674 563 oculis
1722 505 1811 559 Dei
1856 514 2079 573 gemma:

509 626 632 671 sunt
661 617 773 669 ista:
802 614 1045 685 pretiosa:
1065 650 1080 675 ,
1108 607 1330 662 multum
1370 602 1580 665 lucent;
1610 598 1656 653 si
1685 595 1868 651 oculos
1913 592 2080 685 habe-

511 708 611 773 tis,
640 682 849 759 videtis.
887 700 1118 755 Diversis
1162 712 1288 766 ergo
1316 703 1370 748 et
1406 692 1600 747 illicitis
1642 682 2083 743 delectationibus

488 797 611 850 ista
642 792 959 865 prmponite;
1004 797 1058 844 et
1097 788 1144 844 si
1174 784 1394 842 tentatio
1438 795 1605 852 usque
1651 776 1975 840 accesserit,
2027 780 2085 826 ut

515 888 673 942 etiam
719 883 1015 939 molestiam
1054 877 1359 950 patiamini,
1408 874 1597 928 fratres
1641 869 1779 934 mei,
1819 865 1938 936 quis
1978 877 2084 917 non

516 978 748 1048 patiatur
778 984 993 1046 propter
1021 971 1289 1028 sacculum
1325 982 1480 1023 suum
1500 966 1524 1018 ’ἶ
1563 962 1681 1033 quis
1723 975 1827 1014 non
1859 956 2086 1028 patiatur

516 1084 611 1137 pro
641 1083 771 1137 agro
799 1081 896 1121 suo
920 1106 934 1130 ,
964 1078 1061 1134 pro
1091 1077 1195 1116 uno
1217 1057 1392 1130 lapide
1420 1055 1602 1111 limitis
1627 1053 1738 1123 agri
1770 1051 1884 1105 sui?
1910 1049 1965 1104 Si
1992 1061 2089 1117 pro

520 1158 601 1212 his
640 1159 798 1212 rebus
840 1153 1141 1226 patiamini,
1187 1166 1318 1222 quas
1346 1164 1450 1203 non
1477 1145 1684 1200 habetis
1714 1144 1766 1198 in
1796 1148 2088 1213 potestate,

515 1248 767 1317 quamdiu
809 1246 968 1300 vultis
1011 1244 1241 1298 retinere
1260 1283 1275 1307 ,
1306 1247 1359 1294 ct
1387 1239 1578 1309 quibus
1602 1236 1759 1290 vultis
1783 1233 2089 1295 dimittere;

515 1339 609 1395 sed
637 1353 781 1408 saepe
805 1337 1148 1401 amittantur,
1182 1348 1302 1387 cum
1329 1331 1553 1386 vivimus
1573 1370 1588 1395 ,
1632 1342 1773 1395 saepe
1799 1334 1917 1394 post
1943 1338 2089 1378 mor-

518 1442 627 1488 tem
654 1440 889 1485 nostram
918 1429 985 1484 ab
1029 1428 1108 1483 eis
1152 1441 1285 1497 quos
1328 1423 1573 1487 odimus,
1616 1418 1951 1491 possidentur
1989 1431 2003 1469 :
2049 1415 2094 1469 si

517 1539 614 1593 pro
642 1524 724 1578 his
749 1523 901 1577 bouis
930 1522 995 1591 (si
1025 1529 1201 1575 tamen
1231 1516 1452 1572 dicenda
1481 1521 1606 1570 sunt
1632 1515 1796 1577 bona,
1842 1525 1960 1580 quae
1988 1524 2092 1562 non

521 1614 721 1668 faciunt
765 1612 975 1684 bonos)
1012 1621 1151 1666 tanta
1178 1611 1315 1665 mala
1344 1608 1587 1663 homines
1614 1621 1767 1675 aequo
1792 1604 1969 1657 animo
1999 1616 2095 1671 pa-

520 1705 754 1769 tiuntur;
784 1718 879 1773 pro
910 1702 1015 1758 ﬁde
1042 1716 1206 1772 quare
1237 1699 1367 1770 pigri
1398 1696 1563 1751 sunt?
1585 1710 1679 1765 pro
1708 1693 1965 1747 thesauro
1994 1705 2099 1745 (τοι)⁹

519 1794 639 1850 lesti
669 1809 832 1864 quare
859 1792 1027 1846 timidi
1056 1791 1210 1845 sunt?
1240 1804 1336 1860 pro
1365 1788 1467 1842 illis
1510 1784 1708 1841 divitiis
1738 1784 1778 1849 ί,
1826 1796 1957 1852 quas
1997 1796 2098 1836 nec

522 1884 788 1955 naufragia
820 1885 973 1938 nobis
1001 1891 1219 1954 possunt
1242 1874 1490 1939 auferre?
1516 1878 1697 1933 Justus
1725 1876 1866 1930 enim
1894 1872 2097 1928 naufra-

516 1992 615 2045 gus
635 1975 812 2029 evadit
835 1974 985 2029 dives
1005 1983 1058 2028 et
1083 1973 1278 2027 nudus.

595 2066 682 2119 10.
725 2063 825 2117 Job
863 2064 916 2118 in
946 2074 1163 2118 stercore
1200 2078 1350 2131 quam
1380 2060 1537 2113 dives.
1567 2057 1660 2111 llis
1686 2055 1883 2111 divitiis
1910 2056 2099 2125 plenus

524 2164 640 2209 erat
668 2161 886 2208 sanctus
911 2152 1011 2207 Job
1042 2167 1062 2207 :
1087 2151 1263 2206 omnia
1290 2166 1395 2203 uno
1424 2150 1528 2204 ictu
1555 2148 1858 2218 perierunt,
1890 2145 2017 2199 nihil
2046 2145 2100 2197 in

525 2242 686 2298 domo
712 2243 825 2312 ejus
853 2249 1208 2305 remanserat,
1234 2240 1426 2310 quibus
1453 2239 1611 2308 paulo
1652 2247 1777 2291 ante
1820 2236 2105 2305 opulentus

527 2334 821 2399 videbatur,
850 2333 1024 2389 subito
1054 2331 1327 2388 mendicus
1348 2372 1361 2395 ,
1391 2331 1442 2385 in
1482 2339 1719 2384 stercore
1747 2344 1777 2383 a
1802 2332 1975 2398 capite
2009 2343 2105 2381 us-

525 2442 628 2497 que
652 2426 717 2481 ad
752 2426 910 2495 pedes
938 2425 1205 2481 vermibus
1231 2431 1459 2478 scatens.
1478 2420 1615 2487 Quid
1636 2421 1735 2474 ista
1764 2420 1975 2473 miseria
2000 2418 2105 2472 mi-

490 2532 497 2538 ·
526 2518 696 2571 serius
716 2515 742 2569 Ἰ
768 2514 903 2583 Quid
949 2513 1203 2568 interiore
1247 2510 1499 2565 felicitate
1528 2507 1771 2563 felicius?
1794 2506 2109 2562 Perdiderat

528 2606 706 2659 omnia
735 2605 821 2658 illa
852 2618 971 2674 qua:
1000 2601 1223 2656 dederat
1264 2601 1443 2655 Deus:
1475 2597 1567 2654 sed
1616 2597 1845 2652 habebat
1892 2596 2065 2668 ipsum
2087 2635 2102 2660 ,

532 2695 621 2765 qui
663 2693 885 2748 dederat
926 2691 1135 2759 omnia,
1182 2691 1371 2745 Deum.
1415 2687 1630 2753 Nudus,
1662 2687 1861 2757 inquit,
1892 2687 2020 2741 exivi
2048 2686 2112 2740 de

533 2795 675 2840 utero
705 2783 881 2838 matris
911 2797 1056 2849 metu,
1089 2781 1254 2835 nudus
1282 2789 1503 2834 revertar
1536 2778 1589 2832 in
1631 2788 1835 2832 terram.
1863 2776 2111 2833 Dominus

532 2878 703 2941 dedit,
731 2875 981 2929 Dominus
1006 2872 1240 2937 abstulit;
1269 2874 1399 2927 sicut
1425 2871 1637 2925 Domino
1666 2870 1856 2941 placuit
1880 2912 1893 2935 ,
1926 2871 1996 2923 ita
2023 2870 2107 2939 fa-

533 2979 667 3021 ctum
696 2976 768 3021 est
789 2983 808 3020 :
833 2967 898 3021 sit
927 2982 1107 3020 nomen
1128 2963 1335 3018 Domini
1364 2961 1695 3018 benedictum.
1722 2961 1880 3016 Certe
1912 2976 2114 3031 pauper

533 3058 654 3112 est?
684 3066 830 3112 certe
856 3056 986 3111 nihil
1015 3055 1206 3110 habet?
1237 3055 1292 3110 Si
1319 3053 1452 3109 nihil
1478 3060 1738 3117 remanet,
1769 3051 1837 3105 de
1866 3066 1974 3121 quo
1997 3052 2115 3105 the-

535 3164 693 3204 sauro
721 3163 945 3219 gemma:
969 3148 1084 3202 ista:
1105 3146 1278 3201 laudis
1307 3145 1401 3200 Dei
1447 3142 1892 3214 proferebantur?
1924 3142 2114 3198 Postea

534 3256 699 3311 usque
718 3240 785 3295 ad
810 3254 1025 3294 carnem
1048 3246 1278 3294 tentator
1296 3238 1522 3292 accessit
1552 3254 1565 3290 :
1599 3235 1847 3290 omnibus
1872 3235 2112 3301 sublatis,

539 3332 872 3387 tentatricem
921 3331 1197 3386 mulierem
1251 3328 1487 3399 reliquit.
1537 3328 1699 3382 Evam
1747 3326 1989 3392 dimisit;
2022 3326 2115 3381 sed

538 3422 706 3476 Adam
734 3422 824 3477 ille
848 3437 957 3475 non
984 3420 1099 3475 fuit.
1131 3421 1198 3475 Et
1227 3421 1297 3474 ibi
1326 3419 1497 3490 qualis
1543 3418 1790 3472 inventus
1818 3416 1933 3472 est?
1978 3432 2117 3487 quo-

539 3515 700 3569 modo
727 3513 1002 3585 reSpondit
1029 3513 1182 3570 uxori
1212 3512 1597 3582 blasphemiam
1637 3510 1985 3581 suggerenti?
2015 3509 2117 3564 Lo-

539 3621 656 3664 cuta
683 3627 755 3678 es,
794 3611 999 3681 inquit,
1028 3618 1268 3680 tanquam
1298 3624 1401 3661 una
1439 3623 1500 3661 ea:
1523 3605 1870 3675 insipientibus
1895 3604 2121 3658 mulieri-

543 3706 649 3758 bus.
685 3705 745 3759 Si
787 3705 915 3758 bona
956 3703 1266 3772 suscepimus
1293 3700 1356 3753 de
1384 3715 1537 3753 manu
1567 3696 1807 3761 Domini,
1856 3696 1993 3750 mala
2030 3711 2122 3748 cur

542 3810 643 3847 non
666 3793 936 3846 toleramus
964 3791 1085 3861 (Job
1132 3808 1149 3845 ι
1184 3800 1231 3845 et
1255 3790 1357 3860 tt)?
1386 3790 1430 3844 Ο
1458 3789 1627 3842 virum
1667 3798 1875 3858 putrem
1904 3795 1954 3841 et
1981 3786 2122 3841 inte-

547 3884 733 3953 grum!
761 3898 793 3938 ο
820 3880 1019 3936 foedum
1048 3889 1103 3935 et
1144 3878 1460 3948 pulchrum!
1492 3892 1524 3932 ο
1570 3878 1904 3932 vulneratum
1948 3886 2001 3931 et
2038 3891 2125 3931 sa-

548 3972 709 4026 num!
759 3986 795 4025 ο
841 3972 894 4024 in
940 3979 1177 4025 stercore
1220 3968 1527 4032 sedentem,
1556 3975 1610 4020 et
1651 3968 1703 4020 in
1734 3966 1871 4021 cmlo
1902 3982 2129 4035 regnau-

550 4072 654 4117 tem
675 4064 689 4116 ι
715 4061 768 4117 Si
797 4075 1056 4126 amamus,
1082 4060 1382 4122 imitemur;
1413 4067 1470 4112 ut
1490 4058 1775 4122 imitemur,
1795 4057 2125 4124 laboremus;

551 4154 673 4209 etsi
697 4154 749 4207 in
780 4153 963 4207 labore
989 4151 1387 4216 subdeficimus,
1409 4148 1732 4218 adjutorium
1760 4149 2127 4217 imploremus.

551 4244 780 4313 Adjuvat
805 4252 1099 4299 certantem
1137 4243 1226 4313 qui
1272 4251 1541 4297 certamen
1574 4240 1780 4295 indixit.
1824 4240 1941 4295 Non
1986 4242 2129 4296 enim

550 4336 630 4390 sic
655 4344 706 4390 te
732 4336 873 4390 Deus
893 4342 1165 4405 exspectat
1181 4341 1497 4399 certantem,
1516 4342 1575 4387 ut
1601 4334 1827 4403 populus
1851 4333 2084 4403 aurigam
2113 4352 2129 4388 :

551 4427 782 4481 clamare
824 4426 1008 4493 novit,
1038 4427 1289 4495 adjuvare
1328 4441 1433 4481 non
1471 4426 1636 4480 novit.
1666 4425 1781 4481 Non
1811 4427 1889 4482 sic
1914 4436 1964 4482 te
1990 4427 2133 4483 Deus

552 4524 823 4585 esxpectat
846 4524 1158 4581 certantem,
1180 4524 1240 4569 ut
1263 4515 1500 4586 agonista
1529 4525 1805 4586 exspectat
1830 4517 2082 4572 athletam
2114 4536 2128 4572 :

554 4623 805 4662 coronam
859 4605 1066 4662 feneam
1116 4614 1293 4677 parat,
1340 4607 1481 4662 vires
1521 4606 1931 4663 subministrare
1976 4608 2135 4664 labo-

555 4696 691 4752 ranti
722 4712 829 4752 non
860 4697 1033 4759 novit;
1067 4711 1165 4752 nec
1193 4697 1336 4752 enim
1376 4705 1587 4768 potest,
1635 4696 1797 4752 homo
1827 4698 1967 4753 enim
2013 4708 2131 4764 est,

562 4802 662 4842 non
692 4789 850 4844 Deus.
901 4787 968 4842 Et
996 4787 1132 4841 forte
1158 4786 1283 4841 dum
1312 4795 1626 4857 exspectat,
1668 4788 1787 4858 plus
1812 4788 2017 4843 laborat
2045 4803 2134 4843 sc-

557 4879 766 4946 deudo,
793 4895 950 4950 quam
980 4879 1069 4935 ille
1099 4876 1368 4933 luctando.
1412 4877 1546 4933 Nam
1596 4879 1738 4933 Deus
1782 4878 1995 4948 quando
2039 4895 2137 4934 ex-

558 4979 763 5040 spectat
788 4980 1073 5024 certatores
1100 4983 1254 5033 suos,
1283 4967 1498 5037 adjuvat
1533 4983 1625 5022 eos
1653 4968 1924 5023 invocatus
1967 4986 1980 5022 :
2013 4984 2135 5022 nam

560 5060 676 5128 ejus
701 5059 914 5111 athletze
936 5074 1035 5113 vox
1075 5068 1157 5114 est
1185 5059 1237 5113 in
1270 5059 1481 5113 Psalmo
1501 5100 1516 5125 ,
1572 5059 1634 5113 Si
1678 5059 1932 5125 dicebam,
1968 5058 2138 5113 Motus

562 5158 634 5204 est
657 5163 741 5218 pes
770 5162 945 5211 meus;
973 5148 1314 5203 misericordia
1340 5158 1427 5202 tua
1446 5189 1461 5215 ,
1498 5147 1711 5202 Domine
1728 5191 1742 5214 ,
1767 5147 2035 5220 adjuvabat
2061 5165 2140 5202 me

564 5239 736 5313 (Psal.
763 5253 889 5293 xcnt
909 5279 923 5302 ,
955 5238 1065 5308 18).
1092 5237 1205 5292 Non
1228 5254 1354 5309 ergo
1380 5241 1546 5295 simus
1575 5239 1744 5309 pigri,
1775 5239 1964 5296 fratres
1993 5241 2097 5295 mei
2124 5258 2137 5296 :

564 5339 837 5402 petamus,
862 5344 1159 5399 quaeramus
1180 5368 1196 5395 ,
1228 5331 1516 5399 pulsemus.
1552 5330 1729 5385 Omnis
1772 5332 1904 5385 enim
1940 5333 2024 5402 qui
2052 5348 2140 5402 pe-

564 5424 644 5488 tit,
673 5420 892 5492 accipit,
920 5428 967 5475 et
1006 5435 1231 5490 quarens
1258 5420 1467 5474 inveniet
1486 5461 1502 5488 ,
1546 5430 1593 5476 et
1639 5421 1861 5491 pulsanti
1889 5423 2142 5493 aperietur

566 5512 779 5582 (Matth.
803 5528 873 5567 vn
891 5553 908 5579 ,
940 5510 1020 5583 8).

633 5648 648 5674 ι
673 5651 811 5709 Ante,
833 5656 933 5709 _p_rp
968 5639 1487 5709 illis_qdiei_tiis,__forte
1521 5640 1782 5706 legendum
1802 5680 1816 5705 ,
1862 5659 2010 5709 quare
2054 5659 2145 5695 non

566 5713 673 5753 sunt
694 5701 881 5754 sollieiti
896 5704 920 5755 ?
937 5705 1014 5755 vel
1038 5702 1214 5768 aliquid
1234 5701 1411 5752 simile.

1711 301 1766 355 S.
1811 291 2170 353 AUGUSTINI
2211 289 2511 345 EPISCOPI

3677 294 3860 349 ISI'Z

2638 402 2865 459 SERMO
2903 402 3187 457 cccxuv
3221 403 3340 473 '(a).

2492 495 2567 548 De
2590 511 2759 548 amore
2786 494 2882 549 Dei
2902 505 2948 547 et
2977 512 3147 549 amore
3184 495 3339 549 seculi
3364 495 3457 571 (ὁ).

2268 610 2315 663 1.
2348 608 2530 678 Pugna
2554 609 2683 660 inter
2702 624 2921 665 amorem
2950 608 3045 662 Dei
3077 618 3123 662 et
3151 625 3373 663 amorem
3396 610 3614 664 saeculi.
3642 610 3853 665 Amo-

2196 714 2284 755 res
2308 699 2414 754 duo
2441 700 2491 754 in
2524 698 2622 753 hac
2651 699 2753 753 vita
2779 714 2957 754 secum
2987 699 3039 753 in
3071 700 3215 755 omni
3245 701 3542 756 tentatione
3578 701 3859 756 luctan-

2196 800 2298 857 tur,
2328 807 2479 847 amor
2502 792 2704 855 stcculi,
2728 800 2781 845 ct
2802 806 2953 847 amor
2978 792 3103 856 Dei;
3136 800 3191 846 et
3218 791 3407 848 horum
3437 792 3710 847 duorum
3740 793 3857 861 qui

2195 882 2404 949 vicerit,
2451 882 2578 938 illuc
2636 890 2899 937 amantem
2974 892 3223 953 tanquam
3288 883 3526 953 pondere
3611 884 3851 939 trahit.

2196 973 2310 1028 Non
2339 973 2479 1028 enim
2510 972 2698 1043 pennis
2720 981 2811 1028 aut
2837 972 3079 1043 pedibus,
3107 973 3200 1028 sed
3229 973 3503 1029 affectibus
3532 976 3851 1031 venimus

2196 1067 2262 1122 ad
2286 1068 2474 1123 Deum.
2500 1067 2567 1122 Et
2591 1081 2807 1122 rursum
2835 1081 2937 1121 non
2966 1067 3240 1136 corporeis
3266 1066 3420 1122 nodis
3445 1076 3500 1123 et
3526 1068 3851 1134 vinculis,

2196 1158 2291 1213 sed
2312 1158 2591 1213 contrariis
2611 1157 2884 1214 affectibus
2902 1168 3057 1213 terrae
3079 1156 3419 1213 inhaeremus.
3442 1157 3619 1214 Venit
3650 1158 3853 1214 Chri-

2154 1284 2167 1305 .
2199 1260 2312 1306 stus
2333 1260 2538 1304 mutare
2563 1264 2822 1316 amorem,
2849 1258 2903 1305 et
2930 1248 2998 1303 de
3023 1258 3240 1303 terreno
3266 1247 3440 1304 facere
3466 1249 3610 1304 vita:
3642 1250 3853 1305 coele-

2200 1341 2295 1395 stis
2355 1349 2643 1395 amatorem
2692 1357 2705 1394 :
2753 1340 2912 1395 homo
2974 1347 3191 1408 propter
3261 1353 3358 1393 nos
3434 1338 3674 1407 factus,
3737 1341 3851 1410 qui

2202 1448 2302 1487 nos
2359 1432 2603 1487 homines
2668 1430 2821 1498 fecit;
2866 1440 2920 1485 et
2975 1444 3253 1485 assumens
3302 1429 3585 1485 hominem
3644 1431 3845 1496 Deus,

2203 1534 2259 1578 ut
2310 1524 2551 1578 homines
2624 1522 2821 1578 faceret
2895 1522 3044 1577 deos.
3102 1522 3198 1575 llic
3262 1522 3576 1591 prepositus
3657 1522 3847 1577 nobis

2202 1628 2361 1683 agon,
2395 1613 2511 1667 lucc
2550 1613 2691 1667 lucta
2727 1627 2848 1667 cum
2878 1626 3058 1677 carne,
3090 1610 3205 1665 haec
3234 1610 3373 1665 lucta
3401 1626 3520 1666 cum
3554 1610 3844 1675 diabolo,

2206 1706 2320 1759 haec
2342 1706 2478 1759 lucta
2501 1720 2620 1759 cum
2651 1703 2871 1758 saeculo.
2901 1702 3006 1757 Sed
3039 1702 3281 1767 ﬁdamus,
3313 1702 3571 1772 quoniam
3610 1702 3720 1757 ille
3739 1704 3845 1773 qui

2207 1796 2308 1850 hoc
2336 1806 2603 1851 certamen
2626 1795 2841 1861 indixit,
2872 1810 2975 1849 non
3001 1794 3116 1848 sine
3145 1793 3407 1862 adjutorio
3435 1806 3536 1850 suo
3567 1803 3843 1864 spectat,

2206 1902 2307 1941 nec
2336 1886 2404 1941 de
2426 1886 2626 1941 viribus
2653 1885 2852 1939 nostris
2881 1893 2935 1938 ut
2976 1897 3364 1954 praesumamus
3394 1882 3683 1938 hortatur.
3723 1884 3846 1952 Qui

2210 1977 2353 2031 enim
2375 1976 2441 2032 de
2462 1977 2660 2031 viribus
2688 1977 2798 2031 suis
2822 1975 3115 2045 praesumit,
3147 1974 3331 2045 utique
3350 1974 3471 2045 quia
3501 1974 3694 2031 homo
3718 1986 3837 2041 est,

2206 2068 2275 2123 de
2300 2068 2498 2123 viribus
2521 2068 2798 2138 praesumit
2826 2066 3055 2122 hominis
3080 2074 3167 2121 :ct
3196 2066 3489 2121 maledictus
3513 2068 3709 2122 omnis
3742 2070 3845 2138 qui

2209 2175 2347 2230 spem
2374 2174 2518 2212 suam
2545 2160 2684 2229 ponit
2709 2159 2761 2211 in
2786 2158 2985 2212 homine
3007 2157 3218 2231 (Jerem.
3250 2174 3378 2225 xvn,
3409 2158 3486 2232 5).
3522 2158 3720 2229 llujtts
3754 2162 3837 2229 pii

2209 2258 2263 2304 et
2305 2249 2473 2303 sancti
2517 2249 2715 2302 amoris
2763 2247 2973 2302 flamma
3018 2248 3264 2304 ardentes
3292 2257 3587 2319 martyres,
3627 2248 3837 2305 fenum

2167 2369 2179 2381 ι
2211 2339 2422 2410 quidem
2466 2339 2642 2395 carnis
2686 2340 2880 2395 robore
2921 2340 3114 2394 mentis
3161 2350 3436 2407 arserunt;
3471 2342 3577 2409 ipsi
3625 2354 3832 2398 autem

2213 2430 2405 2501 integri
2436 2431 2486 2484 in
2515 2430 2700 2500 spiritu
2727 2429 2794 2484 ad
2823 2445 2967 2493 eum,
2995 2444 3100 2500 quo
3120 2432 3330 2485 accensi
3356 2440 3498 2496 sunt,
3530 2447 3835 2501 pervene-

2212 2530 2356 2576 runt.
2388 2521 2734 2577 Prmstabitur
2777 2529 2952 2574 tamen
2993 2521 3103 2590 ipsa
3134 2523 3499 2577 contemnenti
3524 2524 3695 2579 carni
3724 2524 3835 2579 hoc

2213 2627 2313 2667 nor
2336 2611 2544 2667 debitus
2588 2612 2641 2666 in
2686 2612 3077 2666 resurrectione
3107 2619 3457 2667 mortuorum.
3487 2612 3625 2669 Ideo
3672 2617 3834 2671 enim

2215 2701 2474 2757 seminata
2504 2709 2585 2755 est
2614 2701 2667 2754 in
2689 2701 3030 2765 contumelia,
3056 2710 3112 2754 ut
3139 2710 3383 2771 resurgat
3410 2703 3460 2755 in
3493 2703 3710 2773 gloria.

2286 2793 2340 2845 2.
2369 2791 2630 2845 Amandus
2656 2789 2793 2845 Deus
2815 2807 2964 2860 super
2986 2800 3236 2862 parentes.
3260 2791 3371 2847 [Ioc
3397 2807 3588 2848 amore
3619 2810 3833 2851 accen-

2216 2884 2312 2950 sis,
2357 2883 2444 2938 vel
2488 2882 2662 2953 potius
2704 2890 2763 2937 ut
2802 2882 3159 2937 accendantur
3198 2882 3300 2937 hoc
3340 2878 3505 2937 dicit:
3537 2884 3651 2953 Qui
3680 2899 3834 2943 αηιαι

2218 2980 2410 3045 patrem
2438 2983 2524 3027 aut
2558 2982 2768 3027 matrem
2807 2989 2961 3043 super
2998 2988 3095 3039 me,
3139 2989 3240 3027 non
3283 2982 3354 3028 est
3392 2990 3471 3028 me
3504 2977 3708 3048 dignus
3737 2996 3757 3034 :
3780 2992 3833 3036 et

2217 3065 2302 3135 qui
2334 3081 2434 3119 non
2477 3065 2647 3119 tulerit
2690 3080 2888 3118 crucem
2928 3072 3071 3117 suam
3104 3075 3152 3118 et
3179 3074 3376 3120 secutus
3399 3068 3555 3138 fuerit
3587 3087 3695 3138 me,
3722 3089 3829 3127 non

2218 3164 2290 3209 est
2312 3171 2390 3209 me
2410 3154 2592 3226 dignus
2617 3154 2893 3227 (Matth.x,
2922 3155 2989 3209 57
3014 3166 3060 3209 et
3081 3153 3193 3227 58).
3216 3159 3467 3212 Amorem
3496 3170 3825 3227 parentum,

2220 3247 2421 3313 uxoris,
2475 3246 2727 3311 filiorum,
2773 3261 2879 3300 non
2926 3245 3165 3311 abstulit,
3218 3246 3311 3300 sed
3352 3247 3679 3306 ordinavit:
3716 3269 3829 3308 non

2219 3335 2373 3399 dixit,
2409 3336 2509 3404 Qui
2546 3343 2718 3400 amat;
2752 3334 2880 3399 scd,
2919 3335 3005 3405 qui
3048 3344 3187 3388 autat
3229 3352 3381 3406 super
3422 3353 3519 3391 me.
3574 3339 3713 3411 Hoc,
3743 3352 3833 3399 est

2223 3426 2365 3497 quod
2394 3426 2629 3481 Ecclesia
2657 3424 2892 3495 loquitur
2918 3425 2969 3478 in
3001 3426 3234 3481 Canticis
3258 3427 3631 3485 cauticbrum:
3661 3432 3830 3489 Ordi-

2222 3519 2357 3572 navit
2385 3520 2438 3573 in
2474 3535 2552 3573 me
2588 3518 2883 3572 charitatem
2908 3516 3079 3590 (Cant.
3103 3534 3160 3583 tl,
3188 3518 3265 3589 4).
3292 3518 3426 3574 Ama
3453 3530 3694 3591 patrem,
3728 3527 3828 3582 sed

2226 3611 2333 3665 noli
2354 3624 2513 3679 super
2535 3610 2817 3664 Dominum
2838 3627 2850 3661 :
2871 3624 2989 3662 ama
3032 3610 3350 3678 genitorem,
3374 3610 3467 3665 sed
3512 3615 3631 3668 noli
3659 3631 3830 3686 super

2225 3701 2556 3757 Creatorem.
2581 3701 2739 3755 Pater
2766 3700 2965 3770 genuit,
2993 3699 3088 3754 sed
3117 3714 3221 3754 non
3248 3700 3365 3770 ipse
3390 3701 3641 3759 formavit
3663 3722 3677 3758 :
3698 3722 3825 3762 nam

2226 3794 2365 3863 quis,
2391 3802 2481 3847 aut
2510 3792 2679 3863 qualis
2699 3792 2797 3847 sibi
2823 3792 3123 3848 nasciturus
3145 3800 3309 3857 esset,
3342 3806 3465 3846 cum
3494 3796 3824 3863 seminaret,

2230 3884 2510 3956 ignoravit.
2533 3884 2689 3939 Pater
2717 3884 2957 3949 nutrivit,
2984 3882 3077 3938 sed
3102 3898 3208 3937 non
3230 3881 3297 3937 de
3320 3897 3418 3937 suo
3436 3892 3593 3953 pater
3623 3902 3821 3956 panem

2231 3975 2485 4031 esurienti
2520 3974 2766 4029 instituit.
2800 3975 3082 4029 Postremo
3108 3973 3363 4045 quidquid
3410 3975 3505 4029 tibi
3545 3987 3706 4047 pater
3732 3994 3824 4036 re-

2232 4074 2409 4119 servat
2446 4065 2497 4117 in
2542 4072 2707 4129 terra,
2732 4063 2941 4118 decedit
2970 4074 3027 4117 ut
3056 4064 3332 4131 succedas,
3360 4064 3482 4119 vita:
3511 4074 3617 4121 tuae
3640 4067 3821 4124 locum

2235 4156 2391 4213 faciet
2417 4165 2590 4211 morte
2618 4170 2734 4210 sua.
2762 4155 2920 4209 Pater
2940 4164 3116 4209 autem
3147 4156 3289 4210 Deus
3317 4156 3459 4226 quod
3492 4157 3585 4213 tibi
3616 4167 3822 4227 servat,

2235 4261 2412 4302 secum
2443 4254 2650 4310 servat;
2685 4255 2741 4298 ut
2768 4243 3128 4299 hmreditatem
3146 4259 3267 4299 cum
3289 4245 3405 4316 ipso
3430 4248 3706 4317 possideas
3722 4265 3822 4320 pa.

2237 4345 2337 4402 tre,
2369 4349 2471 4390 nec
2504 4350 2625 4389 cum
2662 4333 3001 4388 decessorcm
3027 4334 3180 4403 quasi
3212 4349 3491 4391 successor
3517 4348 3821 4408 exspectes,

2237 4426 2329 4482 sed
2344 4425 2607 4479 inhiat-eas
2617 4438 2827 4493 semper
2840 4437 3106 4487 mansuro,
3118 4437 3330 4494 semper
3341 4426 3392 4480 in
3408 4426 3497 4481 illo
3511 4442 3818 4485 mansurus.

2238 4520 2370 4573 Ama
2384 4530 2512 4587 ergo
2530 4524 2753 4585 patrem,
2772 4514 2864 4569 sed
2886 4514 2990 4568 noli
3007 4528 3168 4584 super
3186 4515 3353 4570 Deum
3368 4524 3534 4571 tuum.
3556 4518 3690 4572 Ama
3704 4534 3822 4574 ma-

2242 4618 2374 4664 trem
2394 4615 2559 4672 tuam,
2581 4605 2675 4660 sed
2700 4604 2807 4659 noli
2827 4618 2989 4674 super
3008 4604 3321 4672 Ecclesiam,
3347 4621 3465 4675 quae
3490 4614 3542 4661 te
3557 4608 3820 4677 genuitad

2230 4700 2401 4753 .vitam
2417 4706 2693 4752 mternam.
2714 4694 2953 4763 Denique
2979 4709 3044 4749 ex
3080 4695 3314 4764 ipsorum
3337 4704 3612 4769 parentum
3638 4712 3822 4752 amore

2241 4786 2513 4860 perpende
2530 4793 2785 4856 quantum
2801 4783 3023 4854 diligere
3040 4784 3236 4841 debeas
3253 4786 3417 4839 Deum
3434 4793 3488 4839 et
3502 4784 3815 4841 Ecclesium.

2239 4880 2293 4936 Si
2309 4879 2449 4933 enim
2473 4886 2676 4931 tantum
2699 4875 2950 4946 diligendi
2980 4884 3103 4929 sunt
3142 4875 3230 4943 qui
3271 4882 3566 4944 genuerunt
3598 4877 3819 4930 moritu-

2241 4988 2380 5039 rum,
2408 4979 2601 5041 quanta
2630 4968 2887 5024 charitatc
2906 4967 3159 5037 diligendi
3183 4974 3306 5021 sunt
3333 4967 3419 5036 qui
3447 4970 3818 5036 genueruntad

2242 5062 2589 5118 aeternitatem
2602 5059 2961 5123 venturum,in
2979 5058 3325 5114 aeternitatem
3341 5059 3813 5115 mansurum?Ams

2243 5170 2481 5219 uxorem,
2506 5168 2625 5209 ama
2655 5154 2792 5208 filios
2810 5150 3101 5206 secundum
3129 5150 3316 5217 Deum,
3358 5159 3417 5205 ut
3459 5150 3706 5205 consulas
3741 5152 3817 5205 eis

2244 5246 2311 5300 ad
2351 5246 2515 5301 Deum
2555 5243 2837 5299 colendum
2878 5250 3051 5296 tecum
3079 5256 3092 5293 :
3116 5241 3200 5295 cui
3244 5240 3458 5311 junctus
3482 5255 3604 5296 cum
3634 5239 3811 5307 fueris,

2245 5336 2631 5406 separatiouem
2673 5333 2869 5389 nullam
2916 5330 3146 5385 timebis.
3180 5329 3305 5385 ideo
3350 5345 3456 5385 non
3496 5329 3657 5387 debes
3699 5328 3813 5383 illos

2247 5430 2365 5501 plus
2398 5429 2505 5483 Deo
2532 5427 2770 5497 diligere,
2787 5438 2920 5494 quos
2939 5424 3155 5478 omnino
3183 5423 3321 5479 male
3349 5422 3545 5493 diligis,
3577 5421 3616 5476 si
3639 5419 3810 5490 negle-

2314 5585 2330 5604 ⁶
2356 5588 2591 5643 Repertus
2635 5580 2685 5629 in
2705 5577 2971 5643 V._tantum
3005 5584 3057 5626 et
3098 5576 3152 5643 i_n_
3179 5582 3313 5626 Strm.

2313 5644 2384 5703 (a)
2419 5638 2558 5701 Alias,
2585 5643 2711 5703 ihter
2732 5639 3081 5703 Sirmondianos
3101 5638 3174 5687 51.

2315 5645 2363 5703 (a
2419 5644 2558 5701 Alias,
2585 5644 2711 5689 ihter
2732 5644 3037 5687 Sirmondiant

2315 5644 2384 5768 (ei
2415 5707 2533 5753 Citat
2554 5701 2715 5751 Florus
2732 5701 2788 5748 ad
2809 5705 2842 5747 lt
2863 5707 2965 5748 Cor.
2991 5712 3037 5750 ν.
