3996 6458
217 330 407 421 ista,

219 446 362 501 xeris
388 452 558 501 tecttm
597 441 663 496 ad
712 438 875 494 Deum
922 438 1135 493 ducere.
1170 431 1357 491 Veniet
1393 434 1615 489 fortasse
1656 432 1786 488 hora

219 533 479 604 martyrii.
507 533 586 587 Tu
613 533 692 586 vis
728 531 971 587 confiteri
1007 526 1295 584 Christum.
1324 525 1612 583 Confessus
1640 524 1787 579 exci-

217 626 329 695 pies
368 622 590 677 fortasse
636 623 888 694 temporis
926 619 1411 691 pmnam,excipies
1440 615 1786 685 temporalem

217 722 461 769 mortem.
496 713 672 776 Pater,
711 720 802 766 aut
844 726 999 775 uxor,
1036 719 1127 764 aut
1167 710 1303 764 ﬁlius
1340 707 1680 763 blandiuntur
1721 719 1788 761 ne

142 794 157 814 ⁵
217 802 477 867 moriaris,
503 812 556 857 et
584 801 902 857 blandiendo
926 800 1162 857 efﬁciunt
1204 809 1262 854 ut
1298 798 1561 853 moriaris.
1586 796 1644 851 Si
1681 811 1786 851 non

214 894 469 959 efﬁciant,
498 894 603 947 illic
624 893 718 947 tibi
745 893 921 948 veniet
950 891 1002 946 in
1024 902 1273 954 mentem,
1303 888 1404 956 Qui
1417 896 1554 941 amat
1570 896 1784 957 patrem,

214 994 303 1035 aut
332 991 559 1048 matrem,
590 991 677 1036 aut
698 998 922 1049 uxorem,
947 991 1033 1034 aut
1052 982 1185 1051 [ilics
1209 995 1359 1048 super
1382 995 1478 1044 me,
1502 992 1602 1031 non
1620 986 1691 1032 est
1711 992 1789 1030 me

213 1076 416 1145 dignus.

287 1166 339 1219 5.
377 1164 644 1220 lluinanus
670 1163 879 1232 etractus
897 1164 1121 1235 exemplo
1144 1163 1329 1219 Christi
1350 1162 1642 1218 uincendus.
1664 1160 1787 1215 Hu-

213 1258 619 1311 mana'volantas
660 1258 713 1310 in
742 1256 939 1311 Christo
969 1265 1173 1309 mortem
1206 1256 1480 1327 refugiens.
1505 1253 1609 1310 Sed
1637 1254 1788 1310 blan-

212 1348 465 1402 tlimentis
492 1364 708 1404 suorum
727 1349 953 1404 flectitur
972 1349 1201 1403 carnalis
1217 1349 1459 1413 allectus,
1485 1356 1539 1403 et
1558 1346 1786 1417 quodam

213 1440 375 1493 modo
416 1441 607 1495 labitur
671 1441 897 1495 humana
956 1440 1223 1495 mollities.
1278 1440 1558 1511 Restringe
1639 1439 1789 1494 sinus

213 1530 427 1583 liuentis
464 1530 643 1594 vestis,
658 1530 847 1585 virtute
869 1530 1387 1599 accingere.Cruciat
1415 1539 1469 1586 te
1495 1546 1645 1585 amor
1668 1545 1786 1585 car-

220 1619 341 1671 nis?
384 1619 532 1674 'l‘olle
575 1635 785 1675 crucem
828 1630 989 1685 tuam,
1017 1628 1072 1674 et
1115 1635 1337 1689 sequere
1382 1620 1681 1674 Dominum.
1723 1620 1791 1675 Et

215 1708 329 1777 ipse
353 1710 444 1764 tibi
467 1710 707 1765 Salvator
734 1722 874 1777 tuus,
894 1712 1136 1781 quamvis
1157 1711 1210 1765 in
1235 1726 1395 1765 carne
1422 1711 1582 1776 Deus,
1604 1724 1791 1779 quam-

214 1800 298 1852 vis
335 1815 455 1854 cum
482 1815 643 1857 carne
675 1801 832 1866 Deus,
862 1800 1149 1854 humanum
1190 1811 1366 1856 tamen
1408 1799 1791 1854 demonstravit

214 1888 483 1955 allectum,
516 1889 602 1943 ubi
628 1890 739 1949 ait:
768 1887 943 1955 Pater,
974 1890 1017 1943 si
1041 1890 1271 1960 possibile
1307 1900 1399 1955 est,
1420 1898 1639 1943 transeat
1662 1905 1693 1941 a
1713 1904 1791 1943 me

215 1984 353 2037 ralia:
400 1984 489 2037 iste
517 1982 729 2053 (Matth.
763 2000 911 2049 xxvi,
942 1978 1054 2052 59).
1081 1982 1306 2037 Noverat
1335 1982 1475 2052 quod
1515 1982 1649 2036 calix
1690 1981 1791 2036 iste

220 2074 446 2127 transire
474 2090 576 2126 non
602 2082 826 2142 poterat,
855 2072 920 2126 ad
942 2089 1061 2127 eum
1094 2073 1376 2127 bibendum
1412 2080 1646 2126 venerat.
1680 2071 1789 2125 Vo-

160 2172 161 2175 ‘
219 2150 443 2228 unitate,
474 2180 579 2219 non
615 2165 951 2230 necessitate,
985 2158 1240 2218 bibendus
1284 2164 1372 2217 ille
1426 2163 1575 2216 calix.
1611 2161 1792 2216 Omni-

219 2266 410 2325 potens
454 2265 568 2310 erat
606 2273 621 2313 :
658 2257 703 2309 si
744 2257 919 2319 vellet,
968 2255 1145 2324 utique
1193 2254 1461 2318 transiret,
1492 2253 1613 2321 quia
1654 2253 1792 2307 Deus

219 2362 343 2403 cum
371 2347 548 2410 Patre,
578 2356 633 2401 et
660 2347 770 2416 ipse
798 2356 852 2401 et
887 2347 1025 2400 Deus
1054 2345 1211 2401 Pater
1236 2361 1372 2399 unus
1402 2345 1557 2398 Deus.
1586 2342 1691 2399 Sed
1726 2358 1791 2398 ex

220 2436 387 2490 forma
412 2437 569 2500 servi,
597 2451 661 2491 ex
689 2451 753 2491 eo
772 2436 910 2506 quod
942 2437 1173 2504 suscepit
1197 2434 1292 2488 abs
1314 2442 1365 2488 te
1386 2447 1480 2503 pro
1508 2441 1579 2497 te,
1606 2446 1790 2485 vocem

224 2528 472 2594 hominis,
504 2544 689 2583 vocem
735 2529 910 2582 carnis
948 2527 1145 2582 emisit.
1178 2526 1252 2581 'l‘e
1278 2527 1328 2579 in
1360 2541 1417 2580 se
1442 2525 1685 2594 dignatus
1711 2532 1794 2577 est

225 2620 619 2689 transfigurare,
645 2629 704 2673 ut
731 2620 797 2673 de
824 2620 913 2673 illo
949 2618 1240 2687 loquereris
1276 2616 1506 2683 infirma,
1536 2624 1593 2673 ut
1620 2615 1673 2669 in
1705 2613 1794 2667 illo

222 2711 651 2781 apprchenderes
678 2709 852 2764 fortia.
888 2710 1219 2763 Voluntatem
1256 2707 1507 2774 ostendit,
1536 2722 1639 2777 qua
1681 2716 1797 2761 ten-

224 2801 321 2855 tari
354 2815 534 2870 posses
560 2809 645 2855 :et
670 2802 919 2854 continuo
944 2799 1123 2854 docuit
1146 2814 1304 2869 quam
1332 2797 1677 2863 voluntatem,
1708 2794 1796 2852 cui

228 2893 483 2946 voluntati
524 2890 772 2961 praeferre
796 2891 1040 2946 deberes.
1067 2889 1241 2954 Pater,
1273 2888 1459 2959 inquit,
1486 2888 1530 2942 si
1559 2886 1673 2957 ﬁeri
1700 2902 1797 2963 po-

224 2994 337 3048 test,
368 2993 585 3038 transeat
629 3001 660 3037 a
702 3000 779 3038 me
817 2984 952 3038 calix
992 2983 1100 3036 iste.
1131 2982 1255 3037 Hmc
1281 2981 1524 3040 voluntas
1567 2978 1798 3041 humana

222 3085 339 3141 est;
374 3078 638 3131 hominem
668 3091 816 3147 gero,
845 3093 908 3132 ex
938 3076 1105 3130 forma
1143 3076 1280 3130 servi
1315 3076 1525 3151 loquor.
1554 3079 1727 3146 Pater,
1755 3080 1800 3134 si

224 3170 335 3236 ﬁeri
364 3178 543 3238 potest,
565 3179 782 3223 transeat
808 3169 887 3222 hic
912 3168 1069 3223 calix.
1099 3166 1217 3227 Vox
1241 3172 1417 3227 carnis
1437 3181 1535 3235 est,
1565 3188 1669 3226 non
1691 3174 1799 3240 spt-

224 3263 391 3326 ritus;
418 3275 524 3334 vox
552 3260 893 3331 infirmitatis,
916 3276 1023 3319 non
1053 3263 1368 3319 divinitatis.
1399 3263 1460 3318 Si
1486 3264 1595 3331 ﬁeri
1616 3272 1793 3333 potest,

226 3363 446 3407 transeat
478 3354 611 3410 calix
648 3353 757 3411 iste.
798 3358 887 3412 Illa
924 3365 1007 3411 est
1034 3356 1306 3422 voluntas,
1337 3355 1403 3411 de
1428 3370 1529 3425 qua
1554 3364 1609 3410 et
1637 3355 1797 3410 Petro

223 3440 436 3512 dicitur,
466 3444 592 3501 Cum
610 3458 777 3501 autem
802 3449 1046 3515 senueris,
1078 3449 1205 3502 alter
1223 3456 1269 3502 te
1288 3448 1469 3518 cinget,
1490 3457 1538 3501 et
1561 3447 1721 3512 tollet,
1750 3455 1799 3503 et

226 3537 346 3603 feret
369 3553 465 3605 quo
482 3548 534 3589 ta
550 3555 649 3591 non
670 3540 739 3592 vis
757 3537 932 3607 (Joan.
963 3554 1080 3605 XXI,
1121 3540 1231 3607 18).
1255 3538 1406 3595 Unde
1430 3553 1556 3609 ergo
1578 3546 1634 3593 et
1660 3554 1799 3593 mar-

228 3636 373 3696 tyres
404 3628 680 3681 vicerunt?
705 3627 837 3695 Quia
864 3628 1119 3682 voluntati
1150 3628 1323 3682 carnis
1343 3627 1661 3682 voluntatem
1686 3628 1797 3697 spi—

145 3759 157 3771 .
225 3718 357 3771 ritus
386 3728 801 3787 pra~posucruut.
834 3719 1096 3773 Amabant
1133 3718 1269 3774 hanc
1294 3718 1477 3785 vitam,
1506 3725 1561 3772 et
1596 3717 1799 3787 depon-

224 3810 500 3866 derabant.
535 3811 658 3867 Inde
686 3811 1094 3867 considerabant
1125 3820 1378 3881 quantum
1404 3809 1627 3864 amanda
1657 3818 1799 3864 esset

223 3912 441 3964 mterna,
472 3905 516 3957 si
563 3904 641 3957 sic
682 3912 889 3958 amatur
930 3903 1028 3957 ista
1071 3903 1323 3972 peritura.
1355 3893 1636 3956 Moriturus
1663 3900 1798 3955 mori

224 4010 333 4048 non
365 3996 507 4057 vult;
535 4006 589 4048 et
617 4004 790 4047 tamen
823 3994 925 4048 erit
952 3992 1251 4048 necessario
1272 3993 1527 4057 moriens,
1558 3992 1797 4062 quamvis

222 4087 474 4143 eontinue
504 4087 634 4140 mori
664 4085 869 4140 nolens.
891 4084 976 4140 Nil
998 4085 1109 4153 agis
1132 4082 1274 4154 quod
1304 4084 1438 4139 mori
1466 4100 1572 4139 non
1599 4085 1698 4148 vis.
1723 4083 1797 4139 nil

225 4176 412 4238 eilicis,
445 4175 519 4229 nil
563 4185 880 4245 extorques:
907 4175 1102 4229 nullam
1149 4174 1310 4229 habes
1349 4182 1661 4244 potestatem
1694 4175 1797 4229 tol-

226 4264 371 4321 lendi
415 4267 601 4321 mortis
644 4267 1035 4321 necessitatem.
1067 4266 1283 4331 Veniet,
1318 4275 1368 4321 te
1398 4268 1628 4331 nolente,
1657 4267 1796 4337 quod

186 4359 412 4423 .times;
466 4357 653 4425 aderit,
700 4368 749 4413 te
796 4368 1093 4423 recusante,
1138 4358 1278 4428 quod
1330 4358 1531 4413 differs.
1578 4358 1796 4414 Mortem

225 4450 421 4518 quippe
462 4450 655 4519 satagis
701 4458 758 4502 ut
797 4448 1044 4512 differas;
1075 4448 1328 4518 numquid
1369 4459 1425 4503 ut
1467 4448 1712 4503 auferas?
1740 4450 1795 4504 Si

224 4554 355 4609 ergo
385 4540 437 4593 in
466 4539 789 4595 amatoribus
818 4539 972 4609 hujus
1005 4540 1125 4594 vita:
1164 4548 1363 4594 tantum
1404 4538 1471 4593 de
1509 4537 1795 4594 differenda

226 4640 398 4686 morte
426 4632 697 4701 satagitur,
722 4639 972 4700 quantum
1014 4632 1082 4687 de
1122 4630 1409 4686 auferenda
1453 4630 1795 4685 laborandum

166 4777 174 4791 ,
224 4721 347 4775 est?
372 4720 501 4775 Mori
527 4732 671 4776 certe
698 4736 803 4775 non
833 4721 933 4774 vis.
955 4720 1093 4775 Muta
1122 4735 1379 4786 amorem,
1409 4726 1464 4774 et
1502 4719 1798 4775 ostenditur

226 4813 319 4865 tibi
340 4828 504 4875 mors,
525 4826 631 4867 non
659 4827 777 4882 qua:
814 4819 866 4867 te
897 4812 1109 4866 nolente
1132 4810 1322 4876 aderit,
1345 4809 1440 4865 sed
1464 4825 1604 4880 quae,
1631 4811 1674 4865 si
1699 4825 1794 4864 vo-

224 4898 403 4965 lueris,
434 4918 538 4958 non
566 4906 687 4957 erit.

296 4993 349 5046 4.
385 4990 525 5046 Mors
553 4992 761 5061 duplex,
782 4992 945 5063 prima
967 4999 1014 5045 et
1036 4989 1273 5045 secunda.
1294 4989 1436 5044 Mors
1454 4990 1615 5059 prima
1632 4989 1795 5043 omni~

225 5083 318 5136 bus
370 5084 643 5139 necessario
681 5083 954 5147 subeunda,
986 5081 1145 5135 altera
1180 5081 1300 5136 solis
1334 5080 1481 5135 malis
1525 5089 1721 5148 parata.
1752 5080 1794 5133 Α

226 5182 390 5226 morte
402 5171 662 5239 temporali
674 5174 820 5227 homo
832 5188 883 5226 se
894 5171 1106 5243 pecunia
1118 5170 1337 5234 redimit;
1348 5170 1409 5223 ab
1420 5180 1604 5223 azterna
1615 5179 1790 5237 morte,

220 5263 443 5334 justitia.
489 5263 710 5334 Sanguis
749 5263 935 5320 Christi
976 5280 1067 5334 pro
1112 5272 1284 5317 nostra
1330 5261 1667 5332 redemptione
1712 5266 1795 5335 fa-

221 5368 330 5407 sas.
362 5352 492 5407 Vide
514 5368 662 5423 ergo,
691 5356 732 5407 si
755 5354 1080 5423 aliquantum
1111 5353 1162 5408 in
1198 5350 1357 5408 corde
1389 5362 1478 5406 tuo
1510 5368 1659 5407 amor
1685 5354 1797 5408 evi-

224 5444 424 5513 gilavit,
452 5444 495 5498 si
524 5445 749 5498 scintilla
771 5445 837 5499 de
861 5446 1037 5501 cinere
1064 5445 1240 5503 carnis
1269 5446 1502 5511 emicuit,
1535 5447 1577 5500 si
1600 5446 1795 5517 aliquid

227 5532 432 5587 roboris
462 5532 513 5587 in
536 5534 699 5588 corde
727 5543 817 5587 tuo
849 5534 1269 5605 comprehendit,
1294 5534 1433 5606 quod
1472 5543 1632 5590 vento
1676 5543 1795 5590 ten-

229 5623 444 5677 talionis
488 5639 592 5678 non
640 5624 809 5678 solum
843 5640 945 5679 non
977 5627 1360 5697 exstinguatur,
1391 5625 1485 5682 sed
1514 5626 1672 5681 etiam
1699 5642 1795 5682 ve-

229 5714 529 5769 hementius
560 5714 912 5769 accendatur:
937 5716 983 5771 si
1026 5730 1130 5772 non
1176 5717 1329 5774 ardes
1376 5726 1433 5772 ut
1475 5726 1646 5787 stupa,
1678 5734 1795 5792 qua:

412 5797 679 5855 I’ATROL.
720 5796 1006 5859 XXXIX.

1549 314 1773 379 8εῆΜο
1810 317 2119 376 CCCXL“.

3325 326 3456 383 1514

1898 447 2003 486 uno
2031 431 2128 486 levi
2156 431 2281 486 llatn
2307 431 2688 504 exstinguarls;
2717 434 2809 489 sed
2838 433 2991 490 ardes
3011 442 3066 491 ut
3093 435 3275 504 robur,
3305 440 3463 495 ardes

1896 531 1953 575 nt
1975 522 2158 588 carbo,
2185 532 2243 577 ut
2269 523 2393 578 flatu
2424 525 2599 593 potius
2627 526 2872 580 exciteris
2899 544 2912 581 :
2938 528 3056 581 vide
3085 528 3215 582 duas
3241 520 3485 595 mortes,1

1898 627 2053 666 unam
2101 614 2481 682 temporalem,
2536 615 2883 688 eamdemque
2939 619 3195 687 primam;
3244 621 3467 676 alteram

1894 705 2289 773 sempiternam,
2346 716 2399 761 et
2447 707 2686 762 eamdem
2735 710 3042 766 secundam.
3088 713 3263 767 Prima
3316 730 3464 773 mors

1893 795 2137 849 omnibus
2166 806 2456 866 prteparata
2484 807 2566 853 est
2593 816 2605 853 :
2629 799 2859 854 secunda
2904 802 3034 856 solis
3061 803 3233 866 malis,
3263 803 3459 873 impiis,

1894 886 2215 953 infidelibus,
2243 888 2584 957 blasphemis,
2609 898 2664 944 et
2699 891 2951 961 quidquid
2990 893 3128 947 aliud
3177 909 3319 948 sanze
3365 895 3461 948 do-

1892 979 2079 1034 ctrina:
2115 980 2445 1036 adversatur.
2466 982 2703 1045 Intende,
2722 998 2957 1052 propone
2986 986 3078 1039 tibi
3107 986 3233 1040 istas
3264 996 3462 1051 mortes

1892 1068 2044 1123 duas.
2075 1070 2130 1125 Si
2176 1071 2290 1126 fieri
2338 1081 2532 1141 potest,
2563 1074 2745 1128 ambas
2785 1092 2890 1129 non
2928 1077 3007 1131 vis
3050 1079 3175 1147 pati.
3206 1080 3347 1145 Scio,
3379 1082 3460 1133 vi-

1892 1176 2018 1216 vere
2045 1176 2211 1229 amas,
2241 1163 2377 1218 mori
2402 1179 2506 1218 non
2536 1165 2649 1229 vis;
2679 1173 2731 1219 et
2767 1165 2834 1220 de
2862 1166 2961 1221 bac
2981 1169 3085 1222 vita
3115 1169 3165 1222 in
3195 1171 3350 1225 aliain
3382 1172 3462 1224 vi-

1893 1262 1999 1309 tam
2024 1254 2101 1310 sic
2123 1255 2348 1310 transire
2376 1257 2562 1323 velles,
2599 1267 2655 1311 ut
2696 1272 2801 1312 non
2848 1270 3089 1315 mortuus
3132 1276 3457 1329 resurgeres.

1891 1345 1987 1400 sed
2017 1345 2165 1399 vivus
2191 1346 2242 1400 in
2270 1346 2459 1401 melius
2486 1349 2788 1404 mulareris.
2821 1350 2932 1405 lloc
2955 1351 3146 1415 velles,
3175 1352 3276 1407 hoc
3304 1352 3464 1407 habet

1894 1436 2156 1491 humanus
2171 1437 2426 1503 affectus;
2459 1440 2559 1494 hoc
2584 1440 2696 1510 ipsa
2723 1442 2893 1496 anima
2924 1444 3103 1498 nescio
3156 1460 3261 1514 quo
3306 1446 3464 1499 modo

1894 1526 2052 1582 habet
2086 1529 2138 1583 in
2169 1530 2439 1585 voluntate
2478 1540 2533 1586 et
2568 1532 2872 1601 cupiditate.
2904 1535 3161 1602 Quoniam
3196 1536 3465 1606 diligendo

1892 1618 2075 1685 vitam,
2103 1619 2215 1674 odit
2252 1631 2477 1676 mortem
2503 1632 2591 1677 :et
2633 1624 2881 1693 quoniam
2919 1641 3131 1681 carnem
3174 1643 3321 1682 suam
3359 1643 3462 1682 nou

1892 1710 2022 1776 odit,
2054 1726 2154 1766 nec
2178 1712 2274 1781 ipsi
2295 1713 2408 1767 vult
2434 1714 2676 1771 accidere
2696 1716 2837 1786 quod
2866 1717 2995 1771 odit.
3029 1717 3193 1773 Nemo
3214 1722 3342 1773 enim
3373 1736 3460 1773 un-
3493 1730 3507 1787 ί

1892 1818 2042 1871 quam
2066 1818 2265 1857 carnem
2297 1822 2441 1860 suam
2486 1807 2602 1861 odio
2642 1808 2813 1862 (tabuit
2853 1809 3064 1880 (Ephcs.
3091 1828 3140 1876 v,
3170 1812 3284 1876 29).
3313 1813 3463 1873 Hunc

1892 1892 2139 1949 affectum
2159 1896 2393 1951 ostendit
2413 1897 2716 1967 Apostolus,
2745 1900 2831 1954 tibi
2853 1901 2956 1954 ait:
2984 1900 3354 1957 Habitationem
3373 1906 3452 1957 Ita

1892 1983 2062 2041 bemus
2076 2003 2141 2041 ea:
2155 1986 2280 2053 Deo,
2302 1989 2504 2043 domum
2525 2007 2624 2044 non
2649 2007 2799 2044 manu
2819 1994 3025 2061 factam,
3042 2002 3278 2046 (sternam
3294 1994 3348 2050 in
3370 2014 3442 2053 nc
3457 2027 3470 2038 -

1894 2076 1978 2129 lis.
2009 2076 2207 2131 Etenim
2242 2077 2293 2132 in
2331 2080 2426 2133 hoc
2452 2079 2842 2149 ingemiscimns,
2875 2081 3214 2136 habitaculum
3244 2098 3464 2141 nostrum

1893 2168 2028 2233 quod
2041 2169 2102 2222 de
2126 2169 2247 2223 calo
2273 2180 2343 2223 est
2362 2172 2656 2240 superinduti
2681 2178 2954 2242 cupientes.
3000 2172 3069 2233 In
3086 2195 3185 2248 quo
3208 2180 3461 2243 nolumus,

1897 2256 2085 2327 inquit,
2108 2262 2399 2329 exspoliari,
2430 2264 2518 2316 sed
2540 2265 2881 2334 sitpsrvestiri,
2904 2278 2961 2322 ut
2986 2270 3309 2324 absorbeatur
3329 2288 3463 2324 mor-

1896 2348 1996 2402 tale
2018 2365 2049 2401 a
2074 2350 2193 2403 vita.
2226 2350 2338 2404 Non
2369 2353 2447 2405 vis
2487 2353 2702 2421 spoliari
2725 2369 2738 2406 :
2760 2359 2855 2413 sed
2896 2360 3202 2428 Spoliandus
3244 2376 3322 2416 es.
3360 2362 3470 2416 lloc

1898 2446 2072 2493 tamen
2114 2455 2239 2510 agas
2266 2450 2494 2510 oportet.
2522 2450 2581 2497 ut
2615 2444 2873 2518 spoliatus
2906 2466 2997 2518 per
3024 2461 3248 2506 mortem
3277 2468 3465 2507 carnea

1898 2530 2095 2595 tunica,
2136 2529 2421 2586 invenieris
2466 2531 2679 2592 indutus
2718 2538 2881 2594 lorica
2914 2540 3052 2595 ﬁdei.
3077 2542 3187 2597 Hoc
3215 2545 3355 2597 enim
3386 2560 3471 2598 se—

1896 2628 2054 2677 cutus
2078 2619 2353 2697 adjungil:
2378 2627 2439 2682 Si
2463 2637 2628 2681 tamen
2669 2638 2713 2683 et
2750 2630 2934 2705 induti,
2966 2648 3065 2685 non
3095 2634 3217 2686 nudi
3243 2635 3467 2688 invenia-

1897 2725 2012 2763 mur
2038 2708 2105 2786 (ll
2132 2709 2251 2770 Cor.
2276 2733 2327 2781 v,
2360 2717 2499 2787 1-4).
2529 2718 2659 2772 Nam
2704 2721 2872 2788 prima
2900 2736 3043 2776 mors
3072 2723 3357 2791 spoliatura
3389 2733 3470 2779 est

1902 2805 1958 2858 te
1997 2820 2177 2870 carne,
2208 2805 2419 2862 interim
2456 2809 2791 2877 seponenda,
2821 2818 2875 2864 et
2920 2826 3017 2865 suo
3061 2821 3296 2881 tempore
3337 2815 3470 2877 reri,-

1901 2894 2109 2964 pienda.
2142 2895 2250 2950 lloc
2279 2896 2432 2963 velis,
2462 2897 2619 2952 nolis.
2657 2898 2773 2953 Non
2821 2900 2960 2955 enim
3003 2901 3124 2970 quia
3165 2901 3264 2967 vis,
3291 2918 3469 2957 resur-

1900 3001 2024 3056 ges;
2053 2995 2142 3041 aut
2169 2987 2212 3041 si
2240 2987 2396 3054 nolis,
2435 3004 2541 3044 non
2581 3005 2861 3060 resurges;
2890 3000 2977 3046 aut
3024 2993 3068 3045 si
3111 2994 3467 3059 resurrectio-

1902 3094 2022 3133 nem
2046 3093 2151 3133 non
2178 3078 2371 3145 credis,
2399 3088 2677 3150 propterea
2703 3097 2807 3137 non
2838 3097 3103 3153 resurges.
3135 3082 3279 3152 Opus
3306 3094 3387 3139 est
3412 3094 3469 3140 ut

1903 3171 2077 3239 potius
2106 3184 2252 3241 agas,
2288 3180 2343 3227 ut
2388 3174 2474 3242 qui
2513 3184 2906 3230 resurrecturus
2943 3191 3023 3241 es,
3051 3178 3180 3231 velis
3211 3179 3366 3243 nolis,
3393 3154 3468 3234 sic

1903 3276 2149 3331 resurgas
2175 3270 2237 3317 ut
2271 3261 2466 3318 habeas
2500 3263 2641 3333 quod
2668 3264 2819 3319 velis.
2852 3264 3107 3321 Dominus
3131 3267 3327 3337 quippe
3360 3269 3473 3336 ipse

1900 3351 2054 3407 Jesus
2074 3351 2238 3407 dixit:
2268 3350 2411 3406 Venit
2432 3352 2576 3420 liora,
2598 3353 2797 3422 quando
2821 3370 2989 3408 omnes
3003 3356 3089 3423 qui
3103 3356 3158 3409 in
3182 3373 3469 3410 monumen-

1903 3443 1965 3497 tis
2009 3452 2145 3508 sunt,
2180 3444 2383 3497 audient
2422 3459 2588 3497 vocem
2633 3445 2761 3514 ejus,
2802 3454 2849 3499 et
2879 3445 3161 3516 precedent,
3201 3446 3314 3501 sive
3350 3446 3474 3502 boni

1901 3533 2026 3597 sint,
2053 3533 2164 3588 sive
2203 3533 2329 3587 mali
2365 3534 2500 3599 sint;
2529 3549 2699 3587 omnes
2743 3535 2826 3604 qui
2866 3534 2916 3587 in
2964 3537 3293 3597 monumentis
3334 3545 3472 3602 sunt,

1901 3624 2105 3677 audient
2131 3639 2298 3677 vocem
2325 3624 2452 3693 ejus,
2482 3632 2527 3676 et
2556 3624 2843 3692 precedent,
2872 3632 2925 3678 et
2951 3624 3260 3678 emittantur
3283 3639 3347 3679 ex
3373 3626 3470 3678 ab-

1901 3713 2045 3768 ditis.
2073 3712 2227 3767 Nulla
2261 3723 2503 3767 creatura
2546 3722 2810 3767 mortuum
2852 3713 3053 3768 tenebit
3095 3714 3194 3768 sub
3218 3730 3347 3769 voce
3366 3715 3469 3769 vivi

1902 3802 2188 3857 Creatoris.
2221 3800 2428 3867 Omnes,
2461 3801 2649 3870 inquit,
2672 3802 2757 3871 qui
2783 3802 2835 3855 in
2861 3804 3193 3857 monumentis
3211 3813 3342 3866 sunt,
3376 3822 3469 3857 au-

1901 3892 2039 3945 dient
2068 3908 2231 3945 vocem
2251 3892 2380 3961 ejus,
2403 3900 2449 3945 et
2471 3892 2757 3963 precedent.
2782 3890 2891 3946 Hoc
2914 3901 2972 3946 ut
2995 3896 3090 3958 ait,
3114 3892 3319 3955 Omnes,
3351 3893 3473 3948 fecit

1902 3980 2052 4050 quasi
2080 3980 2440 4035 confusionem
2467 3989 2521 4035 et
2547 3982 2970 4050 permixtionem.
3000 3981 3103 4038 Sed
3129 3982 3251 4037 andi
3276 3983 3474 4038 discre—

1902 4074 2121 4138 tionem,
2147 4073 2270 4128 audi
2296 4081 2348 4128 et
2381 4074 2767 4142 separationem
2798 4075 2915 4143 :qui
2941 4072 3090 4141 bona,
3120 4073 3304 4143 inquit,
3336 4075 3469 4144 [ecc-

1900 4174 2045 4227 runt,
2073 4164 2127 4217 in
2164 4164 2573 4218 resurrectionem
2605 4163 2750 4227 vitm;
2776 4164 2862 4232 qui
2889 4159 3023 4218 mala
3050 4174 3275 4236 egerunt,
3305 4165 3357 4219 in
3386 4182 3471 4219 re-

1899 4253 2255 4308 surrectionem
2277 4252 2457 4322 iudicii
2483 4246 2663 4322 (Joan.
2689 4270 2744 4317 v,
2774 4253 2843 4310 28
2863 4295 2877 4317 ,
2908 4253 3021 4325 29).
3056 4255 3165 4308 lloc
3186 4240 3464 4325 judicium,

1900 4346 1965 4400 ad
1992 4345 2131 4415 quod
2165 4345 2496 4400 subeundum
2539 4354 2819 4415 rcsurgent
2868 4346 3032 4417 impii.
3063 4364 3207 4402 mors
3240 4350 3469 4402 secunda

1900 4440 2213 4508 appellatur.
2245 4437 2380 4503 Quid
2416 4454 2559 4508 ergo,
2593 4438 2901 4505 christiano,
2935 4440 3125 4493 metuis
3169 4440 3321 4493 istam
3368 4441 3473 4509 pri-

1900 4529 2076 4584 mam?
2103 4532 2165 4584 Et
2191 4537 2242 4583 te
2267 4530 2431 4584 invito
2462 4529 2657 4596 veniet,
2685 4538 2737 4584 et
2764 4538 2815 4584 te
2847 4540 3125 4585 recusante
3150 4530 3338 4585 aderit.
3370 4530 3472 4586 lle-

1898 4622 2058 4677 dimis
2106 4630 2158 4677 te
2196 4621 2329 4676 forte
2381 4635 2409 4674 a
2452 4620 2711 4687 barbaris,
2744 4636 2810 4676 ne
2852 4620 3381 4675 oceidaris:redimis
3422 4631 3471 4676 te

1900 4729 2110 4783 magno,
2141 4730 2245 4768 non
2286 4709 2458 4782 parcis
2499 4712 2717 4767 omnino
2762 4713 2922 4768 rebus
2965 4712 3087 4778 tuis,
3118 4721 3170 4767 et
3193 4713 3326 4766 ﬁlios
3354 4722 3472 4767 tuos

1898 4807 2128 4875 spolias;
2155 4815 2208 4860 et
2237 4803 2539 4875 redemptus
2567 4805 2800 4860 crastino
2825 4804 3088 4861 morieris.
3120 4805 3161 4859 Δ
3187 4804 3398 4859 diabolo
3423 4816 3474 4860 te

1899 4897 2085 4951 redimi
2111 4903 2338 4967 oportet,
2368 4896 2455 4966 qui
2504 4902 2554 4950 te
2598 4910 2777 4952 secum
2815 4894 2881 4949 ad
2919 4895 3204 4951 secundam
3242 4905 3468 4973 mortem

1899 4985 2078 5051 trahit,
2103 4986 2191 5040 ubi
2221 4983 2436 5040 audient
2461 4985 2605 5055 impii
2635 4985 2700 5040 ad
2727 4985 2994 5040 sinistram
3027 4986 3204 5055 pesiti,
3236 4985 3334 5055 Ite,
3357 5005 3466 5042 ma-

1899 5076 2085 5142 ledicti,
2113 5076 2165 5129 in
2187 5077 2353 5145 ignem
2375 5085 2637 5141 ceternum,
2657 5076 2744 5146 qui
2764 5086 2970 5147 paratus
2992 5086 3061 5130 est
3087 5076 3286 5131 diabolo
3310 5089 3357 5132 et
3377 5096 3465 5133 an-

1898 5166 2022 5236 gelis
2061 5166 2169 5237 ejus
2209 5158 2433 5235 (Matth.
2464 5181 2589 5231 xxv,
2620 5164 2735 5235 ιι).
2770 5164 2854 5220 Ab
2892 5164 2993 5222 ista
3037 5167 3267 5225 secunda
3300 5180 3471 5228 morte

1899 5267 2106 5328 oportet
2135 5266 2190 5312 ut
2233 5256 2527 5313 redimaris.
2561 5256 2947 5326 Respondebis,
2979 5255 3306 5313 Unde?Noll
3328 5273 3472 5331 quae-

1900 5364 2018 5403 rere
2046 5344 2220 5402 hircos
2242 5357 2297 5401 et
2324 5356 2534 5401 tauros:
2556 5346 2661 5401 noli
2689 5356 2957 5416 postremo
2983 5362 3158 5403 arum
3190 5358 3331 5403 tuam
3356 5347 3467 5403 dis-

1898 5447 2098 5505 cutere,
2143 5446 2198 5492 et
2237 5436 2412 5492 dicere
2442 5437 2494 5491 in
2520 5436 2699 5492 animo
2730 5447 2838 5498 tuo.
2870 5437 2938 5493 Ut
2965 5453 3049 5493 me
3087 5438 3411 5493 redimerem
3441 5455 3467 5495 τι

1898 5534 2156 5597 barbaris,
2180 5533 2436 5589 habebam
2460 5532 2732 5604 pecuniam
2755 5550 2767 5585 :
2788 5543 2844 5585 ut
2865 5542 2915 5587 te
2939 5530 3169 5587 redimas
3189 5548 3216 5582 a
3239 5530 3468 5586 secunda

1900 5634 2093 5690 morte,
2139 5624 2329 5683 habeto
2361 5624 2637 5695 justitiam.
2669 5619 2947 5679 Pecuniam
2991 5629 3172 5692 posset
3220 5622 3310 5677 tibi
3357 5622 3471 5694 ipse

1901 5720 2156 5777 barbarus
2201 5728 2322 5775 ante
2368 5718 2572 5785 tollere,
2597 5724 2650 5773 et
2680 5724 2859 5786 postea
2888 5723 2938 5767 te
2963 5711 3225 5783 captivum
3252 5712 3472 5781 ducere,

2746 5802 3349 5880 fQuarantc—hut't.)
