3996 6450
517 308 675 370 ιιέιε

524 434 590 483 ut
617 442 724 484 non
750 436 894 483 esset
930 425 1070 482 unde
1098 434 1151 481 te
1194 424 1504 489 redimeres,
1529 436 1594 477 eo
1622 428 1709 475 tua
1738 421 1915 475 omnia
1943 420 2117 491 possi-

522 521 693 577 dente
732 520 825 591 qui
869 517 1107 590 possedit
1134 524 1188 570 et
1214 525 1264 569 te
1295 531 1308 567 :
1334 514 1593 584 justitiam
1622 526 1726 566 non
1754 510 1952 565 amittis
1979 510 2114 562 invi-

510 624 646 679 tus;
675 613 728 666 in
757 612 1008 666 thesauro
1053 607 1231 663 cordis
1286 606 1474 660 intimo
1519 612 1724 669 manet;
1756 603 1924 673 ipsam
1966 610 2114 664 tene,

506 705 702 776 ripsam
724 702 956 775 posside,
990 699 1114 756 inde
1154 698 1437 755 redimeris
1455 712 1486 752 a
1512 695 1745 753 secunda
1771 693 2115 760 morte-Quae

510 799 575 853 ei
617 797 777 862 nolis,
808 794 927 850 ideo
974 807 1083 848 non
1121 792 1246 859 erit,
1287 791 1410 863 quia
1446 789 1600 855 illud,
1625 787 1771 842 unde
1815 795 1867 842 te
1909 784 1977 840 ab
2015 785 2114 838 ista

511 898 702 945 morte
743 887 997 953 redimes,
1027 884 1075 939 si
1110 884 1365 949 volueris,
1407 881 1530 938 erit.
1574 878 1840 935 Justitiam
1869 875 2115 931 voluntas

518 981 830 1050 impetrata
860 977 1106 1041 Domino,
1138 982 1193 1029 et
1236 972 1369 1029 bibit
1406 972 1555 1027 illam
1590 978 1841 1041 tanquam
1873 967 1941 1023 de
1966 965 2114 1020 fonte

526 1085 649 1126 suo.
678 1070 762 1125 Ad
791 1083 951 1140 quem
976 1065 1184 1122 fontem
1214 1062 1392 1119 nullus
1422 1062 1734 1134 prohibetur
1760 1058 2038 1121 accedere,
2066 1055 2113 1110 si

524 1161 718 1233 dignus
744 1159 971 1217 accedit.
1000 1158 1283 1214 Postremo
1310 1152 1629 1224 adiutorium
1656 1159 1805 1206 tuum
1834 1148 1975 1203 vide.
2001 1146 2113 1201 Re-

521 1253 694 1309 demit
719 1262 773 1308 te
795 1267 825 1306 a
856 1251 1097 1307 barbaris
1123 1254 1400 1319 argentum
1424 1255 1597 1311 tuum,
1627 1241 1855 1299 redemit
1882 1249 1935 1296 te
1953 1255 1984 1294 a
2001 1239 2113 1310 pri-

520 1361 616 1404 ma
643 1354 816 1402 morte
838 1344 1063 1416 pecunia
1090 1352 1178 1397 tua
1201 1357 1215 1394 :
1236 1338 1467 1395 redemit
1512 1347 1564 1393 te
1607 1350 1639 1391 a
1680 1333 1912 1390 secunda
1940 1340 2112 1388 morte

522 1438 749 1509 sanguis
776 1435 985 1491 Domini
1012 1435 1108 1489 tui.
1142 1432 1336 1488 llabuit
1359 1430 1455 1485 ille
1474 1428 1811 1498 sanguinem,
1842 1423 1982 1479 unde
2014 1437 2113 1478 nos

524 1529 847 1593 redimeret;
892 1536 948 1581 et
993 1524 1061 1580 ad
1108 1524 1211 1579 hoc
1252 1521 1459 1592 accepit
1494 1519 1833 1589 sanguinem,
1875 1524 1931 1571 ut
1969 1523 2112 1570 esset

518 1635 688 1691 quem
732 1632 830 1690 pro
867 1616 1021 1672 nobis
1056 1613 1383 1671 redimendis
1414 1610 1729 1667 eﬂ’underet.
1756 1608 1981 1679 Sanguis
2006 1607 2112 1661 Do-

520 1713 661 1769 mini
690 1713 784 1780 tui,
806 1713 857 1769 si
878 1711 980 1779 vis,
1002 1710 1158 1765 datus
1181 1719 1263 1764 est
1285 1722 1382 1778 pro
1402 1715 1490 1762 te:
1513 1706 1559 1761 si
1584 1704 1818 1759 nolueris
1840 1716 1980 1768 esse,
2005 1716 2111 1756 non

514 1816 614 1863 est
641 1804 795 1861 datus
820 1817 918 1874 pro
935 1810 1005 1857 te.
1037 1800 1197 1856 Ferte
1216 1801 1362 1855 enim
1385 1797 1518 1853 dicis
1540 1811 1555 1850 :
1583 1795 1779 1852 Habuit
1798 1794 2112 1865 sanguinem

528 1896 672 1951 Deus
701 1908 873 1960 meus,
896 1907 1003 1963 quo
1027 1906 1114 1947 me
1144 1891 1433 1946 redimeret
1453 1906 1465 1943 :
1485 1887 1581 1944 sed
1614 1887 1725 1958 iam
1765 1900 1888 1941 eum
1922 1899 2114 1955 passus

532 1995 637 2053 est,
667 1994 834 2041 totum
857 1984 1034 2049 dedit;
1057 1982 1186 2054 quid
1235 1980 1313 2035 illi
1361 1979 1618 2035 remansit
1658 1976 1800 2047 quod
1818 1975 1911 2030 det
1934 1984 1990 2029 et
2017 1989 2114 2044 pro

524 2077 653 2133 me?
675 2076 784 2131 lloc
811 2084 896 2130 est
924 2088 1196 2145 magnum,
1212 2070 1338 2142 quia
1360 2069 1526 2126 semel
1557 2068 1719 2133 dedit,
1736 2076 1794 2123 et
1817 2080 1916 2136 pro
1937 2066 2113 2121 omni-

518 2168 627 2223 bus
663 2166 829 2223 dedit.
854 2165 1085 2236 Sanguis
1109 2161 1310 2219 Christi
1350 2160 1548 2216 volenti
1586 2167 1672 2214 est
1706 2156 1878 2225 salus,
1914 2155 2113 2213 nolenti

524 2258 867 2331 supplicium.
895 2255 1036 2323 Quid
1078 2268 1211 2326 ergo
1251 2253 1484 2316 dubitas,
1510 2251 1599 2322 qui
1639 2249 1777 2304 mori
1819 2262 1927 2302 non
1953 2246 2053 2311 vis,
2076 2259 2113 2300 ε

522 2350 759 2406 secunda
787 2347 962 2419 potius
1006 2354 1181 2405 morte
1216 2342 1474 2399 liber-ari?
1515 2354 1618 2411 qua
1663 2336 1927 2401 liberaris,
1956 2336 2004 2389 si
2030 2334 2114 2389 vis

515 2442 719 2498 tollere
761 2453 976 2496 crucem
1018 2446 1185 2501 tuam,
1231 2443 1287 2489 et
1329 2431 1484 2503 sequi
1521 2429 1839 2494 Dominum;
1863 2426 1986 2497 quia
2024 2425 2114 2480 ille

513 2534 649 2590 tulit
674 2546 849 2598 suam,
881 2538 937 2585 et
963 2525 1211 2599 quaesivit
1232 2536 1468 2580 servum.

595 2628 650 2682 5.
687 2624 797 2680 Vita
820 2633 1009 2679 eterna
1040 2627 1284 2694 quantum
1299 2615 1676 2683 murimuri
1696 2620 1892 2671 tantum
1921 2617 2115 2664 ametur

430 2770 433 2775 .
516 2722 627 2776 vita
645 2718 955 2790 temporalis.
974 2714 1042 2769 In
1061 2730 1147 2769 eos
1164 2713 1251 2784 qui
1269 2708 1563 2782 temperaﬁa
1582 2708 1698 2762 vita
1710 2721 1882 2760 more
1894 2703 2116 2777 perdunt

516 2813 677 2868 vitam
700 2819 959 2864 aeternam.
994 2804 1247 2871 Omnino,
1266 2799 1595 2864 fratresmei,
1624 2812 1733 2853 non
1766 2810 1863 2851 vos
1881 2800 2114 2850 maxime

523 2904 807 2959 hortantur
838 2898 906 2954 ad
929 2895 1210 2953 amandum
1224 2893 1389 2948 sitam
1418 2897 1694 2953 meream,
1721 2886 1916 2958 quisic
1934 2893 2116 2940 nutant

440 3046 451 3059 .
519 2993 879 3066 temporalem
897 2989 1094 3047 vitam!
1108 2989 1314 3058 Quanta
1331 2980 1809 3047 taeiuntbemines,
1841 2986 1901 3033 ut
1930 2977 2116 3033 vivant

522 3102 721 3162 paucos
730 3085 872 3143 dies?
880 3084 1336 3153 Quisenumerare
1344 3068 2115 3162 poteritconatusetmotimine

522 3158 766 3235 omnium
786 3171 1285 3237 viverevo'lentium,
1306 3175 1428 3242 post
1444 3162 1716 3238 paululum
1735 3158 2115 3219 medentium?

524 3274 739 3342 Quanta
756 3280 919 3342 agunt
936 3282 1034 3340 pro
1045 3267 1175 3337 ipsis
1192 3263 1375 3335 paucis
1389 3256 1613 3316 diebus?
1624 3255 1764 3328 Quid
1781 3261 1983 3311 tantum
1998 3250 2114 3323 agi-

524 3380 646 3420 mus
662 3378 759 3435 pro
773 3355 1274 3430 mternavitalQuid
1295 3355 1490 3420 dicam,
1506 3363 1606 3423 pro
1622 3348 1804 3423 paucis
1813 3346 2004 3404 diebus
2026 3358 2114 3403 re-

522 3453 810 3521 dimendis,
834 3463 892 3507 et
922 3451 1008 3506 his
1038 3452 1092 3505 in
1129 3447 1321 3505 terris?
1342 3444 1554 3502 Paucos
1581 3441 1724 3498 enim
1746 3440 1863 3495 dies
1887 3437 2031 3506 dico,
2060 3435 2111 3492 si

522 3548 781 3604 liberatus
800 3543 1063 3609 senuerit;
1096 3554 1295 3611 paucos
1317 3537 1433 3593 dies
1460 3536 1601 3603 dico,
1632 3534 1678 3591 si
1699 3534 1953 3589 liberatus
1979 3545 2111 3603 puer

522 3640 828 3709 decrepitus
869 3636 1040 3692 factus
1093 3632 1271 3689 fuerit.
1306 3629 1425 3685 Non
1468 3627 1589 3683 dieo
1628 3626 1752 3698 quia
1798 3625 2112 3694 redemptus

521 3732 710 3796 hodie,
763 3744 882 3784 cras
937 3729 1168 3782 fortasse
1207 3722 1486 3778 morietur.
1526 3720 1665 3775 Ecce
1707 3717 1777 3773 ad
1810 3718 2105 3781 incertum,

524 3832 744 3901 propter
782 3821 926 3889 ipsos
965 3830 1162 3887 paucos
1201 3814 1317 3868 dies
1357 3813 1607 3876 incertos,
1640 3816 1835 3877 quanta
1863 3804 2108 3862 faciunt?

522 3898 643 3984 qua:
685 3908 1022 3981 excogitant?
1070 3906 1131 3962 Si
1168 3905 1382 3960 veniant
1427 3918 1521 3972 per
1566 3901 1811 3955 morbum
1866 3898 2106 3967 corporis

522 4005 579 4061 in
620 4003 810 4060 medici
850 4014 1061 4066 manus,
1084 3998 1332 4066 salusque
1355 3995 1528 4050 omnis
1568 4006 1597 4046 a
1638 3990 2106 4061 pronimtiantibns

522 4108 577 4156 et
628 4096 1027 4168 inspicientibus
1066 4092 1417 4162 desperetur;
1457 4086 1503 4141 si
1546 4084 1871 4156 promittitur
1916 4081 2107 4150 aliquis

524 4192 784 4259 medicus,
815 4190 904 4261 qui
939 4188 1097 4243 etiam
1131 4185 1468 4254 desperatum
1490 4180 1721 4235 liberare
1764 4177 1831 4231 sit
1858 4175 2101 4240 idoneus,

522 4293 716 4355 quanta
754 4278 1163 4354 promittuntur!
1216 4285 1413 4346 quanta
1466 4286 1683 4343 prorsus
1728 4268 1794 4323 ad
1843 4268 2106 4322 incertum

522 4374 748 4432 duntur!
784 4370 1136 4427 Utmodicum
1166 4366 1388 4429 vivatur,
1416 4362 1521 4417 hoc
1550 4361 1832 4417 dimittitur
1855 4359 1995 4414 unde
2024 4358 2105 4411 vi-

525 4474 697 4520 vatur.
725 4462 972 4518 Jamvero
1000 4460 1043 4513 si
1088 4458 1142 4512 in
1169 4457 1337 4512 hostis
1376 4463 1463 4508 aut
1494 4452 1757 4524 praedonis
1797 4464 1985 4505 manus
2026 4448 2106 4502 in-

524 4559 745 4623 ciderit,
778 4570 845 4608 ne
884 4549 1191 4616 occidatur,
1224 4556 1283 4602 ut
1319 4544 1640 4610 redimatur,
1661 4543 1819 4597 etiam
1840 4583 1855 4609 ,
1883 4541 1927 4595 si
1959 4550 2108 4610 pater

522 4652 769 4708 detentus
800 4646 989 4712 fuerit,
1032 4643 1123 4699 lilii
1165 4649 1415 4705 currunt,
1456 4636 1678 4708 etquod
1704 4637 1783 4692 eis
1821 4633 2106 4690 relicturus

528 4747 724 4811 luerat,
756 4737 1090 4811 impendunt,
1124 4732 1448 4804 redemptori
1474 4746 1633 4802 quem
1667 4729 1869 4800 possint
1892 4726 2101 4782 ell‘erre.

523 4835 653 4905 Quae
683 4829 1042 4897 ambitiones?
1070 4843 1187 4900 qua:
1206 4824 1428 4897 preces?
1457 4824 1546 4894 qui
1570 4821 1828 4877 conatus?
1857 4821 1973 4890 quis
2007 4820 2107 4874 hoc

521 4924 783 4997 explicet?
826 4925 892 4979 Et
917 4932 1091 4978 tamen
1121 4922 1241 4976 volo
1257 4919 1434 4981 dicere
1461 4916 1600 4971 aliud
1630 4916 1872 4986 gravius,
1905 4922 1959 4968 et
2002 4912 2105 4966 nisi

522 5019 696 5081 iteret,
714 5015 1097 5075 incredibilius.
1111 5012 1246 5081 Quid
1259 5012 1398 5066 enim
1423 5008 1561 5073 dico,
1582 5007 1704 5077 quia
1720 5006 1846 5060 dant
1863 5004 2105 5071 homines

520 5110 800 5184 pecuniam
819 5107 1081 5171 utvivant,
1095 5107 1216 5173 quia
1231 5103 1359 5166 nihil
1376 5102 1472 5156 sibi
1491 5098 1794 5161 dimittunt?
1812 5096 1882 5154 Ut
1907 5111 2105 5169 paucos

518 5202 633 5257 dies
661 5198 983 5269 eosdemque
1002 5199 1235 5255 incertos
1266 5194 1531 5264 paululum
1554 5191 1730 5244 vivant
1750 5204 1869 5243 cum
1891 5190 2102 5255 timore,

519 5295 695 5351 vivant
712 5306 831 5345 cum
852 5288 1052 5354 labore,
1071 5295 1262 5358 quanta
1282 5282 1618 5353 impendunt?
1633 5290 1825 5351 quanta
1845 5278 1997 5334 dant?
2014 5279 2105 5335 Vae

520 5383 701 5453 generi
747 5380 1007 5439 humano!
1042 5375 1312 5446 Dixiquod
1346 5385 1401 5427 ut
1426 5375 1607 5427 vivant
1628 5370 1938 5441 impendunt
1964 5368 2105 5424 unde

518 5478 696 5529 vivant
728 5491 741 5529 :
778 5470 920 5544 quod
962 5480 1044 5526 est
1098 5469 1250 5540 pejus
1295 5467 1503 5531 audite,
1559 5464 1697 5534 quod
1736 5472 1819 5527 est
1854 5461 2099 5534 gravius',

520 5567 658 5636 quod
699 5577 782 5622 εει
808 5564 1118 5619 sceleratius
1138 5604 1151 5627 ,
1191 5559 1331 5631 quod
1366 5568 1445 5613 est
1465 5600 1478 5623 ,
1506 5569 1565 5612 ut
1589 5557 1727 5622 dixi,
1754 5555 2060 5611 incredibile
2082 5596 2098 5623 ,

1767 308 1819 363 ὃ.
1863 302 2226 363 AUGUSTIN!
2266 306 2565 369 EPISCOPI

3686 326 3846 382 1516

2231 432 2284 476 ει
2332 424 2627 497 intelligite.
2678 429 2864 487 Adhuc
2905 439 3047 489 enim
3091 435 3326 491 clausum
3366 445 3493 506 'est,
3535 446 3596 495 et
3637 447 3835 497 tamen

2227 515 2421 570 multos
2439 528 2636 586 movet,
2655 521 2967 593 quibusjam
2992 526 3250 582 Dominus
3270 541 3389 583 cum
3406 528 3648 585 clausum
3678 542 3830 599 erat,

2223 608 2447 675 aperuit.
2496 609 2708 667 Dimitte
2754 613 2871 670 illos
2915 616 3002 686 qui
3034 616 3156 671 dant
3183 627 3235 672 ct
3263 618 3489 688 perdunt
3515 620 3656 677 unde
3686 636 3821 691 pos-

2223 706 2347 752 sunt
2375 700 2571 768 vivere,
2600 714 2657 758 ut
2682 706 3004 761 concedatur
3025 708 3129 764 illis
3160 710 3428 779 paululum
3452 711 3654 768 vivere.
3686 712 3829 769 illos

2220 790 2513 859 attendite,
2547 795 2634 864 qui
2664 796 2888 864 perdunt
2912 798 3057 854 unde
3089 809 3310 868 possunt
3346 817 3558 872 semper
3592 803 3813 869 vivere,

2218 889 2279 936 ut
2307 884 2628 940 concedatur
2647 888 2727 942 eis
2749 888 3018 957 paululum
3046 891 3242 946 vivere.
3280 892 3412 967 Quid
3435 903 3518 949 est
3550 895 3694 951 hoc?
3722 895 3828 952 Fi-

2220 971 2317 1028 des
2366 986 2622 1043 vocatur,
2661 979 2829 1047 pietas
2869 990 3132 1036 vocatur:
3174 982 3288 1038 haec
3338 984 3512 1038 omnis
3548 992 3817 1055 tanquam

2221 1065 2439 1133 pecunia
2489 1074 2604 1136 est,
2650 1078 2752 1139 qua
2802 1070 2907 1124 vita
2935 1080 3132 1127 :eterna
3176 1074 3486 1144 acquiritur.
3522 1074 3710 1132 Veniet
3739 1076 3816 1132 de

2221 1162 2523 1213 transverso
2563 1158 2811 1216 inimicus
2856 1162 3102 1218 territans
3127 1206 3142 1233 ,
3172 1174 3225 1219 et
3258 1179 3362 1219 non
3405 1166 3496 1221 tibi
3519 1165 3699 1232 dicet,
3735 1169 3816 1224 Da

2221 1247 2349 1302 mihi
2389 1249 2666 1318 pecuniam
2703 1261 2842 1306 tuam
2864 1295 2878 1318 ,
2906 1263 2962 1307 ut
2987 1255 3131 1309 vivas
3162 1272 3176 1308 τ
3211 1254 3304 1310 sed
3334 1254 3477 1312 dicet
3500 1257 3631 1323 tibi,
3658 1257 3812 1328 Nega

2217 1339 2485 1397 Christum
2507 1385 2521 1409 ,
2554 1352 2612 1397 ut
2633 1344 2800 1399 vivas.
2836 1346 2987 1414 Quod
3017 1357 3069 1401 tu
3101 1346 3145 1402 si
3176 1346 3369 1403 feceris
3397 1391 3412 1416 ,
3444 1357 3502 1404 ut
3522 1349 3680 1405 liceat
3709 1351 3811 1406 tibi

2219 1431 2488 1501 paululum
2528 1434 2726 1497 vivere,
2756 1437 2946 1505 perdes
2973 1437 3112 1492 unde
3144 1453 3327 1508 posses
3363 1455 3577 1510 semper
3602 1441 3807 1497 vivere.

2219 1520 2330 1577 Hoc
2358 1531 2440 1578 est
2475 1538 2656 1579 amare
2698 1526 2890 1592 vitam,
2935 1528 3024 1597 qui
3078 1528 3302 1583 timebas
3324 1531 3599 1586 mortem?
3630 1531 3809 1585 llomo

2220 1611 2391 1681 bone,
2432 1628 2599 1684 quare
2648 1616 2872 1672 timebas
2909 1630 3133 1674 mortem
3159 1661 3174 1686 ,
3206 1622 3306 1675 uisi
3342 1622 3575 1678 amando
3600 1623 3809 1677 vitam?

2218 1701 2458 1757 Christus
2497 1714 2579 1759 est
2610 1706 2738 1760 vita.
2766 1706 2943 1773 Quare
2981 1709 3187 1779 appetis
3217 1726 3431 1780 parvam
3458 1753 3473 1778 ,
3507 1721 3564 1766 ut
3606 1712 3809 1782 perdas

2219 1796 2496 1850 securam?
2524 1799 2605 1851 An
2635 1797 2770 1854 forte
2814 1798 2970 1854 [idem
3011 1816 3118 1855 non
3162 1801 3474 1871 perdidisti,
3514 1802 3608 1857 sed
3655 1803 3805 1875 quod

2216 1885 2470 1954 perderes
2492 1903 2596 1941 non
2628 1887 2897 1944 habuisti?
2913 1888 3058 1947 Tene
3083 1907 3209 1960 ergo
3224 1892 3368 1947 unde
3394 1908 3609 1964 semper
3628 1895 3803 1949 vivas.

2219 1975 2450 2031 Attende
2485 1978 2783 2046 proximum
2821 1988 3009 2048 tuum,
3034 1991 3228 2053 quanta
3257 1982 3415 2038 faciat
3449 1993 3506 2038 ut
3534 1984 3804 2041 modicum

2218 2067 2379 2121 vivat.
2411 2069 2639 2125 Attende
2662 2080 2716 2125 et
2744 2072 2891 2126 illum
2931 2073 3019 2143 qui
3058 2070 3329 2128 Christum
3362 2076 3608 2145 negavit,
3633 2091 3806 2147 quan-

2220 2167 2331 2213 tum
2351 2160 2546 2216 malum
2578 2162 2701 2217 fecit
2723 2172 2943 2234 propter
2971 2180 3166 2234 paucos
3190 2165 3305 2221 dies
3333 2166 3472 2221 vitae.
3506 2167 3573 2221 Et
3602 2178 3658 2222 tu
3692 2183 3801 2223 non

2219 2251 2301 2306 vis
2328 2252 2474 2322 ipsos
2504 2269 2700 2323 paucos
2727 2254 2841 2311 dies
2877 2266 3220 2312 contemnere
3244 2258 3365 2312 vitae
3388 2299 3404 2325 ,
3441 2267 3499 2312 ut
3540 2259 3684 2313 nullo
3712 2259 3802 2316 die

2216 2344 2466 2399 moriaris
2490 2386 2505 2411 ,
2532 2353 2585 2399 et
2612 2346 2665 2400 in
2695 2348 3022 2416 sempiterno
3063 2348 3207 2403 vivas
3232 2347 3319 2403 die
3336 2390 3349 2414 ,
3377 2364 3406 2402 a
3444 2349 3801 2420 liedemptore

2219 2442 2310 2488 tuo
2337 2436 2629 2506 prolegaris
2649 2479 2664 2503 ,
2707 2438 2758 2492 in
2786 2450 2987 2494 aeterno
3009 2454 3172 2510 regno
3217 2439 3432 2509 Angelis
3457 2439 3753 2510 adzequeris
3772 2441 3798 2495 ?

2218 2525 2353 2595 Quid
2393 2529 2626 2583 amasti?
2659 2529 2786 2601 quid
2817 2531 3127 2601 perdidisti?
3159 2532 3225 2587 Ut
3264 2533 3566 2602 sequereris
3610 2532 3798 2587 Domi.

2220 2633 2369 2695 num,
2394 2634 2607 2675 crucem
2643 2629 2784 2675 tuam
2815 2625 2921 2676 ιιοιι
2948 2622 3135 2677 tulisti.

2290 2700 2596 2787 ἀξιωθείη-ε
2629 2712 2872 2778 animum,
2904 2722 2959 2766 ut
2986 2713 3267 2767 inveniatur
3290 2713 3620 2769 animaNide
3639 2729 3799 2784 quam

2220 2800 2533 2870 prudentem
2556 2811 2610 2858 te
2628 2804 2772 2869 velit,
2801 2804 2891 2875 qui
2919 2804 3010 2859 tibi
3032 2804 3166 2860 dixit
3196 2822 3209 2859 :
3241 2802 3383 2859 Tolle
3409 2820 3609 2860 crucem
3628 2815 3796 2875 tuam,

2184 2946 2197 2955 ,
2218 2901 2262 2945 et
2280 2906 2487 2960 sequere
2509 2907 2604 2946 me.
2635 2892 2736 2959 Qui
2752 2894 3012 2959 invenerit,
3041 2892 3228 2965 inquit,
3249 2896 3469 2950 animam
3490 2912 3654 2962 suam,
3686 2914 3801 2967 pcr-

2219 2980 2302 3034 det
2324 2981 2502 3046 illaut;
2539 2990 2588 3036 et
2615 2984 2700 3054 qui
2729 2984 3000 3054 perdiderit
3027 3001 3139 3040 eam
3178 2996 3383 3056 propter
3444 3003 3557 3051 me,
3585 2987 3800 3042 inveniet

2217 3088 2329 3126 eam
2359 3071 2581 3145 (Matth.
2608 3089 2645 3129 ι
2663 3116 2678 3141 ,
2705 3074 2796 3143 58,
2824 3076 2941 3147 59).
2969 3076 3069 3149 Qui
3117 3078 3400 3145 invenerit,
3432 3079 3616 3149 perdet
3647 3094 3797 3147 eam;

2217 3166 2307 3237 qui
2336 3166 2643 3237 perdiderit,
2673 3169 2903 3225 inveniet
2924 3170 3086 3224 illam.
3120 3169 3186 3226 Ut
3216 3169 3425 3240 perdas,
3455 3171 3606 3242 prius
3632 3180 3714 3226 est
3739 3181 3799 3227 ut

2215 3256 2482 3325 invenias;
2520 3268 2575 3315 et
2615 3275 2736 3316 cum
2771 3262 3083 3330 perdideris,
3119 3272 3444 3331 postremum
3478 3270 3559 3318 est
3593 3273 3648 3317 ut
3674 3278 3792 3318 rur-

2214 3362 2333 3405 sum
2369 3349 2627 3406 invenias.
2676 3349 2804 3405 Duas
2843 3359 2970 3406 sunt
3010 3351 3380 3407 inventiones:
3422 3352 3477 3407 in
3508 3352 3685 3407 medio
3712 3362 3798 3408 est

2213 3454 2318 3513 qua
2344 3441 2538 3497 transit
2554 3457 2658 3496 una
2687 3441 2933 3511 perditio.
2971 3442 3140 3498 Nemo
3169 3453 3342 3513 potest
3375 3445 3605 3499 animam
3646 3458 3799 3498 suam

2212 3533 2439 3603 perdere
2477 3542 2697 3605 propter
2709 3533 3014 3604 ,Christum,
3041 3535 3143 3590 nisi
3173 3550 3292 3591 eam
3321 3537 3465 3605 prius
3493 3536 3751 3591 invenerit
3776 3550 3794 3600 ;

2212 3635 2270 3682 et
2297 3640 2453 3681 nemo
2478 3635 2657 3697 potest
2698 3625 2929 3681 animam
2966 3641 3116 3682 suun
3164 3628 3406 3682 invenire
3453 3628 3506 3682 in
3559 3626 3793 3693 Clu-isto,

2212 3719 2314 3774 nisi
2342 3734 2460 3775 eam
2499 3719 2645 3788 prius
2671 3717 2979 3789 perdiderit.
3007 3717 3210 3785 Inveni,
3235 3728 3291 3773 ut
3336 3718 3564 3788 perdas;
3594 3716 3753 3788 perde
3776 3759 3793 3785 ,

2212 3821 2271 3866 ut
2311 3810 2570 3866 invenias.
2600 3810 2879 3890 Quomodo
2913 3824 3033 3865 eam
3079 3810 3226 3880 prius
3261 3810 3576 3864 inventurus
3609 3823 3686 3871 es,
3737 3820 3796 3862 ut

2212 3903 2407 3959 habeas
2423 3919 2578 3975 quam
2602 3902 2832 3974 perdas?
2855 3901 3077 3971 Quando
3098 3902 3296 3973 cogitas
3315 3911 3367 3956 te
3391 3917 3455 3955 ex
3478 3909 3627 3970 parte
3654 3914 3798 3953 mor-

2211 3996 2392 4059 talem,
2410 3995 2629 4065 quando
2654 3995 2856 4065 cogitas
2883 4008 3007 4049 eum
3027 3994 3115 4063 qui
3144 4002 3195 4047 te
3225 3992 3367 4057 feeit,
3401 3998 3453 4044 et
3475 3987 3790 4044 insuﬂlando

2209 4088 2440 4141 animum
2481 4086 2572 4140 tihi
2613 4070 2831 4151 creavit,
2869 4094 2923 4139 et
2950 4084 3147 4137 videris
3196 4098 3312 4136 cum
3351 4082 3423 4134 illi
3447 4080 3673 4143 debere,
3701 4080 3790 4150 qui

2210 4178 2389 4242 dedit;
2421 4178 2497 4234 illi
2527 4177 2872 4243 reddendam,
2894 4174 2983 4248 qui
3004 4172 3388 4235 commodavit;
3412 4171 3479 4225 ab
3504 4172 3595 4225 illo
3614 4182 3788 4226 custo-

2211 4272 2479 4337 diendam,
2532 4272 2620 4342 qui
2666 4270 2927 4333 instituit;
2966 4265 3458 4321 invenistianimam
3503 4264 3785 4323 tuam.in-

2208 4368 2428 4422 veniens
2456 4379 2573 4420 eam
2597 4362 2648 4416 in
2679 4360 2802 4415 lide.
2828 4356 3109 4413 Credidisti
3129 4357 3271 4411 enim
3301 4357 3431 4424 hoc,
3468 4367 3522 4410 et
3542 4354 3801 4409 invenisti

2210 4459 2442 4513 animam
2471 4466 2633 4510 tuam.
2672 4452 2805 4507 Nam
2832 4450 3071 4521 perditus
3107 4461 3247 4513 cras,
3289 4456 3571 4516 antequam
3597 4444 3788 4499 crede-

2210 4565 2319 4603 res.
2363 4544 2611 4601 Invenisti
2639 4545 2872 4598 animam
2902 4549 3043 4595 tuam
3075 4556 3088 4592 :
3120 4546 3362 4593 mortuus
3388 4536 3582 4606 quippe
3612 4534 3786 4590 fueras

2212 4640 2264 4694 in
2293 4638 2635 4703 inlidelitate,
2674 4633 2914 4690 revixisti
2947 4633 2998 4686 in
3023 4629 3148 4685 ﬁde.
3180 4630 3323 4684 Talis
3350 4642 3429 4693 es,
3463 4626 3531 4681 de
3556 4640 3660 4696 quo
3684 4624 3789 4679 dici

2212 4731 2398 4801 possit,
2433 4720 2664 4780 Mortuus
2691 4734 2815 4789 erat,
2845 4734 2891 4779 et
2910 4723 3110 4785 revixit;
3134 4722 3369 4793 perierat,
3396 4729 3441 4773 et
3461 4718 3689 4772 inventus
3717 4726 3791 4771 est

2212 4819 2361 4892 (Luc.
2380 4835 2469 4885 xv,
2491 4816 2606 4887 32.)
2626 4817 2766 4886 Ergo
2784 4814 3026 4869 invenisti
3043 4813 3275 4867 animam
3300 4819 3440 4863 tuam
3464 4808 3519 4860 in
3541 4807 3641 4860 lide
3656 4807 3792 4858 veri-

2212 4914 2353 4980 tatis,
2372 4911 2467 4966 sia
2490 4921 2659 4963 morie
2680 4907 2999 4961 inﬁdelitatis
3022 4901 3281 4959 revixisti.
3306 4900 3413 4953 lloe
3429 4907 3530 4965 est,
3561 4897 3792 4951 animam

2211 5015 2355 5061 luant
2384 5003 2647 5058 invenisti.
2688 5000 2857 5056 Perde
2883 5014 3035 5063 eam,
3069 5004 3122 5050 et
3148 4995 3322 5048 anima
3352 5003 3437 5046 tua
3480 5004 3663 5046 semen
3695 4988 3789 5042 tibi

2209 5098 2298 5153 sit.
2322 5095 2456 5151 Nam
2492 5104 2547 5149 et
2578 5092 2805 5163 agricola
2837 5087 3132 5144 tritumndn
3169 5093 3225 5140 et
3255 5082 3561 5137 ventilanda
3591 5078 3791 5134 invenit

2211 5188 2445 5245 triticum
2464 5228 2479 5251 ,
2508 5194 2561 5239 et
2588 5196 2776 5239 rursus
2803 5177 3115 5235 seminando
3148 5174 3321 5246 perdit
3347 5173 3609 5229 triticum.
3641 5167 3789 5222 Inve-

2211 5284 2354 5337 nitur
2396 5281 2448 5334 in
2474 5294 2618 5345 area,
2650 5274 2791 5347 quod
2823 5273 3051 5343 perierat
3079 5269 3131 5322 in
3162 5278 3417 5321 semente.
3446 5265 3593 5317 i’erit
3618 5262 3672 5315 in
3702 5275 3787 5314 se-

2208 5384 2387 5431 mente
2427 5371 2567 5443 quod
2604 5368 2902 5424 inveniatur
2941 5364 2991 5417 in
3036 5376 3228 5415 messe.
3262 5358 3361 5423 Qui
3389 5372 3514 5426 ergo
3545 5353 3785 5407 invenerit

2208 5470 2429 5521 animum
2472 5479 2653 5524 suam,
2710 5458 2880 5530 perdet
2928 5472 3056 5508 enni.
3106 5452 3203 5519 Qui
3253 5450 3455 5504 laborat
3495 5446 3781 5515 colligere,

2207 5572 2373 5629 quare
2404 5556 2550 5624 piger
2578 5559 2660 5606 est
2680 5544 2987 5603 seminare?

522 5658 621 5711 nisi
660 5658 770 5711 liat.
798 5655 1046 5711 Utliceat
1086 5653 1187 5707 illis
1238 5651 1511 5723 paululum
1540 5651 1750 5715 vivere,
1778 5648 1906 5702 dant
1941 5648 2098 5702 etiam
2171 5690 2198 5723 5
2224 5623 2239 5629 '
2278 5650 2329 5702 7.
2360 5623 2594 5700 Animam
2633 5642 2777 5709 cuius
2814 5639 2977 5710 gratia
3011 5634 3218 5707 perdere
3255 5630 3500 5699 iubemur.
3544 5623 3673 5680 Vide
3696 5631 3773 5677 ta-

527 5745 677 5816 illnd,
706 5746 846 5805 unde
874 5756 1091 5820 possent
1122 5761 1334 5817 semper
1360 5745 1553 5801 vivere.
1576 5742 1729 5811 Quod
1759 5742 1868 5798 dixi
1895 5742 2107 5807 audite,‘

2208 5756 2329 5797 men
2361 5739 2447 5795 ubi
2485 5737 2743 5793 invenias.
2775 5743 2827 5790 et
2856 5748 3018 5803 quare
3046 5725 3253 5802 perdas.
3283 5719 3433 5777 Unde
3455 5719 3595 5773 enim
3633 5717 3775 5769 inve.
