3996 6460
497 421 643 476 dedit
681 431 780 489 pro
803 425 886 482 te,
926 416 1043 486 ipse
1082 413 1174 468 tibi
1202 411 1329 466 dicit
1356 429 1370 465 :
1400 408 1603 464 Mecum
1632 407 1924 479 paciscere.
1970 406 2068 460 lla-

498 510 624 564 bere
654 510 734 563 vis
754 506 844 563 te?
873 505 1008 561 habe
1032 513 1088 560 et
1110 502 1546 570 me.-0portet-ut
1568 500 1746 554 oderis
1771 508 1821 553 te
1841 540 1854 562 ,
1882 509 1937 553 et
1956 498 2073 552 dili-

496 615 593 670 gas
624 615 730 655 me.
768 598 943 653 Vitam
972 606 1115 651 tuam
1152 592 1424 664 perdendo
1447 590 1721 657 invenies,
1748 604 1815 645 ne
1842 587 2071 645 tenendo

465 732 483 738 ..
498 689 688 758 perdas
713 702 854 744 eam.

570 780 624 835 3.
655 778 860 835 Divina
892 792 954 831 ne
996 776 1077 830 hic
1120 783 1356 846 pereant,
1389 775 1445 827 in
1478 773 1662 829 aulum
1690 771 2067 844 prtemittendw.

498 870 576 926 De
600 869 796 924 divitiis
819 868 925 923 tuis
944 905 960 932 ,
991 880 1123 937 quas
1157 880 1307 919 amas
1333 863 1636 933 possidere,
1676 877 1808 933 quas
1840 876 1935 931 pro
1964 861 2070 915 vita

495 970 759 1029 prasente
786 965 1000 1028 paratus
1026 972 1085 1013 es
1108 956 1267 1021 dare,
1297 955 1367 1010 do
1401 954 1678 1011 consilium
1722 952 1846 1023 quid
1886 953 2065 1010 facias.

496 1049 557 1107 Si
595 1059 649 1105 et
692 1050 835 1119 ipsas
875 1063 1055 1113 amas,
1084 1046 1191 1101 noli
1220 1061 1313 1102 eas
1336 1045 1577 1116 perdere.
1606 1044 1755 1112 Quod
1795 1044 1839 1098 si
1867 1043 1951 1099 hic
1974 1058 2069 1099 eas

474 1153 643 1195 amas
664 1180 677 1204 ,
723 1148 896 1193 tecum
924 1138 1173 1208 periturae
1202 1144 1346 1192 sunt.
1376 1134 1434 1191 Si
1470 1150 1618 1189 amas
1652 1150 1775 1203 cas,
1806 1135 2068 1205 priemitte

496 1244 589 1284 cas
627 1244 731 1299 quo
770 1226 1043 1297 sequaris;
1075 1241 1142 1281 ne
1169 1241 1289 1280 cum
1318 1239 1466 1280 amas
1495 1226 1548 1279 in
1575 1232 1714 1279 terra
1734 1266 1749 1289 ,
1790 1232 1881 1278 aut
1917 1223 2066 1279 vivus

495 1332 587 1371 cas
609 1318 855 1381 amittas,
882 1322 973 1370 aut
1004 1323 1260 1370 mortuus.
1291 1314 1408 1370 Jam
1434 1314 1555 1369 dedi
1594 1314 1872 1368 consilium
1909 1331 1922 1367 :
1960 1329 2065 1368 non

492 1405 624 1469 dixi,
653 1404 857 1471 Perde;
887 1403 1003 1471 sed,
1034 1404 1219 1461 Serva.
1248 1404 1363 1460 Jam
1390 1405 1516 1471 dixi,
1549 1404 1928 1459 Thesaurizare
1952 1403 2065 1459 vis?

464 1532 471 1537 ι
495 1495 637 1551 liene
661 1514 676 1551 :
698 1512 803 1551 non
826 1496 968 1562 dico,
997 1495 1146 1563 Noli;
1173 1496 1268 1552 sed
1298 1496 1416 1551 dico
1444 1496 1552 1550 ubi.
1584 1494 1948 1551 Consultorem
1977 1510 2064 1550 me

458 1586 846 1656 .aceipe,.non
878 1586 1221 1656 perditorem.
1261 1586 1523 1657 Scriptum
1557 1594 1668 1651 est,
1716 1584 2065 1640 Thcsaurizate

460 1712 463 1715 -
491 1679 627 1731 vobis
655 1679 911 1733 thesauros
936 1679 993 1732 in
1017 1677 1162 1742 creto,
1193 1696 1291 1749 quo
1318 1681 1402 1750 fur
1425 1696 1527 1761 non
1550 1678 1757 1742 accedit,
1792 1695 1881 1732 nec
1909 1678 2059 1744 tinea,

491 1785 579 1821 nec
605 1770 778 1838 rubigo
802 1769 1335 1843 exterminat.(Mauh.
1361 1786 1433 1836 v1,
1456 1770 1569 1839 20).
1603 1768 1709 1824 Sed
1737 1767 1874 1823 forte
1894 1769 2058 1823 dicis:

488 1859 605 1915 Non
634 1861 791 1916 video
815 1861 988 1916 locum
1023 1863 1075 1916 in
1110 1862 1246 1916 caelo
1286 1862 1375 1917 ubi
1406 1877 1616 1931 ponam.
1644 1860 1811 1928 Quam
1841 1861 2059 1926 scalam,

468 1968 646 2021 .quam
674 1953 971 2007 machinam
1000 1955 1318 2024 quaesiturus
1342 1968 1487 2018 sum,
1516 1968 1636 2022 quae
1663 1952 1730 2006 ad
1762 1953 1954 2008 caelum
1977 1962 2061 2006 at-

470 2043 690 2113 tingat,
721 2052 777 2097 ut
801 2044 1007 2099 videam
1038 2045 1123 2099 tibi
1151 2059 1341 2113 ponam
1366 2044 1642 2114 pecuniam
1680 2044 1887 2098 meam?
1925 2042 2062 2110 Quid

464 2134 657 2188 dicis?
688 2134 846 2190 Vides
872 2135 921 2188 in
949 2144 1085 2189 terra
1109 2135 1284 2189 locum
1310 2134 1395 2190 ubi
1421 2135 1638 2189 obruis?
1664 2134 1845 2200 Video,
1871 2134 2057 2204 inquit.

491 2223 633 2278 Bene
675 2224 806 2278 satis
835 2242 847 2277 :
878 2224 921 2278 si
966 2239 1185 2280 securus
1212 2241 1270 2281 es
1297 2225 1569 2280 obruendo
1598 2225 1651 2279 in
1681 2233 1853 2290 terra,
1897 2238 2061 2294 quare

490 2313 748 2368 sollicitus
776 2328 835 2368 es
863 2313 928 2368 de
957 2314 1091 2381 Deo,
1121 2315 1209 2384 qui
1249 2315 1367 2370 fecit
1401 2316 1591 2370 etelum
1626 2322 1680 2369 et
1715 2313 1945 2369 terram?
1985 2313 2059 2367 Da

467 2418 704 2459 securus
735 2406 861 2460 Deo.
894 2406 996 2477 Ipsi
1025 2414 1076 2460 te
1101 2406 1435 2470 commenda,
1463 2405 1553 2473 qui
1584 2405 1674 2457 tibi
1705 2406 1978 2473 pectmiam
2005 2402 2057 2456 in

486 2496 624 2550 cmlo
650 2503 857 2558 servat;
886 2495 1007 2564 quia
1033 2494 1145 2563 ipse
1174 2501 1227 2547 et
1262 2502 1312 2546 te
1340 2493 1392 2546 in
1422 2501 1589 2559 terra,
1618 2491 1867 2561 quamdiu
1906 2490 2056 2556 vivis,

484 2586 759 2653 gubernat.
791 2584 1077 2638 Pecuniam
1104 2598 1317 2638 scrvare
1341 2583 1458 2638 vis?
1486 2582 1643 2637 Serva
1671 2581 1933 2652 quomodo
1960 2581 2055 2636 vis.

464 2674 542 2728 'Si
567 2674 830 2728 inveneris
853 2673 1121 2727 meliorem
1144 2673 1415 2727 custodem
1437 2688 1591 2743 quam
1616 2672 1902 2737 Christum,
1922 2687 2059 2726 com-

465 2763 673 2817 tmenda
705 2763 752 2817 ei
787 2762 1061 2832 pecuniam
1095 2771 1255 2815 tuam.
1290 2761 1648 2826 Commendo,
1679 2760 1874 2829 inquit,
1903 2776 2057 2816 servo

468 2866 623 2906 'meo.
654 2852 795 2906 Bene
824 2868 837 2905 :
864 2861 1060 2921 quanto
1099 2851 1288 2905 melius
1324 2852 1545 2904 Domino
1575 2850 1701 2905 tuo?
1741 2852 1805 2905 Et
1846 2867 2054 2905 servum

486 2953 632 2996 tuum
677 2943 939 3012 prteponis
979 2944 1203 2997 Domino
1244 2942 1449 2998 tuo?!)
1478 2944 1819 2998 christianum
1852 2946 2051 2999 virum!

468 3032 687 3089 'Servus
703 3043 822 3089 tuus
844 3035 1082 3091 fortassis
1110 3036 1313 3091 auferet
1339 3045 1392 3089 et
1418 3036 1575 3105 fugiet
1603 3056 1615 3091 :
1640 3036 1891 3106 numquid
1912 3037 2057 3091 Chri-

482 3133 596 3179 stus
639 3125 740 3179 hoc
782 3124 1014 3180 facturus
1056 3124 1174 3179 est?
1212 3125 1355 3180 Multi
1396 3125 1460 3178 ad
1492 3126 1733 3191 dominos
1764 3140 1888 3180 suos
1917 3126 2053 3180 servi

472 3223 703 3281 repente
732 3212 928 3267 inimici
971 3214 1321 3279 exstiterunt,
1368 3223 1421 3267 et
1464 3228 1557 3268 eos
1602 3229 1719 3268 cum
1768 3214 1880 3283 ipso
1925 3230 2054 3269 auro

481 3301 727 3357 hostibus
757 3302 1103 3357 tradiderunt.
1143 3304 1240 3358 Cui
1288 3319 1417 3374 ergo
1457 3304 1835 3359 commendas?
1864 3305 2049 3371 Servo,

480 3392 668 3461 inquit,
692 3408 828 3448 meo.
855 3394 984 3449 Novi
1010 3394 1163 3450 ﬁdem
1186 3396 1328 3451 servi
1350 3395 1473 3465 mei,
1488 3396 1717 3469 ideoque
1737 3398 2052 3455 commendo

478 3498 634 3537 servo
660 3499 779 3539 meo
804 3501 987 3539 aurum
1016 3502 1213 3541 meum.
1244 3488 1385 3542 Bene
1410 3489 1567 3553 satis,
1596 3489 1811 3560 praefers
1839 3506 2049 3546 servum

478 3582 660 3638 tuum,
688 3589 872 3629 aurum
915 3585 1059 3630 tuum
1096 3578 1436 3632 commendas
1477 3594 1631 3633 servo
1671 3591 1759 3633 tuo
1783 3598 1795 3633 :
1819 3581 2049 3635 animam

475 3672 621 3717 tuam
643 3664 765 3718 cui?
790 3666 1030 3721 Animam
1056 3682 1225 3721 meam
1250 3669 1563 3724 commendo
1585 3670 1693 3725 Deo
1715 3685 1850 3725 meo.
1874 3672 2049 3740 Quan-

476 3764 533 3810 to
561 3756 769 3823 melius,
797 3772 830 3810 ο
854 3756 1032 3822 homo,
1064 3760 1134 3813 illi
1159 3768 1214 3814 et
1231 3776 1414 3815 aurum
1439 3771 1605 3828 tuum,
1633 3765 1714 3818 cui
1742 3773 1795 3819 et
1815 3765 2045 3819 animam

472 3845 658 3899 tuam?
701 3848 781 3900 An
826 3846 961 3903 forte
1003 3848 1175 3905 ﬁdelis
1213 3859 1294 3903 est
1337 3852 1389 3903 in
1432 3853 1775 3907 eustodiendo
1817 3855 2044 3908 animam

473 3943 648 3999 tuam,
694 3946 746 3990 et
791 3937 1015 3993 infidelis
1058 3938 1111 3993 in
1159 3940 1504 3996 custodiendo
1549 3944 1821 4013 pecuniam
1868 3947 2045 3999 tuam?

469 4026 657 4082 Servat
687 4029 808 4094 tibi,
835 4033 923 4098 qui
956 4039 1133 4085 servat
1163 4040 1217 4086 et
1250 4042 1318 4086 te.
1350 4033 1555 4087 Laudas
1588 4035 1742 4089 fidem
1766 4039 1902 4091 servi
1934 4040 2045 4092 tui?

471 4114 668 4182 Etiam,
700 4131 797 4187 ego
823 4119 943 4173 novi
973 4119 1127 4174 fidem
1156 4122 1294 4175 servi
1322 4123 1443 4176 mei.
1484 4123 1613 4176 Tota
1649 4125 1775 4178 fides
1801 4126 1914 4194 ejus
1940 4138 2039 4193 est,

469 4220 540 4260 ne
565 4206 788 4271 fraudet,
821 4223 889 4264 ne
920 4210 1064 4264 tollat
1091 4228 1106 4264 :
1136 4212 1387 4281 numquid
1422 4214 1529 4283 agit
1561 4230 1629 4269 ne
1666 4216 1886 4284 perdat?
1908 4218 2040 4273 Ecce

468 4300 660 4363 posuit,
688 4309 745 4354 et
771 4316 875 4354 non
906 4301 1088 4367 latuit;
1122 4304 1321 4358 invenit
1351 4305 1505 4370 alius,
1534 4315 1587 4360 et
1613 4306 1747 4362 tulit.
1777 4307 2040 4379 Numquid

466 4388 568 4442 hoc
592 4388 804 4443 Christo
829 4391 1102 4462 quisquam
1132 4391 1362 4449 facturus
1389 4395 1509 4449 est?
1532 4396 1800 4467 Pigritiam
1831 4412 2039 4467 excute,

464 4479 743 4533 consilium
769 4481 968 4549 accipe.
1006 4482 1078 4536 Da
1110 4482 1318 4537 Christo
1351 4485 1630 4552 esurienti,
1666 4487 1959 4543 thesauriza
1989 4492 2038 4545 in

463 4569 623 4624 eicio.
654 4568 918 4640 Numquid
954 4570 1104 4627 labor
1136 4582 1217 4627 est
1247 4574 1297 4627 in
1328 4576 1465 4630 ctelo
1496 4577 1886 4634 thesaurizare?
1927 4581 2037 4635 Etsi

462 4660 615 4717 labor
641 4672 815 4728 esset,
848 4662 1144 4719 faciendum
1179 4675 1293 4720 erat
1329 4667 1395 4721 ad
1434 4669 1735 4738 ponendum
1752 4674 2037 4740 pecuniam

460 4761 605 4808 tuam
633 4755 685 4808 in
714 4755 832 4811 loco
860 4756 1082 4819 munito,
1111 4756 1250 4811 unde
1279 4772 1436 4812 nemo
1462 4773 1577 4813 eam
1609 4761 1772 4829 possit
1805 4763 2035 4819 auferre.

460 4841 593 4897 Cum
631 4854 803 4902 tamen
844 4847 971 4902 dicit
1008 4847 1277 4915 Christus,
1308 4848 1362 4902 ln
1391 4851 1527 4905 etelo
1557 4852 1852 4907 thesauriza
1886 4874 1899 4909 :
1934 4871 2037 4909 non

461 4933 590 4990 dicit
616 4936 737 4999 tibi,
763 4938 944 4993 Scalas
973 4955 1152 5009 qumre
1171 4981 1185 5005 ,
1216 4940 1487 4995 machinas
1514 4942 1636 5012 liga,
1665 4959 1866 5013 pennas
1893 4957 2033 5015 apta.

461 5026 575 5082 Hoc
595 5027 723 5082 dicit
747 5047 760 5083 :
782 5029 904 5083 Mihi
931 5031 981 5084 in
1005 5041 1141 5087 terra
1167 5032 1255 5100 da,
1280 5042 1333 5088 et
1356 5034 1445 5087 tibi
1475 5034 1525 5089 in
1552 5036 1687 5089 caelo
1713 5052 1885 5091 servo.
1915 5037 2037 5093 Ideo

459 5114 578 5172 veni
606 5133 764 5187 egere
790 5135 891 5189 ego
916 5120 975 5176 in
1003 5130 1171 5190 terra,
1204 5133 1260 5177 ut
1285 5125 1359 5178 sis
1386 5133 1438 5178 tu
1468 5124 1617 5181 dives
1650 5128 1700 5180 in
1734 5128 1890 5181 coelo.
1933 5128 2038 5183 Fac

457 5208 819 5289 trajectitinm.
860 5210 1019 5266 Forte
1049 5214 1204 5269 times
1231 5216 1613 5281 fraudatorem,
1644 5233 1711 5272 ne
1733 5218 1954 5287 perdas;
1984 5229 2037 5275 et

456 5301 653 5370 qureris
678 5300 766 5371 qui
794 5310 997 5373 portet,
1030 5304 1120 5373 qui
1158 5306 1367 5375 migret.
1401 5306 1640 5363 Christus
1672 5311 1761 5364 tibi
1795 5312 1845 5364 in
1887 5323 2031 5367 utro-

454 5407 560 5460 que
585 5391 755 5447 adest.
788 5392 902 5447 Non
934 5392 1091 5449 faciet
1124 5395 1498 5466 imposturam,
1529 5401 1681 5455 faciet
1727 5398 1942 5473 insuper
1981 5415 2036 5459 et

454 5483 699 5557 laturam.
1292 5479 1299 5483 ’
1894 5559 1899 5564 _

524 5576 577 5629 4.
608 5575 838 5632 Christus
861 5578 1043 5649 accipit
1066 5579 1202 5648 quod
1223 5580 1523 5650 pauperibus
1547 5595 1798 5656 erogatur.
1822 5584 1921 5643 Cor
1940 5590 2031 5644 ho-

455 5668 600 5724 minis
639 5685 751 5724 cum
793 5672 1026 5728 thesauro
1056 5687 1166 5728 suo.
1198 5670 1305 5730 Sed
1344 5673 1608 5733 Christum
1654 5678 1745 5735 ubi
1793 5683 2024 5753 invenio,

1727 293 1783 348 S.
1823 290 2183 349 AUGUSTINI
2222 290 2522 350 EHSCOP!

3623 305 3754 361 15ἰο

2185 403 2386 490 inquit,
2417 408 2468 462 in
2488 410 2673 464 terra?
2708 409 2840 465 Eum
2868 411 2953 467 ubi
2981 411 3221 482 invenio,
3250 423 3306 469 ut
3334 414 3453 470 dem
3484 415 3598 471 illi?
3622 419 3749 472 Cum

2185 496 2374 553 habeat
2398 500 2527 556 ﬁdes
2550 517 2689 569 mea,
2712 503 2851 574 quod
2877 505 3035 560 audio
3064 507 3115 561 in
3144 496 3533 575 Ecclesia,'hoc
3567 510 3747 577 didici,

2182 586 2258 641 sic
2283 588 2504 657 credidi,
2532 590 2634 648 hoc
2656 604 2985 651 sacramento
3008 596 3238 652 imbutus
3256 614 3373 653 sum
3402 617 3413 652 :
3444 614 3627 669 passus
3645 610 3746 667 est,

2181 688 2422 733 mortuus
2460 690 2513 735 et
2554 684 2792 752 sepultus
2828 694 2941 753 est,
2986 690 3275 745 resurrexit
3303 691 3458 745 tertio
3482 693 3602 757 die,
3634 706 3747 764 post

2166 772 2525 843 quadraginta
2548 775 2662 832 dies
2690 778 2740 833 in
2761 780 2926 836 caelos
2943 784 3199 849 ascendit,
3223 785 3372 841 sedet
3390 786 3457 841 ad
3476 787 3747 842 dexteram

2180 861 2372 931 Patris,
2402 866 2453 921 in
2479 866 2584 924 ﬁne
2609 878 2862 927 venturus
2885 883 2986 929 est.
3007 876 3229 944 Quando
3253 877 3340 933 hic
3358 894 3481 934 eum
3504 880 3749 937 invenio?

2177 951 2275 1007 Cui
2300 954 2557 1023 dabo,ut
2584 960 2650 1015 ad
2679 977 2800 1017 eum
2830 962 3075 1020 deferat?
3116 967 3233 1023 Noli
3269 978 3537 1042 satagere,
3582 982 3749 1028 totum

2178 1043 2302 1099 audi
2325 1063 2339 1100 :
2361 1054 2451 1101 aut
2477 1049 2525 1103 si
2552 1058 2715 1107 totum
2742 1054 2956 1120 audisti,
2983 1057 3068 1113 vel
3092 1057 3298 1129 legisti,
3323 1076 3390 1117 an
3431 1061 3569 1118 istud
3607 1081 3742 1120 nun—

2176 1147 2335 1203 quam
2373 1137 2599 1204 audisti,
2625 1142 2748 1212 quia
2782 1159 2903 1200 cum
2930 1146 3220 1206 Ecclesiam
3249 1150 3437 1209 Saulus
3464 1170 3747 1226 perseqnec

2176 1232 2357 1291 retur,
2387 1229 2680 1297 superbus,
2710 1235 2960 1304 crudelis,
2990 1241 3299 1310 sanguinem
3324 1242 3745 1301 Christianorum

2174 1311 2391 1381 sitiens,
2423 1333 2528 1372 non
2557 1322 2749 1377 audisti
2777 1325 2900 1394 quid
2926 1327 2974 1381 ei
3001 1329 3335 1397 clamaverit,
3369 1348 3525 1403 quem
3554 1336 3744 1391 seden-

2176 1411 2282 1495 tem
2329 1407 2382 1462 in
2426 1410 2563 1465 caelo
2607 1414 2917 1470 confiteris?
2959 1418 3172 1476 Recole.
3221 1422 3358 1488 Quid
3404 1439 3533 1495 ergo
3577 1427 3747 1482 dixit?

2160 1493 2362 1586 ἔπαιε,
2390 1496 2577 1566 Saule,
2610 1503 2731 1571 quid
2755 1521 2833 1558 me
2860 1510 3164 1577 persequeris
3193 1510 3325 1583 (Act.
3352 1530 3401 1568 tx
3422 1556 3436 1581 ,
3464 1493 3556 1586 tl)?
3579 1517 3744 1585 Quem

2175 1584 2368 1643 Paulus
2393 1604 2495 1645 nec
2524 1592 2767 1661 videbat,
2799 1612 2899 1652 nec
2938 1602 3214 1670 tangebat,
3261 1604 3313 1659 in
3351 1584 3508 1662 caelo
3530 1584 3739 1677 clamat,

2176 1674 2311 1766 Quid
2335 1694 2414 1732 me
2435 1685 2743 1753 persequeris
2760 1687 2786 1739 ?
2811 1686 2923 1741 Non
2951 1691 3043 1753 ait,
3071 1690 3206 1757 Quid
3236 1698 3567 1766 persequeris
3594 1674 3743 1754 fami-

2174 1765 2295 1821 liam
2326 1784 2531 1837 meam,
2563 1790 2745 1830 servos
2773 1793 2941 1845 meos,
2973 1792 3186 1838 sanctos
3211 1801 3376 1851 meos,
3407 1791 3488 1843 vel
3517 1790 3745 1847 fratres?

2172 1857 2309 1912 Nihil
2332 1876 2520 1916 eorum
2546 1863 2695 1919 dixit.
2724 1867 2791 1921 Et
2811 1870 2934 1937 quid
2958 1870 3121 1927 dixit?
3148 1875 3282 1939 Quid
3303 1895 3380 1932 me
3399 1884 3746 1953 persequeris?

2171 1947 2262 2011 ait,
2297 1950 2345 2004 id
2372 1962 2473 2018 est,
2506 1956 2741 2010 membra
2773 1974 2908 2012 mea.
2939 1961 3040 2015 Pro
3065 1965 3254 2033 quibus
3284 1968 3334 2022 in
3365 1947 3500 2025 terra
3529 1947 3744 2029 calcatis

2171 2049 2327 2108 caput
2367 2042 2433 2095 de
2475 2045 2610 2099 cutio
2647 2046 2905 2105 clamabat
2939 2070 2953 2106 :
2981 2055 3101 2122 quia
3132 2065 3185 2110 et
3211 2058 3256 2113 si
3288 2060 3472 2127 pedem
3515 2073 3658 2119 tuum
3689 2067 3743 2121 in

2174 2136 2311 2182 terra
2340 2132 2507 2186 calcet
2530 2135 2737 2205 aliquis,
2766 2139 2935 2209 lingua
2968 2152 3051 2197 tua
3077 2144 3143 2200 de
3166 2149 3337 2217 capite
3356 2150 3582 2218 clamat;
3612 2171 3740 2222 non,

2171 2216 2355 2316 Calcas
2372 2222 2562 2290 pedem
2588 2241 2791 2293 meum;
2817 2229 2930 2295 sed,
2954 2232 3137 2289 Calcas
3160 2216 3265 2303 me,
3286 2240 3437 2294 dicis.
3460 2216 3593 2310 Quid
3614 2216 3744 2316 ergo

2170 2306 2418 2362 dubitas?
2447 2314 2569 2381 quid
2596 2317 2766 2371 dicis?
2791 2320 2887 2385 Qui
2915 2322 3043 2377 dixit
3068 2324 3262 2393 Saulo,
3297 2329 3432 2394 Quid
3466 2306 3544 2386 me
3570 2306 3742 2403 pm}-

2168 2400 2373 2466 φασι-ἱ.ςέ
2402 2402 2512 2470 ipse
2544 2406 2633 2459 tibi
2663 2407 2808 2474 dicit,
2846 2410 3009 2468 Pasce
3037 2431 3141 2471 me.
3184 2417 3238 2473 in
3272 2428 3406 2476 terra
3428 2400 3617 2480 Saulus
3642 2443 3744 2484 szc-

2169 2488 2376 2554 viebat,
2411 2504 2465 2546 et
2501 2492 2765 2554 Christum
2811 2501 2860 2555 in
2902 2506 3038 2560 male
3083 2512 3329 2580 tangebat
3360 2533 3375 2568 :
3406 2517 3484 2571 sic
3520 2529 3571 2572 et
3603 2530 3653 2573 tu
3686 2522 3742 2576 in

2167 2586 2308 2634 terra
2338 2598 2525 2658 erpga,
2563 2598 2614 2641 et
2653 2590 2918 2647 Christum
2947 2595 2998 2650 in
3029 2601 3164 2653 eaalo
3191 2605 3381 2670 pascis.
3424 2607 3554 2662 Nam
3585 2612 3739 2667 istam

2167 2673 2541 2739 quaestionem,
2589 2693 2687 2747 qua
2722 2686 2950 2739 moveris
2974 2729 2987 2751 ,
3034 2691 3276 2758 prmdixit
3320 2694 3434 2765 ipse
3466 2699 3735 2758 Dominus.

2166 2759 2651 2822 Commovebunt—ur
2676 2780 2729 2825 et
2756 2772 2826 2825 illi
2858 2776 2943 2843 qni
2976 2779 3038 2831 ad
3065 2759 3655 2857 dexteram'ponentur,
3684 2804 3741 2847 et

2165 2864 2283 2902 cmn
2312 2851 2537 2923 dixerit,
2569 2855 2788 2924 Esurivi,
2818 2873 2863 2915 et
2891 2866 3095 2922 dedistis
3126 2872 3247 2925 mihi
3283 2851 3619 2945 manducare;
3644 2851 3738 2936 Vre-

2164 2942 2523 3027 spondcbunt,
2567 2947 2783 3008 Domine
2802 2996 2814 3018 ,
2849 2960 3049 3025 quando
3086 2971 3131 3015 te
3160 2965 3372 3021 vidimus
3401 2942 3688 3026 esurientem
3708 2975 3737 3029 Γ

2164 3029 2233 3084 Ει
2255 3034 2469 3090 audient
2496 3041 2767 3111 continuo,
2799 3043 2922 3100 Cum
2948 3052 3037 3102 uni
3056 3068 3121 3106 ea:
3145 3056 3360 3111 minimis
3385 3063 3505 3115 meis
3525 3063 3733 3132 fecistis,

2163 3124 2284 3177 mihi
2323 3127 2507 3193 fecistis
2547 3130 2753 3200 (Matth.
2796 3153 2935 3204 xxv,
2978 3141 3191 3216 55-40).
3232 3146 3288 3201 Si
3329 3124 3574 3208 audieras
3609 3124 3731 3223 hoc,

2160 3222 2343 3283 aperte
2361 3218 2467 3285 dic,
2499 3221 2633 3278 Nolo
2652 3225 2779 3282 dare
2801 3247 2817 3281 :
2842 3240 2891 3284 et
2912 3247 3016 3285 non
3044 3234 3203 3290 habes
3226 3239 3363 3294 unde
3386 3248 3436 3295 te
3456 3218 3731 3312 excusare,

2161 3306 2254 3360 sed
2296 3324 2425 3365 voce
2468 3322 2552 3367 tua
2601 3324 2652 3369 te
2690 3318 2960 3377 damnare.
2997 3324 3069 3379 De
3096 3326 3291 3383 divitiis
3321 3347 3448 3401 ergo
3476 3336 3578 3389 tuis
3604 3306 3733 3392 dicit

2162 3397 2251 3451 tibi
2288 3399 2537 3456 Dominus
2566 3414 2703 3470 tuus,
2740 3410 2862 3464 Dedi
2887 3415 3162 3470 consilium
3190 3420 3316 3489 quid
3346 3397 3508 3478 facias
3539 3443 3554 3479 :
3583 3442 3734 3482 amas

2159 3487 2405 3547 divitias?
2434 3498 2589 3561 Amo,
2617 3497 2804 3567 inquis.
2833 3501 2970 3571 Ergo
2992 3505 3155 3575 migra
3183 3487 3292 3575 eas,
3318 3522 3370 3567 et
3398 3528 3516 3569 cum
3539 3519 3733 3587 migra-

2158 3580 2295 3632 veris
2321 3597 2430 3648 eas,
2462 3598 2682 3656 sequere
2708 3604 2797 3642 eas
2826 3590 3034 3647 interim
3061 3598 3242 3665 corde,
3271 3614 3388 3655 cum
3414 3604 3544 3659 vivis
3570 3623 3581 3657 :
3607 3580 3729 3675 quia

2156 3668 2243 3720 ubi
2260 3673 2408 3740 fuerit
2428 3674 2689 3731 thesaurus
2709 3688 2841 3747 tuus,
2866 3680 2934 3735 ibi
2952 3685 3042 3737 erit
3060 3695 3106 3739 et
3127 3704 3212 3742 cor
3232 3700 3372 3745 tuum
3395 3692 3501 3764 (Id.
3524 3712 3593 3760 vt,
3612 3668 3671 3751 ἐι
3685 3702 3728 3767 ).

2156 3757 2210 3813 Si
2242 3772 2416 3816 autem
2463 3765 2513 3819 in
2558 3776 2692 3821 terra
2739 3771 2917 3827 obruis
2962 3790 3054 3831 cor
3100 3788 3280 3848 tuum,
3315 3784 3566 3841 erubesco
3608 3757 3730 3858 quia

2111 3852 2413 3916 «mentiris,
2446 3862 2880 3930 etnnqrespundes
2909 3868 3119 3936 quando
3144 3873 3323 3939 audis,
3354 3875 3573 3931 Sursum
3613 3896 3726 3935 cur.

2152 3938 2281 3994 Nam
2316 3944 2539 4012 dicitur,
2586 3948 2803 4007 Sursum
2850 3971 2975 4022 cor;
3021 3968 3075 4013 et
3118 3963 3368 4019 continuo
3414 3969 3725 4043 rCSpondcs,

2154 4030 2417 4089 llahemus
2451 4040 2514 4092 ad
2558 4041 2856 4099 Dominum.
2894 4049 3002 4103 Deo
3039 4057 3296 4110 mentiris.
3344 4056 3458 4113 Una
3503 4061 3629 4115 hora
3676 4038 3727 4120 in

2152 4125 2372 4179 ecclesia
2406 4144 2583 4182 verum
2618 4149 2718 4186 non
2746 4135 2895 4199 dicis,
2928 4139 3033 4211 Deo
3055 4145 3293 4197 mentiris
3314 4186 3327 4209 ,
3355 4149 3495 4215 quod
3518 4165 3731 4221 semper

2152 4213 2449 4273 hominibus
2475 4220 2620 4277 facis.
2659 4224 2796 4279 οἱς-ῖς
2818 4270 2831 4292 ,
2863 4228 3128 4284 Habemus
3153 4234 3217 4287 ad
3248 4236 3559 4305 Dominum,
3593 4256 3641 4296 et
3672 4245 3755 4301 in'

2151 4315 2287 4361 terra
2334 4311 2575 4367 obrutum
2620 4312 2783 4372 habes
2825 4324 2946 4386 eor;
2994 4324 3114 4391 quia
3160 4327 3242 4380 ubi
3279 4331 3430 4399 fuerit
3461 4319 3726 4401 thesaurus

2149 4406 2283 4465 tuus,
2316 4401 2382 4454 ibi
2407 4404 2498 4455 erit
2527 4414 2576 4457 et
2601 4423 2686 4459 cor
2714 4416 2874 4461 tuum.

2217 4495 2269 4549 5.
2313 4494 2514 4549 Divitiis
2547 4514 2672 4552 vera:
2695 4503 2834 4570 regni
2854 4503 3111 4559 calorum.
3143 4508 3341 4566 Divitia.’
3368 4525 3577 4572 terrente
3596 4521 3723 4575 nihil

2148 4596 2328 4653 prwter
2356 4588 2739 4641 sollicitudinem
2764 4591 3000 4657 afferunt.
3032 4596 3141 4651 Tua
3169 4618 3371 4678 erogare
3396 4624 3493 4660 non
3521 4611 3720 4679 suﬁirit,

2146 4675 2243 4727 nisi
2290 4685 2335 4727 et
2380 4676 2630 4731 Christum
2673 4682 2894 4750 sequaris
2956 4683 3009 4739 Si
3060 4675 3249 4746 feceris
3286 4693 3351 4747 de
3388 4675 3603 4753 divitiis"
3620 4675 3723 4757 tuis

2146 4765 2283 4835 qunti
2311 4767 2540 4831 audisti,
2573 4770 2616 4822 si
2648 4771 2762 4826 talis
2801 4772 2946 4829 dives
2978 4779 3158 4845 lueris,
3190 4785 3397 4851 qualem
3433 4789 3720 4859 Apodolus

2144 4856 2302 4921 dicit,
2336 4873 2441 4911 non
2469 4861 2694 4929 superbe
2718 4865 2911 4932 sapias,
2947 4884 3117 4938 neque
3140 4888 3321 4941 speres
3347 4877 3395 4931 in
3423 4856 3621 4935 incerto
3642 4884 3717 4938 di-

2142 4949 2424 5017 vitiarum;
2460 4960 2514 5005 ut
2544 4952 2865 5011 thesaurizes
2892 4958 2983 5011 tibi
3017 4961 3413 5023 fundamentum
3439 4970 3633 5027 bonum
3666 4974 3721 5032 in

2131 5042 2397 5109 futurum,
2424 5054 2480 5099 ut
2501 5049 2866 5116 apprehendas
2892 5070 3068 5109 veram
3092 5058 3251 5113 vitam
3279 5077 3292 5114 :
3319 5061 3428 5130 jam
3454 5064 3719 5137 interroga

2143 5136 2307 5191 Deum
2336 5149 2389 5192 et
2417 5140 2692 5197 Dominum
2735 5153 2879 5199 tuum
2899 5188 2913 5213 ,
2943 5158 2995 5201 et
3024 5149 3109 5204 die
3158 5151 3229 5205 illi
3251 5194 3265 5219 ,
3312 5154 3445 5209 Ecce
3470 5156 3576 5224 jam
3616 5136 3717 5215 mi-

2141 5230 2307 5299 gravi,
2332 5231 2574 5301 Domine,
2598 5233 2649 5288 in
2674 5236 2865 5291 C(Biltm
2888 5240 3024 5307 quod
3050 5240 3234 5309 habui;
3260 5245 3342 5299 vel
3363 5247 3502 5317 quod
3526 5248 3716 5317 habeo,

2140 5320 2216 5374 sic
2248 5322 2444 5387 habeo,
2490 5333 2734 5395 tanquam
2775 5329 2816 5381 si
2851 5345 2950 5383 non
2986 5330 3225 5387 habeam.
3271 5336 3421 5391 Tanti
3454 5341 3592 5394 valet
3635 5326 3718 5396 re-

2137 5428 2298 5483 gnum
2327 5416 2612 5483 caelorum,
2644 5430 2895 5488 quantum
2930 5424 3299 5491 patrimonium
3333 5433 3549 5485 meum?
3576 5432 3705 5488 (fha-

2139 5506 2247 5558 rins
2275 5508 2428 5561 valet.
2452 5508 2566 5561 Non
2596 5512 2736 5563 ettim
2758 5527 2882 5566 vere
2910 5512 3016 5569 tale
3032 5526 3130 5582 ρει,
3156 5528 3209 5571 ut
3236 5522 3362 5573 tanti
3392 5522 3578 5576 valeat.
3606 5524 3716 5581 Hoc

2138 5595 2264 5650 dicit
2296 5597 2546 5652 Dominus
2578 5610 2716 5664 tuus,
2750 5618 2906 5671 quem
2937 5606 3267 5677 interrogain
3297 5610 3362 5664 de
3392 5614 3710 5679 patrimonio

2140 5697 2230 5742 tuo
2255 5705 2267 5741 :
2296 5687 2375 5743 Ad
2408 5699 2617 5760 tempus
2643 5693 2878 5751 victurus
2908 5712 2985 5764 es,
3018 5708 3067 5751 et
3095 5710 3274 5769 postea
3305 5703 3624 5770 moriturus;
3655 5705 3707 5763 in
