3996 6464
251 410 378 468 1321

247 543 412 596 regno
439 539 560 581 meo
588 539 852 596 nunquam
891 525 1196 590 moriturus,
1227 525 1320 580 sed
1357 527 1408 581 in
1435 533 1692 584 atomum
1733 530 1814 583 vl-

247 627 428 672 cturus
453 633 534 672 es.
565 615 734 672 Verus
763 615 832 672 ibi
857 615 1004 672 dives
1029 616 1140 672 eris
1160 657 1176 682 ,
1205 615 1294 670 ubi
1325 631 1590 686 nunquam
1615 617 1820 688 egebis.

245 705 376 762 Nam
401 707 520 762 ideo
541 707 608 760 ad
631 706 1030 782 subvectionem
1055 705 1218 760 multa
1239 705 1487 762 animalia
1515 707 1730 776 quaeris,
1752 722 1822 762 ne

245 795 492 860 delicias;
521 796 590 850 ad
616 797 809 852 victum
835 796 1021 864 epulas
1056 797 1296 865 copiosas
1313 835 1330 862 ,
1358 796 1424 850 ad
1451 796 1828 852 indumentum-

245 875 508 955 preiiosas
538 896 734 942 vestes.
765 886 966 942 llevera
1003 895 1057 940 tu
1087 887 1252 942 multa
1277 887 1518 944 habendo
1545 887 1692 944 dives
1719 901 1778 942 es
1801 927 1822 954 ,.

244 987 299 1030 et
341 977 562 1046 angelus
597 992 746 1031 meus
773 991 972 1046 pauper
1009 977 1132 1032 est?
1157 975 1298 1032 Nihil
1324 975 1516 1044 habet,
1547 992 1646 1034 nec
1685 993 1824 1048 equo

246 1065 446 1128 utitur,
481 1081 577 1122 nec
603 1065 766 1122 rheda
792 1066 1026 1130 vehitur,
1058 1081 1156 1122 nec
1181 1081 1418 1122 mensam
1459 1066 1695 1123 honestis
1717 1069 1822 1123 im-

246 1153 350 1222 plet
366 1155 730 1224 apparatibus;
755 1169 853 1210 nec
867 1154 916 1209 ei
937 1154 1098 1220 vestis
1118 1154 1332 1218 texitur,
1351 1154 1474 1224 quia
1485 1153 1604 1225 luce
1623 1165 1820 1214 aeterna

245 1247 484 1300 vestitur.
513 1245 686 1312 Disce,
708 1261 742 1300 o
765 1244 922 1300 homo
942 1243 1108 1310 dives,
1137 1259 1292 1300 veras
1316 1244 1526 1300 divitias
1547 1255 1818 1316 appetere.

245 1336 323 1392 Tu
355 1337 482 1392 istas
511 1337 721 1392 divitias
749 1323 942 1392 habere
971 1336 1050 1390 vis
1072 1377 1086 1402 ,
1117 1345 1176 1392 ut
1201 1336 1396 1392 habeas
1431 1337 1572 1393 unde
1595 1339 1820 1392 multum

244 1427 552 1494 manduces,
583 1427 705 1496 quia
733 1425 914 1481 deficis
938 1445 950 1480 :
985 1427 1074 1482 ille
1101 1436 1150 1482 te
1177 1443 1300 1483 vere
1325 1428 1540 1484 divitem
1561 1429 1702 1496 facit,
1731 1430 1822 1499 qui

245 1517 335 1570 tibi
357 1515 515 1570 donat
536 1531 598 1570 ue
615 1515 668 1569 in
690 1525 946 1571 mternum
968 1517 1192 1572 esurias.
1215 1517 1343 1572 Nam
1365 1522 1708 1590 quantumvis
1729 1521 1822 1576 Ita-

243 1605 388 1670 beas,
418 1619 536 1660 cum
563 1605 766 1660 venerit
795 1607 922 1660 hora
949 1607 1130 1675 quinta
1158 1605 1255 1677 (a),
1278 1619 1559 1679 antequam
1585 1609 1651 1665 ad
1672 1625 1823 1666 men-

243 1709 355 1747 sam
384 1694 632 1760 accedas,
665 1695 834 1749 csuris
853 1738 866 1759 ,
896 1703 950 1750 et
968 1695 1182 1764 delicis,
1208 1697 1330 1766 quia
1357 1699 1518 1754 miser
1553 1713 1632 1754 es.
1661 1699 1822 1753 Num-

243 1786 366 1856 quid
394 1785 493 1840 hoc
535 1785 750 1856 angelus
789 1785 1058 1841 sustinet?
1085 1785 1256 1842 Absit.
1281 1787 1390 1844 Nec
1427 1789 1657 1844 esuriem
1681 1831 1694 1854 ,
1720 1805 1822 1846 nec

242 1877 588 1932 defectionem
611 1877 768 1933 habet
794 1879 1030 1948 angelus.
1059 1878 1351 1934 Postremo
1367 1881 1447 1934 his
1467 1881 1635 1950 epulis
1657 1881 1820 1937 anhe-

241 1965 320 2022 las
347 1969 624 2038 superbus.
652 1967 766 2024 Non
792 1979 872 2024 est
894 1970 1123 2038 espletio
1150 1970 1247 2025 ista
1271 1971 1696 2040 indigentiarum,
1726 1973 1820 2052 sed

243 2057 416 2115 fumus
464 2075 730 2114 curarum.
777 2060 908 2114 Cum
957 2061 1156 2130 cogitas
1191 2060 1260 2116 de
1296 2061 1494 2117 divitiis
1543 2063 1818 2133 augendis,

243 2149 363 2204 vide
386 2149 430 2204 si
462 2150 612 2204 facile
637 2151 858 2206 dormis.
886 2149 953 2204 Ni
977 2151 1148 2217 fallor,
1182 2151 1274 2206 ubi
1297 2151 1508 2206 divitias
1535 2153 1816 2220 invenisti,

243 2241 480 2310 requiem
509 2240 801 2312 perdidisti.
831 2241 964 2296 Cum
997 2243 1206 2312 vigilas,
1238 2253 1576 2313 augmentum
1608 2245 1821 2300 divitia-

243 2347 360 2386 rum
387 2333 623 2402 cogitas:
664 2347 785 2387 cum
824 2333 1060 2397 dormis,
1087 2333 1322 2388 latrones
1346 2336 1598 2390 somnias.
1640 2336 1694 2390 ln
1735 2335 1821 2392 die

243 2419 519 2485 sollicitus,
537 2429 590 2474 et
610 2429 764 2476 nocte
786 2421 1026 2490 pavidus,
1049 2437 1262 2492 semper
1281 2423 1574 2478 mendicus.
1596 2423 1820 2479 Divitem

245 2527 428 2566 verum
455 2505 508 2566 te
547 2513 718 2568 facere
744 2513 852 2568 vult
876 2556 892 2581 ,
920 2515 1009 2584 qui
1041 2514 1132 2568 tibi
1160 2530 1379 2584 regnum
1411 2517 1662 2572 calorum
1691 2533 1818 2588 pro-

243 2600 440 2654 mittit:
486 2609 539 2654 et
573 2611 726 2670 putas
767 2601 888 2672 quia
933 2603 1061 2656 tanti
1103 2611 1376 2672 empturus
1412 2619 1469 2659 es
1515 2605 1630 2660 illas
1666 2621 1820 2666 veras

245 2691 476 2758 divitias,
505 2691 649 2746 illam
675 2707 850 2748 veram
875 2701 930 2748 et
949 2693 1156 2748 beatam
1183 2695 1342 2748 vitam
1363 2736 1382 2762 ,
1403 2697 1580 2764 quanti
1608 2707 1820 2766 paratus

245 2798 304 2837 es
334 2783 592 2837 redimere
618 2781 746 2836 istos
775 2783 998 2837 miseros
1023 2792 1074 2836 et
1105 2783 1398 2838 laboriosos
1425 2783 1539 2839 dies
1555 2785 1586 2838 ?'
1605 2787 1818 2855 Aliquid

245 2873 409 2926 multo
435 2873 551 2942 plus
573 2873 749 2927 valere
775 2871 931 2928 debet
951 2873 1090 2943 quod
1114 2874 1277 2927 multo
1302 2875 1420 2944 plus
1449 2885 1564 2941 est;
1593 2876 1712 2946 quia
1735 2891 1820 2932 re-

242 2978 402 3034 gnum
431 2965 686 3018 cmlorum
720 2972 820 3018 est.

313 3055 366 3108 6.
407 3054 552 3109 Idem
594 3065 836 3109 tractatur
881 3067 1245 3128 argumentum.
1294 3059 1359 3112 Et
1423 3059 1546 3128 quid
1591 3060 1814 3128 faciam,

244 3143 450 3212 inquis?
478 3145 648 3212 Ecce,
680 3155 860 3200 sancte
903 3147 1187 3216 episcope,
1231 3149 1428 3202 monita
1473 3159 1558 3203 tua
1605 3151 1811 3210 audivi,

241 3234 464 3288 consilio
486 3241 575 3288 tuo
605 3236 788 3304 parui,
813 3234 1018 3304 jussum
1045 3235 1254 3290 Domini
1299 3253 1400 3291 non
1428 3239 1600 3307 sprevi
1623 3281 1636 3303 ,
1677 3241 1816 3309 quod

243 3325 403 3380 habui
432 3327 752 3395 pauperibus
780 3327 934 3394 dedi,
959 3337 1012 3382 et
1036 3327 1174 3398 quod
1201 3328 1369 3385 habeo
1394 3346 1512 3385 cum
1537 3331 1818 3400 indigenti-

241 3417 341 3473 bus
385 3417 756 3482 communico;
800 3417 924 3489 quid
972 3419 1089 3488 plus
1118 3435 1329 3489 possum
1379 3420 1595 3476 facere?
1645 3421 1816 3476 Habes

241 3508 449 3574 adhuc,
481 3509 814 3578 temetipsum
845 3509 1009 3566 habes
1035 3527 1048 3566 :
1091 3519 1146 3565 tu
1175 3511 1286 3580 ipse
1331 3511 1446 3580 plus
1475 3527 1562 3576 es,
1609 3521 1662 3566 tu
1691 3513 1816 3568 deos

241 3601 402 3653 rebus
432 3599 560 3667 tuis,
593 3609 646 3653 tu
672 3599 950 3655 addendos
979 3615 1055 3656 es.
1083 3601 1373 3656 Consilium
1401 3603 1607 3657 Domini
1637 3604 1707 3656 tui
1736 3603 1814 3657 fe-
1885 3611 1888 3614 '

238 3691 398 3746 cisti?
423 3691 566 3758 Feci,
596 3693 782 3762 inquit.
806 3693 940 3759 Quid
963 3695 1244 3749 mentiris?
1273 3695 1386 3749 Non
1411 3703 1576 3749 totum
1610 3695 1809 3750 fecisti:

239 3795 308 3835 ex
339 3797 436 3832 una
471 3791 616 3848 parte
643 3781 845 3847 fecisti,
873 3799 938 3836 ex
967 3782 1064 3836 alia
1095 3783 1224 3836 nihil
1249 3783 1481 3854 tetigisti.
1513 3785 1648 3838 Audi
1675 3784 1814 3854 quod

234 3869 386 3939 jubet
411 3889 423 3923 :
467 3870 635 3934 Vade,
665 3871 820 3925 vende
845 3874 1012 3925 omnia
1037 3889 1147 3942 qua:
1187 3873 1368 3940 habes,
1401 3885 1448 3928 et
1475 3875 1541 3928 da
1571 3877 1813 3954 pauperi-

239 3959 351 4012 bus.
387 3959 645 4029 Numquid
675 3961 873 4015 dimisit
899 3963 1059 4016 eum?
1089 3963 1153 4016 Et
1178 3977 1244 4017 ne
1266 3977 1323 4016 se
1353 3963 1442 4018 ille
1472 3965 1691 4033 perdere
1721 3981 1816 4034 pu-

239 4057 381 4102 taret
401 4049 538 4118 quod
563 4050 880 4117 pauperibus
902 4052 1156 4120 erogavit,
1180 4067 1424 4106 securum
1445 4069 1564 4108 eum
1589 4055 1816 4111 reddidit

235 4137 446 4200 dicens,
477 4137 539 4191 Et
561 4139 757 4194 habebis
781 4140 1068 4194 thesaurum
1093 4143 1144 4195 in
1169 4143 1310 4196 calo.
1338 4143 1600 4214 Numquid
1621 4133 1815 4203 suffieit

239 4225 385 4280 hoc?
413 4226 546 4280 Non.
577 4227 642 4282 Et
659 4227 828 4297 quid?
857 4229 996 4296 Veni,
1015 4245 1216 4296 sequere
1239 4247 1318 4285 me
1342 4231 1550 4303 (Matth.
1571 4251 1676 4299 nx,
1695 4237 1810 4306 2i),

237 4315 388 4370 dicit.
419 4317 576 4370 Amas
601 4360 614 4380 ,
644 4319 698 4372 et
722 4318 868 4388 sequi
895 4319 972 4372 vis
997 4335 1116 4374 eum
1143 4335 1298 4390 quem
1326 4323 1505 4376 amas?
1533 4323 1809 4394 Cucurrit,

237 4405 469 4460 volavit:
491 4419 807 4477 quaet-equa.
829 4408 1020 4464 Nescio
1040 4425 1161 4480 qua.
1183 4410 1228 4465 0
1243 4411 1612 4469 christianum!
1635 4419 1814 4473 nescis

235 4511 343 4566 qua
385 4497 474 4550 ivit
501 4497 754 4553 Dominus
785 4500 941 4554 tuus?
968 4501 1058 4557 Vis
1110 4499 1229 4557 dico
1267 4503 1356 4559 tibi
1379 4547 1393 4572 ,
1447 4521 1550 4575 qua
1579 4522 1698 4561 eum
1728 4523 1813 4564 se-

235 4587 458 4657 quaris?
483 4589 586 4643 Per
624 4605 895 4658 pressuras
917 4635 930 4658 ,
959 4607 1056 4662 per
1079 4594 1358 4663 opprobria
1376 4637 1391 4662 ,
1425 4611 1520 4666 per
1546 4597 1675 4653 falsa
1702 4599 1811 4654 cri-

235 4679 380 4732 mina
403 4719 420 4742 ,
449 4693 544 4748 per
565 4689 714 4748 sputa
745 4681 796 4734 in
827 4681 1010 4735 faciem
1031 4725 1046 4746 ,
1080 4699 1174 4752 per
1195 4685 1376 4752 alapas
1402 4695 1455 4740 et
1485 4685 1808 4758 agellorum

235 4767 494 4831 verbera,
523 4783 618 4836 per
641 4783 890 4825 coronam
921 4771 1155 4839 spineam
1175 4815 1190 4838 ,
1218 4789 1314 4846 per
1339 4790 1548 4830 crucem
1567 4817 1580 4841 ,
1625 4787 1678 4833 et
1717 4795 1811 4849 per

237 4867 483 4911 lum-tem.
509 4859 646 4925 Quid
667 4861 810 4929 piger
833 4861 925 4914 es?
949 4861 1084 4915 Ecce
1107 4863 1467 4919 demonstrata
1490 4877 1570 4920 est
1591 4869 1682 4922 tibi
1703 4869 1808 4923 via.

235 4949 342 5002 Sed
371 4949 499 5002 Iura
531 4959 638 5014 est,
657 4951 849 5022 inquis,
873 4953 988 5016 via;
1020 4953 1136 5022 quis
1158 4967 1252 5023 per
1273 4957 1426 5010 istam
1447 4959 1594 5013 illum
1621 4973 1810 5031 sequa

235 5039 362 5094 tur?
391 5041 654 5096 Erubesce
683 5043 930 5106 barbare,
958 5045 1212 5100 erubesce
1237 5062 1252 5098 :
1279 5061 1308 5101 a
1335 5048 1524 5104 virtute
1554 5051 1634 5104 vir
1659 5053 1808 5108 diee-

233 5135 328 5188 .
612 5145 805 5189 secuta:
831 5145 970 5198 sunt,
995 5153 1213 5206 quarum
1237 5138 1394 5194 hodie
1415 5142 1648 5198 natalitia
1670 5145 1810 5200 cele-

233 5227 468 5279 bramus.
521 5225 854 5282 Feminarum
907 5239 1197 5300 martyrum
1250 5229 1651 5290 Suburbitarum
1709 5237 1802 5308 (b),

301 5378 374 5447 ta)
405 5387 518 5436 Quae
539 5380 760 5447 uirnirtun
783 5381 1052 5447 undeeimae
1087 5391 1261 5447 nostra}
1285 5384 1574 5447 respondet,
1616 5398 1806 5441 sextam

235 5443 393 5509 priva-ii
429 5453 616 5510 genere
643 5441 888 5510 horarum,
928 5443 1072 5510 idest
1105 5441 1710 5510 meridiem'antecedens,
1757 5460 1808 5503 et

235 5503 450 5562 logilima
479 5509 558 5568 est
573 5501 682 5548 hora
707 5503 901 5562 prandii.
919 5505 1034 5574 lliuc
1055 5505 1398 5574 hartialis,_lil).
1424 5509 1471 5566 8,
1490 5511 1642 5574 epigr.
1663 5501 1741 5568 67.

298 5559 454 5610 Horas
478 5561 682 5629 quinque
703 5559 822 5629 inter
839 5565 1048 5629 n_rmd_t_t_m
1069 5565 1153 5615 tibi
1173 5559 1376 5629 nuntia,
1399 5575 1446 5618 et
1460 5559 1518 5619 'tu

363 5631 472 5670 .Imn
495 5622 682 5672 tauriita
703 5622 1112 5682 milti,Ca'ri.'iane,
1141 5628 1283 5678 renis.

303 5683 376 5750 (b)
408 5689 470 5732 Ita
507 5683 803 5732 (adhortatus
825 5685 998 5750 cedes
1026 5689 1140 5750 1785
1161 5702 1256 5750 quo
1279 5689 1394 5739 alias
1432 5693 1671 5744 Pithtmno
1709 5697 1803 5746 Sir-

233 5748 440 5796 mou-lu;
464 5753 634 5816 utens,
670 5747 1354 5816 correxit..jruburbitmiarum.
1383 5754 1464 5801 tibi
1489 5755 1594 5816 ipse
1629 5759 1804 5816 --
1849 5793 1870 5810 .

233 5809 365 5863 :u;t.:t
395 5815 444 5855 et
465 5804 754 5855 t-clicitatem
781 5807 1000 5871 inteiiigit
1021 5844 1033 5868 ,
1081 5823 1278 5872 quarum
1322 5804 1518 5876 corpori
1541 5817 1588 5865 in
1611 5804 1802 5869 basilica

1552 413 1776 470 SERMO
1813 413 2120 472 CCCXL.

3371 430 3528 486 liii.

1928 530 2320 588 solemnitatem
2345 534 2692 589 celebramus.
2725 536 2978 594 Dominus
3003 547 3182 598 vester
3205 583 3222 612 ,
3253 543 3520 602 Dominus

1928 615 2132 688 noster,
2162 623 2418 680 Dominus
2442 624 2672 694 illarum,
2694 626 3018 700 Redemer
3042 633 3162 688 vitae
3189 645 3408 704 nostrar,
3437 641 3506 693 de

1927 709 2008 764 via
2033 721 2251 782 augusta
2273 721 2327 768 et
2349 728 2534 784 aspera
2563 717 2908 785 praecedentia
2949 729 3166 778 stratam
3193 715 3310 780 eain
3352 729 3508 781 vobis

1927 799 2080 866 fecit,
2108 811 2324 857 stratam
2348 818 2618 871 securam,
2646 809 2900 864 munitam
2923 852 2936 874 ,
2963 808 3208 868 Christus
3249 815 3501 870 Dominus

1926 900 2128 960 noster,
2155 893 2242 962 qui
2269 903 2456 964 regnat
2479 895 2532 950 in
2557 897 2748 952 saicula
2771 889 3104 958 sreculorum.
3129 902 3320 958 Amer.

2381 1036 2608 1094 SERMO
2625 1039 2912 1096 cccxm
2941 1043 3044 1116 (a).-

2022 1141 2100 1197 De
2126 1145 2521 1215 peregrinatione
2545 1159 2716 1204 nostra
2743 1151 2796 1204 in
2824 1152 2920 1205 hac
2948 1153 3047 1208 rita
3066 1196 3082 1222 ,
3114 1173 3202 1227 per
3229 1157 3398 1228 dem.

1997 1273 2050 1328 1.
2099 1273 2224 1329 Vita
2237 1276 2346 1330 hate
2363 1293 2498 1334 mors
2525 1280 2688 1334 uerius
2707 1299 2856 1352 quam
2875 1285 2995 1338 uita.
3021 1284 3156 1341 ,-
3177 1291 3276 1344 uita
3296 1293 3498 1346 nonnisi

1925 1372 2132 1418 interna.
2161 1366 2534 1442 Recordamini
2559 1372 2832 1428 nobiscum
2853 1374 3227 1441 ,._dilectissimi
3265 1380 3454 1436 fratres
3481 1423 3526 1448 ,

1924 1454 2122 1512 dixisse
2151 1457 2458 1527 Apostolum
2479 1503 2493 1524 ,
2525 1462 2777 1530 Quamdiu
2805 1482 2978 1522 sumus
3004 1469 3058 1523 in
3079 1487 3288 1542 corpore
3307 1515 3322 1538 ,
3353 1491 3518 1541 pere-

1923 1548 2196 1617 grinamur.
2218 1569 2252 1604 a
2279 1551 2496 1608 Domino
2513 1573 2531 1620 ;
2555 1574 2652 1628 per
2676 1559 2828 1628 dem
2851 1563 2982 1616 enim
3016 1565 3331 1620 ambulamus
3349 1609 3364 1633 ,
3399 1586 3504 1624 non

1927 1653 2014 1703 per
2041 1640 2252 1708 speciem
2281 1642 2358 1712 (ll
2384 1643 2500 1698 Cor.
2529 1661 2594 1711 v,
2626 1647 2660 1702 6
2679 1689 2694 1713 ,
2723 1649 2802 1717 7).
2835 1650 3092 1710 Dominus
3127 1656 3268 1710 enim
3309 1668 3490 1714 noster

1923 1725 2366 1800 JesusChristus,
2397 1735 2487 1804 qui
2511 1737 2618 1802 ait,
2645 1737 2756 1809 Ego
2784 1757 2896 1796 sum
2919 1745 3019 1810 via,
3051 1756 3098 1800 et
3127 1748 3306 1802 ueritas
3333 1760 3378 1803 et
3400 1753 3500 1806 vita

1929 1818 1948 1888 (
1971 1819 2126 1874 Joan.
2155 1838 2282 1890 xxv,
2311 1825 2402 1894 6),
2431 1827 2701 1885 ambulare
2731 1847 2828 1888 nos
2872 1836 3036 1890 voluit
3062 1847 3116 1892 et
3145 1854 3238 1908 per
3264 1841 3496 1909 seipsum

1915 1919 1990 1965 .et.
2005 1911 2070 1966 ad
2083 1926 2158 1966 .se
2185 1914 2374 1983 ipsum.
2397 1917 2511 1983 Qua
2536 1919 2678 1974 enim
2705 1923 3056 1992 ambulamus,
3079 1927 3180 1982 nisi
3203 1943 3296 1997 per
3319 1931 3496 1986 viam!

1923 1998 1991 2052 Et
2014 2015 2120 2070 quo
2153 2003 2482 2060 ambulamus
2497 2008 2656 2072 ,-nisi
2693 2010 2760 2064 ad
2795 2013 3070 2070 veritatem
3098 2025 3154 2070 et
3188 2017 3254 2072 ad
3295 2017 3494 2075 vitam.

1923 2090 2083 2144 vitam
2111 2092 2316 2148 scilicet
2341 2103 2596 2150 aeternam
2615 2137 2631 2162 ,
2669 2113 2788 2168 qua:
2817 2101 2929 2156 sola
2949 2105 3076 2158 .vita
3107 2104 3328 2162 dicenda
3375 2111 3496 2164 est?

1895 2180 2052 2238 .Nam
2081 2182 2178 2238 ista
2206 2185 2310 2240 vita
2339 2187 2600 2253 mortalis,
2629 2190 2682 2244 in
2713 2207 2814 2260 qua
2865 2209 3004 2249 nunc
3027 2211 3228 2262 sumus,
3263 2215 3325 2254 ex
3357 2199 3495 2256 illius

1923 2270 2044 2324 vita:
2069 2275 2462 2341 comparatione
2489 2292 2632 2332 mors
2657 2293 2776 2336 esse
2805 2283 3167 2349 convincitur;
3199 2303 3316 2358 qua:
3351 2299 3492 2344 tanta

1924 2359 2270 2416 mutabilitate
2298 2365 2552 2432 variatur,
2584 2375 2637 2420 et
2664 2369 2806 2422 nulla
2827 2372 3112 2428 stabilitate
3143 2375 3410 2442 firmatur,
3442 2391 3496 2434 et

1923 2461 2080 2502 cursu
2107 2448 2420 2505 brevissimo
2445 2456 2772 2511 terminatur.
2801 2461 2866 2512 Et
2892 2461 3012 2516 ideo
3039 2464 3289 2520 Dominus
3315 2469 3388 2524 illi
3413 2470 3493 2524 di-

1922 2536 2038 2600 viti,
2079 2539 2166 2608 qui
2195 2540 2243 2594 ei
2280 2540 2518 2608 dixerat,
2551 2543 2797 2616 Magister
2824 2549 2975 2616 bone,
3011 2554 3136 2622 quid
3173 2557 3391 2625 faciam,
3439 2570 3493 2612 ut

1921 2629 2074 2682 vitam
2099 2640 2336 2686 wternam
2375 2637 2694 2701 consequar?
2719 2641 3008 2710 reSpondit,
3042 2644 3103 2700 Si
3132 2647 3202 2700 vis
3243 2649 3405 2702 venire
3427 2651 3494 2702 ad

1920 2719 2090 2783 vitam,
2117 2737 2256 2776 serua
2279 2726 2516 2780 mandata
2540 2726 2750 2796 (Matth.
2773 2746 2884 2796 tux,
2912 2732 2998 2800 16,
3027 2735 3138 2806 17).
3169 2737 3288 2793 Erat
3315 2741 3494 2810 utique

1921 2807 1976 2861 in
2000 2809 2170 2880 aliqua
2201 2813 2338 2879 vita;
2379 2830 2550 2885 neque
2585 2819 2726 2873 enim
2765 2819 3050 2890 cadaveri,
3085 2835 3272 2900 etnon
3301 2807 3493 2884 vive-uti

1921 2899 2119 2956 homini
2150 2903 2478 2974 loquebatur.
2505 2905 2610 2963 Sed
2640 2911 2762 2980 quia
2793 2911 2880 2968 ille
2905 2913 3364 2988 deconsequeuda
3389 2922 3492 2977 vita

1919 3001 2114 3046 mterua
2141 2995 2476 3064 qumsivcrat,
2508 3014 2612 3054 non
2635 2999 2712 3084 ait
2739 3001 3009 3070 Dominus,
3037 3006 3091 3061 Si
3123 3010 3199 3063 vis
3225 3011 3406 3067 venire
3424 3015 3490 3066 ad

1919 3083 2078 3138 vitam
2106 3095 2394 3150 mternam;
2425 3091 2540 3158 sed,
2572 3091 2632 3148 Si
2656 3094 2727 3148 vis
2747 3137 2762 3158 ,
2792 3095 2959 3164 inquit
2978 3140 2992 3159 ,
3021 3101 3185 3154 venire
3207 3103 3274 3155 ad
3303 3104 3450 3157 vitam
3474 3147 3490 3170 ,

1919 3189 2058 3227 serua
2079 3175 2315 3230 ntanduta
2385 3178 2629 3236 videlicet
2650 3181 2748 3238 hoc
2770 3183 2990 3254 intelligi
3015 3189 3218 3254 volens,
3241 3193 3488 3260 quouiatu

1918 3279 2036 3334 qua:
2065 3267 2167 3321 vita
2197 3277 2396 3324 acterna
2427 3285 2532 3326 non
2557 3281 2678 3338 est,
2712 3289 2810 3330 uec
2840 3276 2943 3330 vita
2974 3277 3192 3334 dicenda
3223 3291 3334 3348 est;
3369 3285 3489 3352 quia

1919 3367 2048 3410 vera
2072 3355 2178 3412 vita
2205 3359 2412 3414 nonnisi
2443 3371 2640 3417 mterna
2668 3373 2748 3418 est
2775 3363 2872 3437 (c).
2905 3365 3037 3422 Ilinc
3075 3377 3130 3422 et
3166 3371 3450 3438 Apostolus
3473 3416 3490 3436 ,

1918 3461 2036 3501 cum
2067 3449 2526 3520 cleemosynarum
2556 3456 2834 3510 consilium
2863 3456 3092 3514 dandum
3121 3459 3368 3516 divitibus
3393 3465 3494 3518 atl-

1919 3547 2190 3606 moneret,
2227 3539 2411 3596 Diuites
2439 3543 2558 3611 sint,
2590 3544 2788 3614 inquit,
2819 3547 2871 3600 in
2897 3549 3127 3618 operibus
3151 3551 3310 3618 bonis,
3342 3553 3490 3620 facile

1919 3627 2166 3694 tribuant,
2198 3631 2590 3698 communicent,
2631 3635 2964 3690 thesaurizent
2988 3639 3082 3692 sibi
3111 3639 3488 3708 fundamentum

1918 3717 2102 3772 bonum
2154 3721 2205 3774 in
2259 3723 2522 3792 futurum,
2573 3733 2634 3777 ut
2685 3728 3066 3796 apprehenderat
3119 3746 3285 3786 veram
3338 3736 3488 3787 vitam

1919 3807 1978 3878 (l
2012 3806 2144 3862 Tim.
2177 3825 2258 3875 vt,
2288 3811 2374 3876 l8,
2405 3813 2515 3882 i9).
2548 3813 2714 3882 Quam
2754 3816 2885 3871 dixit
2927 3835 3106 3874 veram
3145 3823 3301 3878 vitam
3325 3865 3338 3888 ,
3387 3826 3486 3879 nisi
3511 3861 3527 3882 ,

1918 3909 2167 3955 mternam
2197 3903 2354 3956 vitam
2373 3945 2388 3970 ,
2419 3917 2536 3973 quae
2564 3908 2674 3960 sola
2701 3909 2805 3964 vita
2833 3909 3050 3964 dicenda
3081 3922 3196 3980 est,
3225 3917 3345 3984 quia
3376 3919 3487 3972 sola
3515 3957 3526 3968 .,

1917 3989 2068 4044 beata
2095 3991 2214 4045 est?
2240 3992 2369 4047 Nam
2401 3996 2578 4064 utique
2607 3997 2677 4050 illi
2699 3998 2922 4064 divites,
2952 4003 3144 4072 quibus
3173 4008 3484 4076 pra-cipias-

1918 4080 2040 4136 dum
2068 4097 2186 4138 esse
2213 4083 2422 4138 dicebat
2449 4094 2506 4139 ut
2528 4089 2988 4157 apprehendercnt
3013 4111 3188 4149 veram
3219 4098 3402 4164 vitam,
3436 4100 3490 4152 in

1917 4169 2236 4226 abundantia
2275 4173 2572 4230 divitiarum
2605 4176 2868 4236 habebant
2899 4181 3050 4236 istam
3082 4185 3242 4240 vitam
3271 4204 3284 4240 :
3330 4203 3485 4257 quam

1918 4267 2094 4316 tamen
2121 4262 2406 4330 Apostolus
2432 4265 2476 4320 si
2517 4281 2697 4321 veram
2728 4269 2888 4326 vitam
2915 4287 3031 4328 esse
3055 4277 3317 4344 judicartrt
3338 4319 3350 4340 ,
3382 4295 3484 4334 nou

1917 4352 2138 4420 diceret,
2161 4353 2518 4412 Tltesaurizent
2546 4359 2641 4412 sibi
2664 4362 3044 4432 fundamentum
3071 4367 3252 4420 bonum
3278 4370 3327 4422 in
3351 4370 3462 4438 [nm

1915 4461 2048 4510 rum,
2074 4453 2128 4498 ut
2149 4447 2526 4518 appreltendant
2549 4466 2715 4505 veram
2739 4453 2890 4507 vitam
2916 4470 2936 4510 :
2975 4456 3104 4511 nihil
3132 4460 3271 4513 aliud
3301 4461 3467 4518 adnuo

1915 4549 2067 4599 nens,
2091 4533 2190 4590 nisi
2217 4552 2319 4591 non
2348 4553 2466 4594 esse
2490 4555 2668 4595 veram
2691 4544 2847 4597 vitam
2869 4543 3127 4612 divitum;
3163 4551 3344 4614 vitam,
3369 4569 3472 4620 qua

1915 4625 1982 4678 ab
2008 4627 2180 4682 stultis
2203 4645 2305 4683 non
2327 4631 2496 4686 solum
2518 4647 2659 4698 vera,
2689 4633 2782 4689 sed
2808 4636 2964 4694 etiam
2993 4637 3142 4693 beata
3167 4643 3464 4696 nominatur

1915 4717 2190 4784 Quomodo
2218 4729 2394 4776 autem
2435 4721 2594 4777 beata.
2625 4733 2751 4790 est,
2782 4743 2897 4795 que
2924 4743 3047 4784 vera
3080 4745 3183 4785 non
3211 4735 3333 4786 est?
3371 4732 3488 4790 Non

1914 4821 2041 4875 ergo
2071 4807 2347 4864 beatavita
2374 4819 2475 4876 est,
2504 4813 2602 4866 nisi
2631 4829 2750 4868 vera
2779 4817 2880 4868 vita
2907 4832 3054 4880 ;_nec
3083 4835 3204 4876 vera
3234 4821 3334 4878 vita
3365 4833 3448 4886 est
3468 4865 3518 4890 ,

1916 4897 2014 4950 nisi
2038 4906 2232 4952 azterua
2256 4899 2379 4966 vita,
2406 4917 2560 4970 quam
2583 4901 2771 4958 divites
2797 4904 3156 4975 intelliguntur
3175 4923 3268 4978 per
3291 4911 3512 4980 quasli-.

1914 5091 2086 5171 Maiore
2111 5090 2302 5171 condita
2325 5093 2606 5171 Carthagine
2625 5133 2638 5156 ,
2657 5104 2725 5171 et.
2752 5099 3109 5171 anniversarius
3138 5104 3248 5158 dies
3278 5111 3437 5171 agitur
3458 5115 3488 5162 7

1913 5151 2085 5200 martil.
2110 5158 2278 5227 contra
2301 5167 2420 5203 vero
2440 5151 2677 5227 tte'nriens
2695 5157 2911 5227 Valesius
2925 5151 3494 5227 mxtxmzfcEZiiiu'.

1913 5223 1978 5289 ac
1987 5213 2308 5289 sagindam',
2319 5228 2435 5289 quae
2449 5217 2576 5278 apud
2595 5219 2872 5289 Tuburbttm
2901 5225 3055 5289 etiam
3079 5213 3241 5289 passae:

2039 5271 2370 5348 somniamus
2391 5271 2601 5348 hic-esse.
2623 5282 2868 5332 contendit
2900 5271 3500 5348 .

1913 5339 2166 5396 Perpetua:
2191 5342 2242 5384 et
2263 5335 2519 5386 Felicitatis
2532 5372 2547 5397 ,
2570 5339 2634 5389 de
2651 5353 2746 5404 qua
2767 5355 2911 5405 supra
2933 5335 3298 5402 ad'sermlfsi).

1975 5415 2564 5494 (algoditnuncprimnm
2586 5435 2647 5472 ex
2665 5431 2838 5494 vetere
2862 5433 2941 5475 Ms.
2955 5431 3244 5494 illicbaelino,
3260 5449 3354 5494 quo
3371 5439 3417 5486 in
3437 5439 3488 5490 li-

1911 5476 2003 5562 bro
2014 5476 2122 5562 eum
2144 5477 2330 5562 duobus
2353 5476 2864 5562 hicnsubsmuentibus
3105 5476 3196 5545 ''s'i

1912 5537 2004 5612 sub
2017 5539 2371 5612 eodetntitulo,
2391 5551 2490 5612 ipe
2509 5537 2679 5595 titno're
2703 5537 2901 5596 Domini.
2915 5537 3098 5603 .5613};
3121 5537 3484 5612 atina."

1912 5599 1969 5646 ad
1985 5611 2097 5684 eurn
2136 5602 2294 5684 potius
2313 5599 2856 5684 pertinet-etractatum,
2876 5612 2956 5684 qui
2979 5599 3024 5658 in

1911 5671 2018 5722 cap.
2136 5660 2467 5746 recensetur,_
2541 5673 2609 5714 De
2651 5660 3058 5732 peregrinatione

1965 5721 2072 5782 qua:
2096 5722 2142 5772 in
2165 5721 2254 5772 hac
2276 5725 2371 5773 vita
2397 5721 2489 5775 .

1979 5799 2049 5864 (b)
2083 5803 2198 5854 \ide
2222 5817 2368 5854 serm.
2393 5807 2501 5867 306,
2522 5822 2602 5857 nn.
2622 5809 2670 5872 6,
2689 5809 2736 5861 7.
