3968 6442
550 410 684 466 1525

544 526 633 579 bet
660 520 878 576 delicias
905 510 1135 573 nondum
1164 523 1376 579 tenere;
1403 521 1454 566 et
1484 508 1604 563 ideo
1637 515 1727 577 per
1757 502 2133 575 eiturmusy'nas~

544 599 898 667 admonentur
918 596 1315 680 apprehendere
1340 621 1353 656 :
1387 606 1442 656 at
1462 603 1513 655 in
1538 598 1638 653 litie
1660 598 1894 680 audiant,
1929 593 2122 657 Venite,

546 696 789 759 benedicti
821 678 1125 767 manna,
1155 694 1394 771 perttpne
1422 702 1629 765 regnton
1651 691 1787 761 quod
1815 678 1949 743 vobis
1976 692 2128 759 pura-

547 804 654 850 tum
684 804 758 850 est
793 795 855 848 ab
880 792 1025 846 initio
1058 790 1233 845 mundi
1253 806 1274 845 :
1302 788 1484 843 esuriat
1511 785 1663 851 enim,
1695 793 1740 838 et
1765 777 1973 837 dedistis
1999 778 2125 833 mihi

546 887 867 944 manducare.
901 885 1031 939 Nam
1060 882 1180 952 quia
1202 881 1371 952 ipsum
1406 886 1625 948 regnum
1654 884 1851 931 aeterna
1874 873 1978 927 vita
2006 870 2125 938 est,

553 982 707 1051 paulo
739 989 855 1050 post
894 985 1283 1047 consequenter
1320 974 1462 1030 idem
1504 971 1758 1026 Dominus
1785 965 2017 1021 ostendit
2041 963 2128 1017 di-

545 1088 714 1126 c..-ns:
743 1069 898 1124 Ibunt
927 1070 1004 1123 illi
1028 1068 1080 1122 in
1108 1066 1499 1121 combustionem
1524 1072 1784 1126 (uernum,
1805 1059 1934 1130 justi
1964 1065 2132 1110 autem

549 1165 601 1216 in
632 1163 781 1216 vitam
804 1172 1042 1215 teternam
1069 1158 1281 1228 (Matth.
1314 1170 1446 1219 xxv,
1476 1155 1564 1219 54,
1594 1153 1683 1216 '55,
1715 1152 1827 1222 46).

619 1256 674 1310 2.
716 1248 1064 1325 Peregrinatio
1108 1264 1195 1321 per
1220 1250 1371 1319 [idem
1415 1248 1468 1301 in
1500 1246 1593 1299 lmc
1630 1246 1750 1298 vita.
1797 1244 1943 1297 nunc
1972 1238 2133 1295 vitam

552 1347 722 1405 donec
746 1343 1226 1417 apprehendamus,
1260 1339 1639 1413 peregrinatmtr
1668 1354 1699 1390 a
1722 1328 1943 1388 Damino
1966 1349 1984 1397 ;
2009 1350 2135 1404 quo-

554 1441 692 1493 niam
742 1448 832 1509 per
887 1436 1040 1507 ﬁdem
1082 1433 1430 1497 ambulamus,
1479 1445 1579 1484 non
1626 1444 1713 1499 per
1756 1429 1987 1498 speciem.
2044 1424 2138 1478 tlte

555 1532 750 1601 quippe
777 1530 884 1595 ait,
919 1518 1028 1598 Ego
1057 1541 1168 1581 sum
1197 1526 1306 1592 via,
1333 1524 1512 1576 veritas
1538 1524 1583 1574 el
1613 1521 1730 1573 vita.
1762 1516 1817 1571 In
1847 1517 1951 1571 ﬁde
1982 1515 2138 1570 nobis

558 1623 639 1677 via
666 1624 777 1686 est,
804 1620 855 1675 in
879 1618 1056 1689 specie
1081 1624 1258 1672 autem
1283 1615 1477 1669 veritas
1502 1620 1554 1668 et
1579 1613 1704 1666 Vita.
1745 1608 1980 1665 Videmus
2007 1616 2140 1661 nunc

558 1728 647 1781 per
674 1708 933 1781 speculum
961 1708 1012 1762 in
1046 1708 1312 1777 (enigmata
1330 1745 1344 1769 ,
1373 1712 1425 1759 et
1455 1703 1569 1757 inec
1591 1710 1675 1756 est
1701 1700 1831 1756 ﬁdes
1860 1717 1872 1755 :
1898 1708 2017 1752 tunc
2042 1704 2139 1751 aud

558 1811 657 1855 tem
684 1802 813 1873 facie
839 1801 908 1853 ad
935 1799 1114 1872 facient
1144 1799 1162 1871 (
1190 1799 1208 1853 l
1233 1797 1350 1852 Cor.
1379 1804 1472 1855 'xm
1496 1839 1511 1861 ,
1543 1794 1631 1865 ιε)
1650 1830 1665 1861 ,
1695 1802 1749 1849 et
1776 1793 1863 1848 illa
1891 1793 1991 1848 erit
2014 1805 2141 1861 8pm-

558 1894 690 1947 cies.
720 1891 849 1945 Item
877 1891 1024 1955 dicit,
1062 1889 1121 1943 In
1150 1889 1383 1944 interiore
1409 1888 1610 1942 homine
1637 1882 1861 1940 habitare
1887 1883 2142 1939 Christum

563 2000 652 2054 per
678 1980 830 2052 ﬁdem
854 1984 906 2036 in
925 1976 1159 2037 cordibus
1185 1981 1359 2033 vestris
1378 1997 1397 2032 :
1420 1979 1534 2034 haec
1553 1976 1634 2033 via
1661 1982 1762 2041 est,
1790 1975 1877 2032 ubi
1903 1991 1971 2032 ex
1997 1968 2145 2046 parte

563 2074 781 2130 scimus.
815 2072 919 2128 Sed
945 2071 1103 2141 paulo
1149 2079 1267 2140 post
1289 2068 1444 2137 dicit,
1472 2078 1770 2140 cognoscere
1795 2067 1944 2121 etiam
1972 2074 2149 2134 super-

565 2164 861 2218 eminentem
889 2163 1146 2217 scientiam
1169 2161 1426 2214 charitalis
1452 2158 1657 2225 Christi,
1675 2168 1731 2213 ut
1760 2157 2071 2229 impleamini
2096 2156 2148 2211 in

566 2272 763 2309 omnem
793 2254 1151 2325 plenitudinem
1184 2252 1276 2306 Dei
1306 2249 1518 2326 (Ephes.
1542 2266 1627 2314 tu,
1661 2249 1755 2316 l6,
1787 2246 1875 2317 17,
1905 2244 1995 2322 19)
2020 2267 2035 2302 :
2060 2242 2151 2303 illa

568 2346 670 2398 erit
698 2345 934 2413 species,
964 2342 1175 2413 quando
1203 2342 1253 2396 in
1286 2342 1384 2396 ista
1415 2341 1771 2411 plenitudine,
1799 2352 1920 2394 cum
1945 2334 2154 2393 venerit

526 2452 531 2457 ε
569 2436 710 2505 quod
760 2437 1052 2506 perrectum
1092 2443 1209 2497 εει,
1257 2432 1399 2502 quod
1454 2446 1519 2487 ex
1567 2438 1715 2501 parte
1760 2438 1843 2487 est
1887 2428 2158 2485 auferetur

570 2527 617 2595 (l
644 2526 758 2581 Cor.
790 2541 914 2592 χιιι,
946 2524 1058 2595 10).
1087 2524 1221 2578 Item
1248 2520 1406 2594 dicit,
1437 2519 1629 2578 Hormi
1657 2523 1790 2577 enim
1815 2522 1949 2586 estis,
1983 2530 2030 2577 et
2056 2521 2157 2575 vita

573 2626 735 2670 vestra
755 2613 1047 2669 abscondita
1072 2625 1144 2669 est
1166 2624 1277 2669 cum
1299 2611 1497 2671 Christo
1521 2615 1573 2667 in
1597 2611 1701 2667 Deo
1725 2628 1744 2667 :
1769 2611 1882 2668 haec
1903 2620 1985 2668 est
2005 2610 2154 2667 fides.

578 2708 782 2763 Deinde
805 2707 1095 2778 subiungit,
1125 2707 1252 2762 Cum
1280 2706 1512 2765 Christus
1535 2700 1826 2775 apparuerit
1845 2705 1947 2758 vita
1970 2714 2156 2771 vestra,

580 2808 697 2851 tunc
735 2808 781 2851 et
812 2808 898 2851 vos
935 2806 1047 2853 cum
1082 2796 1172 2851 illo
1201 2798 1507 2868 apparebitis
1546 2794 1599 2850 in
1622 2796 1787 2868 gloria
1817 2795 2030 2868 (Coloss.
2066 2810 2159 2863 tu,

581 2890 634 2945 ὅ.
664 2889 721 2959 4)
746 2906 757 2941 :
790 2888 875 2942 illa
903 2889 1005 2943 erit
1028 2869 1250 2958 species.
1284 2884 1422 2944 Dicit
1449 2898 1502 2945 et
1527 2889 1782 2953 Joannes,
1814 2880 2157 2955 Dilectissimi,

581 2997 712 3033 nunc
743 2981 858 3051 jam
885 2978 981 3050 lilii
1013 2980 1105 3033 Dei
1140 2996 1351 3047 sumus,
1394 2990 1440 3036 et
1482 2981 1707 3035 nondum
1746 2976 1986 3050 apparuit
2025 2981 2163 3050 quod

582 3072 768 3124 erimus
789 3087 808 3126 :
839 3073 953 3128 haec
988 3081 1070 3128 est
1096 3070 1248 3128 ﬁdes.
1279 3070 1480 3129 Deinde
1504 3072 1787 3138 subnectit,
1821 3072 2023 3128 Scimus
2047 3072 2165 3144 quia

583 3170 699 3215 cum
745 3164 1069 3233 apparuerit,
1096 3164 1283 3219 similes
1312 3164 1357 3218 ei
1375 3166 1558 3219 erimus
1579 3206 1593 3231 ,
1621 3165 1859 3235 quoniam
1893 3163 2167 3219 videbimus

583 3266 699 3307 enni
722 3250 869 3309 sicuti
894 3264 965 3309 est
993 3255 1035 3329 (1
1063 3255 1218 3310 Joan.
1250 3270 1330 3324 tu,
1360 3258 1396 3315 2
1424 3256 1443 3329 )
1469 3275 1483 3312 :
1517 3252 1603 3313 illa
1634 3257 1737 3313 erit
1760 3257 1986 3327 species.
2016 3257 2161 3325 Quo-

585 3346 726 3400 circa
757 3345 871 3415 ipse
909 3336 1182 3412 Dominus,
1211 3347 1301 3417 qui
1329 3349 1429 3412 ait,
1457 3340 1571 3418 Ego
1594 3360 1705 3402 sum
1730 3347 1811 3401 via
1838 3357 1886 3402 et
1911 3349 2091 3404 veritas
2117 3355 2167 3404 et

585 3436 708 3501 vita,
736 3449 858 3490 cum
886 3436 1189 3506 loqueretur
1213 3436 1279 3493 ad
1305 3432 1517 3495 Iudazos
1536 3478 1550 3503 ,
1580 3437 1719 3493 inter
1744 3452 1879 3508 quos
1905 3448 2058 3495 erant
2076 3439 2168 3510 qui

583 3525 693 3595 jam
725 3524 776 3580 in
803 3541 924 3582 eum
954 3522 1308 3595 crediderant,
1337 3527 1402 3582 ad
1434 3527 1576 3597 ipsos
1595 3528 1705 3598 jam
1740 3538 2015 3585 sermones
2043 3542 2171 3585 suos

589 3615 844 3687 dirigens,
868 3616 930 3672 Si
948 3619 1250 3683 manseritis,
1280 3619 1470 3689 inquit,
1492 3621 1545 3673 in
1567 3612 1710 3674 verba
1732 3636 1861 3687 meo,
1886 3632 1996 3674 vere
2015 3621 2168 3674 disci-

590 3708 699 3776 puli
727 3707 825 3760 mei
849 3708 1025 3773 eritis;
1050 3718 1095 3762 et
1124 3710 1429 3781 cognoscetis
1457 3711 1711 3765 veritatem
1730 3752 1744 3777 ,
1773 3720 1817 3763 et
1845 3712 2023 3765 veritas
2047 3708 2172 3764 libe-

596 3798 725 3853 rabit
762 3812 866 3852 vos.
894 3798 1009 3853 Jam
1039 3798 1125 3854 isti
1163 3798 1539 3856 crediderant:
1570 3814 1689 3856 nam
1720 3801 2055 3872 Et‘angelista
2098 3801 2176 3856 sic

595 3890 703 3956 ait,
733 3885 938 3945 Dicebat
959 3900 1126 3945 autem
1145 3890 1296 3946 Jesus
1317 3892 1385 3945 ad
1406 3909 1488 3947 eos
1509 3894 1595 3962 qui
1614 3894 1930 3948 crediderant
1949 3896 2002 3949 in
2027 3910 2138 3949 eum
2158 3910 2177 3948 :

594 3981 658 4037 Si
681 3983 962 4037 manseritis
986 3984 1035 4036 in
1064 3984 1207 4038 verbo
1236 3995 1374 4050 meo,
1405 3998 1517 4038 vere
1552 3986 1787 4056 discipuli
1816 3986 1913 4039 mei
1935 3987 2102 4051 eritis;
2131 3996 2178 4041 et

593 4074 902 4146 cognoscetis
930 4072 1217 4141 veritatem,
1257 4084 1303 4129 et
1345 4075 1524 4129 veritas
1566 4075 1793 4129 liberabit
1836 4088 1922 4131 vos
1998 4074 2174 4145 (Joan.

599 4182 691 4223 vut
713 4208 727 4230 ,
754 4162 843 4232 3|,
867 4165 979 4237 32).
1006 4166 1122 4223 Jam
1143 4178 1270 4237 ergo
1290 4167 1644 4233 crediderant,
1672 4178 1725 4223 et
1751 4171 1996 4236 tanquam
2023 4167 2073 4221 in
2096 4167 2178 4221 via

597 4260 649 4313 tu
680 4259 893 4313 Christo
932 4258 1203 4313 ambulare
1228 4258 1337 4328 jam
1374 4266 1664 4328 coeperant.
1711 4258 1963 4313 Hortatur
2003 4258 2180 4329 itaque

600 4351 719 4407 illos
747 4360 802 4405 ut
828 4350 1187 4421 permanendo
1211 4353 1541 4421 perveniant.
1567 4350 1682 4420 Quo
1711 4352 2047 4421 perveniant,
2078 4351 2178 4406 nisi

597 4443 665 4498 ad
699 4442 747 4498 id
778 4443 917 4513 quod
943 4444 1050 4510 ait,
1092 4443 1289 4499 Veritas
1320 4442 1549 4498 liberabit
1576 4445 1701 4498 vos?
1727 4443 1855 4510 Qua:
1890 4453 1971 4500 est
2000 4444 2085 4499 illa
2116 4444 2182 4497 Ii-

602 4535 824 4599 boratio,
858 4535 956 4590 nisi
987 4534 1054 4589 ab
1079 4535 1224 4590 omni
1254 4534 1606 4590 mutabilitate
1635 4536 1878 4591 vanitatis
1898 4576 1911 4598 ,
1941 4536 2007 4589 ab
2038 4535 2181 4590 omni

597 4608 938 4698 cert-nption‘e
980 4628 1358 4683 mortalitatis?
1403 4625 1543 4699 Ergo
1593 4628 1703 4698 ipsa
1750 4636 1833 4683 est
1871 4628 1976 4683 vita
2020 4644 2180 4693 vera,

601 4729 797 4774 mtcrna
825 4718 951 4785 vita,
985 4730 1140 4788 quam
1170 4717 1405 4773 nondum
1436 4717 1905 4789 apprehendimus,
1935 4718 2183 4789 quamditt

602 4811 877 4881 peregrina
886 4827 1002 4865 mur
1017 4826 1047 4864 a
1063 4808 1286 4865 Damino
1307 4827 1318 4862 :
1339 4810 1433 4866 sed
1449 4809 1828 4880 apprehensuri
1846 4825 2048 4877 sumus,
2062 4812 2185 4882 quia

602 4903 656 4956 in
686 4903 802 4971 ipso
825 4903 1046 4957 Domino
1073 4919 1168 4974 per
1188 4902 1343 4958 ﬁdem
1365 4903 1717 4968 ambulamus,
1743 4904 1786 4958 si
1814 4904 1865 4958 in
1886 4904 2001 4973 ejus
2020 4902 2186 4959 verbo

602 4995 1032 5051 constantissime
1068 5010 1459 5066 permanemus.
1489 4995 1622 5051 Nam
1648 4997 1938 5053 secundum
1964 4998 2015 5053 id
2047 4998 2187 5069 quod

604 5083 677 5140 ait
696 5126 711 5149 ,
741 5082 852 5157 Ego
877 5100 987 5141 sum
1016 5088 1094 5142 via
1117 5106 1135 5147 :
1159 5089 1448 5145 scentulum
1475 5088 1577 5145 hoc
1599 5090 1712 5157 ait,
1746 5091 1807 5147 Si
1833 5093 2114 5148 manseritis
2137 5093 2190 5147 in

604 5179 753 5231 uerbo
796 5193 927 5246 meo,
956 5194 1069 5231 vere
1102 5177 1337 5249 discipuli
1379 5180 1475 5233 mei
1507 5181 1665 5235 eritis.
1698 5181 1766 5235 Et
1802 5182 2091 5238 secundum
2136 5180 2188 5238 id

603 5266 746 5339 quod
777 5265 883 5332 ait,
911 5277 959 5324 et
985 5267 1168 5325 veritas
1193 5276 1238 5324 et
1265 5270 1407 5335 vita;
1435 5270 1726 5329 secundum
1754 5273 1858 5328 hoc
1881 5273 1987 5339 ait,
2028 5278 2076 5329 sl
2099 5286 2191 5329 co-

605 5362 855 5435 gnoscetis
882 5361 1140 5416 veritatem
1159 5400 1174 5427 ,
1202 5369 1247 5415 et
1272 5361 1450 5417 veritas
1477 5362 1704 5417 liberabit
1732 5380 1837 5419 vos.
1865 5363 1921 5419 In
1947 5365 2044 5419 bac
2063 5378 2190 5435 ergo

608 5454 1037 5527 percgrinatione
1066 5461 1123 5508 et
1154 5454 1208 5511 in
1238 5453 1338 5508 hac
1366 5453 1473 5516 via,
1507 5454 1558 5508 id
1587 5463 1669 5510 est
1694 5457 1743 5510 in
1775 5455 1899 5523 fide,
1942 5457 2067 5527 quid
2096 5471 2191 5510 vos

608 5548 896 5613 exhortor,
929 5544 1118 5603 fratres
1141 5587 1158 5614 ,
1189 5545 1288 5600 nisi
1319 5543 1493 5600 verbis
1529 5544 1767 5615 Apostoli
1793 5547 2050 5614 dicentis,
2085 5542 2194 5603 Has

609 5657 729 5717 ergo
752 5640 1108 5708 promissiones
1163 5636 1419 5705 habentes,
1451 5638 1754 5704 charissimi,
1782 5641 2077 5697 mandemus
2103 5658 2194 5695 nos

608 5730 672 5785 ab
699 5732 836 5784 omni
854 5730 1198 5799 inquinatione
1224 5730 1389 5784 carnis
1419 5738 1463 5782 et
1492 5728 1720 5797 spiritus,
1748 5728 2057 5799 perﬁcientes
2077 5749 2196 5785 san-

611 5820 963 5894 ctiﬁcctionem
1004 5821 1055 5876 in
1087 5823 1263 5878 timore
1305 5819 1511 5876 Domini
1553 5819 1620 5891 (Il
1650 5818 1765 5875 Cor.
1814 5838 1924 5890 ru,
1959 5821 2055 5892 l)?
2096 5821 2196 5891 Qui

1877 372 2238 442 AUGUSTINI
2278 370 2579 435 EPISCOPI

3676 374 3694 427 1
3707 375 3807 427 352-5

2230 494 2371 547 enim
2399 492 2570 548 lucem
2597 491 2739 547 illam
2769 488 3143 547 sincerissima;
3171 496 3328 559 atque
3363 488 3804 543 incommutabilis

2233 585 2488 647 veritatis,
2520 588 2803 653 anteanam
2829 580 3068 645 credant,
3095 574 3195 636 sibi
3218 588 3475 649 expetunt
3501 578 3804 642 ministrari,

2232 678 2352 727 cum
2382 678 2499 728 eam
2528 673 2770 728 contueri
2808 679 2918 727 non
2952 672 3155 742 positu
3190 670 3292 726 nisi
3326 682 3419 739 per
3458 667 3614 723 ﬁdem
3651 669 3811 724 cordo

2233 764 2488 821 mundata
2508 774 2521 829 ;'
2552 764 2697 819 Beati
2719 766 2859 820 enim
2878 764 3063 818 mundo
3079 763 3247 830 corde,
3267 758 3505 832 quaniam
3531 760 3629 831 ipsi
3655 758 3814 815 Deum

2233 855 2464 912 sidebant
2491 854 2702 926 (Manli.
2740 864 2793 920 ν,
2817 854 2871 924 8)
2904 872 2918 907 :
2949 854 3149 909 similes
3165 860 3289 907 sunt
3311 850 3616 906 hominibus
3635 850 3815 916 cmcis,

2233 947 2325 1018 qui
2353 952 2671 1015 Corporesm
2704 946 2878 1000 lucem
2898 946 3027 1000 solis
3052 945 3206 1000 istius
3232 943 3381 1013 prius
3402 941 3587 996 videre
3615 940 3817 997 deside-

2236 1046 2387 1104 rant,
2416 1042 2475 1094 ut
2511 1044 2540 1092 a
2578 1038 2815 1094 excitate
2856 1046 3139 1103 trahentur;
3179 1051 3302 1093 cum
3328 1042 3448 1093 eam
3490 1033 3669 1090 videre
3712 1042 3818 1088 non

2242 1132 2464 1200 possim,
2496 1128 2595 1185 nisi
2619 1136 2744 1185 ante
2766 1138 3043 1185 sanentur.

2665 1236 2895 1299 SERMO
2931 1228 3396 1311 CCCXLVtt‘pt).

2736 1328 2815 1390 De
2838 1336 3017 1389 timore
3042 1333 3155 1400 Dei,
3182 1349 3199 1388 ι
3230 1330 3328 1406 (ὁ).

2313 1448 2536 1506 CAPUT
2573 1448 2859 1505 PRIMUM.
2899 1477 2972 1488 -—
3007 1446 3059 1501 1.
3098 1445 3274 1500 Timor
3311 1443 3406 1500 Dei
3445 1441 3500 1499 in
3544 1441 3825 1512 Scripturis

2243 1557 2393 1607 quam
2419 1538 2589 1594 crebro
2609 1537 3002 1592 commendatus.
3022 1536 3181 1591 Multa
3199 1534 3373 1597 nobis,
3392 1533 3585 1589 fratres
3601 1576 3615 1598 ,
3640 1532 3706 1585 de
3735 1530 3824 1584 Dei

2247 1629 2437 1683 timore
2457 1637 2718 1699 praecepta
2741 1636 2888 1695 sunt,
2911 1635 2967 1683 ct
2991 1642 3147 1698 quam
3177 1626 3247 1681 sit
3272 1626 3400 1681 utile
3423 1625 3611 1679 timere
3637 1624 3822 1685 Dcunt,

2247 1719 2707 1775 innumerabiliter
2751 1717 2931 1774 divina
2976 1716 3185 1788 eloquia
3225 1722 3541 1771 sonuerunt.
3595 1706 3671 1768 Ex
3724 1725 3827 1781 qua

2251 1810 2515 1867 uberrima
2533 1810 2686 1879 copia
2706 1823 2871 1879 pauca
2895 1822 2979 1863 me
3001 1813 3536 1870 commemorantem,
3569 1813 3621 1857 et
3649 1794 3714 1856 ad
3742 1814 3825 1864 ca,

2252 1909 2505 1973 quantum
2528 1916 2627 1971 pro
2649 1898 2901 1970 temporis
2921 1897 3182 1954 brevitate
3204 1905 3446 1967 potuero,
3471 1893 3824 1948 disserentem

2253 1995 2481 2049 libenter
2506 1992 2789 2047 advertite.
2830 1990 2959 2059 Quis
2986 2006 3093 2045 non
3116 1989 3407 2059 sapientem
3442 2000 3499 2041 se
3526 1992 3647 2040 esse
3682 1984 3830 2037 latte-

2254 2095 2360 2152 tnr,
2410 2094 2502 2140 aut
2541 2086 2586 2139 si
2632 2084 2869 2138 nondum
2912 2090 3031 2150 est,
3071 2096 3192 2137 esse
3233 2068 3539 2136 desideret?
3565 2076 3669 2132 Sed
3702 2072 3825 2145 quid

2255 2179 2383 2233 dicit
2434 2177 2753 2248 Scriptura?
2816 2174 3029 2230 Initium
3093 2173 3355 2245 sapientia:
3417 2172 3567 2225 timor
3627 2164 3831 2219 Domini

2258 2267 2426 2340 (Psal.
2455 2283 2519 2323 cx
2538 2300 2555 2334 ,
2580 2265 2692 2339 10).
2721 2260 2887 2335 Quem
2916 2280 3021 2320 non
3053 2279 3275 2335 regnare
3301 2256 3561 2318 delectet?
3595 2252 3701 2314 Sed
3735 2264 3831 2312 au-

2258 2360 2464 2415 diamus
2507 2357 2633 2425 qttid
2676 2358 2730 2414 in
2767 2356 2979 2411 Psalmo
3018 2354 3249 2424 Spiritus
3277 2359 3491 2406 moneat
3533 2368 3546 2405 :
3580 2348 3645 2403 Et
3671 2364 3834 2409 nunc.

2224 2486 2235 2489 ι
2258 2468 2420 2521 rcges,
2440 2449 2729 2520 intelligite;
2747 2446 3036 2511 erudimini,
3058 2446 3145 2517 qui
3156 2444 3400 2515 judicatis
3423 2452 3603 2495 terram
3630 2456 3648 2493 :
3665 2440 3839 2493 servits

2261 2540 2481 2594 Domino
2510 2541 2562 2593 in
2593 2540 2787 2601 timore,
2812 2546 2857 2593 at
2882 2536 3102 2591 exultate
3120 2535 3166 2588 ei
3185 2551 3297 2587 cum
3322 2543 3534 2587 tremore
3556 2524 3729 2603 (Psal.
3763 2543 3796 2583 Il
3822 2565 3837 2589 ,

2265 2631 2353 2695 10,
2388 2627 2497 2702 li).
2540 2628 2690 2685 Unde
2716 2637 2769 2683 et
2790 2626 3073 2697 Apostolus
3099 2625 3229 2680 dicit
3259 2641 3272 2677 :
3302 2624 3428 2680 Cum
3459 2625 3638 2677 timore
3661 2631 3707 2674 et
3738 2628 3841 2673 tre-

2260 2738 2402 2775 more
2434 2728 2647 2774 vestram
2678 2718 2903 2787 ipsorum
2931 2716 3144 2772 salutem
3177 2714 3457 2784 operamini
3490 2704 3751 2781 (Philipp.
3772 2723 3805 2763 tt
3826 2745 3841 2769 ,

2268 2812 2381 2882 12).
2410 2811 2657 2881 Legimus
2680 2810 2841 2865 etiam
2868 2808 3125 2876 scriptum
3147 2848 3161 2869 ,
3186 2803 3479 2874 Concupisti
3503 2803 3801 2873 sapientiam
3827 2838 3841 2861 ,

2268 2920 2410 2960 serva
2431 2903 2719 2974 justitiam,
2747 2911 2794 2954 et
2820 2900 3069 2953 Dominus
3096 2897 3329 2969 pra'bebit
3352 2897 3495 2950 illam
3526 2894 3632 2949 tibi.
3661 2892 3848 2946 Multos

2271 2995 2414 3050 enim
2441 2993 2737 3062 reperimus
2776 2988 3259 3061 negligentissimos
3282 2986 3502 3056 justitite
3522 3026 3536 3051 ,
3568 2993 3621 3038 et
3654 2980 3848 3037 avidis—

2272 3088 2438 3142 simus
2458 3085 2753 3155 sapientum.
2773 3083 2880 3139 llos
2899 3082 3055 3138 docet
3073 3080 3345 3149 Scriptura
3367 3078 3543 3135 divina
3566 3073 3852 3147 pervenire
3904 3101 3907 3107 ε

2273 3192 2380 3232 non
2420 3190 2576 3247 posse
2603 3174 2669 3228 ad
2701 3173 2753 3228 id
2782 3173 2919 3244 quod
2955 3166 3245 3243 appetunt.
3273 3169 3373 3223 nisi
3416 3167 3681 3223 servando
3710 3160 3846 3232 quod

2274 3267 2567 3337 negligunt.
2600 3265 2760 3321 Serva
2779 3306 2794 3328 ,
2825 3264 3027 3333 inquit,
3047 3261 3301 3330 justitiam
3320 3302 3334 3324 ,
3375 3267 3422 3312 et
3449 3257 3685 3326 praebebit
3712 3253 3851 3308 illam

2275 3361 2363 3414 tibi
2393 3358 2664 3422 Dominus,
2690 3372 2846 3427 quam
2874 3353 3146 3423 concupisti
3168 3352 3488 3422 sapientiora.
3518 3349 3647 3415 Quis
3675 3354 3848 3401 autem

2276 3460 2487 3524 pctcst,
2530 3449 2631 3504 nisi
2674 3448 2841 3502 Deum
2888 3447 3107 3511 timeat,
3140 3457 3354 3498 servare
3386 3441 3690 3511 justitiam?
3721 3432 3854 3490 Dicit

2277 3543 2419 3597 enim
2448 3541 2554 3595 alio
2586 3540 2706 3595 loco
2729 3579 2745 3605 ,
2774 3537 2914 3591 Nam
2950 3535 3037 3608 qui
3061 3536 3169 3589 sine
3193 3535 3369 3588 timore
3395 3541 3504 3599 est,
3537 3548 3636 3584 non
3679 3524 3855 3599 poterit

2267 3632 2545 3704 justi/ﬁcari
2569 3629 2753 3703 (Eccli.
2781 3644 2818 3693 ι,
2848 3628 2935 3694 16,
2958 3628 3048 3692 55,
3070 3626 3185 3698 28).
3217 3626 3385 3684 Porro
3407 3626 3449 3677 si
3477 3618 3731 3678 Dominus
3752 3631 3855 3672 non

2279 3723 2483 3795 praebet
2507 3721 2843 3790 sapientiam,
2874 3718 2974 3772 nisi
3000 3714 3529 3784 servantijustitiam,
3562 3713 3652 3782 qui
3685 3717 3855 3764 autem

2282 3815 2397 3868 sine
2426 3813 2615 3868 timore
2634 3818 2717 3866 est
2735 3853 2750 3878 ,
2784 3825 2888 3865 non
2915 3808 3110 3878 pmerit
3126 3805 3404 3878 justiﬁcari
3434 3823 3447 3859 :
3475 3805 3767 3858 recurritur
3794 3795 3856 3850 ad

2282 3906 2425 3961 illam
2452 3903 2789 3970 sententiam,
2811 3901 3022 3959 Initium
3050 3899 3310 3970 sapientia:
3329 3898 3476 3950 timor
3494 3894 3718 3947 Domini.

2358 3990 2584 4052 CAPUT
2624 3994 2687 4048 11.
2716 3993 2865 4046 ——‘2.
2909 3990 3110 4047 Gradus
3147 4005 3179 4041 a
3220 3989 3396 4042 timore
3435 3986 3502 4039 ad
3541 3980 3857 4054 sapientiam.

2285 4087 2448 4142 Laius
2475 4087 2632 4140 etiam
2661 4085 2917 4155 prolviteta
2942 4097 3061 4135 cum
3088 4089 3290 4149 septem
3320 4078 3403 4132 illa
3427 4074 3701 4129 notissima
3722 4069 3858 4122 dona

2287 4174 2581 4247 spiritualia
2622 4170 3023 4231 commendaret
3045 4211 3058 4233 ,
3094 4168 3351 4236 incipiens
3379 4180 3407 4217 a
3438 4164 3693 4231 sapientia
3736 4170 3863 4231 per-

2286 4268 2432 4323 Venit
2465 4266 2531 4321 ad
2573 4266 2816 4320 timorem
2855 4262 2985 4325 Dei,
3014 4268 3263 4328 tauquam
3294 4256 3362 4311 de
3391 4254 3605 4310 sublimi
3636 4253 3863 4306 descen-

2287 4359 2421 4414 dens
2450 4357 2516 4415 ad
2558 4371 2686 4419 nos,
2724 4363 2786 4409 ut
2822 4368 2921 4409 nos
2959 4350 3176 4405 doceret
3215 4346 3525 4402 ascendere.
3568 4343 3699 4398 Inde
3741 4349 3866 4404 ergo

2288 4449 2472 4520 etrapit,
2491 4462 2597 4519 quo
2617 4445 2862 4499 volumus
2886 4440 3163 4511 pervenire
3186 4455 3199 4499 ;
3222 4447 3274 4493 et
3296 4436 3421 4492 illuc
3444 4434 3706 4504 pervenit,
3729 4427 3865 4481 unde

2289 4518 2545 4599 debemus
2572 4537 2823 4606 incipere.
2859 4532 3144 4603 Requiescct
3183 4530 3233 4583 in
3270 4544 3326 4583 eo
3350 4568 3366 4595 ,
3406 4525 3602 4595 inquit,
3642 4518 3865 4593 Spiritus

2291 4633 2387 4688 Dei
2405 4672 2419 4696 ,
2453 4629 2677 4700 Spiritus
2702 4626 2966 4695 sapientia:
2990 4634 3033 4676 et
3064 4620 3349 4675 intellectus
3370 4661 3384 4687 ,
3414 4618 3640 4687 Spiritus
3675 4606 3867 4667 consilii

2292 4736 2338 4782 el
2377 4720 2717 4796 fortitudinis,
2764 4718 2987 4787 Spiritus
3024 4714 3246 4771 scientia:
3281 4721 3326 4766 el
3364 4710 3592 4783 pietatis,
3646 4702 3868 4776 Spiritus

2293 4814 2486 4870 timoris
2521 4810 2725 4865 Domini
2757 4807 2909 4878 (Is-ai.
2942 4823 3017 4872 χι,
3048 4805 3112 4871 2,
3153 4804 3231 4873 5).
3269 4802 3418 4858 Sicut
3451 4814 3578 4869 ergo
3615 4799 3732 4859 ille.
3767 4803 3867 4843 Nl”

2294 4906 2589 4963 deliciendo
2607 4945 2622 4968 ,
2645 4902 2738 4958 sed
2759 4900 3001 4959 docendo
3020 4914 3048 4952 a
3070 4896 3325 4966 sapientia
3347 4908 3514 4962 usque
3535 4891 3600 4945 ad
3626 4891 3868 4949 timorem

2296 4999 2595 5062 descendit;
2623 4996 2702 5050 sic
2730 5009 2848 5060 nos,
2879 5008 2981 5047 non
3006 4985 3385 5060 superbiendo,
3416 4982 3510 5039 sed
3540 4968 3867 5062 proﬁciendi,

2297 5108 2328 5147 a
2358 5092 2545 5147 timore
2567 5057 2732 5158 usque
2757 5057 3161 5152 ad—sapienti'am
3185 5082 3395 5146 oportet
3421 5070 3731 5127 ascendere.
3758 5057 3873 5120 Ῑηίο

2298 5184 2425 5238 tium
2454 5181 2594 5236 euim
2620 5175 2879 5248 sapientia:
2904 5173 3053 5226 timor
3074 5167 3299 5222 Domini.
3329 5164 3444 5234 Ipsa
3469 5172 3552 5219 est
3576 5160 3718 5215 enim
3740 5163 3870 5248 eon-

2299 5272 2450 5329 vallis
2488 5246 2797 5341 plorationis
2816 5306 2831 5331 ,
2861 5264 3058 5332 de'qua
3089 5259 3328 5315 Psalmus
3356 5255 3488 5310 dicit
3507 5296 3522 5321 ,
3549 5246 3873 5309 Ascensiones

2299 5365 2353 5420 in
2373 5364 2524 5419 corde
2547 5364 2655 5435 ejus
2675 5357 2921 5431 disposuit
2944 5357 2998 5410 in
3026 5352 3255 5409 convalle
3280 5348 3596 5423 plorationis.
3619 5345 3723 5401 Per
3741 5348 3841 5391 con
3857 5360 3870 5369 -

2365 5521 2382 5544 ‘
2402 5515 2689 5571 mandatus
2704 5514 2884 5580 pariter
2906 5512 2975 5580 a_d_
2987 5523 3056 5563 ω.
3081 5509 3146 5562 cl.
3170 5522 3235 5558 ιιι.
3262 5516 3315 5560 et
3334 5507 3395 5558 ad
3417 5513 3517 5556 Am.
3542 5510 3616 5553 tu.
3644 5508 3746 5550 oar.
3765 5499 3873 5540 lov-

2363 5583 2438 5693 (α)
2469 5581 2608 5639 Alias,
2631 5575 2897 5627 de'sanctis
2921 5575 2996 5624 i7.
3082 5632 3083 5635 η
3540 5627 3550 5638 _
3692 5636 3701 5643 I
3796 5619 3807 5658 1

2366 5643 2417 5693 tb
2471 5651 2603 5692 Hunc
2625 5652 2653 5688 a
2675 5637 2797 5688 Beda
2820 5635 3015 5693 vulgato
3036 5633 3171 5684 citari
3189 5638 3389 5682 monent
3411 5626 3706 5693 Paristenses
3723 5623 3801 5693 (ἕξιν

2366 5622 2438 5696 ibi
2625 5622 2663 5688 εἶ
2671 5622 3021 5699 militum
3036 5632 3171 5699 citari
3189 5638 3389 5699 monent
3411 5622 3876 5699 Parisiensesgglg

3157 5676 3171 5682 ’
3179 5676 3651 5761 έῖιῖόἶςξᾟοώξὶφιλοιη

2309 5737 2564 5757 numam.
2598 5737 2848 5761 ...w...,,.,
2888 5737 2974 5747 ν..-
3001 5737 3135 5746 ...η
3179 5737 3251 5743 _--
3293 5737 3329 5742 _-
3521 5753 3529 5761 ι
3679 5737 3686 5744 _

2305 5768 2625 5830 fragmentum
2642 5777 2704 5830 es
2723 5772 2950 5830 sermone
2972 5758 3076 5830 illi,
3098 5754 3330 5830 deputati
3344 5750 3598 5830 immitti-8,
3624 5740 3748 5809 quod
3768 5737 3876 5785 ltuIC

2306 5816 2521 5883 ignium
2549 5834 2651 5877 erat
2677 5826 2721 5873 in
2749 5822 2890 5873 editis
2915 5830 3009 5870 Am.
3038 5826 3111 5871 Er.
3140 5828 3189 5868 et
3213 5816 3566 5866 rarisicusium.
