3996 6464
249 327 390 387 9523

229 455 424 515 vallem
454 444 648 517 quippe
677 441 946 498 humilitas
967 435 1316 509 signiﬁcatur.
1355 431 1484 502 Quis
1510 439 1597 488 est
1621 437 1799 486 autem

232 531 486 602 humilis,
515 535 613 590 nisi
643 535 836 591 timens
875 531 1070 594 Deum,
1096 536 1151 582 et
1185 541 1252 581 co
1294 524 1482 579 timore
1521 529 1804 577 conterens

235 644 332 687 cor
354 630 409 684 in
437 625 685 699 lacrymis
710 620 1061 680 confessionis
1089 625 1142 674 et
1170 612 1532 699 ptenitcntian?
1566 607 1807 699 Quiacor

235 717 508 774 contritum
525 693 572 770 et
592 714 909 769 humiliatum
931 709 1066 764 Deus
1090 724 1190 761 non
1209 705 1398 778 spernit
1425 693 1592 776 (Psal.
1617 716 1668 765 ι..
1694 693 1802 772 l9).

238 807 346 867 Sed
376 823 482 865 non
509 807 690 862 timeat
717 820 784 862 ne
804 805 856 860 in
877 801 1116 859 convalle
1137 805 1427 855 remaneat.
1453 795 1507 850 la
1529 795 1646 866 ipso
1665 792 1808 848 enim

239 901 402 956 corde
423 899 654 957 contrito
673 907 729 955 et
753 896 1050 962 humiliato,
1082 891 1223 964 quod
1256 890 1393 945 Deus
1421 903 1528 942 non
1565 884 1806 956 Spernit,

237 993 578 1048 escensiones
600 1005 695 1062 per
713 1003 848 1061 quas
867 991 919 1042 in
941 987 1086 1042 illum
1111 996 1469 1051 assurgamus,
1495 979 1608 1050 ipse
1627 977 1811 1048 tlispov

238 1085 365 1138 suit.
396 1067 532 1139 Nam
554 1083 625 1137 ita
649 1077 894 1138 Psalmus
920 1078 1048 1134 dicit
1071 1094 1085 1132 :
1109 1074 1439 1130 Ascensiones
1458 1072 1509 1126 in
1528 1071 1677 1127 corde
1699 1071 1810 1141 ejus

235 1175 484 1246 disposuit
505 1175 556 1228 in
586 1171 811 1228 convalle
835 1154 1131 1242 plarationii
1150 1207 1165 1230 ,
1194 1165 1246 1219 in
1268 1165 1432 1219 locum
1459 1180 1603 1234 quem
1629 1162 1806 1233 dispo-

234 1274 334 1319 suit
367 1262 536 1336 (Psal.
570 1277 805 1324 Lxxxnt,
838 1261 906 1323 6,
932 1260 1007 1328 7).
1044 1256 1140 1313 Ubi
1172 1255 1305 1309 fiunt
1337 1251 1714 1309 ascensiones?
1742 1249 1812 1304 In

231 1354 419 1418 crde,
451 1354 637 1423 inquit.
673 1351 777 1406 Sed
811 1349 950 1404 unde
982 1347 1378 1403 ascendendnm
1417 1344 1539 1401 est?
1563 1343 1756 1414 Utique
1779 1357 1810 1398 a

229 1445 477 1499 (‘Ullvallc
521 1442 848 1514 plorationis.
895 1441 967 1496 Et.
1001 1454 1108 1512 quo
1144 1437 1536 1496 ascendendum
1581 1435 1699 1492 est?
1744 1431 1811 1489 In

237 1531 426 1600 locum,
452 1534 639 1604 inquit,
661 1550 805 1604 quem
831 1532 1096 1602 disposuit.
1121 1531 1249 1598 Quis
1275 1530 1376 1586 istc
1397 1538 1480 1585 est
1499 1530 1646 1584 locus
1665 1570 1682 1595 ,
1709 1526 1811 1582 nisi

234 1625 429 1695 quietis
457 1634 510 1680 et
539 1625 684 1696 pacis
698 1624 726 1679 ?—
750 1623 822 1678 lbi
848 1624 991 1679 enim
1019 1632 1100 1677 est
1127 1621 1216 1675 illa
1246 1621 1386 1676 clara
1407 1659 1424 1687 ,
1457 1627 1511 1674 ct
1535 1634 1652 1689 qua:
1678 1634 1814 1672 nun-

235 1731 392 1784 qnam
424 1715 706 1770 marcescit
731 1714 1008 1784 sapientia.
1038 1711 1191 1769 Unde
1218 1711 1284 1767 ad
1312 1727 1409 1767 nos
1442 1711 1814 1766 exercitandns

235 1807 551 1876 quibusdam
581 1805 838 1860 doctrinre
882 1803 1132 1876 gradibus
1167 1802 1444 1859 descendit
1471 1803 1632 1858 Isaias
1664 1817 1693 1856 a
1725 1817 1812 1856 sa-

239 1901 436 1972 pientia
463 1914 630 1970 usque
656 1897 725 1952 ad
747 1896 1012 1964 timorem,
1043 1911 1072 1950 a
1103 1896 1222 1952 loco
1246 1895 1444 1950 scilicet
1477 1892 1815 1963 sempiterna:

238 1991 386 2064 pacis
409 2006 578 2061 usque
606 1989 673 2044 ad
704 1989 998 2046 convallem
1034 1985 1344 2058 temporalis
1381 1984 1694 2056 plorationis
1720 2000 1733 2036 :
1759 1993 1816 2038 ut

239 2097 340 2136 nos
379 2081 431 2136 in
472 2079 810 2136 confessione
847 2077 1174 2148 poenitentia:
1210 2075 1475 2141 dolendo,
1516 2073 1812 2145 gemenda,

240 2171 418 2228 ﬂendo
450 2213 466 2238 ,
511 2187 617 2226 non
664 2183 1036 2226 remaneamus
1082 2167 1136 2223 in
1186 2166 1372 2221 dolore
1425 2173 1478 2222 et
1519 2166 1726 2236 gemitu
1763 2175 1818 2222 et

241 2263 364 2318 fletu
390 2279 405 2328 ;
436 2261 530 2318 sed
572 2261 921 2316 ascendentes
960 2260 1028 2315 ah
1067 2259 1168 2314 ista
1205 2258 1450 2314 convalle
1488 2258 1541 2312 in
1582 2267 1817 2314 montem

239 2354 591 2425 spiritualem,
607 2353 694 2407 ubi
714 2353 905 2408 civitas
926 2359 1105 2406 sancta
1127 2349 1422 2404 Jerusalem
1446 2357 1616 2404 mater
1637 2357 1818 2404 nostra

240 2453 440 2500 a~tcrna
458 2441 672 2498 fundata
695 2450 800 2502 est,
821 2438 1239 2509 impcrturbabili
1262 2438 1441 2492 laetitia
1463 2437 1816 2506 perfruamur.

243 2536 382 2606 Ergo
404 2533 489 2589 ille
507 2548 628 2588 cum
651 2530 1034 2603 praeposuisset
1056 2528 1392 2598 sapientiam,
1417 2527 1595 2582 lumen
1616 2527 1821 2582 scilicet

243 2625 438 2684 mentis
473 2623 814 2688 indeticiens,
850 2621 1090 2690 adiunxit
1131 2619 1460 2676 intellecmm
1509 2635 1524 2673 :
1571 2629 1818 2690 tanquam

241 2716 600 2791 quaerentibus
639 2714 782 2773 unde
815 2714 882 2770 ad
910 2711 1224 2784 sapientiam
1259 2711 1565 2778 veniretur,
1597 2725 1820 2781 respou-

242 2810 397 2865 deret
421 2851 435 2873 ,
463 2809 546 2864 Ab
572 2807 875 2871 intellectu;
914 2805 1053 2860 unde
1078 2804 1144 2860 ad
1173 2804 1498 2860 intellectum
1521 2844 1538 2869 ,
1565 2803 1611 2858 A
1639 2802 1819 2857 consi-

243 2901 350 2964 lio;
373 2900 516 2956 unde
541 2899 606 2954 ad
631 2899 933 2964 consilium,
962 2898 1005 2952 A
1036 2895 1374 2960 fortitudine;
1406 2893 1548 2950 unde
1571 2893 1637 2948 ad
1669 2891 1822 2948 forti-

243 2993 510 3056 tudinem,
541 2993 580 3047 A
618 2991 873 3056 scicntia;
907 2990 1044 3046 unde
1072 2988 1140 3044 ad
1173 2987 1447 3044 scientiam
1469 3028 1485 3052 ,
1513 2987 1557 3041 A
1595 2987 1817 3056 pietate;

243 3086 387 3144 unde
420 3086 488 3142 ad
527 3086 807 3157 pietatem,
841 3086 880 3137 Λ
912 3084 1122 3138 timore.
1162 3081 1304 3152 Ergo
1342 3080 1408 3134 ad
1447 3079 1760 3148 sapientiam
1789 3091 1819 3132 a

246 3176 472 3242 timore;
503 3176 624 3246 quia
653 3174 854 3228 initium
879 3171 1143 3242 sapientiae
1180 3171 1329 3225 timor
1350 3169 1576 3224 Domini.
1607 3171 1651 3223 Α
1689 3183 1819 3222 con-

245 3267 382 3322 valle
405 3265 719 3337 plorationis
750 3279 914 3333 usque
940 3261 1008 3318 ad
1037 3269 1280 3316 montem
1301 3259 1466 3330 pacis.

315 3357 540 3415 CAPUT
580 3356 664 3411 lli.
687 3384 759 3398 -·
786 3356 837 3410 5.
870 3352 1072 3409 Gradus
1110 3368 1174 3407 ea:
1207 3349 1349 3406 Isaia
1385 3358 1575 3420 septem
1612 3365 1822 3420 compa-

244 3460 422 3505 rantur
436 3449 505 3503 ad
515 3458 628 3504 acte
649 3448 976 3502 beatitudines
999 3445 1354 3516 Evangelii.—
1369 3442 1513 3498 Beati
1529 3442 1668 3497 enim
1694 3457 1823 3510 pau-

245 3557 388 3611 peres
423 3540 640 3606 spiritu,
680 3539 924 3612 quoniam
952 3538 1176 3610 ipsorum
1215 3544 1288 3590 est
1331 3550 1539 3607 regnum
1581 3531 1824 3587 caelorum

247 3631 461 3701 (Matth.
485 3648 554 3699 v,
580 3631 655 3702 ὅ).
689 3631 790 3700 lpsi
818 3641 940 3686 sunt
986 3629 1038 3685 in
1078 3615 1320 3686 convalle
1349 3627 1615 3692 humiles,
1641 3625 1738 3694 ipsi
1770 3625 1822 3678 in

247 3733 505 3789 tremore,
519 3737 612 3777 cor
631 3721 920 3777 contritum
941 3730 992 3775 et
1016 3719 1344 3774 humiliatnm
1367 3731 1450 3772 sar
1460 3716 1666 3770 rilicant
1685 3715 1821 3770 Deo:

246 3814 389 3870 unde
408 3812 702 3871 ascendunt
729 3812 794 3867 ad
825 3813 1096 3882 pietatem,
1130 3818 1185 3864 nt
1219 3825 1324 3863 non
1348 3807 1607 3882 resistant
1631 3805 1824 3858 volun-

249 3905 342 3960 tati
372 3905 519 3974 ejus,
559 3904 672 3960 sive
706 3903 759 3958 in
795 3881 1132 3957 sermonibus
1169 3899 1284 3968 ejus
1305 3938 1321 3964 ,
1344 3881 1451 3952 'ubi
1482 3911 1586 3950 non
1613 3895 1826 3964 capiunt

245 4010 465 4052 sensum
509 3995 657 4062 eius;
703 3995 816 4050 sive
859 3993 910 4048 in
958 3992 1144 4046 ordine
1191 3992 1306 4059 ipso
1352 3999 1406 4044 et
1443 3986 1826 4059 gubernatione

246 4094 532 4152 creaturae,
555 4099 678 4139 cum
699 4084 951 4154 pleraque
974 4083 1126 4137 aliter
1147 4080 1412 4145 accidunt,
1438 4095 1593 4149 quam
1623 4076 1824 4148 privata

249 4177 488 4235 hominis
511 4176 756 4232 voluntas
784 4175 1021 4245 exposcit
1052 4193 1064 4228 :
1095 4174 1162 4230 ibi
1190 4174 1380 4244 quippe
1406 4172 1684 4227 dicendum
1714 4179 1789 4224 est
1807 4211 1826 4236 ,

259 4269 446 4324 Verum
484 4284 587 4322 non
613 4266 749 4338 quod
793 4283 883 4337 ego
927 4264 1074 4331 colo,
1121 4263 1210 4320 sed
1256 4263 1392 4336 quod
1431 4273 1485 4318 tu
1524 4271 1628 4326 ris.
1670 4262 1827 4317 Pater

254 4359 366 4432 (Id.
389 4374 536 4426 xxVI,
566 4357 679 4429 59).
704 4355 852 4412 Beati
875 4357 1016 4412 enim
1041 4356 1307 4421 mansueti,
1334 4353 1572 4426 quoniam
1600 4354 1698 4426 ipsi
1719 4354 1826 4408 lue-

250 4449 466 4505 reditate
502 4447 826 4518 possidebunt
863 4455 1048 4501 terram
1077 4444 1201 4518 (Id.
1234 4461 1266 4499 v
1288 4488 1303 4513 ,
1335 4444 1402 4516 4)
1441 4463 1454 4499 :
1485 4461 1589 4500 non
1633 4455 1826 4500 terr.an

252 4543 614 4606 morientium,
637 4541 731 4596 sed
761 4549 952 4596 terram
978 4540 1045 4596 de
1071 4555 1173 4610 qua
1198 4538 1398 4594 dictum
1424 4549 1528 4606 est,
1561 4537 1690 4609 Spes
1720 4555 1829 4592 mea

253 4651 306 4690 es
329 4644 402 4700 tu,
431 4633 595 4704 portio
617 4648 728 4686 mea
754 4631 806 4685 in
831 4641 962 4686 terra
981 4630 1249 4685 viventium
1280 4627 1449 4700 (Psal.
1478 4645 1624 4704 (ξιιμ,
1648 4628 1723 4701 6).
1749 4629 1829 4683 Ab

253 4723 356 4779 ista
389 4697 590 4793 quippe
632 4721 825 4792 pietate
856 4722 1198 4776 merebuntur
1223 4697 1460 4776 scientiae
1487 4697 1705 4791 gradum
1725 4761 1740 4786 ,
1771 4728 1833 4775 ut

255 4814 500 4870 noverint
539 4827 644 4867 non
679 4812 851 4866 solum
891 4811 1027 4865 mala
1069 4813 1457 4880 praeteritorum
1493 4821 1830 4884 peccatorum

254 4919 496 4970 suorum,
523 4903 590 4974 de
610 4903 802 4973 quibus
829 4903 880 4957 in
915 4901 1083 4971 primo
1105 4903 1269 4973 gradu
1301 4903 1625 4972 ptenitentite
1649 4903 1833 4960 dolore

255 4997 516 5052 fleverunt
533 5035 551 5063 ,
575 4993 668 5051 sed
698 4995 858 5051 etiam
887 4994 940 5049 in
965 5009 1070 5066 quo
1097 4995 1238 5052 malo
1273 4996 1379 5052 sint
1405 4995 1563 5066 huius
1590 4998 1832 5053 mortali-

257 5089 382 5144 tatis
406 5097 461 5144 et
483 5087 926 5160 peregrinationis
954 5102 983 5142 a
1014 5088 1261 5156 Domino,
1281 5089 1439 5145 etiam
1465 5104 1585 5146 cum
1606 5087 1835 5148 felicitas

257 5178 532 5234 smcularis
551 5176 770 5235 arridet.
790 5178 920 5234 Nam
948 5177 1067 5233 ideo
1088 5179 1345 5249 scriptum
1375 5190 1479 5247 est,
1500 5182 1599 5250 Qui
1627 5185 1837 5254 apponit

257 5272 554 5336 scientiam,
597 5273 807 5343 apponit
845 5281 892 5326 et
936 5272 1162 5326 dolorem
1206 5273 1225 5346 (
1244 5271 1410 5327 Eccle.
1445 5276 1650 5346 1,18).
1693 5277 1838 5332 Beati

256 5363 401 5417 enim
429 5363 671 5434 lugentes,
699 5362 934 5432 quoniam
960 5363 1058 5433 ipsi
1083 5365 1491 5418 consolabuntur.
1515 5365 1640 5423 [nde
1660 5383 1837 5432 assur-

259 5466 393 5526 gunt
424 5455 491 5510 ad
526 5453 887 5513 fortitudinem
908 5498 923 5518 ,
947 5466 1003 5509 ut
1028 5456 1257 5510 mundus
1281 5457 1359 5511 eis
1384 5459 1718 5530 crnciligatur
1736 5500 1751 5526 ,
1784 5470 1837 5515 et

263 5549 361 5617 ipsi
401 5545 632 5610 mundo,
675 5555 730 5598 ut
771 5545 821 5598 in
862 5545 1017 5614 hujus
1048 5546 1167 5599 vitm
1205 5548 1549 5616 perversitate
1580 5557 1635 5604 et
1663 5551 1834 5604 almu-

263 5638 441 5693 dantia
469 5636 756 5708 iniquitatis
789 5635 1020 5691 charitns
1051 5651 1153 5692 non
1187 5637 1530 5709 refrigescat;
1571 5640 1663 5694 sed
1700 5642 1838 5697 tole-

267 5739 412 5783 retur
447 5730 609 5783 fames
638 5716 855 5798 sitisque
882 5726 1098 5798 jnstitim
1120 5770 1132 5791 ,
1161 5728 1328 5784 donec
1359 5729 1420 5785 ad
1449 5716 1561 5799 ejus
1587 5734 1831 5793 saturita~

1562 313 1788 374 διὶΜο
1824 311 2182 370 CCCXLVIII.

3357 317 3378 370 l
3389 316 3521 372 526‘-

1916 437 2022 485 tem
2044 426 2289 484 veniatur
2315 427 2368 483 in
2398 424 2486 483 illa
2511 425 2912 483 immortalitate
2951 434 3254 481 sanctorum
3280 467 3293 492 ,
3322 437 3376 482 et
3399 443 3494 484 so-

1912 517 2103 576 cietate
2135 517 2480 591 Angelorum.
2511 517 2655 572 Beati
2679 517 2819 573 enim
2859 517 2944 588 qui
2977 519 3203 572 esuriant
3235 520 3284 572 et
3313 517 3492 576 sitiunt

1904 609 2158 680 justitiam
2180 650 2196 678 ,
2223 609 2461 679 quoniam
2484 608 2582 680 ipsi
2609 607 2968 663 saturabuntur
2997 601 3213 678 (lauit.
3235 625 3290 674 ν,
3319 605 3386 674 3',
3411 607 3492 682 6).

1913 701 2291 758 Verumtamen
2326 709 2543 772 prepter
2575 701 2993 772 inquietudinem
3025 702 3405 768 tentationnm,
3438 711 3505 756 εις

1913 791 2068 863 quod.
2103 792 2304 848 dictum
2337 800 2440 858 est,
2468 791 2559 848 γα
2597 790 2785 848 mundo
2829 791 2892 847 ab
2934 791 3318 866 scandatis-(Id.
3340 801 3504 860 xvnt,

1914 882 2014 954 7);
2039 883 2084 939 si
2123 899 2223 954 qua
2261 882 2398 938 forte
2427 881 2620 939 delicta
2650 883 2947 938 minutatim
2989 877 3275 955 furtimque
3309 885 3505 939 subreo.

1914 981 2080 1044 punt,
2111 973 2301 1044 quibus
2330 973 2560 1028 humana
2591 983 2992 1045 prmoccupatnr
3019 974 3329 1042 inﬁrmitas,
3363 982 3522 1028 εστι--

1914 1062 2088 1118 silium
2121 1059 2311 1119 deesse
2338 1078 2443 1118 non
2475 1058 2656 1119 debet.
2690 1058 2874 1135 Neque
2909 1065 3050 1120 enim
3079 1071 3282 1119 tantum
3321 1073 3519 1133 potest

1915 1154 1968 1211 in
1997 1154 2097 1211 ista
2119 1155 2332 1211 mortali
2362 1155 2467 1210 vita
2489 1155 2580 1212 ille
2603 1155 2923 1210 fortitudinis
2947 1154 3161 1226 gradus,
3185 1165 3242 1210 ut
3263 1155 3353 1224 qui
3376 1163 3497 1209 eum

1915 1245 2241 1301 astutissimo
2271 1245 2580 1301 adversario
2607 1247 2856 1301 continua
2892 1246 3183 1300 certatione
3223 1244 3457 1311 confligit
3482 1283 3496 1305 .

1914 1352 2019 1392 non
2057 1337 2342 1408 aliquando
2375 1335 2596 1392 feriatur
2627 1353 2640 1390 :
2672 1336 2900 1392 maxime
2929 1351 3025 1406 per
3051 1335 3371 1390 tentationes
3393 1334 3497 1386 liu-

1915 1446 2031 1501 guze
2050 1471 2065 1498 ,
2095 1429 2185 1486 ubi
2212 1431 2254 1484 si
2293 1431 2476 1486 dixerit
2508 1430 2617 1502 quis
2644 1429 2792 1501 fratri
2832 1445 2923 1483 suo
2944 1470 2959 1495 ,
3008 1426 3207 1492 Fatue;
3253 1443 3367 1480 reus
3404 1425 3508 1480 erit

1914 1522 2154 1593 gehennae
2179 1521 2326 1591 ignis.
2357 1519 2469 1592 (Id.
2501 1537 2555 1587 v,
2587 1515 2700 1591 Ἡ).
2730 1518 2882 1587 Quod
2908 1525 2992 1574 est
3019 1533 3148 1589 ergo
3175 1515 3453 1572 consilium
3479 1557 3494 1578 ,

1917 1611 2017 1666 nisi
2047 1611 2187 1682 quod
2214 1610 2466 1667 Dominus
2487 1605 2646 1676 dicit,
2674 1605 2922 1662 Dimittite
2943 1649 2958 1675 ,
2988 1617 3033 1661 et
3058 1607 3334 1660 dimittetur
3354 1604 3492 1658 vobis

1917 1703 2068 1774 (Luc.
2108 1719 2194 1768 vt,
2238 1697 2372 1774 37)?
2420 1701 2490 1756 Et
2528 1700 2650 1757 ideo
2686 1701 2822 1754 sicut
2860 1699 2913 1754 in
2951 1697 3204 1769 gradibus
3231 1701 3366 1767 quos
3405 1709 3500 1764 per

1917 1794 2104 1850 lsaiam
2130 1792 2404 1858 discimus,
2428 1792 2668 1862 quintum
2700 1799 2782 1846 est
2805 1786 3116 1853 consilium;
3140 1789 3218 1843 sic
3242 1787 3293 1841 in
3318 1786 3514 1841 Evanr.

1917 1884 2055 1953 gelio
2078 1883 2130 1938 in
2153 1882 2260 1939 illis
2283 1879 2623 1938 beatitudinis
2646 1877 2888 1935 laudibus
2909 1879 3092 1948 quinto
3119 1878 3237 1932 loco
3262 1878 3516 1946 ponitur.

1918 1973 2064 2029 Beati
2091 1972 2436 2028 misericordes
2455 2013 2470 2038 ,
2501 1970 2740 2043 quoniam
2765 1970 2861 2039 ipsi
2885 1968 3282 2024 misericordiam
3324 1982 3498 2020 conse«

1918 2072 2149 2135 queatur.
2190 2061 2384 2118 Sextus
2415 2069 2499 2116 est
2533 2059 2672 2132 apud
2705 2055 2894 2114 Isaiam
2934 2059 3232 2113 intellectus
3262 2074 3276 2112 :
3304 2056 3392 2110 nhi
3431 2056 3501 2111 ab

1920 2153 2062 2208 omni
2087 2151 2316 2207 falsitate
2343 2145 2570 2206 carnalis
2600 2149 2847 2203 vanitatis
2867 2146 3029 2203 corda
3066 2145 3406 2209 mundantur,
3441 2153 3502 2198 ut

1922 2258 2052 2314 pura
2080 2243 2302 2298 intentio
2323 2241 2579 2312 dirigatur
2606 2241 2657 2295 in
2687 2241 2868 2294 linem.
2894 2238 3183 2309 Propterea
3212 2247 3360 2291 sexto
3384 2238 3502 2292 loco

1921 2335 2078 2390 ctiam
2105 2334 2358 2388 Dominus
2387 2332 2539 2398 dixit,
2567 2330 2714 2385 Beati
2741 2329 2927 2384 ntundo
2953 2330 3119 2396 corde,
3144 2331 3378 2397 quoniam
3402 2329 3502 2398 ipsi

1923 2427 2088 2481 Deum
2114 2425 2350 2481 videbunt
2380 2417 2592 2496 (Matth.
2623 2440 2690 2490 ν,
2716 2423 2747 2477 7
2771 2464 2786 2490 ,
2823 2423 2903 2493 8).
2933 2422 3066 2478 Cum
3094 2438 3220 2477 vero
3247 2422 3312 2476 ad
3342 2422 3504 2477 tinem

1922 2525 2234 2589 perventum
2262 2514 2440 2581 fuerit,
2464 2514 2573 2584 jam
2601 2513 2913 2569 consistitur
2931 2552 2947 2577 ,
2969 2512 3080 2582 jam
3119 2512 3500 2583 requiescitur,

1917 2607 2028 2678 jam
2056 2621 2242 2663 secura
2269 2621 2400 2677 pace
2426 2601 2800 2676 triumphatur.
2825 2599 2894 2658 Et
2913 2603 3031 2674 quis
3059 2603 3198 2667 finis,
3227 2603 3326 2657 nisi
3358 2603 3503 2658 Deus

1922 2695 2204 2753 Christus?
2231 2688 2378 2750 Finis
2406 2693 2548 2750 enim
2571 2693 2692 2763 legis
2719 2692 2970 2754 Christus,
2995 2692 3064 2746 ad
3088 2693 3340 2764 justitiam
3366 2693 3504 2746 omni

1923 2785 2141 2841 credenti
2164 2784 2338 2858 (Rom.
2364 2799 2424 2852 ι,
2452 2783 2534 2855 4).
2559 2781 2626 2838 Ει
2651 2781 2908 2853 sapientia
2939 2781 3030 2836 Dei
3054 2782 3192 2851 quis,
3219 2782 3318 2836 nisi
3349 2782 3504 2836 Chri-

1924 2879 2075 2936 stus?
2109 2879 2176 2934 Et
2213 2878 2353 2934 ﬁlius
2390 2877 2484 2932 Dei
2521 2875 2676 2946 quis,
2703 2876 2804 2932 nisi
2836 2874 3118 2930 Christus?
3161 2875 3215 2929 In
3253 2876 3341 2928 illo
3380 2891 3506 2946 ergo

1925 2973 2213 3040 sapientes,
2245 2978 2299 3024 et
2328 2969 2380 3024 in
2413 2967 2505 3024 illo
2539 2961 2632 3023 [iiii
2661 2961 2753 3022 Dei
2781 2960 2944 3031 fumt,
2975 2965 3295 3036 quicumque
3327 2965 3454 3019 liunt
3489 2983 3502 3018 :

1924 3069 1980 3116 et
2007 3061 2122 3118 haec
2147 3070 2230 3118 est
2253 3075 2354 3131 pax
2381 3059 2536 3130 plena
2566 3067 2727 3129 atque
2756 3066 3031 3128 perpetua.
3060 3056 3185 3110 ideo
3219 3072 3340 3111 cum
3365 3058 3506 3126 apud

1926 3152 2116 3210 Isaiam
2143 3151 2214 3210 sit
2239 3151 2463 3222 septima
2483 3149 2746 3222 sapientia
2767 3164 2975 3203 sursum
3001 3162 3188 3203 versus
3215 3146 3508 3204 ascenden-

1849 3317 1860 3321 η
1927 3243 2112 3308 tibus,
2132 3240 2273 3297 unde
2299 3241 2464 3310 coepit
2493 3241 2607 3312 ipse
2642 3239 2709 3294 ad
2741 3254 2842 3294 nos
2872 3236 3114 3293 docendo
3149 3237 3504 3299 descendere;

1928 3334 2158 3405 septimo
2187 3333 2346 3389 etiam
2378 3332 2496 3388 loco
2526 3329 2786 3386 Dominus
2813 3331 2901 3400 qui
2943 3345 3040 3384 nos
3072 3329 3264 3399 erigit,
3297 3329 3471 3398 posuit
3491 3369 3506 3390 .

1925 3423 2070 3481 Beati
2090 3424 2312 3494 paciﬁci,
2338 3422 2578 3495 quoniam
2601 3421 2697 3492 ﬁlii
2729 3418 2824 3474 Dei
2851 3421 3178 3474 vocabuntur.
3214 3419 3319 3473 llas
3351 3419 3510 3490 igitur

1927 3516 2310 3586 promissioncs
2336 3512 2627 3577 habentes,
2657 3520 2713 3567 ct
2741 3511 2823 3566 his
2851 3509 3105 3582 gradibus
3131 3509 3412 3564 tendentes
3441 3507 3508 3563 ad

1929 3606 2207 3662 Dominum
2228 3645 2246 3672 ,
2269 3603 2446 3660 omnia
2487 3601 2672 3657 mundi
2715 3601 2870 3670 hujus
2909 3615 3097 3669 aspera
3131 3608 3182 3654 et
3213 3598 3343 3653 dura
3376 3599 3511 3653 tole-

1929 3710 2143 3762 remus,
2185 3709 2284 3749 nee
2323 3709 2422 3748 nos
2460 3692 2576 3761 ejus
2625 3691 2831 3761 frangat
2867 3690 3103 3754 saevitia,
3132 3703 3233 3760 qua
3273 3689 3410 3742 victa
3456 3689 3536 3745 in.

1929 3797 2128 3843 :cterna
2157 3799 2284 3856 pace
2314 3783 2681 3855 gaudebimus.
2715 3782 2795 3838 Ad
2836 3781 2940 3838 hoc
2978 3797 3076 3836 nos
3109 3782 3251 3838 enim
3278 3781 3388 3850 jam
3414 3780 3509 3836 de-

1931 3884 2228 3932 monstrato
2259 3875 2363 3930 fine
2388 3873 2701 3930 cohortatur
2726 3882 2912 3928 octava
2937 3873 3221 3940 sententia,
3255 3871 3401 3925 Beati
3426 3872 3514 3941 qui

1931 3967 2323 4038 persecutionem
2374 3964 2637 4035 patiuntur
2691 3972 2894 4035 prapter
2947 3963 3226 4028 iustitiam,
3275 3961 3534 4033 quoniam:

1932 4060 2158 4127 ipsorum
2187 4066 2258 4112 est
2287 4071 2498 4127 regnum
2523 4055 2762 4109 calorum
2791 4051 3001 4126 (Matth.
3034 4071 3085 4122 ν,
3117 4054 3170 4121 9,
3207 4051 3323 4124 10)..

2331 4140 2559 4205 SERMO
2596 4145 2927 4203 cccxmn
2955 4151 2971 4170 ο
2997 4147 3098 4217 (a).

2436 4238 2513 4298 De
2540 4241 2715 4293 timore
2739 4239 2854 4302 Dei,
2883 4257 2916 4295 ll
2948 4240 3043 4312 (ὁ).

2011 4331 2235 4388 CAPUT
2275 4327 2558 4387 PRIMUM.
2589 4360 2658 4372 ——
2685 4331 2736 4386 1.
2766 4329 2970 4386 Timore
3007 4329 3104 4386 Dei
3131 4331 3371 4403 fortitudo
3401 4350 3535 4389 vera

1932 4433 2271 4493 comparatur.
2318 4421 2489 4476 Timor
2533 4421 2777 4477 clraritate
2825 4423 3084 4494 pellendus
3139 4441 3238 4478 non
3277 4425 3512 4480 vanitate.

1933 4516 2047 4573 Non
2090 4513 2294 4581 dubito,
2339 4512 2671 4568 dilectissimi
2722 4511 2931 4578 fratres,
2978 4514 3191 4568 insitum
3221 4529 3342 4571 esse
3392 4531 3514 4572 cor-

1933 4607 2088 4662 dibus
2135 4604 2328 4660 vestris
2379 4601 2623 4659 timorem
2681 4603 2792 4662 Dei.
2829 4620 2934 4674 quo
2984 4605 3050 4659 ad
3087 4622 3266 4660 veram
3297 4615 3350 4660 et
3378 4608 3511 4662 soli-

1936 4699 2058 4755 dam
2085 4696 2449 4753 lortit'udiuem
2478 4695 2861 4766 perducamini.
2894 4698 3026 4750 Cum
3058 4697 3198 4750 enim
3241 4698 3393 4753 fortis
3424 4699 3514 4755 ille

1937 4791 2164 4854 dicatur,
2185 4789 2280 4859 qui
2311 4789 2579 4844 neminem
2609 4789 2790 4853 timet;
2824 4805 3072 4859 perverse
3107 4789 3255 4845 fortis
3284 4801 3408 4858 est,
3429 4795 3517 4864 qui

1938 4883 2114 4952 primo
2144 4881 2309 4936 Deum
2341 4895 2444 4934 non
2469 4880 2582 4934 vult
2611 4881 2817 4944 timere,
2846 4891 2904 4935 ut
2935 4882 3170 4936 timendo
3198 4883 3390 4949 audiat,
3420 4901 3513 4939 an-

1938 4972 2136 5028 diendo
2168 4971 2394 5041 diligat,
2436 4979 2491 5026 et
2530 4971 2800 5041 diligendo
2843 4987 2949 5025 non
2995 4973 3195 5028 timeat.
3227 4969 3376 5030 Tunc
3417 4977 3522 5032 erit

1940 5078 2068 5119 vere
2097 5060 2437 5128 fortissimus,
2465 5077 2570 5117 non
2599 5063 2832 5134 superba
2856 5062 3069 5128 duritia,
3099 5065 3192 5119 sed
3226 5080 3411 5122 si-cura
3438 5067 3524 5136 jn-

2004 5197 2023 5217 ‘
2040 5193 2329 5268 timendam
2349 5193 2406 5267 ad
2433 5193 2631 5268 eosdem
2653 5201 2760 5246 uss.
2791 5204 2844 5247 et
2873 5196 2985 5248 sua.
3013 5199 3058 5248 In
3081 5208 3308 5251 sermone
3337 5209 3522 5266 pucea-

1941 5257 2077 5306 denti
2099 5257 2240 5306 modo
2260 5256 2553 5318 designatos.
3337 5256 3352 5266 '
3435 5296 3444 5308 .

2006 5319 2079 5370 (al
2104 5317 2241 5370 Alias.
2267 5316 2332 5365 de
2353 5324 2591 5370 Tempore
2611 5317 2669 5370 3|;
2683 5318 2721 5368 ι.

2028 5319 2079 5382 a)
2104 5319 2241 5376 Alias,
2267 5319 2332 5365 de
2353 5324 2469 5368 't‘em
2489 5331 2591 5369 ore
2611 5319 2669 5370 3|;
2683 5319 2721 5368 ι.

2006 5319 2078 5440 ib)
2111 5380 2229 5450 citat
2248 5377 2412 5450 flor-ps
2431 5333 2635 5450 nom.
2679 5393 2744 5431 χι.
2763 5381 2855 5450 sed
2895 5384 3022 5436 hunc
3043 5395 3318 5450 sermonem
3337 5423 3349 5444 ,
3375 5385 3524 5449 quem

1947 5438 2241 5511 angustiam
2261 5440 2309 5511 in
2333 5439 2430 5511 line
2453 5438 2723 5511 longiorem
2744 5444 2884 5504 dide,
2925 5449 3168 5511 nescimus
3188 5457 3249 5511 an
3274 5438 3526 5511 integrum

1947 5501 2239 5576 hichaheas.
2258 5507 2400 5576 Certe
2418 5501 2568 5576 multo
2591 5505 2786 5555 brevior
2812 5501 2916 5576 erat
2939 5509 2986 5558 in
3014 5511 3144 5571 prius
3168 5510 3329 5576 editis,
3351 5501 3525 5576 isiqui~

1947 5562 2040 5635 has
2063 5561 2109 5611 id
2155 5569 2306 5635 totum
2329 5563 2665 5635 desidet-amr,
2710 5567 2984 5635 quodnam
3009 5561 3149 5632 caput
3189 5561 3527 5635 tendum-ab

1950 5625 2257 5694 isttsverbis,
2288 5641 2311 5669 ι
2333 5632 2627 5694 Quapropter
2652 5625 2876 5694 irrident“
2902 5639 3031 5686 sunt,
3057 5625 3078 5676 ἱ
3111 5639 3229 5694 eun,
3255 5644 3302 5678 η.
3329 5633 3359 5678 5
3375 5665 3390 5689 ,
3408 5625 3528 5684 con-

1950 5690 2150 5795 ἒίὖιξιῖἲτ.
2195 5693 2288 5735 Hoc
2327 5699 2416 5736 nos
2457 5690 2732 5738 restitutum
2781 5690 2903 5739 imus
2945 5705 3002 5740 ex
3054 5693 3206 5742 veteri
3248 5694 3410 5744 codice
3445 5695 3526 5745 Mi-

2017 5761 2070 5794 ,εξ
2111 5760 2186 5796 llO.
