3996 6450
541 350 677 407 ίδὲτ

539 460 704 519 stitia.
725 459 812 517 Sic
823 458 984 515 etiam
997 457 1246 526 scriptum
1259 461 1360 520 est,
1383 448 1555 505 Timor
1574 446 1797 510 Domini,
1825 464 1937 516 spes
1966 444 2114 509 [orti-

547 551 739 608 tudinis
754 546 937 622 (Prov.
959 561 1076 610 xxv,
1091 544 1203 616 26).
1222 541 1352 598 Cum
1373 540 1514 595 enim
1541 539 1756 593 timetur
1778 550 1930 606 paena
1955 549 2114 605 quam

548 642 804 707 minatur,
827 639 1047 695 discitur
1069 634 1234 690 amari
1260 631 1536 703 praemium
1557 628 1697 700 quod
1725 627 2033 698 pollicetur:
2057 638 2120 679 ac
2166 654 2169 657 -

549 732 630 789 sic
665 746 760 802 per
786 730 1026 784 timorem
1060 737 1234 796 preme
1270 723 1407 777 bona
1447 719 1552 773 vita
1583 718 1870 781 retinetur;
1902 730 1996 787 per
2020 713 2120 767 bo-

548 835 671 876 nam
702 819 861 873 vitam
888 808 1026 871 bona
1051 811 1374 868 conscientia
1408 816 1767 879 comparatur,
1807 813 1863 859 ut
1905 820 1998 873 per
2030 803 2124 856 bo-

548 925 673 967 nam
703 904 1082 962 conscientiam
1125 901 1267 956 nulla
1313 914 1468 970 pmna
1500 899 1763 951 timeatur.
1792 893 2126 963 Quapropter

547 1001 721 1058 discat
744 999 955 1063 timere,
984 993 1074 1067 qui
1104 1008 1207 1048 non
1233 992 1344 1047 vult
1371 990 1578 1045 timere.
1617 987 1794 1042 Discat
1820 985 1887 1039 ad
1918 995 2127 1056 tempus

555 1106 673 1148 esse
696 1089 975 1155 sollicitus,
997 1086 1087 1157 qui
1109 1099 1319 1155 semper
1344 1084 1455 1137 vult
1479 1096 1598 1137 esse
1621 1096 1857 1135 securus.
1889 1077 1960 1133 Ut
1982 1077 2125 1133 enim

552 1182 681 1236 dicit
705 1180 957 1242 Joannes,
997 1174 1173 1233 Timor
1212 1190 1313 1227 non
1339 1182 1408 1228 est
1434 1172 1484 1225 in
1511 1171 1773 1234 charitate,
1796 1167 1884 1221 sed
1909 1170 2128 1238 perfecta

554 1271 773 1326 citat-itas
816 1268 953 1338 {oras
983 1266 1130 1319 mittit
1156 1263 1379 1317 timorem
1408 1261 1467 1333 (l
1504 1259 1658 1314 Joan.
1706 1275 1780 1326 tv,
1826 1258 1892 1312 18
1915 1258 1953 1326 ).
1991 1256 2131 1310 Dixit

556 1376 705 1426 sane,
733 1370 788 1415 et
811 1358 1069 1413 veraciter
1096 1355 1250 1409 dixit.
1280 1353 1337 1409 Si
1365 1367 1492 1423 ergo
1510 1349 1709 1406 habere
1737 1365 1841 1403 non
1871 1348 1952 1402 vis
1979 1347 2133 1401 timo-

557 1466 692 1513 rem,
723 1448 871 1520 prius
896 1446 1015 1502 vide
1054 1453 1229 1500 utrum
1253 1444 1365 1515 jam
1402 1442 1687 1515 perfectam
1720 1440 1917 1495 habeas
1954 1437 2132 1493 chari-

557 1548 745 1603 tatem,
772 1552 890 1607 quae
917 1535 1059 1591 foras
1084 1534 1247 1589 mittit
1274 1533 1537 1587 timorem.
1579 1530 1633 1587 Si
1663 1546 1788 1584 vero
1827 1537 1951 1583 ante
1980 1528 2134 1583 istam

563 1626 947 1698 perfectionem
994 1625 1152 1679 timor
1193 1622 1507 1689 excluditur,
1540 1619 1786 1690 superbia
1832 1618 1996 1682 inflat,
2028 1632 2135 1672 non

564 1718 796 1775 charitas
821 1716 1065 1771 aedificat.
1105 1713 1237 1769 Nam
1282 1712 1422 1767 sicut
1461 1712 1513 1765 in
1550 1711 1687 1765 bona
1716 1707 2017 1763 valetudine
2056 1706 2136 1760 fa-

562 1826 678 1869 mes
706 1825 810 1865 non
839 1807 1067 1873 fastidio,
1086 1804 1181 1861 sed
1206 1804 1326 1860 cibo
1349 1803 1589 1873 pellitur;
1617 1804 1686 1855 ita
1714 1800 1766 1855 in
1794 1800 1934 1855 bona
1959 1807 2139 1853 mente

563 1901 724 1957 timor
748 1914 853 1953 non
883 1897 1139 1966 vanitate,
1166 1893 1262 1950 sed
1291 1892 1550 1949 charitate
1576 1889 1851 1959 pellendus
1876 1897 1977 1943 est.

633 1988 855 2048 CAPUT
897 1988 961 2043 ll.
986 2017 1058 2028 —
1083 1987 1139 2041 2.
1171 1984 1376 2039 Timore
1398 1998 1587 2049 carere,
1610 1998 1709 2053 qua
1734 1980 1998 2034 dilectione
2019 1992 2139 2030 con-

567 2083 746 2152 tingat,
761 2078 1144 2133 discutiendum.
1161 2076 1373 2131 Discute
1390 2074 1567 2143 itaque
1582 2070 1955 2127 conscientiam
1973 2077 2136 2131 tuam,

569 2172 809 2242 quisquis
838 2171 1026 2225 timere
1051 2169 1160 2239 jam
1192 2183 1297 2222 non
1335 2167 1435 2221 vis.
1465 2165 1581 2220 Noli
1622 2162 1956 2233 superficiem
1997 2173 2142 2214 eom-

569 2262 806 2332 palpare,
837 2258 1099 2315 descende
1126 2257 1177 2311 in
1206 2267 1277 2323 te,
1306 2263 1526 2327 penetra
1558 2252 1810 2308 interiora
1839 2250 2014 2307 cordis
2044 2248 2137 2303 tui.

570 2355 786 2411 Rimare
815 2352 1111 2422 diligenter,
1153 2360 1329 2403 utrum
1373 2347 1515 2402 nulla
1542 2345 1611 2400 ibi
1635 2358 1767 2398 vena
1790 2349 2042 2397 venenata
2066 2349 2144 2392 ta-

575 2445 786 2497 bificum
816 2456 1052 2496 amorem
1081 2439 1261 2493 smculi
1287 2426 1441 2506 sugat
1462 2442 1517 2489 et
1542 2434 1776 2497 sorbeat,
1796 2440 1971 2486 utrum
2000 2428 2142 2482 nulla

566 2533 797 2588 carnalis
838 2530 1126 2600 voluptatis
1176 2524 1440 2581 movearis
1484 2532 1538 2579 et
1578 2522 1804 2592 capiaris
1851 2518 2140 2583 illecebra,

569 2623 712 2676 nulla
740 2621 883 2676 inani
918 2618 1169 2690 jactantia
1218 2615 1453 2672 tumidus
1497 2612 1787 2678 extollaris,
1816 2600 1975 2666 nulla
2017 2625 2143 2665 cura

464 2705 475 2730 ⁵
572 2714 824 2770 vanitatis
849 2720 1113 2768 exmstues
1138 2729 1153 2767 :
1182 2709 1380 2764 audeas
1410 2706 1655 2764 nuntiare
1682 2719 1869 2774 purum
1900 2716 1962 2755 ac
1986 2702 2143 2771 liqui-

571 2808 699 2865 dum
742 2816 792 2862 te
824 2805 1005 2860 videre
1029 2846 1044 2871 ,
1083 2800 1335 2874 quidquid
1367 2799 1686 2857 latebrarum
1730 2796 1782 2848 in
1821 2792 2144 2851 conscientia

580 2897 949 2969 perscrutaris,
977 2911 1007 2949 a
1025 2895 1193 2959 factis,
1213 2909 1241 2947 a
1259 2892 1436 2959 dictis,
1454 2906 1483 2945 a
1503 2886 1906 2957 cogitationibus
1932 2885 2141 2955 pravis;

570 2990 617 3045 si
642 2988 752 3061 jam
778 2987 1065 3058 iniquitatis
1093 2983 1361 3055 diligentia
1392 2996 1496 3036 non
1531 2979 1743 3049 fatigat,
1783 2986 1956 3031 utrum
1984 2975 2147 3045 aequi-

572 3082 696 3136 tatis
721 3079 1035 3151 negligentia
1062 3077 1207 3131 nulla
1232 3074 1503 3143 subrepat.
1526 3071 1580 3126 Si
1609 3070 1723 3123 haec
1742 3067 1813 3121 ita
1838 3074 1980 3132 sunt,
2002 3074 2147 3119 recte

573 3170 791 3242 gaudes,
825 3170 993 3241 gaude
1020 3182 1141 3223 esse
1170 3176 1220 3220 te
1249 3165 1365 3219 sine
1396 3164 1606 3217 timore.
1635 3157 1933 3240 Excluserit
1968 3165 2146 3209 autem

570 3275 694 3314 eum
739 3257 971 3314 charitas
997 3256 1116 3321 Dei,
1158 3269 1316 3327 quem
1350 3251 1524 3321 diligis
1557 3265 1622 3303 ex
1650 3255 1760 3302 toto
1786 3244 1970 3311 corde,
1999 3252 2053 3299 et
2080 3259 2146 3298 ex

573 3357 681 3404 tota
710 3349 905 3416 anima,
934 3356 989 3402 et
1012 3362 1076 3401 ex
1105 3354 1212 3400 tota
1253 3352 1430 3401 mente
1460 3350 1566 3396 tua.
1613 3336 1914 3405 Excluserit
1940 3351 2063 3392 eum
2093 3345 2146 3390 et

573 3439 806 3494 Charitas
836 3438 1079 3508 proximi,
1107 3451 1264 3506 quem
1292 3434 1464 3504 diligis
1493 3442 1740 3504 tauquam
1773 3438 1823 3485 te
1852 3430 2021 3499 ipsum
2050 3445 2063 3482 :
2095 3438 2149 3483 et

573 3529 697 3586 ideo
725 3545 822 3601 pro
863 3530 954 3585 illo
995 3529 1208 3600 satagis,
1242 3534 1301 3581 ut
1345 3527 1503 3582 etiam
1548 3524 1661 3594 ipse
1706 3532 1880 3578 tecum
1926 3536 1992 3576 ex
2038 3529 2149 3575 toto

571 3620 752 3687 corde,
780 3635 845 3676 ex
872 3628 980 3674 tota
1008 3618 1214 3684 anima,
1247 3632 1312 3671 ex
1350 3624 1458 3672 tota
1502 3621 1681 3671 mente
1718 3612 1901 3681 diligat
1946 3610 2145 3675 Deum;

571 3714 695 3785 quia
726 3728 829 3766 non
860 3713 1013 3768 aliter
1044 3721 1188 3765 recte
1225 3708 1399 3779 diligis
1439 3716 1493 3762 et
1538 3715 1591 3761 te
1636 3705 1830 3776 ipsum,
1878 3703 1978 3758 nisi
2025 3702 2148 3777 quia

572 3806 652 3860 sic
676 3803 851 3873 diligis
873 3802 1059 3867 Deum,
1086 3809 1143 3854 ut
1163 3815 1267 3853 non
1293 3786 1570 3869 propterea
1597 3796 1772 3852 minus
1794 3809 1913 3849 eum
1937 3792 2147 3862 diligas.

573 3895 697 3969 quia
724 3893 1053 3949 converteris
1080 3892 1164 3946 vel
1192 3890 1259 3944 ad
1291 3898 1342 3944 te
1368 3888 1560 3958 ipsum.
1605 3885 1661 3941 Si
1689 3895 1864 3939 autem
1908 3883 2150 3953 quamvis

578 3986 716 4040 intra
749 3994 800 4041 te
826 3984 995 4053 ipsum
1027 3984 1168 4037 nulla
1194 3980 1418 4036 irritaris
1467 3977 1753 4052 cupiditate
1777 3977 1795 4008 ¹
1823 3975 2005 4045 (quod
2030 3976 2148 4046 qui-

574 4077 697 4131 dem
721 4075 787 4131 de
811 4091 869 4130 se
898 4074 1014 4144 quis
1043 4071 1235 4150 audeat
1258 4068 1505 4141 gloriari?
1529 4068 1570 4138 ),
1600 4076 1777 4121 tamen
1794 4064 1840 4120 si
1880 4073 1930 4120 tc
1974 4064 2147 4134 ipsum

575 4168 630 4221 in
662 4175 713 4222 te
742 4166 856 4236 ipso
881 4164 1078 4235 diligis,
1110 4171 1164 4218 et
1192 4163 1258 4217 de
1280 4170 1333 4216 te
1359 4160 1473 4230 ipso
1499 4158 1592 4213 tibi
1620 4158 1817 4227 places,
1848 4155 1949 4211 hoc
1975 4155 2145 4225 ipsum

574 4256 942 4317 vehementius
987 4255 1172 4309 timere
1222 4251 1420 4316 debes,
1465 4247 1587 4318 quia
1631 4245 1759 4301 nihil
1807 4244 1981 4300 times.
2032 4243 2145 4299 Non

576 4348 717 4402 enim
746 4360 1076 4416 quacumque
1118 4342 1402 4398 dilectione
1444 4338 1584 4393 foras
1629 4335 1918 4391 mittendus
1960 4341 2044 4390 est
2086 4335 2151 4388 ti-

578 4451 714 4499 mor,
741 4434 833 4489 sed
860 4442 1002 4488 recta
1031 4431 1313 4487 dilectione
1347 4442 1448 4499 qua
1479 4434 1586 4481 tota
1606 4427 1628 4457 '
1659 4425 1923 4495 diligimus
1960 4423 2149 4489 Deum,

578 4538 633 4582 et
661 4535 936 4597 propterea
968 4523 1286 4594 proximum,
1313 4530 1373 4574 ut
1400 4519 1478 4574 sic
1507 4527 1559 4572 et
1590 4517 1701 4586 ipse
1740 4515 1924 4585 diligat
1963 4514 2149 4589 Deum.

577 4620 649 4675 Se
678 4628 852 4672 autem
885 4615 937 4668 in
967 4628 1025 4668 se
1053 4613 1295 4681 diligere,
1326 4618 1379 4664 et
1408 4608 1507 4662 sibi
1547 4606 1780 4676 placere,
1810 4619 1915 4658 non
1944 4612 2026 4658 est
2058 4602 2148 4671 ju-

577 4708 735 4764 stitia:
759 4705 1008 4769 charitas,
1032 4701 1127 4757 sed
1154 4699 1417 4769 superbiae
1440 4696 1761 4752 vanitas.Ac
1782 4710 1875 4765 per
1895 4692 1998 4748 hoc
2018 4693 2152 4762 Apo-

578 4800 745 4855 stolus
762 4798 911 4868 .justa
939 4792 1355 4865 reprehensione
1380 4788 1639 4859 percussit
1663 4802 1721 4842 se
1746 4786 1891 4856 ipsos
1914 4793 2152 4839 amantes

574 4897 635 4943 et
656 4888 752 4943 sibi
777 4889 1042 4957 placentes
1062 4883 1081 4956 (
1103 4883 1145 4939 ll
1175 4883 1301 4936 Tim.
1331 4896 1410 4945 ιιι,
1444 4879 1584 4949 1ο5).
1608 4878 1844 4948 Perfecta
1866 4889 1995 4945 ergo
2024 4874 2150 4928 cha-

579 4979 703 5031 ritas
725 4981 860 5046 [oras
882 4976 1029 5029 mittit
1054 4975 1301 5028 timorem.
1328 4969 1435 5026 Sed
1460 4984 1523 5024 ea
1544 4966 1766 5022 dicenda
1792 4974 1872 5021 est
1897 4964 2148 5030 Charitas,

579 5083 699 5138 qua:
724 5081 827 5120 non
867 5074 949 5120 est
974 5066 1166 5119 vilitas.
1192 5062 1331 5132 Quid
1369 5069 1546 5114 autem
1591 5058 1749 5113 vilius
1791 5072 1947 5126 quam
1994 5056 2152 5109 homo

581 5158 697 5214 sine
723 5154 866 5211 beo?
894 5154 1035 5208 Ecce
1057 5153 1181 5223 quid
1205 5160 1369 5216 amat,
1400 5149 1491 5220 qui
1519 5163 1578 5204 se
1606 5148 1777 5217 ipsqu
1804 5162 1908 5200 nou
1939 5146 1990 5199 iu
2019 5145 2149 5209 Deo,

578 5248 675 5305 sed
706 5246 757 5300 in
783 5262 843 5302 se
871 5244 984 5312 ipso
1011 5249 1173 5295 amat.
1213 5242 1376 5296 Recte
1420 5239 1543 5293 huic
1578 5237 1790 5301 dicitur,
1834 5234 1959 5288 Noli
1995 5236 2153 5288 altum

579 5351 774 5407 sapere,
802 5332 892 5389 sed
918 5333 1035 5385 time
1059 5328 1234 5402 (Rom.
1260 5345 1337 5393 ιι,
1375 5327 1446 5382 20
1539 5326 1670 5395 Quia
1700 5325 1839 5379 enim
1870 5324 2035 5378 altum
2064 5338 2147 5377 sa.

582 5431 679 5502 pit,
706 5437 762 5485 et
786 5426 906 5481 ideo
935 5439 1038 5478 non
1069 5422 1249 5484 timet,
1278 5420 1460 5488 utique
1500 5418 1796 5487 perniciose
1836 5432 1940 5470 non
1985 5416 2151 5481 timet,

581 5519 671 5591 qui
698 5531 804 5573 non
832 5516 883 5570 in
907 5512 1077 5569 solido
1102 5509 1411 5571 collocatur,
1435 5507 1528 5562 sed
1555 5507 1680 5561 tlatu
1700 5505 1961 5576 superbim
1982 5506 2155 5561 venti-

646 5629 661 5661 ³
687 5623 992 5677 uichaelinus
1020 5628 1099 5675 Ms.
1120 5654 1136 5681 ,
1161 5624 1301 5670 extra
1322 5606 1368 5666 te
1398 5613 1552 5678 ipsum
1574 5612 1703 5663 nulla
1733 5614 1940 5665 irretiris
1965 5613 2153 5678 cupidi-

582 5696 1039 5816 ⁸ίᾶίῗιςιεειιιμιιηεοιιι
1056 5748 1222 5797 metite.
1262 5733 1276 5739 “

1773 331 1830 387 ς.
1872 321 2229 384 Αιλουδτεκι
2273 318 2569 377 ειτιδευρι

3661 325 3793 383 1521

2228 436 2382 490 latur.
2409 437 2589 507 Neque
2636 438 2814 493 mitis'
2846 448 2899 494 et
2944 441 3060 511 pius
3086 450 3188 509 est,
3217 442 3304 513 qui
3341 457 3402 499 se
3438 443 3608 514 ipsum
3648 445 3700 500 in
3740 457 3797 502 sc

2227 526 2343 597 ipso
2368 537 2510 582 amat
2537 538 2591 583 et
2619 528 2833 585 laudat:
2861 530 2957 586 sed
2999 531 3172 586 elatus
3213 541 3267 588 ct
3297 534 3466 602 ferox,
3515 551 3620 591 non
3652 546 3799 593 novit

2225 615 2427 685 dicere,
2453 615 2521 671 In
2547 617 2766 673 Domino
2796 621 3081 675 laudabitur
3099 624 3267 676 anima
3293 641 3441 691 mea;
3464 628 3671 681 audiant
3698 630 3797 682 mi-

2227 712 2319 773 tes,
2347 708 2754 778 etjucundentur
2782 710 2949 783 (Psal.
2984 728 3179 778 χχχιιι,
3208 715 3243 769 3
3262 715 3301 781 ).
3331 714 3475 783 Quid
3505 718 3646 772 enim
3677 718 3793 776 boni

2228 807 2390 863 amat,
2432 800 2519 869 qui
2546 799 2683 855 forte
2725 800 2824 856 hoc
2869 802 3037 871 ipsum
3070 814 3285 875 propter
3326 806 3427 860 hoc
3459 807 3632 876 ipsum
3659 821 3788 865 amnt

2230 889 2362 944 nihil
2389 890 2614 946 timere?
2642 891 2826 947 Potest
2865 895 3006 950 enim
3036 895 3139 951 hoc
3184 898 3280 952 sibi
3323 901 3661 968 persuadere,
3696 918 3795 960 nos

2233 980 2482 1045 sanitate,
2508 981 2600 1035 sed
2628 982 2974 1038 immanitate.
2994 985 3153 1041 Verbi
3178 988 3363 1057 gratia,
3391 1000 3472 1044 est
3496 991 3685 1061 aliquis
3709 1009 3805 1047 au-

2234 1070 2554 1135 dacissimus
2582 1073 2736 1141 latro,
2766 1085 2961 1145 quanto
2986 1092 3233 1147 perverse
3256 1080 3463 1149 fortior,
3491 1092 3634 1137 tumo
3662 1085 3805 1153 peri-

2234 1164 2414 1219 culose
2442 1165 2729 1231 crudelior,
2775 1168 2865 1238 qui
2918 1178 3131 1239 propter
3160 1170 3329 1241 ipsum
3372 1187 3609 1229 amorem
3652 1192 3807 1231 suum

2236 1269 2343 1325 quo
2371 1265 2514 1310 amat
2538 1256 2671 1312 nihil
2697 1258 2901 1326 timere,
2932 1261 3160 1331 iugentia
3192 1260 3422 1318 facinora
3453 1265 3719 1331 moliatur,
3748 1276 3809 1321 ut

2235 1349 2376 1418 quod
2402 1360 2545 1405 amat
2563 1362 2826 1420 exerceat,
2854 1363 2907 1409 et
2927 1356 3222 1412 exercendo
3242 1361 3549 1414 corroboret
3571 1377 3583 1413 :
3611 1371 3811 1431 quanto

2236 1440 2351 1506 ejus
2378 1440 2573 1497 fuerint
2614 1443 2812 1514 majora
2856 1446 3158 1510 commissa,
3205 1456 3349 1502 tanto
3391 1450 3559 1519 major
3578 1452 3679 1506 erit
3704 1468 3810 1508 non

2238 1530 2473 1586 timentis
2519 1533 2756 1587 audacia.
2803 1534 2918 1589 Non
2965 1536 3066 1592 hoc
3106 1553 3233 1608 ergo
3286 1554 3381 1608 pro
3438 1556 3628 1612 magno
3670 1543 3814 1597 bono

2239 1620 2521 1677 amandum
2548 1631 2629 1678 est
2652 1666 2664 1689 ,
2702 1624 2843 1695 quod
2872 1636 2926 1681 et
2968 1627 3018 1681 in
3066 1627 3279 1685 homine
3320 1632 3551 1699 pessimo
3585 1633 3810 1690 inveniri

2239 1722 2433 1783 potest.

2312 1804 2364 1857 5.
2405 1802 2642 1874 Epicurei
2670 1816 2716 1860 et
2744 1806 2902 1862 Stoici
2930 1825 3097 1863 carere
3123 1812 3298 1865 timore
3324 1822 3525 1880 amant,
3564 1815 3653 1868 sed
3697 1832 3814 1883 per-

2240 1911 2397 1950 verse.
2437 1896 2771 1967 Quapmpter
2794 1900 3046 1955 irridendi
3077 1915 3199 1957 sunt
3228 1903 3386 1974 hujus
3424 1907 3603 1961 mundi
3646 1907 3818 1976 philo-

2242 1985 2416 2055 sophi,
2447 2001 2551 2041 non
2578 1988 2747 2043 solum
2777 1990 3042 2059 Epicurei,
3070 1992 3161 2062 qui
3183 1994 3341 2050 etiam
3366 1996 3532 2064 ipsam
3556 1997 3815 2064 justitiam

2242 2080 2480 2133 venalem
2500 2079 2713 2146 habent,
2729 2083 2954 2135 carnalis
2968 2083 3138 2152 pretio
3154 2085 3454 2154 voluptatis.
3471 2086 3663 2141 Dicunt
3675 2090 3815 2142 enim

2244 2176 2523 2237 propterea
2563 2172 2877 2238 sapientem,
2901 2172 3101 2245 justum
3131 2188 3249 2228 esse
3277 2175 3492 2243 debere,
3521 2186 3577 2231 ut
3616 2178 3700 2232 νει
3730 2194 3820 2232 ac-

2244 2260 2437 2327 quirat,
2466 2259 2550 2314 vel
2581 2268 2757 2315 teneat
2785 2276 2850 2316 ex
2881 2277 3105 2332 corpore
3130 2263 3476 2333 voluptatem.
3515 2266 3645 2321 Nam
3676 2277 3730 2322 et
3766 2268 3817 2322 hi

2244 2349 2567 2404 fortissimos
2594 2366 2652 2405 se
2683 2353 2905 2419 jactant,
2946 2362 3000 2407 et
3026 2352 3156 2407 nihil
3182 2354 3399 2409 omnino
3431 2357 3615 2413 timere
3651 2374 3711 2412 se
3741 2360 3822 2413 di-

2247 2448 2372 2493 cunt
2396 2456 2409 2491 :
2443 2441 2563 2510 quia
2593 2456 2689 2495 nec
2712 2442 3002 2512 quidquam
3031 2443 3195 2498 Deum
3224 2459 3309 2499 res
3349 2440 3605 2501 humanas
3629 2462 3821 2504 curare

2246 2528 2591 2597 arbitrantur,
2616 2539 2668 2583 et
2691 2540 3001 2602 consumpta
3024 2532 3123 2587 ista
3143 2534 3247 2588 vita
3278 2535 3473 2590 nullam
3501 2548 3678 2606 postea
3704 2554 3822 2593 cre-

2249 2621 2379 2676 dunt
2407 2621 2670 2689 futuram;
2703 2630 2756 2678 et
2791 2625 2835 2678 si
2874 2624 2998 2693 quid
3034 2625 3113 2680 eis
3141 2625 3473 2681 adversitatis
3503 2629 3553 2681 in
3581 2628 3679 2682 hac
3709 2628 3821 2699 ipsa

2248 2712 2525 2783 contingit,
2551 2728 2617 2767 eo
2643 2728 2700 2768 se
2721 2714 2950 2768 munitos
2968 2714 3292 2785 existimant,
3320 2718 3440 2786 quia
3469 2721 3706 2787 corporis
3731 2735 3822 2773 vo-

2248 2803 2523 2873 luptatem,
2557 2819 2675 2859 cum
2705 2820 2819 2860 eam
2860 2807 2912 2860 in
2944 2806 3059 2876 ipso
3083 2822 3307 2877 corpore
3350 2819 3529 2864 tenere
3567 2828 3669 2864 non
3701 2826 3825 2880 pos-

2249 2902 2393 2958 sunt,
2418 2904 2639 2963 possunt
2662 2904 2834 2949 tamen
2863 2895 3039 2953 animo
3064 2898 3317 2968 cogitare,
3338 2909 3392 2954 et
3419 2915 3479 2953 ea
3504 2900 3824 2969 cogitatione

2251 2998 2370 3038 sese
2400 2983 2738 3052 obiectando,
2768 2987 3060 3055 corporalis
3096 2988 3380 3058 voluptatis
3418 2990 3823 3057 beatitudinem,

2249 3075 2411 3129 etiam
2440 3084 2621 3129 contra
2651 3078 2943 3147 corporalis
2985 3078 3184 3133 doloris
3231 3080 3485 3151 impetum
3531 3084 3823 3138 custodire.

2249 3171 2512 3241 Numquid
2542 3188 2647 3226 non
2679 3184 2733 3228 et
2757 3173 2894 3243 apud
2924 3174 3053 3229 istos
3074 3174 3292 3230 dilectio
3319 3175 3460 3231 foras
3487 3178 3643 3231 mittit
3669 3178 3826 3231 tirno-

2251 3262 2397 3317 rem?
2421 3262 2525 3317 Sed
2551 3262 2764 3317 dilecuu
2790 3264 3169 3319 sordidissima:
3196 3266 3502 3337 voluptatis,
3547 3268 3653 3322 imo
3679 3268 3816 3322 dile-

2251 3356 2356 3407 ctio
2387 3354 2705 3421 turpissimm
2729 3356 2995 3409 vanitatis.
3022 3356 3153 3410 Nam
3171 3372 3289 3412 cum
3310 3359 3475 3428 ipsam
3497 3359 3821 3428 voluptatem

2251 3443 2319 3498 de
2347 3444 2601 3499 membris
2638 3447 2876 3517 corporis
2919 3446 3127 3502 irruens
3170 3447 3323 3503 dolor
3365 3451 3687 3515 excluserit,
3731 3467 3826 3521 per

2253 3534 2438 3590 falsam
2465 3536 2578 3605 ejus
2608 3537 2899 3608 imaginem.
2918 3537 2969 3593 in
2999 3539 3175 3594 animo
3216 3542 3463 3596 vanitatis
3508 3543 3826 3596 remanebit.

2252 3634 2380 3701 Quae
2401 3634 2603 3688 vanitas
2630 3642 2829 3687 tantum
2851 3643 3079 3701 amatur,
3110 3642 3165 3688 ut
3187 3648 3308 3689 cum
3333 3650 3449 3689 eam
3476 3650 3641 3688 vanus
3666 3635 3828 3689 homo

2253 3728 2379 3783 totis
2403 3727 2605 3781 viribus
2633 3726 2808 3781 cordis
2833 3726 3189 3796 amplectitur,
3212 3727 3371 3780 etiam
3397 3726 3597 3781 doloris
3626 3727 3826 3780 suavitia

2252 3817 2538 3887 mitigetur.
2581 3816 2695 3871 Non
2744 3817 2913 3873 solum
2953 3831 3080 3887 ergo
3108 3819 3194 3872 isti
3235 3815 3512 3871 deridendi
3540 3826 3697 3881 sunt,
3730 3818 3828 3872 sed

2254 3911 2411 3969 etiam
2442 3911 2539 3980 ipsi
2567 3910 2749 3966 Stoici.
2795 3909 2925 3965 Nam
2954 3910 3068 3964 ista:
3096 3908 3214 3963 dum
3257 3916 3416 3963 secta:
3444 3909 3827 3984 Epicureorum

2254 4009 2311 4057 et
2331 4000 2653 4068 Stoicorum,
2682 4001 2815 4055 sicut
2844 4000 2897 4054 in
2923 3998 3301 4071 Apostolorum
3327 3999 3546 4054 Actibus
3582 4000 3826 4070 legimus,

2254 4090 2510 4145 adversus
2532 4091 2706 4145 lumen
2731 4090 2875 4144 Pauli
2899 4090 3064 4144 nostri
3087 4091 3257 4144 fumos
3284 4105 3409 4145 suos
3433 4105 3576 4145 ausa:
3601 4100 3723 4145 sunt
3739 4091 3830 4161 ja-

2254 4184 2441 4236 ctitare
2464 4181 2595 4253 (Act.
2612 4181 2856 4251 xvn,‘l8).
2876 4179 3006 4234 Nam
3028 4190 3082 4236 et
3096 4180 3256 4236 Stoici
3278 4195 3337 4235 se
3359 4179 3675 4235 fortissimos
3692 4198 3830 4251 pra:-

2255 4272 2450 4334 l‘erunt,
2478 4281 2531 4327 et
2559 4287 2664 4326 non
2695 4279 2910 4341 propter
2933 4271 3168 4338 corporis
3194 4270 3513 4339 voluptatem
3534 4310 3549 4337 ,
3581 4271 3674 4326 sed
3707 4288 3831 4342 pro-

2257 4374 2375 4434 pter
2395 4364 2554 4417 animi
2586 4363 2853 4425 virtutem,
2880 4361 3105 4431 idipsum
3133 4375 3239 4414 non
3265 4361 3454 4415 timere
3480 4371 3697 4431 propter
3722 4379 3827 4418 non

2258 4456 2447 4511 timere
2473 4452 2799 4519 custodiunt,
2831 4452 2994 4520 typho
3019 4449 3231 4521 turgidi,
3259 4458 3313 4505 et
3336 4464 3439 4505 non
3467 4450 3721 4520 sapientia
3750 4467 3831 4507 sa-

2256 4547 2387 4613 nati,
2420 4545 2513 4600 sed
2551 4559 2736 4599 errore
2765 4544 2958 4598 durati.
2993 4543 3068 4598 Eo
3109 4543 3301 4612 quippe
3331 4543 3504 4597 minus
3548 4544 3828 4613 minusque

2257 4636 2373 4691 sani
2410 4643 2554 4701 sunt,
2599 4650 2704 4704 quo
2731 4643 2988 4704 :rgrotum
3034 4635 3267 4690 animum
3310 4648 3340 4687 a
3381 4648 3439 4689 se
3480 4634 3609 4703 ipsis
3650 4637 3824 4689 sanari

2255 4740 2415 4799 posse
2456 4725 2817 4780 crediderunt.
2859 4724 3004 4780 lianc
3042 4734 3216 4780 autem
3267 4734 3450 4793 putant
3496 4739 3614 4778 esse
3663 4725 3823 4780 animi

2257 4820 2560 4881 sanitatem,
2587 4826 2767 4871 utnec
2797 4816 3037 4871 misereri
3073 4816 3245 4871 dicant
3282 4816 3476 4870 debere
3504 4813 3822 4883 sapientein.

2259 4908 2315 4963 Si
2342 4906 2482 4962 enim
2508 4906 2807 4970 miseretur,
2839 4906 3096 4976 inquiunt,
3121 4904 3263 4962 dolet
3290 4917 3307 4956 :
3334 4909 3470 4973 quod
3511 4916 3685 4959 autem
3725 4906 3820 4959 do-

2257 5002 2350 5067 let,
2382 5015 2567 5054 sanum
2596 5014 2701 5054 non
2733 5008 2835 5055 est.
2874 4998 2918 5054 0
2955 4999 3116 5053 stulta
3154 4996 3398 5055 ea-eitasl
3443 4996 3619 5062 Quid,
3671 4998 3714 5050 si
3762 5013 3825 5053 eo

2258 5095 2433 5149 minus
2460 5091 2626 5155 dolet,
2645 5107 2748 5162 quo
2769 5105 2953 5146 sanum
2975 5104 3078 5142 non
3108 5088 3220 5143 est?
3245 5088 3464 5142 interest
3484 5089 3624 5141 enim
3649 5098 3823 5139 utrum

2259 5184 2492 5258 perfecta
2517 5184 2742 5239 sanitate
2769 5197 2875 5237 non
2903 5181 3079 5235 doleat
3103 5197 3115 5232 :
3143 5180 3297 5247 quale
3321 5180 3419 5233 erit
3442 5192 3743 5231 sanctormtl
3773 5189 3824 5231 et

2257 5291 2451 5347 corpus
2478 5284 2532 5330 et
2558 5276 2765 5329 animus
2794 5272 2846 5326 in
2876 5269 3266 5324 resurrectione
3291 5279 3638 5329 mortuorum,
3668 5284 3823 5336 quam

2261 5367 2347 5422 isti
2391 5380 2497 5421 non
2524 5364 2775 5426 credunt;
2826 5360 2946 5430 quia
2991 5358 3228 5412 indoctos
3270 5357 3548 5425 magistros
3594 5356 3821 5420 habent,

2260 5471 2382 5513 cum
2408 5470 2466 5510 se
2494 5456 2637 5525 ipsos
2667 5451 2879 5506 habent.
2912 5449 3136 5503 Interest
3160 5463 3286 5517 ergo
3317 5457 3487 5500 utrum
3518 5447 3711 5515 aliquid
3743 5461 3822 5500 sa-

2322 5619 2338 5651 ί
2365 5618 2448 5668 Sic
2470 5610 2786 5663 Michaeliuus
2807 5609 2896 5660 Ms.
2921 5609 2982 5660 At
3004 5609 3122 5661 editi
3151 5623 3160 5657 :
3191 5607 3283 5667 Qui
3304 5605 3429 5657 enim
3451 5606 3599 5654 altum
3615 5604 3761 5664 sapit,
3783 5615 3823 5655 ct

2256 5679 2367 5745 ideo
2392 5688 2483 5787 ἴση
2500 5673 2649 5730 timet,
2665 5671 2824 5736 utique
2843 5670 3104 5735 perniciose
3126 5681 3217 5720 nm
3240 5671 3388 5724 timet.
3413 5669 3581 5727 Neque
3601 5668 3724 5717 enim
3744 5682 3807 5721 nu

2259 5748 2337 5791 tu.
2366 5751 2395 5787 e
2418 5749 2459 5785 ς.

2320 5776 2337 5801 ,
2367 5771 2459 5795 νμνι
