3996 6530
158 379 189 432 1
205 375 318 432 529

155 494 364 553 nitate,
391 502 460 541 an
488 495 707 554 stupore
733 497 838 537 non
861 479 1058 535 doleat.
1086 476 1218 532 Nam
1243 472 1536 530 secundum
1561 472 1753 527 sanita-

154 589 285 634 tem
318 577 478 646 hujus
504 556 996 629 mortalitatis‘saua
1022 583 1146 623 caro
1167 581 1288 622 cum
1316 564 1564 636 pungitur
1586 562 1754 617 dolet.

156 671 363 741 Qualis
392 678 474 723 est
498 676 554 723 et
576 666 787 721 animus
815 661 1104 718 secundum
1132 660 1285 714 istam
1317 658 1477 711 vitam
1517 656 1654 711 bene
1681 652 1761 708 af-

164 762 377 824 fectus,
406 759 493 829 qui
521 765 871 827 compunctus
912 752 1200 807 laborantis
1240 749 1472 813 miseria,
1504 745 1759 802 condole-

162 852 279 907 scit
309 848 699 905 misericordia.
725 846 862 900 Caro
890 853 1064 898 autem
1095 841 1337 912 graviore
1362 839 1549 892 morbo
1591 835 1757 904 stupi-

163 946 267 1012 da,
299 945 387 1000 vel
413 944 613 998 amisso
639 940 800 996 etiam
828 937 1015 1007 Spiritu
1044 944 1272 998 mortua,
1301 945 1400 985 nec
1426 944 1545 985 cum
1572 927 1761 998 pungi-

166 1048 266 1093 tur
292 1036 485 1092 dolet:
516 1033 686 1105 qualis
709 1043 793 1087 est
831 1030 1054 1085 istorum
1098 1026 1337 1088 animus,
1378 1023 1466 1093 qui
1509 1021 1627 1076 sine
1655 1021 1764 1074 Deo

167 1125 654 1200 philosophantur,
691 1122 774 1177 vel
806 1121 980 1190 potius
1020 1116 1390 1188 prrefocantur.
1432 1112 1580 1168 Sicut
1621 1109 1779 1167 enim.

168 1232 380 1288 corpus
415 1216 595 1270 animo
639 1212 952 1282 inspiratam
977 1250 992 1274 ,
1036 1209 1114 1263 sic
1157 1206 1268 1261 Deo
1310 1202 1599 1274 inspiratus
1650 1201 1765 1270 ipse

172 1311 396 1365 animus
424 1307 572 1362 vivit.
603 1304 834 1360 Videant
866 1315 995 1371 ergo
1022 1300 1145 1364 isti,
1179 1298 1266 1368 qui
1297 1311 1402 1351 non
1442 1295 1625 1351 dolent
1666 1307 1766 1349 nec

174 1401 394 1464 timent,
436 1412 505 1452 ne
535 1396 669 1450 forte
696 1408 801 1448 non
828 1392 935 1447 sint
960 1390 1096 1450 sani.
1126 1387 1221 1444 sed
1250 1386 1463 1441 mortui.

248 1488 482 1546 CAPUT
512 1487 600 1542 Ill.
630 1517 702 1527 —
726 1486 783 1540 4.
813 1483 988 1538 Timor
1005 1483 1059 1536 in
1080 1481 1365 1535 Christiano
1384 1519 1399 1541 ,
1422 1478 1553 1559 alias
1582 1476 1767 1547 paula-

174 1584 270 1637 tim
294 1579 593 1652 ejiciendus,
619 1578 758 1631 alius
787 1589 1161 1646 pet-mansurus.
1186 1571 1396 1625 Timeat
1416 1576 1593 1623 autem
1620 1567 1767 1621 chri-

174 1674 427 1737 stianus,
456 1680 737 1738 antequam
771 1665 999 1736 perfecta
1031 1663 1263 1718 charitas
1305 1664 1447 1714 foras
1487 1659 1660 1712 mittat
1700 1657 1768 1711 ti-

176 1778 396 1821 morem
422 1779 436 1815 :
460 1761 643 1816 credat
666 1766 720 1814 et
749 1756 1007 1825 intelligat
1032 1769 1090 1808 se
1117 1750 1441 1823 peregrinari
1463 1764 1493 1802 a
1521 1748 1766 1813 Domino,

173 1854 439 1925 quamdiu
460 1852 588 1905 vivit
614 1851 666 1904 in
697 1863 921 1917 corpore
950 1845 1093 1916 quod
1118 1842 1477 1912 corrumpitur
1500 1849 1555 1895 et
1579 1852 1793 1909 aggra-.

175 1954 271 1999 rat
310 1946 562 1998 animam.
607 1940 780 1997 Tanto
821 1939 997 1993 minor
1043 1936 1111 1991 sit
1156 1935 1334 1998 timor,
1364 1939 1562 2002 quanto
1602 1929 1771 1998 patria

174 2052 291 2106 qttu
338 2035 605 2089 tendimus
646 2033 884 2102 propior.
918 2029 1084 2097 Major
1109 2026 1252 2082 enim
1290 2026 1447 2080 timor
1469 2022 1628 2078 debet
1652 2035 1773 2076 esse

177 2126 633 2195 peregrinantium
654 2164 670 2188 ,
703 2125 876 2175 minor
904 2116 1374 2188 propinquantium
1395 2155 1410 2178 ,
1439 2112 1617 2167 nullus
1649 2126 1769 2181 per-

177 2214 536 2269 venientium.
567 2213 653 2267 Sic
691 2218 746 2264 ct
780 2210 938 2263 timor
978 2205 1220 2276 perducit
1242 2205 1306 2259 ad
1332 2202 1679 2266 charitatem,
1720 2208 1775 2255 et

183 2306 431 2374 perfecta
463 2301 691 2355 charitas
719 2300 859 2353 foras
885 2297 1049 2351 mittit
1074 2296 1339 2350 timorem.
1371 2293 1773 2347 Timeatautem

177 2394 507 2449 christianos
531 2433 545 2457 ,
578 2406 683 2444 nun
708 2403 801 2444 eos
829 2387 919 2457 qui
953 2398 1149 2454 corpus
1190 2383 1473 2445 occidunt,
1503 2389 1557 2435 et
1591 2390 1775 2449 postea

180 2502 295 2539 non
318 2485 515 2538 habent
548 2480 673 2551 quid
702 2480 897 2533 faciant
920 2494 934 2543 ;
954 2476 1048 2532 sed
1078 2490 1202 2530 eum
1230 2473 1321 2545 qui
1349 2472 1510 2527 habet
1539 2479 1775 2541 potesta-

182 2585 294 2629 tem
319 2584 371 2628 et
400 2587 594 2641 corpus
617 2579 670 2625 et
695 2568 928 2623 animam
955 2566 1009 2621 in
1048 2564 1345 2636 gehennam
1373 2561 1510 2633 ignis
1532 2559 1776 2616 occidere

183 2664 343 2735 (an.
375 2679 443 2716 xu
466 2706 479 2727 ,
507 2663 561 2726 ὁ,
591 2660 671 2730 5).
695 2659 792 2715 Est
812 2666 990 2712 autem
1016 2655 1153 2710 alius
1172 2654 1321 2708 timor
1341 2651 1566 2717 Domini,
1588 2658 1774 2715 castus,

188 2770 489 2826 permanens
532 2753 585 2806 in
631 2752 869 2806 saeculum
904 2748 1075 2804 πουιὶ
1109 2746 1280 2817 (Psal.
1314 2761 1441 2801 xvm
1464 2785 1479 2809 ,
1513 2744 1629 2815 10).
1658 2742 1776 2798 Non

192 2861 326 2916 ergo
352 2860 473 2897 eum
503 2840 737 2913 perfecta
762 2840 994 2894 Charitas
1021 2838 1161 2892 foras
1185 2836 1381 2903 mittit,
1409 2834 1645 2905 alioquin
1668 2849 1775 2888 non

191 2941 534 3005 permaneret
559 2932 609 2985 in
641 2930 895 2985 saeculum
922 2926 1100 2983 saaculi
1127 2944 1140 2979 :
1164 2940 1265 2981 nec
1289 2923 1486 2980 frustm
1505 2964 1520 2989 ,
1554 2937 1677 2978 cum
1698 2922 1779 2976 di-

188 3037 337 3081 ctum
361 3034 537 3088 esset,
570 3022 741 3075 Timor
769 3019 1005 3085 Domini,
1028 3016 1264 3072 additum
1286 3024 1370 3071 est
1395 3023 1595 3079 castus;
1620 3022 1779 3083 atque

192 3118 265 3172 ita
313 3115 655 3185 conjunctum
700 3121 817 3178 est,
864 3123 1160 3180 permanens
1202 3107 1255 3159 in
1300 3105 1540 3159 saxulum
1584 3104 1776 3158 swculi.

191 3210 239 3277 Q
262 3224 371 3262 :are
392 3249 407 3272 ,
436 3207 534 3260 nisi
563 3204 684 3275 quia
718 3204 806 3257 ille
828 3201 1007 3267 timor,
1036 3213 1195 3269 quem
1227 3196 1370 3251 foras
1395 3195 1628 3249 charitas
1655 3193 1780 3247 mit-

198 3303 258 3354 tit
281 3342 294 3363 ,
327 3307 605 3367 propterea
648 3293 832 3364 pungit
854 3291 1091 3345 animam
1109 3330 1123 3353 ,
1156 3302 1225 3343 ne
1249 3286 1521 3341 amittatur
1546 3282 1742 3353 aliquid
1762 3325 1777 3349 ,

192 3388 334 3460 quod
381 3388 432 3441 in
459 3394 699 3440 creatura
742 3381 1000 3451 diligitur,
1033 3379 1117 3433 vel
1149 3378 1261 3447 ipsa
1292 3376 1437 3431 salus
1476 3384 1532 3430 et
1564 3373 1783 3443 requies

193 3479 521 3549 corporalis,
554 3485 644 3529 aut
681 3471 876 3543 aliquid
904 3471 1011 3526 tale
1054 3477 1173 3539 post
1208 3467 1474 3523 mortem?
1494 3466 1779 3535 Propterea

199 3574 345 3625 enim
388 3570 641 3623 timentur
681 3575 735 3621 et
760 3563 901 3634 apud
947 3563 1145 3618 inferos
1172 3575 1348 3631 pasam
1392 3568 1447 3615 et
1481 3559 1693 3614 dolores
1719 3571 1784 3612 ac

197 3670 461 3718 tormenta
507 3660 890 3730 gehennarum.
941 3656 1073 3711 Cum
1122 3669 1249 3710 vero
1292 3662 1445 3709 cavet
1480 3652 1683 3715 anima,
1717 3666 1784 3705 ne

202 3756 345 3808 Deus
375 3752 515 3806 illam
537 3750 781 3805 desertus
802 3748 1040 3812 deserat,
1071 3746 1233 3801 timor
1256 3753 1340 3800 est
1367 3752 1545 3799 castus
1568 3757 1782 3813 perma-

199 3859 336 3898 acus
366 3844 418 3895 in
448 3841 700 3895 saeculum
728 3838 931 3895 sreculi.
955 3837 1031 3892 De
1067 3851 1173 3906 quo
1198 3835 1355 3889 latius
1387 3833 1621 3889 dicerem
1642 3873 1657 3899 ,
1683 3831 1785 3885 nisi

198 3950 376 3989 sermo
399 3934 508 4003 jam
536 3933 741 4001 longior
759 3939 815 3986 et
841 3930 975 3984 meis
994 3928 1251 3983 senilibus
1271 3926 1493 3993 viribus,
1520 3932 1576 3980 et
1595 3931 1785 3978 vestrae

198 4027 427 4082 fortasse
456 4021 688 4077 satietati
718 4033 939 4089 parcere
961 4025 1197 4088 cogeret.

630 4148 858 4206 SERMO
894 4146 1191 4204 CCCXLIX
1212 4149 1231 4170 ⁶
1261 4145 1355 4219 (a).

384 4266 459 4322 De
488 4265 741 4321 Charitata
762 4306 777 4329 ,
806 4272 854 4318 et
877 4262 940 4317 de
967 4277 1098 4317 careo
1123 4258 1428 4326 illuminato,
1461 4273 1478 4311 ι
1508 4254 1605 4328 (b).

272 4376 495 4432 CAPUT
528 4373 807 4430 PRIMUM.
836 4403 905 4412 —
934 4373 985 4427 1.
1016 4368 1249 4425 Charitas
1287 4369 1393 4422 alia
1431 4366 1602 4421 divina
1621 4406 1635 4429 ,
1684 4366 1789 4419 alia

208 4470 442 4522 humana.
491 4466 724 4521 Charitas
778 4464 1031 4530 humana,
1076 4462 1183 4515 alia
1226 4460 1396 4526 licita,
1440 4458 1544 4511 alia
1584 4456 1787 4511 illicita.

210 4561 284 4617 De
312 4558 569 4613 charitatc
600 4556 751 4611 nobis
776 4555 933 4624 paulo
970 4563 1095 4608 ante
1131 4550 1417 4623 Apostolus
1451 4548 1785 4619 loquebatur,

209 4666 326 4707 cum
353 4651 466 4720 ejus
506 4646 745 4717 Epistola
778 4646 1072 4715 legeretur:
1100 4652 1154 4699 et
1190 4658 1308 4698 eam
1336 4641 1489 4697 nobis
1529 4640 1607 4695 sic
1643 4654 1791 4695 com-

216 4744 490 4802 mendabat
514 4781 531 4806 ,
554 4749 611 4794 ut
632 4737 1050 4807 iutelligeremus
1078 4743 1272 4791 caetera
1300 4734 1478 4789 omnia
1499 4775 1514 4799 ,
1545 4731 1790 4803 quamvis

217 4852 399 4906 magna
436 4832 528 4888 Dei
566 4832 734 4895 dona,
759 4829 875 4883 sine
902 4828 988 4885 illa
1030 4826 1161 4882 nihil
1186 4824 1463 4897 prodesse.
1492 4821 1589 4878 Ubi
1612 4831 1790 4877 autem

216 4930 323 4998 ipsa
342 4934 446 4990 est,
469 4925 580 4979 sola
602 4937 721 4976 esse
744 4934 846 4973 non
868 4925 1059 4988 potest.
1085 4916 1150 4970 Et
1174 4932 1271 4971 nos
1292 4930 1420 4985 ergo
1446 4922 1636 4968 vestra:
1656 4913 1795 4967 Cha-

217 5017 351 5073 ritati
378 5027 679 5069 sermonem
707 5010 773 5065 de
795 5007 1056 5064 charitate
1083 5005 1387 5059 reddamus.
1423 5003 1664 5059 Charitas
1691 5000 1791 5055 alia

218 5119 297 5166 est
329 5107 504 5162 divina
528 5147 544 5172 ,
576 5104 677 5158 alia
710 5104 937 5156 humana
965 5117 977 5152 :
1003 5098 1101 5152 alia
1125 5104 1207 5152 est
1234 5095 1464 5151 humana
1487 5094 1625 5149 licita
1648 5135 1663 5158 ,
1691 5091 1792 5145 alia

218 5200 415 5257 illicita.
442 5197 517 5252 De
538 5196 623 5250 his
646 5209 774 5264 ergo
803 5191 971 5246 tribus
1000 5186 1345 5244 charitatibus
1373 5185 1460 5241 vel
1497 5182 1793 5239 dilectioni-

219 5293 340 5357 bus;
362 5290 469 5345 duo
485 5288 626 5343 enim
648 5284 859 5342 nomina
882 5281 1041 5335 habet
1062 5278 1198 5350 apud
1221 5276 1456 5342 Latinos,
1482 5291 1600 5345 qua:
1621 5288 1796 5345 graece

224 5390 377 5453 ἀγάπη
422 5382 647 5444 dicitur;
680 5376 822 5448 quod
868 5375 1121 5431 Dominus
1148 5370 1637 5428 donaveritdicam.
1672 5367 1797 5422 Haec

223 5491 343 5547 ergo
366 5474 536 5547 prima
556 5479 639 5525 est
663 5467 968 5524 distributio
994 5480 1109 5521 mea
1132 5506 1146 5530 ,
1170 5461 1307 5535 quod
1331 5460 1437 5515 dini
1455 5502 1469 5527 ,
1502 5459 1658 5514 aliam
1694 5457 1796 5512 lut-

284 5615 299 5637 '
322 5610 608 5664 Emendatus
628 5606 685 5656 ad
720 5602 781 5655 cl.
807 5604 884 5653 ch.
917 5608 968 5651 et
998 5601 1055 5650 ad
1083 5608 1180 5650 Am.
1217 5604 1289 5646 Er.
1316 5605 1414 5646 Par.
1440 5601 1547 5644 ων.

283 5677 353 5787 8i
639 5664 1069 5787 glewgﬁlgiap.
1097 5724 1145 5785 9,
1171 5730 1297 5773 nota!
1338 5719 1684 5772 adurhmtate
1711 5722 1797 5765 tre

305 5719 352 5796 Ιῖῖ
386 5719 619 5785 ξόὲέἱᾶἡιιε
640 5732 690 5780 in
715 5719 938 5787 tn'diculo,
968 5738 1069 5788 cap.
1097 5724 1145 5785 9,
1171 5730 1297 5773 notat
1338 5719 1684 5772 r.rlurharitate
1711 5722 1789 5765 trs

228 5809 373 5852 eum.
394 5799 532 5849 duos.
564 5805 582 5840 ι

1532 358 1763 417 SERMO
1799 356 2113 416 CCCXLIX.

3311 368 3453 425 9530

1865 486 2097 537 manam,
2124 470 2280 526 aliam
2310 472 2541 530 divinam
2574 490 2694 533 esse
2717 475 3035 534 charitatem
3061 496 3074 533 :
3099 479 3449 552 eamdemque

1864 560 2151 615 humanam
2179 562 2231 616 in
2258 562 2365 619 duo
2390 564 2666 630 distribui,
2696 566 2837 637 quod
2878 568 2979 622 alia
3025 570 3095 624 sit
3140 569 3282 625 licita
3302 612 3319 637 ,
3348 572 3449 625 alia

1866 651 2070 707 illicita.
2099 652 2254 707 Prius
2280 669 2408 723 ergo
2433 654 2623 725 loquor
2643 656 2710 711 de
2732 656 2960 712 humana
2986 658 3126 713 licita
3144 701 3159 726 ,
3193 676 3312 730 qua:
3345 678 3448 714 nutt

1865 742 2273 812 reprehenditur
2295 760 2308 796 :
2332 745 2525 801 deinde
2545 746 2613 802 de
2628 747 2857 802 humana
2873 749 3072 816 illicita,
3096 768 3212 820 qua:
3230 751 3419 805 damna
3434 786 3451 796 -

1870 844 1992 890 tur:
2022 836 2180 889 tertio
2222 836 2290 891 de
2338 836 2511 891 divina
2534 878 2548 903 ,
2573 854 2690 907 qm:
2735 854 2833 894 nos
2854 840 3092 909 perducit
3113 841 3179 894 ad
3205 858 3451 911 regnum.

1938 927 2164 983 CAPUT
2194 928 2256 982 ΙΙ.
2297 958 2371 969 -
2410 929 2465 982 2.
2500 930 2576 983 De
2627 931 2849 985 humana
2897 932 3143 986 charitate
3191 932 3350 986 licita.
3384 932 3454 989 L‘t

1869 1034 1998 1090 ergo
2026 1019 2259 1074 breviter
2289 1020 2551 1076 insinuem
2573 1062 2588 1087 ,
2620 1022 2763 1077 licita
2805 1031 2889 1077 est
2919 1024 3145 1077 humana
3184 1024 3416 1079 charitas
3440 1064 3455 1088 ,

1869 1124 1973 1179 qua
2018 1112 2155 1165 uxor
2203 1110 2472 1181 diligitur;
2501 1112 2712 1176 illicita,
2744 1128 2847 1182 qua
2890 1115 3143 1169 meretrix
3191 1115 3275 1169 vel
3323 1131 3451 1168 υκαι

1871 1200 2064 1255 aliena.
2096 1199 2151 1255 In
2189 1200 2306 1255 foro
2345 1201 2490 1256 enim
2523 1210 2579 1257 et
2617 1203 2806 1271 plateis
2845 1206 3014 1273 magis
3054 1205 3196 1259 licita
3226 1196 3465 1259 charitas

1870 1290 2105 1361 diligitur
2130 1307 2287 1362 quam
2330 1294 2585 1349 meretrix
2618 1296 2633 1326 ¹
2661 1313 2673 1348 :
2700 1295 2752 1349 in
2792 1294 2954 1349 domo
2997 1296 3121 1360 Dei,
3156 1298 3206 1350 iu
3251 1297 3452 1367 templo

1874 1381 2082 1447 Dei,in
2131 1383 2346 1439 civitate
2385 1383 2618 1452 Christi,
2660 1384 2711 1439 in
2756 1400 2982 1453 corpore
3027 1386 3265 1450 Christi,
3295 1387 3453 1440 etiam

1871 1472 2169 1527 meretricis
2199 1488 2352 1527 amor
2376 1473 2442 1527 ad
2470 1473 2742 1544 gehennas
2774 1486 3040 1530 amantem
3070 1476 3329 1545 perducit.
3364 1475 3455 1529 Li-

1872 1564 2032 1619 citam
2058 1579 2186 1635 ergo
2221 1564 2532 1622 charitatem
2563 1566 2789 1622 habete:
2818 1567 3048 1622 humana
3087 1577 3198 1631 est;
3230 1569 3321 1623 sed
3343 1611 3359 1635 ,
3392 1580 3451 1622 ut

1873 1654 2015 1719 dixi,
2042 1656 2185 1712 licita
2224 1666 2325 1712 est.
2370 1657 2485 1712 Non
2534 1658 2707 1712 solum
2751 1667 2926 1713 autem
2975 1660 3043 1713 ita
3076 1659 3215 1713 licita
3256 1670 3365 1723 est,
3399 1670 3459 1712 ut

1874 1748 2229 1802 concedatur:
2254 1748 2350 1803 sed
2388 1748 2462 1803 ita
2498 1749 2637 1803 licita
2658 1791 2674 1816 ,
2707 1758 2765 1804 ut
2803 1751 2846 1805 si
2874 1750 3135 1815 defuerit,
3164 1752 3460 1821 repreheng

1875 1836 2049 1891 datur.
2080 1837 2261 1894 Liceat
2284 1839 2433 1894 vobis
2462 1841 2690 1894 humana
2721 1840 2977 1895 charitate
3007 1841 3226 1911 diligere
3253 1843 3444 1912 conju-

1875 1946 1969 2000 ges
1991 1971 2005 1996 ,
2026 1930 2247 2001 diligere
2274 1931 2412 1986 ﬁlios
2431 1972 2447 1998 ,
2478 1933 2696 2002 diligere
2729 1934 2931 1987 amicos
2955 1946 3160 1988 vestros
3181 1975 3197 2000 ,
3230 1933 3454 2002 diligere

1876 2023 2020 2077 cives
2044 2032 2272 2077 vestros.
2297 2023 2486 2093 omnia
2506 2025 2648 2078 enim
2675 2025 2772 2078 ista
2802 2025 3016 2078 nomina
3050 2025 3249 2079 habent
3274 2040 3460 2081 neces-

1877 2112 2125 2167 situdinis
2154 2112 2455 2176 vinculum,
2484 2124 2540 2169 et
2574 2114 2756 2183 gluten
2782 2114 3011 2184 quodam
3041 2114 3199 2169 modo
3224 2114 3459 2170 charita-

1879 2206 1967 2259 tis.
1998 2204 2101 2259 Sed
2142 2204 2332 2260 videtis
2370 2204 2525 2259 istam
2568 2205 2879 2261 charitatem
2918 2221 3039 2262 esse
3079 2221 3235 2275 posse
3273 2215 3326 2259 et
3366 2207 3461 2259 im-

1879 2298 2108 2366 piorum,
2127 2296 2178 2350 id
2207 2304 2309 2361 est,
2332 2295 2685 2366 Paganorum.
2708 2296 3036 2359 Judazorum,
3066 2296 3456 2351 luercticorum.

1879 2389 2009 2455 Quis
2044 2388 2185 2443 enim
2212 2403 2394 2442 eorum
2424 2402 2529 2442 non
2566 2397 2709 2442 amat
2748 2404 2970 2444 uxorem
2994 2430 3009 2454 ,
3038 2390 3202 2453 ﬁlios,
3235 2390 3422 2444 fratres
3441 2430 3458 2453 ,

1882 2479 2115 2542 vicinos,
2149 2478 2371 2543 affines,
2420 2479 2657 2545 amicos,
2707 2480 2839 2533 etc.?
2870 2480 2996 2534 llam
3048 2496 3177 2549 ergo
3232 2481 3461 2535 humana

1880 2576 1983 2623 est.
2005 2567 2061 2621 Si
2096 2581 2223 2638 ergo
2253 2567 2343 2621 tali
2383 2567 2608 2637 quisque
2635 2568 2951 2623 crudelitate
2991 2568 3227 2632 ellcrtur,
3254 2580 3310 2624 ut
3345 2586 3466 2639 pcr-

1881 2660 1970 2715 dat
2018 2657 2178 2717 etiam
2223 2658 2512 2714 humanum
2561 2659 2867 2715 dilectionis
2911 2661 3197 2727 allectum,
3252 2672 3306 2716 et
3359 2678 3463 2715 non

1881 2762 2025 2807 amet
2048 2752 2185 2807 filios
2219 2766 2344 2806 suos
2366 2792 2379 2815 ,
2407 2760 2465 2806 et
2502 2767 2607 2806 non
2648 2762 2792 2807 amet
2829 2752 3109 2823 conjugem
3148 2769 3333 2817 suam;
3367 2768 3466 2808 nec

1882 2843 2019 2898 inter
2047 2842 2290 2897 homines
2316 2841 2678 2896 numerandus
2707 2850 2812 2897 est.
2845 2842 2960 2896 Non
2991 2843 3133 2898 enim
3174 2843 3467 2897 laudandus

1882 2942 1965 2988 est
1987 2933 2077 3002 qui
2118 2940 2260 2985 amat
2286 2932 2422 2986 lilios
2450 2945 2609 2997 suos;
2635 2931 2729 2985 sed
2756 2931 3087 2986 damnandus
3125 2941 3207 2986 est
3238 2933 3325 3002 qui
3358 2948 3462 2986 non

1882 3035 2025 3079 amat
2066 3024 2221 3079 lilios.
2254 3024 2444 3078 Adhuc
2471 3024 2614 3077 enim
2645 3023 2821 3078 videat
2855 3039 2973 3079 cum
3005 3024 3200 3094 quibus
3234 3024 3394 3079 debet
3418 3026 3467 3079 ei

1883 3131 2005 3173 esse
2043 3115 2258 3170 dilectio
2297 3115 2395 3168 ista
2426 3116 2743 3169 communis.
2789 3116 2982 3169 Amant
3012 3115 3149 3168 illius
3193 3124 3247 3168 et
3294 3114 3466 3169 ferar:

1862 3215 2064 3261 amant
2101 3205 2239 3260 ﬁlios
2278 3204 2523 3273 aspides,
2554 3215 2736 3258 amant
2765 3204 2901 3259 filios
2932 3204 3175 3274 tigrides,
3199 3213 3379 3258 amant
3408 3204 3471 3258 li-

1886 3300 1991 3353 lios
2016 3300 2217 3353 leones.
2243 3297 2396 3351 Nulla
2419 3297 2561 3352 enim
2583 3297 2750 3351 bestia
2772 3306 2882 3362 est,
2910 3312 3028 3365 qua:
3062 3312 3167 3350 non
3209 3295 3333 3350 filiis
3359 3299 3472 3350 suis

1887 3390 2079 3445 blande
2101 3390 2493 3444 immurmuret.
2521 3388 2653 3443 Nam
2684 3404 2803 3443 cum
2831 3396 3030 3442 terreat
3056 3387 3318 3451 homines,
3352 3403 3473 3456 par-

1885 3482 2039 3537 vulos
2067 3480 2228 3536 fovet.
2260 3480 2459 3536 Fremit
2498 3480 2582 3535 leo
2622 3480 2673 3534 in
2704 3480 2852 3533 silvis
2874 3520 2888 3544 ,
2922 3489 2979 3533 ut
3006 3495 3163 3534 nemo
3195 3489 3427 3534 transeat
3455 3497 3467 3531 :

1886 3582 2051 3628 intrat
2093 3573 2149 3628 in
2187 3573 2524 3643 speluncam,
2554 3571 2643 3627 ubi
2687 3571 2845 3625 habet
2892 3570 3028 3626 filios
3073 3585 3226 3632 suos,
3258 3586 3470 3625 onmem

1889 3665 2090 3719 rabiem
2120 3663 2342 3717 feritatis
2384 3663 2617 3732 exponit.
2648 3662 2803 3716 Foris
2830 3677 2946 3715 eam
2993 3661 3172 3730 ponit,
3200 3676 3317 3714 cuni
3359 3661 3471 3729 ipsa

1891 3770 1996 3809 non
2026 3753 2336 3824 ingreditur.
2367 3754 2507 3822 Ergo
2535 3754 2622 3821 qui
2664 3767 2769 3806 non
2813 3760 2955 3805 amat
2993 3752 3130 3807 ﬁlios
3159 3766 3284 3805 suos
3308 3752 3469 3806 etiam

1891 3844 2046 3900 leone
2073 3843 2223 3912 pejor
2265 3852 2367 3898 est.
2397 3843 2637 3896 llumana
2666 3852 2790 3897 sunt
2816 3842 2947 3907 ista,
2977 3851 3030 3897 et
3056 3842 3192 3895 licita
3223 3850 3364 3896 sunt.

1960 3934 2183 3991 CAPUT
2208 3934 2294 3989 Ill.
2317 3965 2386 3973 —
2413 3935 2465 3990 5.
2495 3933 2573 3987 De
2592 3934 2766 3987 illicito
2794 3949 2982 3987 amore.
3007 3932 3238 3987 Membra
3258 3933 3467 3986 Christi.

1894 4027 2140 4084 lllicitum
2189 4042 2424 4082 amorem
2476 4034 2681 4082 cavete.
2715 4026 2950 4081 Membra
2993 4023 3185 4080 Christi
3230 4026 3388 4086 estis,
3419 4033 3476 4079 et

1892 4135 2087 4189 corpus
2111 4118 2304 4174 Christi
2332 4118 2481 4173 estis.
2498 4116 2691 4172 Audite
2711 4116 3041 4187 Apostolum,
3065 4125 3119 4172 ct
3146 4116 3472 4171 terreamini.

1894 4210 2009 4264 Non
2058 4208 2229 4279 potuit
2274 4208 2416 4263 enim
2463 4207 2675 4278 gravius
2718 4207 2929 4273 dicere,
2960 4222 3063 4261 non
3109 4207 3278 4274 potuit
3307 4204 3475 4261 vehe-

1894 4300 2128 4356 mentius
2147 4340 2162 4364 ,
2189 4314 2293 4354 non
2320 4299 2489 4369 potuit
2520 4298 2697 4353 acrius
2735 4297 3010 4353 deterrere
3048 4296 3382 4352 Christianos
3407 4297 3476 4351 ab

1894 4404 2079 4445 amore
2128 4388 2566 4455 fornicationum,
2612 4388 2711 4442 nisi
2761 4388 2848 4442 ubi
2895 4387 3021 4441 dixit
3058 4406 3071 4441 :
3103 4386 3308 4450 Totiens
3350 4402 3468 4457 ergo

1896 4480 2117 4534 membra
2142 4478 2364 4546 Christi,
2398 4481 2582 4549 faciam
2621 4480 2842 4533 membra
2870 4478 3179 4532 meretricis?
3206 4477 3273 4533 Ut
3300 4487 3475 4532 autem

1900 4576 2001 4629 hoc
2024 4572 2260 4639 diceret,
2287 4572 2530 4642 superius
2568 4572 2677 4625 ait:
2711 4571 2929 4626 Nescitis
2971 4572 3087 4642 quia
3125 4572 3211 4641 qui
3253 4570 3481 4624 adliceret

1898 4664 2179 4730 meretrici,
2202 4681 2361 4718 unum
2398 4680 2599 4741 corpus
2625 4664 2871 4734 efficitur?
2907 4664 2973 4719 Et
3010 4663 3368 4720 testimonium
3411 4663 3481 4716 (lc

1897 4756 2171 4826 Scriptura
2195 4754 2345 4810 dedit
2368 4754 2509 4824 quod
2535 4756 2789 4824 scriptum
2819 4764 2924 4821 est,
2953 4753 3118 4808 Erant
3142 4754 3242 4807 duo
3256 4754 3309 4807 in
3329 4770 3484 4807 carne

1899 4867 2001 4905 una
2029 4850 2071 4922 (1
2101 4849 2220 4905 Cor.
2261 4865 2346 4915 Vl,
2379 4851 2476 4915 15,
2509 4850 2576 4904 16
2598 4891 2612 4913 ,
2637 4860 2683 4903 et
2726 4847 2851 4903 Cen.
2889 4864 2956 4911 ll,
2984 4848 3100 4917 Ἃ).
3146 4848 3352 4902 Dictum
3400 4857 3484 4903 cst

1898 4941 2040 4997 enim
2063 4940 2165 4995 hoc
2184 4939 2438 4994 divinitus
2461 4956 2475 4994 :
2502 4938 2596 4994 sed
2617 4939 2684 4994 de
2705 4939 2819 4993 viro
2838 4949 2891 4993 et
2918 4953 3084 4993 uxore
3107 4937 3193 4993 ubi
3222 4938 3363 5003 licet,
3393 4936 3484 4993 ubi

1900 5044 2212 5087 concessum
2259 5039 2371 5096 est,
2406 5029 2492 5085 ubi
2543 5029 2823 5084 honestum
2868 5036 2985 5094 est;
3017 5042 3121 5083 non
3166 5028 3256 5084 ubi
3287 5037 3472 5095 turpe,

1901 5138 2008 5176 non
2038 5118 2126 5175 ubi
2158 5120 2398 5175 illicitum
2418 5162 2434 5186 ,
2457 5136 2564 5174 non
2594 5120 2681 5175 ubi
2710 5119 2853 5175 omni
2901 5120 3107 5175 ratione
3153 5119 3480 5175 damnabile.

1901 5214 2048 5271 Sicut
2068 5223 2245 5269 autem
2275 5228 2377 5267 una
2407 5215 2464 5267 fit
2496 5228 2621 5267 caro
2647 5213 2699 5266 in
2744 5213 3094 5283 permixtione
3133 5213 3274 5267 licita
3298 5212 3394 5266 viri
3426 5220 3483 5266 et

1903 5306 2082 5361 uxoris
2107 5323 2119 5359 :
2143 5305 2222 5361 sic
2250 5320 2353 5360 una
2388 5304 2447 5359 lit
2480 5320 2605 5360 caro
2628 5305 2681 5359 in
2715 5306 3073 5376 permixtione
3104 5307 3280 5361 illicita
3308 5320 3486 5359 mere-

1904 5398 2051 5452 tricis
2088 5404 2143 5452 et
2186 5395 2461 5452 amatoris.
2492 5396 2626 5451 Cum
2668 5412 2798 5468 ergo
2844 5414 2946 5452 una
2994 5398 3051 5451 lit
3092 5413 3246 5460 caro,
3276 5395 3404 5450 illud
3434 5404 3489 5451 te

1917 5495 2153 5551 terreat,
2183 5486 2310 5543 illud
2355 5486 2640 5543 exhorrcat
2679 5487 2819 5558 quod
2858 5488 3093 5551 addidit,
3123 5487 3325 5541 Tollens
3371 5502 3492 5557 ergo

1908 5581 2128 5634 membra
2159 5577 2362 5634 Christi.
2390 5580 2619 5636 Membra
2649 5580 2841 5635 Christi
2888 5579 3130 5645 attende,
3162 5577 3447 5634 Christiane
3472 5594 3488 5632 :

1974 5777 1989 5805 ‘
2019 5781 2175 5836 Forte,
2202 5788 2294 5837 qua
2319 5774 2534 5839 diligitur
2562 5774 2808 5825 mem/ix.
