3968 6518
1199 266 1275 281 ..-ο
1299 263 1344 270 οη-

549 352 682 409 ωδε

548 469 787 523 membra
815 464 1008 521 Christi
1039 462 1142 517 noli
1172 461 1223 515 in
1254 437 1455 523 altero,
1484 458 1535 510 in
1560 464 1610 511 te
1637 458 1855 509 attende
1882 452 2120 507 membra

548 559 648 612 Clu
664 556 750 613 isti
772 599 787 623 ,
819 554 907 625 qui
933 563 1142 623 cmplus
1168 562 1225 605 es
1252 549 1509 619 sanguine
1536 542 1749 602 Christi.
1782 538 1989 598 Totiens
2008 552 2127 611 ergo

547 647 770 702 membra
808 647 1020 709 Christi,
1050 646 1233 713 [arium
1279 640 1501 694 membra
1553 631 1865 693 meretricis?
1889 635 2000 689 Hoc
2040 631 2129 704 qui

550 753 657 791 non
692 738 904 797 horret,
937 736 1044 788 Der)
1076 734 1278 787 horret.

620 827 843 883 CAPUT
875 826 959 879 IV.
994 850 1065 864 -ο
1090 826 1141 879 4.
1170 824 1400 878 Charitas
1425 822 1595 875 divina
1633 832 1853 871 amorem
1894 816 2127 870 illicitum

547 920 823 973 meretricis
859 934 960 972 non
1000 919 1319 987 rumpantur.
1360 916 1584 968 Prorsus
1605 952 1620 978 ,
1653 918 1871 980 prorsus
1900 907 2127 963 obsecro

550 1027 675 1076 vos,
709 1012 898 1065 fratres
925 1012 1025 1066 mei
1057 1028 1068 1063 :
1097 1020 1225 1064 ecce
1256 1016 1513 1077 portamus
1534 1047 1548 1071 ,
1580 1002 1718 1074 quod
1751 1014 1854 1055 non
1878 1006 1979 1064 est,
2001 1010 2129 1067 proi-

548 1103 760 1157 misisse
803 1104 966 1158 Deum
999 1102 1190 1155 tamus
1233 1100 1596 1170 impunitatem
1620 1135 1636 1160 ,
1664 1104 1719 1149 et
1763 1093 1996 1156 dis-isse,
2026 1088 2129 1155 Qui

552 1194 671 1247 talia
704 1192 960 1255 fecerint,
986 1193 1281 1247 miserebor
1318 1205 1535 1252 eorum,
1565 1202 1669 1241 non
1711 1196 1804 1241 eos
1842 1183 2127 1239 damnato.

552 1283 830 1337 Faciamus
859 1284 960 1337 hoc
986 1283 1191 1337 divisse
1206 1282 1390 1335 Deum.
1417 1279 1585 1333 Etiam
1613 1276 1871 1347 promiSSa
1898 1270 2125 1342 impuni-

552 1380 659 1428 tate
686 1373 821 1426 tollit
846 1372 1067 1442 quisque
1096 1372 1328 1425 membra
1353 1368 1582 1433 Christi,
1606 1375 1661 1423 et
1688 1366 1810 1420 facit
1829 1364 1937 1434 jam
1960 1374 2131 1417 mem-

553 1465 646 1518 bra
680 1464 1011 1519 meretricis?
1034 1463 1149 1518 Non
1175 1462 1297 1517 facit
1318 1503 1330 1521 .
1360 1461 1404 1515 si
1436 1466 1519 1515 est
1548 1458 1617 1513 ibi
1649 1457 1804 1513 tertia
1841 1455 2021 1510 divino
2047 1453 2128 1507 di-

554 1557 729 1611 lectio.
790 1556 996 1610 Etenim
1058 1562 1166 1608 tres
1212 1552 1524 1607 dilectiones
1575 1545 1987 1604 commemoravi
2017 1560 2030 1596 :
2063 1543 2132 1598 de

553 1647 721 1700 trilms
747 1658 831 1701 me
850 1686 865 1710 ,
895 1645 1034 1714 quod
1065 1644 1321 1699 Dominus
1347 1642 1532 1706 daret,
1563 1638 1828 1694 dicturum
1860 1644 1980 1691 este
2003 1647 2130 1703 pro-

554 1736 706 1793 misi:
733 1736 799 1789 de
844 1736 985 1789 licita
1031 1735 1258 1787 humana
1284 1773 1297 1794 ,
1328 1732 1396 1786 de
1438 1728 1617 1785 illicita
1656 1728 1883 1782 humana
1904 1765 1919 1789 ,
1947 1723 2016 1779 de
2040 1723 2130 1777 illa

553 1828 833 1882 excellenti
860 1836 1018 1895 atque
1042 1826 1239 1880 divina.
1275 1824 1665 1892 Interrogemus
1691 1818 1924 1873 divinam
1951 1814 2130 1871 chari-

553 1928 712 1973 tatem
733 1959 748 1983 ,
778 1927 830 1971 et
854 1931 1113 1987 ponamus
1138 1925 1260 1969 ante
1284 1914 1427 1968 illam
1457 1912 1591 1966 duas
1616 1910 1876 1964 humanas
1895 1907 2127 1962 charita-

551 2018 633 2063 tes
652 2050 667 2075 ,
695 2018 749 2062 ct
771 2008 1009 2063 dicamus
1029 2007 1076 2060 ci
1103 2024 1116 2059 :
1144 2008 1280 2060 Ecce
1306 2004 1447 2058 licita
1477 2002 1709 2057 charitas
1734 2000 1996 2061 humana,
2028 2011 2129 2066 qua

555 2114 687 2153 uxor
713 2098 968 2167 diligitur,
1001 2106 1054 2151 et
1098 2097 1218 2150 illia:
1248 2095 1469 2163 alimque
1512 2090 1931 2147 necessitudines
1956 2101 2128 2141 smon-

552 2190 692 2243 larcs
718 2207 730 2241 :
754 2203 879 2243 ecce
922 2187 1022 2240 alia
1055 2187 1235 2239 illicita
1259 2227 1273 2249 ,
1302 2200 1403 2253 qua
1443 2182 1679 2250 diligitur
1710 2179 1956 2234 meretrix
1980 2219 1995 2239 ,
2027 2190 2130 2245 qua

553 2278 787 2346 diligitur
809 2276 997 2331 ancilla
1027 2276 1196 2331 aliena
1218 2317 1230 2338 ,
1271 2288 1374 2343 qua
1401 2273 1636 2342 diligitur
1661 2270 1834 2324 aliena
1876 2268 1980 2321 lilia
2022 2281 2129 2320 non

554 2368 712 2436 petita
738 2408 751 2430 ,
785 2382 888 2422 non
920 2366 1177 2434 promissa
1198 2406 1213 2428 ,
1237 2379 1335 2433 qna
1359 2362 1595 2429 diligi-tur
1622 2374 1762 2413 uxor
1785 2358 1975 2411 aliena.
2004 2356 2129 2409 Duze

550 2470 673 2514 aute
700 2468 750 2511 te
771 2466 896 2512 sunt
913 2457 1198 2511 charitates
1219 2471 1234 2517 ;
1258 2470 1378 2507 cum
1403 2468 1506 2521 qua
1526 2451 1745 2505 istarum
1774 2450 1854 2503 vis
1876 2447 2129 2502 manere?

548 2550 648 2617 Qui
678 2549 825 2618 eligit
867 2561 1084 2601 manere
1128 2560 1248 2598 cum
1283 2544 1366 2597 illa
1400 2543 1628 2595 humana
1677 2540 1849 2604 licita,
1874 2550 1993 2593 cum
2043 2538 2129 2593 illa

554 2640 781 2692 humana
825 2636 1021 2707 illicita
1037 2651 1143 2689 non
1176 2642 1369 2688 manet.
1405 2632 1571 2686 Nemo
1599 2631 1698 2686 sibi
1728 2630 1905 2695 dicat,
1933 2629 2129 2684 Ambas

553 2728 743 2781 habeo.
776 2726 831 2780 Si
862 2726 1046 2779 ambas
1071 2724 1235 2778 babes
1262 2720 1589 2776 admittendo
1624 2720 1689 2773 ad
1715 2729 1765 2775 te
1794 2719 2128 2775 dilectionem

553 2816 850 2872 meretricis
870 2855 885 2880 ,
916 2814 1159 2883 iniuriam
1193 2813 1319 2867 facis
1347 2822 1591 2881 tanquam
1612 2818 1896 2873 matronm,
1916 2822 2035 2879 qme
2059 2809 2129 2864 ibi

553 2908 784 2967 habitat,
824 2907 1019 2962 divinae
1058 2905 1320 2960 charitati.
1349 2904 1483 2957 Puto
1522 2889 1697 2965 cnim,
1729 2902 1850 2970 quia
1892 2900 1937 2954 si
1971 2900 2130 2955 homo

553 3000 867 3068 conjugatus
892 2998 965 3052 sis
981 3039 994 3060 .
1018 3005 1072 3051 ct
1095 2996 1282 3065 diligas
1303 2994 1637 3049 meretricem
1659 3033 1673 3057 ,
1697 3006 1802 3047 non
1830 2991 1995 3046 mittis
2021 3006 2132 3045 mc-

550 3092 796 3148 retriccm
825 3091 878 3144 in
923 3089 1138 3143 domum
1182 3096 1324 3141 tuam
1348 3128 1363 3150 ,
1395 3094 1453 3138 ut
1498 3085 1699 3139 habitet
1723 3095 1843 3139 cum
1888 3092 2131 3137 matrona

551 3191 663 3237 tua.
709 3181 823 3236 Non
852 3195 1020 3249 usque
1043 3179 1179 3233 adeo
1221 3176 1577 3247 progrederis.
1603 3176 1877 3230 Tenebras
1901 3174 2127 3241 mineris,

552 3272 784 3328 latebras
808 3271 1032 3340 mireris,
1063 3268 1441 3339 turpitudinem
1481 3283 1586 3322 non
1627 3267 1910 3336 proﬁteris.
1944 3265 2047 3320 Sed
2076 3273 2132 3321 et

553 3362 645 3432 qui
675 3376 780 3415 non
812 3361 1005 3415 habent
1033 3375 1226 3413 uxores
1246 3399 1261 3424 ,
1292 3368 1346 3413 et
1372 3366 1494 3413 sunt
1521 3357 1860 3413 meretricum
1890 3356 2038 3425 quasi
2070 3356 2135 3410 li-

550 3452 761 3506 centius
790 3462 1057 3504 amatores
1082 3448 1227 3518 (ideo
1250 3448 1358 3501 dixi
1378 3489 1392 3510 ,
1418 3447 1615 3515 Quasi,
1638 3446 1760 3515 quia
1813 3454 1869 3500 et
1913 3446 2011 3514 ipsi
2035 3444 2132 3499 da-

553 3549 831 3597 mnantur.
859 3541 902 3593 si
920 3540 1028 3607 jam
1047 3548 1171 3593 sunt
1197 3536 1401 3609 ﬁdeles)
1425 3554 1438 3600 ;
1465 3549 1589 3607 puto
1604 3537 1725 3607 quia
1746 3546 1801 3592 et
1820 3536 2132 3591 adolescens

550 3630 787 3685 nomium
821 3630 1020 3684 habens
1048 3644 1299 3695 uxorem,
1328 3629 1373 3682 si
1411 3628 1595 3697 diligat
1628 3629 1960 3682 meretricem
1982 3666 1997 3693 ,
2025 3642 2131 3681 non

544 3730 674 3777 eam
714 3719 839 3774 facit
880 3719 1117 3775 habitare
1156 3734 1277 3774 cum
1326 3733 1512 3773 sorore
1553 3733 1684 3782 sua,
1714 3732 1818 3771 non
1863 3732 1979 3771 eam
2011 3716 2135 3771 facit

551 3809 795 3864 habitare
814 3822 934 3863 cum
962 3820 1132 3863 matre
1170 3825 1294 3873 sua,
1320 3826 1385 3865 ne
1413 3810 1654 3878 injuriam
1697 3809 1853 3863 iaciat
1890 3809 2135 3863 humum:

550 3899 855 3969 pudicitize,
888 3910 955 3954 ne
998 3898 1234 3954 oil'endat
1270 3899 1434 3953 decus
1477 3899 1748 3968 sanguinis
1774 3898 1876 3952 sui.
1908 3899 1965 3954 Si
2008 3913 2135 3969 ergo

549 4004 661 4045 non
713 3989 842 4044 lacis
888 3989 1126 4043 habitare
1165 3989 1533 4055 meretricem,
1564 4002 1720 4058 quam
1769 3988 1980 4059 diligis,
2013 4004 2133 4044 cum

548 4088 725 4135 matre
753 4089 839 4134 tua
861 4121 874 4139 ,
898 4095 1017 4134 cum
1047 4094 1231 4134 sorore
1276 4089 1392 4140 tua.
1420 4094 1515 4145 ne,
1548 4078 1685 4132 sicut
1723 4079 1829 4133 dixi
1853 4119 1869 4143 ,
1896 4079 2135 4135 oll‘endas

546 4171 722 4226 decus
749 4171 1019 4241 sanguinis
1050 4170 1157 4234 tui;
1186 4169 1313 4224 lacis
1344 4168 1580 4224 habitare
1610 4169 1661 4222 in
1690 4169 1851 4224 corde
1878 4179 1969 4223 tuo
1995 4169 2134 4225 dile-

544 4265 785 4318 ctionem
817 4263 1113 4318 meretricis
1158 4278 1279 4319 cum
1324 4262 1607 4317 dilectione
1646 4261 1774 4329 Dei,
1814 4271 1869 4317 et
1909 4262 2135 4317 oﬂ‘eudis

543 4355 718 4412 decus
742 4356 1013 4425 sanguinis
1039 4354 1266 4413 Christi?

624 4462 849 4523 CAPUT
891 4467 953 4521 ν.
982 4494 1054 4509 -ι-ι-
1077 4468 1133 4523 5.
1177 4467 1329 4521 Lucis
1350 4468 1560 4520 interna:
1576 4477 1747 4521 amore
1769 4466 1998 4535 exemplo
2016 4468 2137 4521 carri

548 4560 879 4614 clamandum
918 4557 1040 4612 bene
1076 4559 1300 4612 vivendo.
1333 4556 1678 4611 Contradictio
1724 4559 1917 4611 mundi.
1945 4558 2135 4613 Amate
2184 4586 2187 4589 -

553 4652 758 4718 Deum,
789 4652 919 4706 nihil
949 4651 1136 4705 melius
1165 4651 1429 4705 invenitis.
1458 4650 1660 4703 Amatis
1684 4659 1983 4720 argentum,
2012 4651 2135 4719 quia

554 4746 751 4799 melius
790 4749 876 4798 est
912 4743 1052 4798 ferro
1094 4751 1149 4797 et
1192 4750 1481 4796 {ammento
1505 4757 1519 4793 :
1542 4740 1733 4795 amatis
1763 4741 1881 4811 plus
1910 4754 2095 4805 ain-ora
2118 4785 2133 4808 ,

554 4838 676 4903 quia
701 4836 890 4890 melius
913 4844 994 4889 est
1017 4842 1237 4904 argento
1257 4850 1269 4884 :
1289 4832 1476 4886 amatis
1499 4832 1617 4901 plus
1634 4832 1833 4902 lapides
1852 4834 2129 4901 pretiosos,

552 4924 678 4991 auia
701 4934 755 4978 et
774 4924 885 4978 auri
911 4924 1137 4994 pit-otium
1164 4930 1418 4993 superam
1444 4941 1455 4974 :
1481 4923 1669 4976 amatis
1687 4933 1953 4992 postremo
1979 4924 2133 4978 istam

555 5013 758 5076 lucem,
786 5028 945 5085 quam
987 5015 1254 5071 dimittere
1292 5013 1540 5068 formidat
1580 5016 1753 5068 omnis
1792 5014 1882 5084 qui
1910 5023 2134 5069 mortem

554 5104 708 5165 timet
729 5121 744 5168 ;
766 5106 983 5169 auratis,
1018 5106 1229 5175 inquam
1250 5146 1266 5173 ,
1298 5105 1450 5159 istam
1488 5106 1689 5167 lucem,
1722 5106 1990 5176 qumodo
2013 5122 2131 5161 eam

553 5209 739 5251 amore
757 5194 985 5263 quodam
1029 5195 1225 5264 ingenti
1268 5195 1639 5261 desiderabat,
1675 5196 1765 5266 qui
1794 5206 1912 5266 post
1952 5196 2132 5253 Iesum

553 5284 822 5342 slanmbat
842 5325 856 5346 ,
890 5283 1128 5338 Miserere
1151 5286 1277 5351 mei,
1307 5286 1384 5353 με
1415 5286 1597 5339 David.
1644 5286 1919 5342 Clamabat
1960 5302 2135 5343 caews

555 5378 775 5436 Christo
826 5387 1153 5433 trmrsetnue.
1184 5377 1446 5433 Manebat
1486 5380 1627 5434 enim
1664 5396 1732 5434 ne
1773 5381 2055 5448 transiret,
2083 5390 2139 5436 et

555 5486 665 5530 non
690 5482 922 5527 sanaret.
953 5470 1018 5526 Et
1058 5482 1312 5544 quantum
1341 5472 1642 5528 clamabat?
1663 5472 1731 5531 Ut
1760 5476 1912 5531 turba
1942 5477 2127 5547 prohi-

560 5562 718 5621 bente
744 5580 851 5619 non
881 5573 1096 5619 taceret.
1139 5564 1276 5618 Vicit
1315 5565 1756 5622 contradietorem
1776 5610 1791 5634 ,
1822 5572 1989 5625 termit
2014 5570 2134 5626 Sal—

561 5663 815 5709 vatorem.
844 5656 1285 5723 Obstrepcutihus
1314 5655 1478 5710 turbis
1503 5664 1557 5711 et
1583 5657 1811 5712 clamare
1848 5660 2136 5730 prohiben-

560 5745 699 5803 tibus
718 5786 731 5811 ,
760 5749 899 5803 stetit
929 5747 1106 5815 Iesus,
1139 5746 1343 5804 vocavit
1370 5761 1522 5807 eum.
1551 5756 1603 5803 et
1628 5748 1761 5803 dixit
1783 5752 1829 5805 ei
1857 5769 1867 5803 :
1895 5752 2031 5817 Quid
2061 5755 2132 5807 ris

1785 341 1842 394 S.
1886 332 2251 393 AUGUSTI?“
2281 331 2581 392 EPISCOI"!

3708 341 3874 398 15ὶῖ

2237 446 2327 503 tibi
2352 448 2500 519 fieri?
2531 443 2781 517 Dandae,
2816 449 3018 519 inquit,
3062 459 3115 504 ut
3155 450 3367 507 vitlem.
3413 452 3675 522 Respice,
3717 456 3874 523 ﬁdes

2236 547 2323 592 tua
2346 549 2392 592 ts
2419 541 2615 594 salvum
2647 541 2765 611 fecit
2788 539 2935 610 (Luc.
2981 556 3151 604 xvut,
3179 541 3395 608 58-ιὲ).
3440 546 3633 599 Amate
3668 544 3874 599 Chria

2233 639 2409 695 stum;
2438 631 2735 687 desiderate
2760 631 2936 686 lumen
2958 672 2972 697 ,
3005 632 3145 703 quod
3175 641 3257 686 est
3296 630 3559 687 Christus.
3586 633 3651 689 Si
3685 634 3874 689 desi—

2234 720 2439 775 deravit
2464 722 2553 777 ille
2582 722 2757 777 lumen
2785 723 3045 792 corporis,
3063 732 3261 792 quanto
3282 724 3399 792 plus
3426 724 3607 780 lumen
3636 722 3872 779 cordis

2234 810 2539 866 desiderare
2562 812 2803 866 debetis?
2829 813 2909 867 Ad
2935 827 3089 879 eum,
3116 830 3223 867 non
3255 814 3503 879 vocibus,
3528 815 3622 869 scd
3653 816 3873 869 mori-

2236 901 2334 955 bus
2370 902 2683 957 clamo-mus.
2728 902 2985 957 Vivamus
3028 904 3193 968 bene,
3222 904 3475 958 mundum
3503 915 3874 959 contemna-

2234 1002 2352 1048 mus
2373 1010 2386 1046 :
2410 994 2539 1048 nihil
2567 995 2719 1049 nobis
2734 995 2803 1049 sit
2830 1010 2992 1051 omne
3019 995 3159 1065 quod
3187 996 3393 1051 transit.
3417 996 3868 1065 Reprehensuri

2232 1092 2358 1138 sunt
2383 1099 2505 1148 nos,
2538 1086 2748 1155 quando
2777 1086 2855 1140 sic
2881 1085 3199 1149 vlneritnus,
3224 1088 3373 1156 qmsi
3403 1087 3711 1143 dilectores
3746 1104 3870 1141 ηο-

2232 1174 2331 1228 stri
2377 1173 2621 1231 homines
2660 1176 2972 1241 δίκαιαι-τε,
3004 1186 3246 1231 amantes
3284 1185 3477 1231 terram
3498 1216 3515 1241 ,
3540 1178 3864 1246 sapientes

2234 1265 2537 1334 pulverem,
2588 1267 2714 1321 nihil
2765 1266 2833 1322 de
2874 1267 3014 1323 έωιυ
3062 1267 3352 1332 ducentes,
3405 1283 3565 1323 auras
3616 1269 3861 1322 liberas

2234 1355 2394 1411 corde
2412 1398 2427 1422 ,
2459 1372 2586 1413 nare
2611 1367 2894 1425 carpentes
2921 1375 2933 1410 :
2965 1358 3336 1426 reprehensuri
3359 1367 3483 1412 sunt
3509 1372 3606 1412 nos
3629 1374 3685 1426 pi
3704 1357 3857 1411 ocul

2232 1448 2423 1513 dubio,
2453 1456 2610 1518 atque
2633 1449 2849 1517 dicturi,
2867 1450 2911 1504 si
2936 1449 3164 1504 viderint
3189 1463 3285 1504 nos
3312 1450 3408 1504 ista
3437 1450 3700 1515 intutam,
3732 1449 3855 1501 ista

2235 1548 2446 1595 terrena
2495 1550 2837 1596 contemnere
2870 1559 2886 1596 :
2914 1541 3052 1608 Quid
3108 1543 3345 1611 pateris?
3388 1541 3514 1612 quid
3576 1541 3856 1596 insanis?

2233 1630 2410 1685 Turba
2430 1631 2516 1686 illa
2544 1642 2627 1687 est
2654 1634 3025 1688 contradicens
3042 1675 3059 1699 ,
3090 1650 3156 1690 ne
3182 1649 3357 1689 cmeus
3380 1636 3591 1689 clamet.
3618 1634 3697 1689 Et
3728 1636 3853 1687 ali-

2233 1724 2413 1792 quanti
2456 1724 2729 1778 christiani
2777 1733 2929 1788 sunt,
2973 1726 3061 1796 qui
3115 1726 3399 1796 prohibent
3444 1726 3623 1782 vivere
3669 1726 3853 1781 chri-

2234 1814 2407 1869 stiano
2430 1831 2443 1866 :
2467 1815 2587 1884 quia
2616 1824 2671 1869 et
2694 1815 2779 1869 illa
2809 1815 2959 1871 turba
2990 1831 3112 1871 cum
3140 1816 3355 1871 Christo
3392 1816 3710 1871 ambulabat
3733 1858 3751 1881 ,
3785 1824 3851 1870 et

2234 1904 2610 1960 vociferantem
2642 1906 2912 1961 hominem
2933 1906 2999 1961 ad
3025 1907 3293 1961 Christum
3320 1918 3384 1962 ac
3414 1907 3583 1961 lucem
3600 1906 3853 1960 deside-

2232 2003 2440 2050 rantem
2483 1997 2551 2050 ab
2588 1996 2752 2065 ipsius
2778 1996 2975 2052 Christi
3022 1996 3280 2052 beneﬁcio
3311 1996 3645 2066 prohibebat.
3681 1996 3849 2051 Sunt

2234 2084 2367 2139 tales
2395 2084 2667 2140 christiani
2692 2104 2707 2140 :
2736 2087 2831 2143 sed
2875 2089 3151 2142 vincamus
3196 2088 3312 2142 illos
3330 2130 3345 2153 ,
3374 2088 3612 2141 vivamus
3640 2087 3840 2152 bene;

2233 2182 2288 2227 et
2314 2174 2426 2243 ipsa
2452 2175 2559 2230 vita
2585 2177 2657 2231 sit
2682 2191 2782 2232 vox
2810 2188 2989 2233 nostra
3014 2177 3082 2231 ad
3099 2177 3390 2233 Christum.
3423 2177 3629 2242 Stabit;
3690 2179 3837 2247 quia

2232 2273 2356 2318 m1.

2302 2354 2530 2410 CAPUT
2571 2357 2657 2411 VL
2680 2382 2756 2397 ---
2772 2358 2825 2412 6.
2848 2359 3035 2412 Christi
3059 2360 3317 2413 transitus.
3341 2359 3473 2413 Nam
3494 2368 3548 2414 et
3582 2359 3654 2413 ibi
3704 2376 3839 2431 my-

2232 2445 2451 2499 sterium
2481 2455 2725 2516 magnum
2755 2456 2855 2502 est.
2888 2448 3173 2502 Transiens
3195 2458 3311 2503 erat
3340 2449 3450 2515 ille,
3474 2450 3699 2519 quando
3730 2451 3833 2505 ille

2232 2534 2495 2590 ciamabat
2529 2552 2541 2588 :
2572 2537 2784 2605 qttando
2824 2538 3071 2604 sanavit,
3102 2540 3267 2593 stetit.
3301 2539 3584 2594 Transitus
3610 2540 3833 2595 Christi

2234 2625 2464 2680 intentos
2494 2641 2590 2680 nos
2615 2626 2769 2681 meiat
2794 2626 2861 2682 ad
2891 2627 3245 2683 clamandum.
3270 2629 3399 2696 Quis
3435 2640 3517 2685 est
3555 2632 3835 2685 transitus

2231 2716 2471 2772 Christi?
2509 2718 2771 2789 Quidquid
2816 2729 2914 2789 pro
2962 2719 3115 2775 nobis
3154 2720 3518 2790 temporaliter
3566 2722 3829 2789 pertulit,

2235 2808 2486 2862 transitus
2511 2809 2627 2878 ejus
2651 2819 2752 2864 est.
2779 2809 2945 2865 Natus
2964 2819 3066 2873 est,
3089 2811 3300 2865 transiit
3323 2828 3336 2865 :
3358 2812 3614 2882 numquid
3637 2812 3832 2868 adhuc

2234 2899 2499 2953 nascitur?
2520 2900 2731 2967 Crevit,
2774 2902 3025 2956 transiit:
3070 2902 3321 2971 numquid
3362 2904 3538 2959 adhuc
3574 2906 3825 2960 crescit!

2231 2988 2383 3043 Suxit
2423 3007 2437 3044 :
2484 2990 2739 3061 numquid
2781 2992 2956 3047 adhuc
2994 2994 3169 3062 ευςὶιῖ
3214 2993 3467 3048 Defessus
3513 2994 3823 3050 dormivit:

2234 3080 2487 3149 numquid
2519 3081 2692 3135 adhuc
2712 3082 2948 3137 dormit?
2985 3083 3318 3140 Mauducavit
3358 3095 3413 3140 et
3441 3086 3571 3140 bibit
3600 3102 3615 3138 :
3652 3103 3827 3141 num-

2233 3171 2358 3238 quid
2388 3170 2561 3227 adhuc
2597 3173 2755 3228 facit?
2784 3174 3060 3231 Postremo
3083 3192 3304 3245 prensus
3335 3185 3437 3241 est.
3468 3178 3675 3233 vinctus
3713 3188 3826 3245 est,

2236 3261 2545 3317 Verberatus
2563 3270 2671 3330 est,
2697 3265 2863 3334 spinis
2883 3276 3167 3323 coronatus
3186 3278 3287 3331 est,
3312 3269 3479 3339 alapis
3505 3284 3677 3323 ctesus
3708 3280 3823 3337 est,

2234 3353 2404 3420 sputis
2446 3352 2642 3420 illitas,
2674 3355 2815 3425 ligno
2853 3372 3181 3427 suspensus,
3203 3360 3447 3423 occisus,
3478 3360 3659 3415 lancea
3690 3377 3825 3429 per-

2235 3458 2445 3510 cussus,
2489 3447 2728 3516 sepultus
2768 3450 3057 3503 resurrexit
3082 3468 3094 3503 :
3118 3449 3289 3505 adhuc
3320 3452 3531 3507 transit.
3555 3453 3823 3507 Ascendit

2237 3537 2289 3590 in
2319 3538 2549 3604 celum,
2572 3539 2723 3594 sedet
2764 3541 2829 3595 ad
2872 3540 3143 3597 dexteram
3181 3544 3351 3597 Patris
3383 3562 3397 3598 :
3436 3546 3600 3601 stetit.
3628 3546 3822 3602 Clama

2235 3636 2488 3696 quantum
2516 3638 2702 3696 potes:
2735 3630 2893 3684 unde
2922 3641 2975 3687 te
2994 3632 3274 3687 illuminat.
3296 3634 3430 3689 Nam
3457 3644 3511 3689 et
3538 3636 3588 3688 iu
3609 3651 3676 3691 eo
3695 3638 3818 3706 ipso

2236 3716 2377 3785 quod
2411 3716 2621 3773 Verbum
2650 3729 2756 3773 erat
2774 3722 2914 3790 apud
2932 3721 3112 3787 Desint,
3132 3724 3312 3793 utique
3334 3726 3524 3789 stabat,
3557 3727 3679 3796 quia
3710 3746 3820 3784 non

2237 3809 2558 3862 mutabatur.
2590 3809 2658 3862 Et
2690 3809 2826 3865 Deus
2852 3822 2959 3865 erat
2992 3811 3206 3866 Verbum
3227 3829 3246 3867 :
3267 3824 3313 3867 et
3350 3813 3563 3870 Verbum
3586 3834 3705 3871 caro
3737 3823 3822 3889 fa-

2237 3906 2368 3951 ctum
2394 3909 2484 3952 est.
2518 3900 2656 3954 Caro
2676 3916 2772 3969 per
2802 3902 3079 3956 transitum
3097 3904 3260 3958 multa
3282 3904 3496 3970 fecit,et
3520 3922 3667 3975 passa
3691 3917 3778 3962 est
3801 3925 3814 3959 :

2238 3989 2469 4044 Verbum
2497 3992 2660 4046 stetit.
2686 3992 2803 4062 Ipso
2832 3994 3005 4050 Verbo
3032 4010 3126 4051 cor
3154 3997 3519 4062 illuminatur;
3544 4000 3663 4068 quia
3697 4000 3817 4071 ipso

2240 4078 2415 4136 Verbo
2444 4072 2608 4148 caro,
2638 4101 2795 4154 quam
2837 4088 3101 4153 suscepit,
3150 4087 3460 4143 honoratur.
3503 4090 3649 4143 Tolle
3684 4091 3817 4145 Ver-

2240 4172 2385 4234 bum,
2414 4172 2539 4242 quid
2578 4182 2663 4228 est
2700 4172 2865 4229 caro?
2898 4175 3007 4230 lloc
3036 4186 3114 4231 est
3146 4178 3285 4247 quod
3325 4186 3427 4231 tua.
3470 4178 3607 4232 Caro
3633 4191 3811 4235 autem

2240 4262 2433 4317 Christi
2461 4270 2517 4319 ut
2540 4266 2850 4332 honor‘etur,
2887 4264 3099 4322 Verbum
3119 4284 3236 4322 caro
3257 4270 3447 4338 factum
3471 4279 3566 4335 est,
3595 4282 3637 4325 et
3663 4274 3814 4327 habi-

2240 4355 2359 4456 tavit
2385 4355 2437 4409 in
2454 4356 2788 4427 mbis‘ann.
2817 4374 2854 4423 ι,
2887 4360 2939 4425 i,
2963 4359 3075 4431 14).
3099 4360 3402 4416 Clamemus
3421 4376 3570 4432 ergo,
3595 4374 3645 4417 et
3676 4362 3813 4420 bene

2238 4458 2499 4501 VlYﬂlﬂUS‘.

2309 4556 2535 4615 CAPUT
2572 4556 2683 4614 γη.
2716 4591 2787 4601 -
2822 4561 2876 4616 7.
2937 4560 3227 4633 Diligaan
3268 4576 3516 4636 parentes,
3562 4567 3649 4623 sed
3697 4569 3812 4636 plus

2240 4650 2487 4707 Christus.
2503 4653 2690 4707 Amate
2716 4653 2853 4709 ﬁlios
2879 4664 3101 4717 veSIros,
3123 4666 3295 4713 amate
3316 4659 3567 4729 conjuges
3591 4670 3807 4725 vestras,

2242 4749 2338 4803 etsi
2361 4748 2707 4803 smcttlariter.
2740 4747 2869 4802 Nam
2902 4751 3189 4804 secundum
3219 4751 3487 4806 Christum
3516 4770 3689 4808 amare
3716 4754 3812 4807 dc-

2240 4838 2396 4902 hetis,
2427 4848 2485 4892 ut
2512 4838 2798 4893 secundum
2844 4840 3007 4895 Deum
3052 4841 3154 4895 illis
3183 4844 3488 4906 censulatis,
3518 4855 3571 4897 et
3607 4860 3704 4899 non
3757 4845 3807 4898 in

2241 4930 2319 4984 eis
2363 4930 2458 4982 nisi
2495 4929 2763 4983 Christum
2807 4932 3062 5001 diligatis,
3102 4941 3155 4986 et
3194 4932 3411 4986 oderitis
3458 4933 3509 4987 in
3542 4936 3724 4989 vestris
3766 4936 3806 4988 si

2240 5019 2507 5074 Christum
2533 5020 2725 5075 habere
2746 5022 3032 5075 noluerint.
3062 5022 3174 5090 Ipsa
3206 5024 3344 5077 enim
3373 5031 3455 5076 est
3474 5023 3700 5078 Charitas
3723 5025 3805 5078 iHa

2241 5111 2437 5165 divina.
2469 5111 2600 5167 Nam
2633 5113 2757 5181 quid
2788 5113 2867 5168 eis
2896 5113 3132 5182 proderit
3159 5112 3461 5168 transitoria
3494 5123 3544 5169 et
3578 5116 3806 5168 mortalis

2241 5201 2475 5257 Charitas
2501 5204 2927 5261 veSIra‘lTamen
2953 5203 3165 5273 Quando
3182 5213 3234 5257 et
3253 5203 3558 5258 humanitus
3580 5206 3801 5275 diligitis,

2242 5294 2361 5366 plus
2390 5294 2653 5349 Christum
2696 5304 2889 5350 amate.
2916 5294 3030 5349 Non
3060 5294 3181 5351 dico
3211 5304 3270 5349 ut
3302 5310 3405 5349 non
3457 5296 3639 5366 diligas
3683 5313 3805 5350 uxo-

2244 5402 2389 5451 rem;
2422 5386 2515 5442 sed
2544 5388 2661 5457 plus
2688 5386 2848 5457 dilige
2866 5386 3157 5442 Christum.
3181 5386 3293 5442 Non
3335 5387 3455 5443 dico
3484 5399 3538 5444 ut
3570 5404 3665 5443 non
3690 5389 3801 5442 dili-

2244 5492 2337 5549 gas
2365 5488 2587 5547 patrem,
2620 5494 2724 5533 non
2752 5477 2872 5533 dico
2908 5488 2965 5532 ut
3010 5495 3113 5533 non
3150 5480 3337 5551 diligas
3360 5480 3523 5545 ﬁlios;
3568 5482 3653 5536 sed
3692 5482 3800 5550 plus

2244 5572 2403 5641 dilige
2425 5570 2713 5625 Christum.
2756 5569 2893 5625 Audi
2929 5571 3075 5624 illum
3105 5570 3399 5638 dicentem,
3431 5586 3497 5625 ne
3525 5588 3635 5627 mea
3663 5582 3798 5642 [aues

2244 5665 2340 5719 ista
2364 5664 2554 5718 verba:
2583 5662 2682 5727 Qui
2702 5674 2835 5715 amat
2854 5672 3043 5733 patrem
3066 5673 3153 5716 aut
3183 5675 3391 5719 matrem
3416 5667 3530 5734 plus
3547 5680 3690 5735 quam
3708 5681 3793 5727 me,

2246 5771 2342 5807 non
2373 5764 2441 5808 est
2468 5770 2543 5807 mc
2573 5754 2750 5824 dignus
2782 5752 2988 5823 (.llattlt.
3025 5771 3072 5817 τ,
3103 5754 3214 5825 57).
3239 5753 3458 5821 Quando
3489 5757 3651 5815 audss.
3685 5756 3785 5808 Non
