3996 6528
216 402 385 460 15⁷ἱῖ

216 527 313 568 est
351 530 432 567 me
450 514 653 585 dignus,
678 516 782 565 non
813 509 999 565 times?
1029 508 1106 563 De
1124 520 1233 578 quo
1254 502 1381 560 dicit
1397 501 1665 565 Christus,
1697 498 1748 554 Ν
1752 514 1820 553 on

212 617 305 662 at
342 621 424 658 me
449 604 655 675 dignus,
677 619 784 657 non
804 610 884 657 est
903 608 1023 656 cum
1048 599 1138 653 illo
1157 616 1169 652 ε
1190 597 1284 668 qni
1301 604 1427 651 cum
1455 594 1546 649 illo
1572 603 1677 647 Non
1698 590 1821 655 erit,

216 697 328 750 ubi
365 695 499 749 erit?
527 694 583 749 Si
625 708 731 747 non
771 702 919 746 antas
955 705 1075 745 cum
1117 690 1209 743 ilio
1247 702 1387 768 esse,
1433 684 1559 740 titne
1586 684 1701 739 sine
1732 682 1823 737 illo

213 801 384 841 esse.
414 785 588 853 Quare
622 785 747 837 time
786 783 901 836 sine
945 780 1035 834 illo
1077 778 1235 833 esse?
1268 777 1402 845 Quia
1444 781 1566 830 eum
1611 772 1824 827 diabolo

214 879 375 942 eris,
407 878 450 930 si
477 889 599 932 cum
619 874 832 929 Christo
860 888 963 928 non
986 871 1168 925 fueris.
1202 869 1270 923 Et
1299 868 1383 921 ubi
1412 867 1514 920 erit
1544 862 1824 918 diabolus?

216 968 384 1022 Audi
414 967 586 1037 ipsum
613 965 883 1020 Christum
918 980 931 1017 :
961 960 1044 1016 Ite
1071 963 1125 1014 in
1144 961 1307 1031 ignem
1325 967 1586 1020 (ternum,
1617 954 1704 1022 qui
1731 970 1823 1021 pa.

217 1070 389 1113 ratus
407 1068 477 1113 est
494 1058 694 1112 diabolo
710 1066 755 1110 et
772 1055 965 1127 angelis
984 1052 1316 1125 ejusUIattlt.
1334 1058 1472 1115 nr,
1490 1046 1601 1119 ιι).
1616 1048 1672 1101 Si
1702 1047 1821 1115 igne

219 1151 364 1205 curii
388 1165 491 1205 nou
508 1147 839 1211 accenderis,
865 1148 1038 1215 ignem
1064 1145 1190 1198 time
1214 1142 1600 1212 gehennarum.
1629 1138 1681 1194 Si
1714 1152 1819 1191 non

219 1242 392 1293 ‘amas
418 1244 536 1294 esse
559 1239 698 1292 inter
726 1236 956 1307 Angelos
989 1235 1101 1297 Dei,
1141 1233 1268 1287 time
1294 1246 1416 1287 esse
1442 1231 1581 1285 inter
1605 1227 1821 1298 angelos

220 1332 461 1386 dialmli.
476 1331 529 1384 Si
547 1336 650 1383 non
673 1334 818 1381 antas
838 1341 957 1380 esse
979 1326 1031 1379 iit
1050 1334 1233 1394 regno,
1254 1323 1379 1377 time
1397 1336 1517 1377 esse
1538 1319 1594 1374 in
1613 1319 1823 1375 camino

225 1423 382 1488 ignis
404 1420 659 1483 ardentis,
692 1414 1130 1486 incsstinguibilis
1149 1455 1164 1479 ,
1190 1411 1524 1483 sempiterni.
1544 1410 1733 1464 Vincat
1765 1408 1819 1464 in

228 1522 287 1567 te
319 1512 470 1581 prius
496 1512 652 1564 timor
676 1510 715 1575 ⁸,
752 1516 807 1563 et
830 1507 933 1561 erit
965 1518 1134 1559 amor.
1166 1503 1349 1558 Timor
1387 1501 1702 1571 paedagogus
1729 1498 1819 1565 sit,

230 1616 352 1657 non
382 1603 491 1671 ipse
532 1600 581 1653 in
610 1609 661 1654 te
688 1605 981 1663 remaneat,
1003 1595 1097 1651 sed
1129 1604 1182 1651 te
1203 1592 1271 1650 ad
1298 1591 1609 1649 eharitatem
1628 1622 1646 1657 ,
1671 1587 1821 1659 quasi

234 1692 306 1747 ad
341 1692 650 1762 magistrum
680 1687 958 1760 perducat.

735 1808 960 1875 senato
997 1811 1203 1871 εδει·
1229 1813 1327 1884 (a).

776 1930 856 1986 De
883 1924 1158 1993 Cltaritate,
1186 1941 1223 1981 tt

314 2072 368 2127 I.
410 2069 680 2124 omnium
723 2066 853 2120 lous.
884 2063 986 2117 Per
1011 2077 1121 2116 eam
1153 2060 1323 2114 diuina
1351 2056 1583 2111 doctrina
1606 2053 1716 2109 sine
1742 2066 1821 2107 en-

228 2174 360 2218 rore
381 2160 837 2231 comprehenditur,
865 2157 973 2210 sine
998 2154 1166 2208 labore
1189 2149 1487 2206 custoditur.
1521 2144 1821 2200 Mandatum

234 2266 429 2307 norum
460 2252 650 2321 faciens
684 2248 933 2301 hominem
960 2256 1161 2297 novum.
1192 2240 1495 2294 Divinarum
1521 2235 1823 2303 Scriptura-

235 2358 362 2396 rum
391 2341 732 2409 multiplicem
758 2334 1152 2394 abundantiam,
1186 2328 1602 2395 latissimamque
1621 2321 1823 2378 doctri-

235 2449 387 2496 nam,
403 2434 591 2486 fratres
609 2429 732 2493 mei,
752 2430 866 2482 sine
883 2426 991 2480 ullo
1006 2436 1188 2479 errore
1207 2416 1629 2489 cornprelteudit,
1642 2414 1824 2470 etsine

240 2524 355 2576 nilo
388 2521 567 2575 labore
595 2514 846 2580 custodit,
872 2514 1024 2583 cujus
1048 2526 1141 2566 cor
1165 2510 1378 2581 plenum
1409 2516 1491 2562 est
1510 2504 1769 2561 charitate
1806 2519 1820 2556 :

249 2615 465 2669 dicente
494 2609 764 2680 Apostolo,
790 2604 1056 2660 Plenitudo
1077 2612 1239 2663 autem
1258 2599 1380 2670 legis
1406 2598 1627 2651 citat-itas
1646 2595 1821 2666 (Rom.

242 2720 361 2769 xm,
391 2699 513 2773 IO);
540 2712 591 2755 et
617 2700 722 2753 alio
747 2694 882 2762 ioco,
906 2694 1051 2749 Finis
1070 2702 1235 2746 autem
1261 2688 1497 2762 pmepti
1516 2694 1588 2741 est
1606 2685 1826 2739 cleat-itas

242 2797 309 2848 de
326 2794 475 2846 corde
510 2806 658 2861 puro,
690 2798 735 2842 et
768 2786 1071 2841 conscientia
1116 2783 1279 2848 bona,
1304 2790 1351 2835 et
1396 2779 1498 2850 ﬁde
1530 2794 1630 2832 non
1663 2776 1823 2845 ﬁcta'

245 2885 290 2960 (I
320 2880 453 2939 Tim.
488 2900 525 2945 ι,
549 2883 625 2953 5).
654 2881 783 2947 Quis
804 2887 889 2935 est
904 2885 1077 2931 autem
1106 2875 1225 2929 finis
1254 2887 1446 2944 pnecel
1469 2872 1526 2935 ti,
1554 2869 1822 2960 nis‘iprte-

245 2959 387 3047 ξιφιί
425 2966 772 3042 adimplctio?
803 2978 858 3031 et
896 2967 1021 3039 quid
1055 2977 1138 3022 est
1181 2963 1433 3037 praecepti
1479 2959 1821 3029 adimpletio,

248 3068 351 3123 nisi
382 3067 513 3136 legis
543 3062 855 3135 plenitudo?
882 3058 1035 3128 Quod
1062 3072 1190 3127 ergo
1216 3056 1285 3111 ibi
1334 3054 1468 3109 dixit
1491 3095 1505 3116 ,
1553 3049 1824 3106 Plenitudo

250 3161 375 3230 legis
399 3164 468 3210 est
490 3156 747 3215 citat-itas,-
775 3153 874 3206 hoc
903 3151 1060 3205 ctiam
1088 3148 1174 3202 hic
1213 3146 1378 3211 dixit,
1415 3142 1558 3197 Finis
1592 3140 1827 3211 pracepti

249 3259 324 3304 est
353 3247 591 3301 Charitas.
610 3243 717 3297 Nec
744 3240 971 3295 dubitari
990 3238 1099 3293 ullo
1120 3235 1279 3291 modo
1305 3241 1499 3305 potest,
1526 3230 1664 3301 quod
1692 3240 1827 3285 tem-

251 3340 396 3409 plum
439 3337 529 3391 Dei
569 3335 637 3388 sit
676 3333 868 3397 homo,
918 3330 969 3384 in
1012 3340 1119 3399 quo
1156 3326 1357 3382 habitat
1393 3323 1646 3380 charitas.
1690 3321 1828 3376 Dicit

252 3429 393 3481 enim
428 3434 479 3481 et
518 3424 749 3479 Joannes
771 3462 787 3488 ,
823 3421 957 3475 Deus
983 3419 1205 3473 clamitas
1234 3426 1306 3471 est
1340 3415 1401 3485 (ι
1427 3415 1587 3469 Joan.
1610 3428 1689 3477 tv,
1726 3412 1821 3481 8).

254 3517 378 3574 Ηιιξο
402 3520 576 3570 autem
619 3513 858 3567 dicentes
895 3508 1132 3579 Apostoli
1158 3516 1214 3563 et
1254 3506 1408 3562 nobis
1435 3503 1707 3561 eharitatis
1735 3517 1827 3558 ex-

254 3607 552 3663 cellentiam
593 3600 1062 3665 commendantes,
1101 3611 1207 3652 non
1268 3596 1447 3665 utique
1493 3591 1673 3658 aliud,
1723 3589 1824 3644 nisi

254 3696 392 3766 quod
430 3693 789 3755 comctlerant,
834 3697 1079 3744 ructuare
1120 3694 1425 3756 potuerunt.
1476 3682 1592 3752 Ipse
1633 3680 1827 3751 quippe

259 3786 507 3841 Dznninus
534 3796 756 3853 pascens
785 3794 879 3835 eos
907 3780 1069 3833 verbo
1094 3776 1366 3840 veritatis,
1399 3773 1563 3828 verbo
1595 3771 1827 3827 charita-

257 3877 343 3939 tis,
371 3874 508 3945 quod
533 3882 613 3928 est
642 3872 755 3941 ipse
786 3870 934 3940 panis
958 3869 1131 3934 vivus,
1152 3866 1242 3936 qui
1269 3866 1336 3920 de
1359 3864 1497 3920 cmlo
1525 3861 1822 3928 descendit,

261 3966 577 4029 Mandatum,
602 3963 790 4031 inquit,
808 3977 986 4014 nouunt
1004 3960 1070 4013 do
1095 3959 1253 4022 vobis,
1276 3966 1328 4009 ut
1346 3955 1566 4025 diligatis
1589 3954 1797 4008 invicem
1808 3969 1827 4007 :

271 4054 627 4119 etiterum,ln
654 4054 746 4106 hoc
762 4052 917 4105 scient
945 4062 1115 4103 omnes
1150 4049 1265 4118 quia
1300 4045 1537 4115 discipuli
1566 4044 1662 4097 mei
1690 4043 1826 4106 estis,

258 4151 301 4203 si
320 4163 404 4201 vos
429 4146 639 4200 invicem
660 4140 935 4197 dilexeritis
961 4139 1137 4210 (Joan.
1162 4154 1276 4203 xm,
1308 4137 1396 4203 54,
1418 4136 1531 4207 55).
1554 4135 1648 4191 Iile
1684 4135 1826 4191 enim

259 4239 344 4309 qui
372 4237 518 4292 venit
545 4250 638 4306 per
673 4233 847 4288 crucis
874 4231 1172 4286 irrisionem
1204 4227 1381 4284 carnis
1407 4226 1672 4297 perimere
1701 4241 1826 4282 cor-

262 4328 576 4398 ruptionem,
607 4335 660 4382 et
679 4332 996 4380 vetustatem
1040 4320 1235 4375 vinculi
1262 4319 1448 4374 mortis
1476 4326 1673 4374 nostra:
1717 4332 1828 4372 sua:

264 4419 440 4475 mortis
470 4416 700 4471 novitate
724 4413 1035 4477 dissolvere,
1066 4410 1316 4465 mandato
1338 4423 1476 4463 novo
1505 4406 1630 4463 fecit
1656 4405 1828 4461 homi-

268 4526 379 4563 netu
402 4521 613 4562 novum.
632 4506 738 4561 Res
757 4504 896 4560 enim
915 4515 1065 4558 vetus
1088 4510 1224 4567 erat,
1242 4510 1301 4555 ut
1319 4500 1481 4555 homo
1506 4508 1824 4554 moreretur.

266 4600 406 4669 Quod
439 4615 505 4653 ne
531 4613 741 4667 semper
762 4596 963 4651 valeret
1000 4594 1055 4650 in
1096 4594 1333 4659 homine,
1378 4607 1466 4648 res
1506 4607 1643 4647 nova
1684 4590 1826 4647 facta

265 4703 360 4756 est,
384 4702 440 4745 ut
468 4691 607 4746 Deus
648 4697 961 4743 moreretur.
992 4686 1096 4742 Sed
1133 4685 1259 4757 quia
1300 4685 1353 4738 in
1381 4698 1543 4739 carne
1588 4691 1828 4738 mortuus

266 4791 358 4845 est,
385 4796 488 4835 non
518 4779 569 4833 in
596 4778 892 4839 divinitate,
916 4791 1009 4846 per
1033 4776 1408 4845 sempiternam
1434 4774 1595 4828 vitam
1625 4772 1825 4828 divini-

263 4873 376 4928 tatis
397 4886 500 4925 non
530 4868 771 4942 permisit
789 4882 909 4923 esse
929 4866 1308 4936 sempiternum
1330 4866 1601 4921 interitum
1626 4863 1825 4920 carnis.

267 4961 452 5032 Itaque,
479 4962 616 5015 sicut
639 4960 767 5015 dicit
791 4957 1102 5028 Apostolus,
1150 4955 1381 5011 Mortuus
1407 4964 1481 5011 est
1506 4964 1711 5028 propter
1739 4954 1831 5009 de-

324 5096 337 5126 ι
362 5093 430 5143 sic
453 5094 499 5157 in
517 5096 623 5157 Mss.
652 5098 703 5141 At
725 5090 773 5157 in
798 5087 977 5157 editis:
1004 5085 1168 5157 Vincat
1189 5084 1237 5135 in
1259 5092 1304 5136 te
1323 5087 1433 5150 pius
1455 5085 1613 5157 timor.

322 5158 340 5188 ί
363 5158 443 5204 Hic
465 5156 510 5203 iu
533 5155 664 5215 prius
682 5153 825 5201 editis
848 5151 1064 5215 additur:
1090 5151 1139 5198 si
1157 5159 1385 5215 ergonott
1406 5156 1541 5199 vacat
1561 5161 1722 5215 ρωπος
1743 5162 1834 5213 pa-

267 5216 392 5281 gintts
407 5207 766 5281 scripturarum
786 5210 1018 5281 euoluere,
1038 5216 1142 5281 tene
1158 5207 1458 5281 comitatem,
1484 5216 1530 5260 et
1552 5207 1603 5281 in
1623 5223 1680 5281 en
1700 5207 1833 5261 in'oe-

267 5272 355 5328 ities
378 5272 562 5326 onmr'm
591 5272 853 5325 scientiam.
889 5278 1000 5331 Quae
1022 5272 1336 5321 sententiain
1368 5272 1704 5333 manuwiptls
1736 5282 1834 5321 non

266 5338 484 5412 tstoloco,
508 5337 597 5387 sed
620 5335 713 5386 alio
743 5343 929 5386 tantum
948 5333 1071 5384 intra
1090 5345 1201 5383 cum
1231 5331 1459 5382 nonnulla
1489 5331 1725 5385 varietate
1747 5346 1831 5383 re-

268 5409 644 5511 Νιὲιλιῖὸηᾱειυε
658 5458 717 5509 ad
732 5457 852 5509 duos
869 5467 916 5508 e.
938 5462 989 5507 et
1020 5455 1141 5507 duos
1161 5461 1197 5505 t.
1217 5453 1275 5504 ad
1296 5453 1373 5504 ch.
1398 5466 1463 5504 m.
1489 5461 1541 5505 et
1561 5455 1621 5506 ad
1639 5462 1739 5505 Am-
1758 5460 1831 5504 ΕΓ·

272 5530 566 5646 ηἷίιῖᾚῖλς,
588 5582 653 5633 de
675 5590 912 5646 tempore
934 5579 995 5628 39
1018 5587 1071 5630 et
1094 5579 1142 5627 in
1166 5586 1296 5646 temo
1321 5591 1465 5646 nono.
1546 5642 1555 5646 Δ
1614 5630 1653 5646 ,η

325 5638 389 5705 (ὁ)
424 5638 587 5694 Exstat
612 5646 657 5693 in
682 5642 778 5692 line
795 5638 1155 5705 'Exccrptorum
1177 5640 1501 5705 Eugypiicum
1526 5638 1689 5705 titulo,
1721 5655 1744 5685 ι
1765 5646 1833 5705 ne

277 5726 294 5751 ο
316 5700 450 5756 laude
473 5706 735 5756 charitatis.
761 5718 782 5747 ιι
812 5704 884 5752 sic
922 5700 1065 5750 etiam
1090 5700 1266 5751 vocant
1278 5700 1419 5750 'Beda
1444 5707 1498 5749 et
1535 5700 1699 5750 Florus
1735 5701 1794 5750 ad
1820 5709 1835 5750 I

271 5778 360 5818 ιλιι.
387 5783 468 5818 xm
487 5775 538 5818 et
579 5783 656 5818 xiv
680 5800 695 5823 ,
717 5772 767 5814 et
789 5764 847 5812 ad
875 5772 886 5812 I
910 5764 1025 5812 tim.
1050 5779 1083 5812 ι.
1115 5764 1385 5824 legebatur
1407 5762 1519 5811 olim
1545 5770 1597 5811 et
1633 5763 1682 5812 in
1707 5772 1837 5812 tumo

273 5842 411 5883 nooo‘
438 5829 527 5879 sed
552 5825 869 5892 interpolatus
894 5825 957 5874 ibi
978 5858 992 5885 ,
1033 5833 1082 5873 et
1106 5824 1278 5873 Erasini
1302 5836 1507 5874 censura
1530 5825 1832 5888 reprobatus.

1665 379 1894 444 δειιιιο
1926 382 2117 441 CCCL.

3375 403 3510 459 ιείδε

1931 501 2053 554 [ista
2090 509 2262 556 nostra
2285 541 2299 568 ,
2323 512 2375 557 et
2411 506 2683 562 resurrexit
2721 517 2921 577 propter
2945 511 3359 582 justiﬁcatiouem
3404 534 3468 570 ua
3486 545 3503 558 -

1928 602 2083 645 stram
2108 590 2280 662 (Rom.
2316 610 2384 659 tv,
2413 596 2524 666 25).
2554 598 2653 663 Qui
2693 616 2819 669 ergo
2842 611 3024 656 contra
3053 606 3237 658 mortis
3265 617 3499 661 vetusta-

1930 690 2035 736 tem
2063 683 2239 738 attulit
2263 685 2380 739 viue
2409 687 2729 756 novitatem,
2759 690 2871 758 ipse
2895 702 3079 747 contra
3111 705 3262 750 vetus
3289 712 3494 767 pecca-

1931 782 2040 826 tum
2067 775 2286 843 opponit
2322 793 2515 831 novum
2544 780 2867 834 mandatum.
2898 782 3226 854 Quapropter
3254 789 3502 857 quisquis

1927 874 2078 918 vetns
2100 876 2371 934 peccatum
2395 867 2475 923 vis
2497 872 2857 941 exstinguere,
2875 878 3122 931 mandato
3147 894 3283 931 novo
3299 881 3501 934 exstin-

1926 972 2029 1026 gue
2078 958 2454 1027 cupiditatem,
2493 969 2549 1017 et
2597 963 2916 1032 amplectere
2965 966 3299 1023 charitatem.
3353 970 3499 1024 Sicut

1926 1051 2067 1104 enim
2095 1051 2242 1105 radix
2268 1054 2507 1106 omnium
2536 1054 2793 1109 malorum
2816 1068 2900 1111 est
2921 1059 3217 1128 cupiditas;
3249 1060 3317 1113 ita
3340 1070 3393 1115 ct
3412 1077 3499 1114 rtu-

1925 1138 2012 1193 dlx
2042 1140 2277 1194 omnium
2300 1142 2558 1197 bonorum
2579 1152 2660 1198 est
2685 1144 2931 1200 Charitas.
3022 1162 3040 1177 ’

1996 1229 2050 1284 2.
2082 1231 2337 1286 Charitatc
2372 1234 2598 1288 doctrina
2638 1235 3019 1304 Scripturarum
3047 1249 3149 1293 tota
3192 1242 3496 1311 possidetur.

1927 1321 2115 1377 Totam
2147 1325 2563 1394 magnitudinem
2603 1338 2655 1383 et
2688 1328 3015 1386 latitudinem
3056 1333 3351 1387 divinorum
3379 1335 3497 1389 elu-

1926 1412 2169 1482 quiorum
2203 1428 2388 1469 secura
2428 1416 2663 1485 possidet
2691 1419 2941 1483 Charitas,
2974 1437 3074 1490 qua
3114 1423 3275 1476 Deum
3315 1424 3496 1492 proxi-

1926 1516 2177 1571 mumque
2212 1503 2497 1572 diligimus.
2539 1506 2703 1563 Docet
2760 1510 2900 1563 enim
2943 1526 3039 1564 nos
3085 1513 3318 1567 caelestis
3363 1529 3501 1567 unus

1926 1590 2208 1661 Magister,
2249 1604 2302 1647 et
2339 1595 2502 1650 dicit:
2535 1596 2724 1667 Diliges
2753 1598 3020 1653 Dominum
3051 1600 3213 1655 Deum
3251 1611 3389 1653 tttum
3436 1617 3501 1656 es

1926 1690 2030 1735 toto
2057 1684 2208 1736 corde
2240 1694 2344 1750 tuo,
2372 1694 2417 1739 et
2458 1702 2521 1739 ea:
2557 1697 2659 1740 tota
2696 1690 2866 1741 anima
2904 1700 3010 1755 tua,
3038 1699 3087 1743 et
3118 1707 3180 1743 ex
3208 1700 3310 1744 tota
3340 1702 3502 1744 mente

1926 1781 2053 1826 tua:
2080 1782 2126 1828 et
2164 1772 2342 1845 diliges
2378 1776 2660 1842 proximum
2706 1789 2845 1831 tuum
2881 1781 3009 1833 sicut
3029 1789 3075 1834 te
3100 1780 3284 1844 ipsum.
3328 1778 3394 1832 In
3422 1781 3501 1835 Itis

1926 1865 2118 1919 duobus
2159 1868 2416 1935 praaceptis
2464 1870 2694 1922 uniuersa
2748 1869 2854 1923 Lee:
2893 1871 3092 1941 pendet.
3144 1882 3189 1923 et
3230 1870 3502 1939 Propheta

1925 1953 2137 2025 (Matth.
2171 1971 2299 2021 uti,
2322 1957 2538 2025 57-40).
2568 1957 2624 2012 Si
2649 1974 2775 2028 ergo
2802 1975 2905 2012 non
2948 1970 3097 2015 vacat
3125 1975 3310 2016 omnes
3350 1961 3500 2029 pagi-

1927 2062 2023 2102 nas
2042 2057 2253 2103 sanctas
2282 2050 2622 2117 perscrutari,
2668 2051 2841 2103 omnia
2887 2051 3153 2105 involucra
3195 2068 3498 2105 sermonum

1925 2139 2189 2202 evolvere,
2213 2140 2387 2193 omnia
2409 2140 2795 2210 Scripturarum
2818 2152 3019 2195 secreta
3044 2152 3355 2210 penetrare;
3381 2153 3504 2196 tene

1926 2229 2260 2293 charitatem,
2290 2231 2377 2285 ubi
2406 2231 2638 2302 pendent
2662 2232 2838 2284 omnia
2873 2248 2886 2283 :
2928 2232 2995 2285 ita
3030 2232 3231 2286 tenebis
3257 2233 3394 2300 quod
3430 2232 3500 2286 ibi

1926 2319 2197 2386 didicisti;
2241 2320 2445 2374 tenebis
2485 2322 2642 2375 etiam
2681 2322 2821 2391 quod
2867 2322 3099 2377 nondum
3143 2323 3393 2377 didicisti.
3444 2324 3501 2378 Si

1927 2411 2069 2465 enim
2110 2411 2246 2464 nosti
2286 2408 2633 2477 cbaritatem,
2662 2413 2858 2481 aliquid
2898 2414 3037 2467 nosti
3085 2415 3224 2470 unde
3271 2425 3325 2470 ct
3371 2416 3501 2469 illud

1928 2501 2124 2571 pendet
2146 2501 2285 2571 quod
2314 2502 2445 2555 forte
2471 2519 2574 2556 non
2617 2505 2753 2557 nosti
2789 2522 2802 2557 :
2831 2514 2885 2558 et
2923 2506 2975 2558 in
3005 2520 3069 2559 eo
3098 2506 3239 2574 quod
3272 2507 3322 2560 in
3353 2506 3500 2561 Scri-

1929 2594 2097 2661 pturis
2124 2593 2390 2663 intelligis,
2418 2593 2648 2649 charitas
2677 2605 2853 2664 patet;
2882 2596 2933 2649 in
2964 2611 3028 2650 co
3050 2598 3188 2666 quod
3213 2614 3315 2652 non
3345 2599 3506 2654 intela

1927 2682 2065 2752 ligis,
2089 2682 2317 2736 charitas
2349 2684 2494 2738 latet.
2527 2684 2619 2738 Ille
2649 2686 2823 2755 itaque
2854 2695 2997 2742 tenet
3031 2695 3081 2742 et
3109 2688 3250 2757 quod
3287 2700 3423 2758 patet
3450 2700 3506 2744 et

1928 2774 2065 2843 quod
2098 2776 2223 2829 latet
2242 2776 2293 2829 in
2322 2775 2515 2831 divinis
2533 2779 2994 2849 sermonibus,qui
3016 2779 3325 2835 charitatcm
3360 2791 3506 2837 tenet

1928 2866 1981 2919 in
2010 2866 2265 2919 moribus.

1998 2956 2052 3011 3.
2093 2955 2361 3010 Charilaus
2405 2959 2708 3027 prarconium
2751 2961 3083 3031 prosequitur.
3131 2960 3499 3033 Quapmptcr,

1928 3044 2142 3113 lintres,
2169 3047 2445 3101 sectamini
2482 3044 2797 3103 charitatem
2822 3091 2837 3115 ,
2870 3048 3024 3106 dulce
3051 3067 3113 3105 ac
3138 3053 3350 3108 salubre
3388 3056 3506 3108 rin-

1926 3136 2103 3190 culum
2133 3137 2407 3201 mentium,
2454 3138 2567 3193 sine
2603 3153 2706 3207 qua
2736 3140 2883 3194 dives
2923 3150 3120 3210 pauper
3160 3148 3274 3208 est,
3304 3154 3358 3198 et
3381 3161 3504 3198 cum

1928 3238 2028 3294 qua
2060 3238 2258 3296 pauper
2276 3227 2425 3281 dives
2449 3238 2549 3283 est.
2584 3229 2707 3284 Iitcc
2750 3230 2801 3283 iu
2846 3231 3253 3285 adversitatibus
3290 3234 3504 3299 tulerat,

1929 3316 1983 3370 in
2032 3318 2470 3387 prosperitatibus
2524 3328 2822 3389 temperat;
2873 3320 2924 3374 in
2973 3320 3122 3375 duris
3174 3323 3507 3390 passionibus

1929 3407 2098 3472 fortis,
2134 3409 2185 3462 in
2214 3409 2364 3465 bonis
2390 3412 2642 3481 operibus
2682 3414 2897 3477 nitaris;
2931 3415 2982 3467 in
3028 3416 3320 3470 tcntatione
3350 3418 3509 3471 tntisa

1927 3498 2159 3564 sima,in-
2171 3499 2529 3570 hospitalitate
2545 3503 2831 3568 latissima;
2858 3494 2994 3558 inter
3011 3519 3162 3559 veros
3192 3507 3378 3562 fratres
3410 3508 3505 3563 Ite.

1929 3590 2152 3655 tissima,
2179 3591 2315 3646 inter
2344 3590 2505 3646 falsos
2533 3594 2933 3662 patientissima.
2967 3595 3021 3648 In
3053 3596 3184 3650 Abel
3213 3612 3308 3667 per
3334 3600 3505 3653 sacri.

1931 3681 2105 3735 [icium
2135 3690 2301 3750 grata,
2334 3682 2388 3736 in
2413 3680 2522 3737 Noe
2547 3697 2642 3751 per
2664 3684 2915 3737 diluvium
2949 3698 3157 3749 aecum,
3189 3687 3239 3739 in
3274 3688 3506 3743 Abrahae

1928 3768 2440 3842 percgrinationibds
2478 3774 2803 3836 ﬁdelissima,
2837 3777 2887 3829 in
2918 3777 3095 3848 Moyse
3122 3778 3261 3832 inter
3281 3780 3507 3847 injurias

1932 3863 2220 3929 lenissima,
2243 3862 2295 3917 in
2326 3864 2487 3918 David
2518 3865 2944 3921 tribuistionibus
2970 3870 3415 3925 mansuctissima.
3446 3872 3503 3927 In

1931 3954 2101 4009 tribus
2131 3955 2307 4025 pueris
2332 3955 2553 4011 blandos
2579 3957 2726 4027 ignes
2758 3958 3071 4013 innocenter
3101 3970 3374 4029 exspectat
3402 3978 3417 4014 :
3453 3964 3504 4016 lu

1930 4044 2244 4100 Machabteis
2279 4058 2449 4100 sccvos
2478 4047 2625 4116 ignes
2653 4046 2858 4103 fortiter
2887 4049 3095 4104 toierat.
3125 4050 3279 4106 Casta
3318 4052 3368 4106 in
3399 4053 3503 4107 Su-

1931 4152 2096 4192 sanna
2125 4153 2247 4209 erga
2273 4139 2465 4205 virum,
2499 4140 2548 4193 in
2576 4141 2719 4194 Anna
2748 4150 2864 4210 post
2887 4143 3085 4209 virum,
3103 4144 3155 4197 in
3178 4144 3338 4199 Maria
3367 4157 3505 4214 pra:-

1933 4238 2014 4285 tcr
2033 4229 2224 4285 virum.
2254 4230 2440 4286 Libera
2469 4232 2519 4287 in
2548 4232 2714 4288 Paulo
2737 4235 2801 4287 ad
2833 4235 3187 4305 arguentium,
3216 4238 3430 4293 Immitis
3452 4241 3505 4295 in

1931 4321 2091 4377 Petro
2114 4322 2180 4378 ad
2205 4322 2553 4379 obedientium
2579 4342 2591 4378 :
2614 4325 2841 4381 humana
2872 4328 2923 4381 in
2949 4322 3265 4385 Christianis
3285 4330 3350 4384 ad
3378 4347 3511 4387 eon-

1933 4414 2223 4479 ﬁtcndum,
2258 4416 2433 4470 divina
2476 4417 2527 4471 in
2579 4417 2793 4472 Christo
2830 4419 2898 4473 ad
2954 4420 3353 4488 ignoscendum.
3397 4424 3507 4481 Sed

1932 4504 2056 4574 quid
2082 4519 2183 4574 ego
2206 4505 2274 4560 de
2301 4506 2558 4561 cltaritate
2584 4508 2753 4577 majus
2779 4516 2869 4562 aut
2905 4510 3123 4565 uberius
3168 4526 3382 4580 possunt
3422 4514 3475 4569 di

1931 4609 2074 4659 cere,
2098 4609 2255 4665 quam
2279 4608 2410 4666 quas
2439 4608 2539 4668 per
2578 4612 2641 4651 os
2670 4598 2909 4668 Apono“
2949 4600 3133 4655 laudes
3161 4603 3279 4671 ejus
3304 4604 3511 4665 intonat

1935 4684 2207 4762 Dominus,
2227 4686 2708 4753 superetninentem
2741 4689 2876 4743 viam
2903 4690 3322 4747 demonstrantis
3350 4703 3511 4762 atque

1932 4760 2205 4824 dicentis:
2241 4762 2299 4818 Si
2336 4763 2527 4835 linguis
2558 4766 2829 4818 hominum
2858 4766 3049 4837 loquar
3078 4780 3127 4820 et
3160 4760 3507 4840 Angeloru—m.

1932 4852 2248 4906 claritatem
2281 4861 2459 4906 autem
2490 4870 2591 4907 non
2621 4854 2863 4918 habeant,
2888 4857 3056 4924 factus
3092 4874 3206 4910 sunt
3238 4875 3505 4914 atramen-

1932 4950 2046 4993 tum
2074 4956 2293 5004 sonans,
2328 4948 2421 4994 aut
2455 4941 2753 5010 cymbalum
2797 4944 3044 4996 tinniens.
3084 4944 3152 4998 Et
3186 4946 3232 4998 si
3274 4949 3506 5004 habuero

1931 5032 2283 5100 praphctiam,
2315 5032 2546 5085 ctsn'cro
2570 5034 2749 5086 omnia
2795 5039 3155 5098 sacramenta,
3205 5044 3253 5088 et
3293 5053 3501 5092 omnem

1928 5120 2227 5184 scientiam,
2261 5129 2309 5173 et
2337 5121 2382 5173 si
2402 5120 2629 5173 habuero
2659 5128 2864 5175 omnem
2894 5122 3074 5191 ﬁdem,
3097 5125 3173 5178 ita
3213 5134 3268 5177 ut
3300 5140 3501 5181 montes

1928 5208 2270 5277 transferant,
2322 5208 2635 5261 charitatent
2682 5215 2857 5262 autent
2907 5226 3011 5263 non
3059 5212 3315 5278 habeam,
3372 5216 3503 5269 nihil

1927 5312 2065 5350 sum.
2109 5294 2173 5350 Et
2193 5296 2239 5349 si
2265 5295 2527 5348 donavcro
2545 5312 2719 5349 omnes
2736 5297 3016 5366 facultates
3045 5316 3208 5365 meas,
3244 5312 3295 5355 et
3321 5304 3368 5357 si
3393 5304 3502 5357 dis-

1930 5387 2160 5441 tribuero
2189 5386 2366 5439 omnia
2394 5401 2509 5439 mea
2539 5387 2877 5457 pauperibus,
2917 5396 2967 5442 et
2993 5391 3040 5443 si
3082 5393 3348 5447 tradidero
3378 5410 3497 5447 cor-

1926 5493 2024 5545 pus
2067 5490 2239 5527 meum
2287 5481 2344 5527 ut
2371 5474 2612 5537 ardeam.
2656 5476 2967 5531 citaritatem
3014 5490 3190 5533 autem
3237 5498 3341 5534 non
3397 5484 3498 5537 Ita.

1927 5564 2100 5623 beam.
2134 5561 2265 5615 nihil
2312 5562 2441 5615 mihi
2478 5563 2705 5632 prodest.
2740 5562 2987 5618 Charitas
3025 5569 3371 5635 magnanime
3396 5580 3491 5627 est.

1925 5654 2158 5707 charitas
2180 5651 2404 5721 benigna
2431 5660 2528 5706 est.
2567 5649 2817 5706 Charitas
2860 5670 2962 5707 non
3018 5655 3324 5720 wmulatur,
3390 5676 3494 5716 non

1928 5742 2038 5813 agit
2073 5755 2368 5811 perperam,
2399 5755 2502 5793 non
2539 5740 2778 5808 inﬂatur,
2804 5756 2907 5794 non
2950 5741 3342 5807 deltont'statnr,
3389 5763 3493 5803 non

1927 5830 2114 5903 quierit
2132 5844 2248 5899 qua:
2265 5837 2623 5893 suosttntpwtt
2645 5827 2909 5893 irritatur,
2934 5843 3036 5883 non
3052 5832 3247 5902 cogitat
3269 5834 3488 5898 malum,
