3996 6482
545 331 684 388 1535

545 469 643 506 non
668 451 854 524 gaudet
882 467 1034 518 super
1065 451 1341 520 iniquitate,
1383 452 1660 519 congaudet
1702 459 1872 504 autem
1896 450 2110 521 ueritati.

545 544 729 598 Omnia
757 543 957 609 tolerat,
981 541 1150 595 omnia
1177 540 1354 605 credit,
1378 541 1547 594 omnia
1580 550 1767 610 sperat,
1801 540 1975 594 omnia
1995 540 2111 611 suf-

541 637 659 706 fert.
683 634 916 690 Charitas
939 650 1194 701 nunquam
1211 660 1230 684 λ
1251 634 1356 686 adit
1385 632 1430 700 (l
1451 631 1566 686 Cor.
1593 649 1706 695 xui,
1733 633 1882 704 1-8)?
1907 633 2114 700 Quanta

539 735 623 781 est
651 725 788 781 ista?
814 725 1000 778 Anima
1032 723 1327 778 litterarum
1346 765 1358 783 .
1390 723 1681 791 prophetia:
1709 724 1875 778 virtus
1893 763 1909 788 ,
1934 738 2118 779 sacra-

539 825 842 870 mentorum
873 813 1038 878 salus,
1071 811 1307 866 scientire
1336 813 1745 868 solidamentum
1770 813 1810 879 ¹,
1841 812 1963 867 ﬁdei
1996 813 2115 867 fru-

537 916 674 969 ctus,
707 903 904 959 divitiae
942 919 1257 974 pauperum,
1290 903 1397 957 vita
1441 903 1799 958 morientium.
1831 903 1968 972 Quid
2001 912 2110 960 tam

536 999 954 1067 magnanimum,
986 1013 1142 1067 quam
1167 1012 1261 1061 pro
1297 996 1470 1064 impiis
1499 996 1676 1050 mori?
1707 995 1833 1066 quid
1858 1004 1964 1050 tam
2011 996 2110 1052 be-

535 1090 777 1159 nignum,
801 1104 960 1159 quam
993 1079 1242 1142 inimicos
1267 1086 1525 1156 diligere?
1551 1086 1670 1142 Sola
1695 1096 1778 1141 est
1804 1103 1961 1158 quam
1990 1087 2112 1142 feli-

533 1182 666 1235 citas
687 1181 856 1234 aliena
880 1193 986 1233 non
1017 1178 1230 1248 premit,
1259 1178 1378 1248 quia
1405 1193 1510 1232 non
1548 1177 1851 1232 tumulatur.
1877 1178 2001 1234 Sola
2031 1187 2114 1234 est

533 1288 693 1341 quam
739 1272 964 1327 felicitas
1015 1285 1108 1326 sua
1139 1285 1245 1324 non
1290 1270 1517 1336 extollit,
1559 1270 1680 1341 quia
1725 1286 1830 1326 non
1875 1271 2110 1327 inﬂatur.

533 1365 657 1419 Sola
687 1371 773 1419 est
796 1380 953 1434 quam
976 1364 1302 1418 conscientia
1322 1363 1456 1418 mala
1487 1379 1592 1418 non
1621 1365 1825 1436 pungit,
1854 1365 1975 1435 quia
2003 1379 2110 1420 non

537 1455 646 1524 agit
672 1469 974 1524 perperam.
1000 1453 1143 1508 Inter
1173 1454 1454 1524 opprobria
1485 1469 1670 1510 secura
1701 1463 1802 1519 est,
1830 1455 1968 1510 inter
1990 1454 2112 1510 odia

533 1544 768 1600 beneﬁca
792 1555 870 1599 est
903 1563 916 1598 :
951 1544 1088 1599 inter
1113 1545 1220 1598 iras
1247 1544 1450 1612 placida
1477 1553 1561 1599 est
1579 1587 1592 1610 ,
1620 1546 1758 1600 inter
1779 1546 1996 1601 insidias
2027 1547 2111 1601 in-

531 1650 733 1692 nocens
775 1655 787 1690 :
837 1637 974 1690 inter
999 1636 1302 1706 iniquitates
1327 1652 1574 1708 gemens,
1605 1637 1656 1692 in
1695 1640 1917 1693 veritate
1946 1639 2115 1710 respi-

531 1742 678 1783 rans.
707 1725 844 1794 Quid
873 1727 958 1780 illa
987 1725 1172 1781 fortius
1191 1767 1206 1792 ,
1235 1742 1339 1781 non
1371 1727 1437 1781 ad
1475 1728 1864 1793 retribuendas,
1909 1729 2002 1785 sed
2045 1729 2112 1784 ad

531 1835 637 1873 non
667 1818 930 1873 curandas
962 1819 1218 1887 injurias?
1245 1818 1380 1887 Quid
1425 1819 1512 1874 illa
1557 1819 1794 1889 ﬁdelius,
1825 1837 1929 1876 non
1957 1822 2110 1877 vani-

531 1913 647 1975 tati,
677 1911 770 1966 sed
799 1909 1086 1966 mternitati
1112 1912 1173 1965 ’ἲ
1198 1911 1326 1966 Nam
1349 1911 1468 1966 ideo
1489 1912 1676 1968 tolerat
1700 1913 1876 1967 omnia
1905 1913 1956 1968 in
1982 1929 2115 1983 prte-

528 2004 668 2060 senti
699 2005 824 2070 vita,
851 2004 971 2074 quia
1011 2003 1178 2058 credit
1205 2004 1381 2057 omnia
1412 2003 1480 2058 de
1509 2003 1681 2059 futura
1720 2007 1864 2071 vita;
1905 2015 1961 2061 et
2003 2007 2114 2062 suf-

527 2093 632 2149 fert
661 2095 836 2149 omnia
861 2111 979 2164 qua:
1019 2094 1106 2150 hic
1152 2095 1524 2160 immittuntur,
1554 2098 1674 2167 quia
1714 2105 1892 2168 sperat
1931 2098 2109 2153 omnia

527 2200 647 2254 quae
690 2185 759 2239 ibi
794 2187 1210 2254 promittuntur:
1257 2187 1450 2242 merito
1479 2203 1746 2258 nunquam
1776 2189 1935 2244 cadit.
1969 2189 2110 2259 Ergo

526 2275 800 2329 sectamini
826 2274 1157 2340 charitatcm,
1181 2286 1232 2331 et
1261 2291 1376 2331 eam
1406 2286 1585 2332 sancte
1605 2278 1899 2349 cogitantes
1925 2278 2112 2333 all‘erte

527 2369 726 2423 fructus
759 2368 999 2436 justitite.
1046 2368 1113 2423 Et
1141 2369 1394 2439 quidquid
1424 2371 1666 2435 uberius,
1693 2387 1852 2440 quam
1890 2387 1989 2441 ego
2029 2371 2112 2426 di-

525 2473 649 2514 cere
675 2461 846 2528 potui,
875 2475 969 2513 vos
999 2460 1311 2513 inveneritis
1338 2460 1389 2512 in
1421 2459 1536 2528 ejus
1569 2461 1829 2524 laudibus,
1858 2470 2112 2529 appareat

524 2550 578 2603 in
607 2550 798 2603 vestris
824 2550 1081 2603 moribus.
1100 2546 1322 2617 Oportet
1347 2549 1487 2602 enim
1516 2557 1576 2604 ut
1599 2549 1781 2605 senilis
1807 2566 1984 2606 sermo
2004 2567 2109 2606 non

523 2637 694 2694 solum
721 2638 789 2692 sit
807 2638 1002 2708 gravis,
1036 2637 1129 2692 sed
1155 2639 1314 2692 etiam
1345 2639 1540 2694 brevis.

972 2745 1205 2802 SERMO
1277 2746 1469 2802 cccu
1505 2751 1523 2772 ο
1563 2749 1665 2818 (α).

810 2859 885 2913 De
905 2859 1119 2913 utilitate
1139 2859 1347 2930 agenda:
1366 2862 1686 2930 pmnitcntia‘,
1717 2879 1730 2916 ι
1762 2862 1856 2933 (b).

593 2969 818 3026 CAPUT
849 2969 1134 3026 PRIMUM.
1161 3001 1233 3010 —-
1262 2972 1312 3026 l.
1338 2969 1654 3026 Ptenitentia:
1681 2973 1937 3027 humilitas
1957 2990 2108 3044 quam

521 3063 823 3118 necessaria.
867 3060 978 3117 Deo
1025 3062 1219 3117 excelso
1263 3062 1547 3117 humilitate
1585 3064 1970 3133 propinquatur.
2002 3063 2110 3119 Lea:

519 3156 588 3208 ad
610 3157 730 3223 quid
755 3155 895 3208 data.
923 3155 1091 3222 Quam
1122 3155 1190 3208 sit
1218 3154 1362 3208 utilis
1388 3165 1442 3210 et
1481 3156 1786 3210 necessaria
1839 3157 2106 3225 poeniten-

520 3248 606 3302 ti:e
634 3246 894 3300 medicina
934 3285 950 3310 ,
985 3244 1236 3299 facillime
1276 3243 1520 3299 homines
1551 3245 1886 3315 intelligunt,
1929 3247 2017 3316 qui
2048 3262 2108 3302 se

519 3338 765 3392 homines
788 3351 907 3392 esse
935 3335 1313 3390 meminerunt.
1346 3335 1612 3404 Scriptum
1651 3345 1732 3390 est
1759 3336 1900 3390 enim
1921 3378 1936 3397 .
1971 3335 2106 3390 Deus

518 3431 750 3501 superbis
775 3430 958 3483 resistit
981 3471 994 3492 ,
1028 3429 1304 3482 humilibus
1326 3437 1491 3481 autem
1517 3429 1606 3481 dat
1651 3429 1866 3498 gratiam
1894 3427 2107 3499 (Jacobi

515 3535 594 3588 tv,
627 3521 719 3587 6).
751 3521 817 3575 Et
848 3519 1101 3573 Dominus
1143 3518 1194 3572 in
1224 3518 1510 3587 Evangelio
1557 3517 1712 3580 dicit,
1741 3518 1990 3584 Quoniam
2019 3517 2107 3586 qui

511 3629 569 3669 se
610 3613 798 3668 exultat
821 3655 835 3677 ,
868 3610 1215 3665 lmmiliabitur
1238 3624 1260 3676 ;
1287 3618 1332 3663 et
1355 3611 1440 3680 qui
1477 3627 1532 3664 se
1557 3610 1808 3672 liumiliat,
1851 3610 2106 3664 exaltabi—

515 3716 597 3758 tur
623 3720 641 3757 :
665 3703 937 3772 magisque
962 3701 1284 3771 justiﬁcatus
1311 3700 1592 3756 descendit
1617 3699 1684 3755 de
1710 3700 1909 3770 templo
1926 3699 2103 3754 Publi-

513 3809 679 3847 canus
728 3794 818 3846 ille
844 3799 1177 3860 peccatorum
1219 3790 1555 3847 confessione
1597 3791 1896 3856 sollicitus,
1941 3805 2098 3860 quam

515 3884 814 3938 l‘liarismus
855 3883 1164 3937 meritorum
1205 3883 1609 3938 enumeratione
1635 3897 1876 3937 securus.
1901 3881 2099 3948 Quam-

513 3977 592 4028 vis
618 3975 758 4029 enim
787 3982 838 4027 ct
877 3974 990 4040 ipse
1017 3973 1213 4039 gratias
1251 3972 1420 4042 egerit
1452 3973 1580 4037 Deo,
1624 3971 1809 4027 dicens
1843 3990 1857 4026 :
1891 3970 2097 4028 Gratias

511 4067 600 4120 tibi
627 4082 722 4136 ago
745 4105 762 4131 ,
796 4063 946 4125 Deus,
977 4063 1212 4133 quoniam
1243 4079 1342 4116 non
1367 4080 1478 4117 sum
1502 4064 1628 4116 sicut
1653 4063 1818 4117 caueri
1847 4063 2093 4130 homines,

509 4159 725 4229 tnjusti,
775 4155 1031 4220 adulteri,
1079 4163 1359 4224 raptores;
1409 4155 1662 4226 quomodo
1709 4165 1754 4210 et
1800 4155 2096 4224 publicanus

506 4252 619 4306 iste.
649 4248 837 4319 Jejuno
862 4249 935 4302 bis
961 4248 1014 4303 in
1055 4248 1259 4302 sabbato
1282 4288 1298 4314 ,
1348 4247 1565 4301 decimas
1603 4247 1668 4301 do
1693 4248 1917 4301 omnium
1959 4264 2096 4318 quir-

505 4357 720 4410 eumque
744 4340 974 4409 possideo
1011 4347 1232 4394 :tamen
1260 4339 1307 4394 ei
1347 4338 1595 4406 praelatus
1639 4347 1721 4394 est
1753 4339 1861 4403 ille,
1905 4340 1993 4409 qui
2033 4341 2094 4393 de

507 4431 782 4502 longinquo
825 4431 1027 4493 stabat,
1059 4444 1216 4500 neque
1248 4428 1420 4482 oculos
1463 4428 1677 4482 audebat
1717 4429 1784 4482 ad
1813 4431 1989 4484 caelum
2021 4430 2092 4485 le-

507 4539 645 4583 uare.
677 4522 766 4577 sed
796 4521 1096 4591 percutiebat
1126 4531 1296 4591 pectus
1320 4536 1488 4586 suum,
1517 4520 1686 4574 dicens
1718 4536 1738 4576 :
1765 4520 1902 4576 Deus
1925 4564 1940 4588 ,
1973 4541 2090 4592 pro-

510 4616 664 4684 pitius
693 4623 796 4668 esto
836 4614 961 4668 mihi
1003 4612 1250 4683 peccaturi
1293 4612 1312 4682 (
1334 4611 1458 4667 Luc.
1504 4629 1628 4668 xviii
1654 4655 1670 4681 ,
1706 4614 1934 4687 lO-M).
1975 4615 2087 4670 Non

507 4709 650 4764 enim
679 4708 772 4763 ille
803 4705 1096 4777 pharisteus
1127 4717 1230 4760 tam
1274 4719 1368 4759 sua
1404 4704 1659 4772 sanitate,
1691 4721 1846 4775 quam
1871 4706 2086 4775 morbo-

564 4823 581 4854 ¹
605 4820 724 4870 Editi
751 4835 763 4870 :
785 4824 969 4880 (manto
986 4823 1057 4870 est
1077 4815 1170 4868 ista
1191 4815 1463 4880 aniinarum
1497 4815 1646 4877 salus,
1678 4815 1893 4869 scientiis
1912 4815 2090 4869 solida-

498 4889 726 4950 mentum.
750 4879 842 4932 Νὸε
861 4882 940 4931 hic
953 4881 1208 4950 sequimpr
1226 4879 1804 4950 codicespianuscriptos.

563 4945 678 5054 ’τεὶζ³
695 4951 799 4994 Mss.
825 4951 882 4994 At
905 4940 1055 4994 editi':
1074 4940 1196 5005 quid
1218 4940 1304 4992 illa
1324 4940 1531 5005 facilius,
1547 4955 1638 4992 non
1662 4940 1882 5002 vanitate,
1904 4940 1991 4992 sed
2008 4953 2085 4991 re-

563 5019 592 5054 a
608 5019 635 5054 e
892 5019 904 5030 ·

494 5005 635 5056 ritate
649 5005 674 5054 7
892 5019 904 5030 ·

562 5066 581 5088 ⁴
605 5065 895 5116 amendatos
916 5066 976 5117 ad
998 5066 1120 5117 duos
1139 5064 1202 5117 cl.
1226 5065 1288 5116 ad
1310 5063 1343 5115 f.
1361 5079 1438 5130 gr.
1471 5067 1554 5130 ph.
1579 5079 1621 5114 r.
1646 5077 1738 5115 rm.
1762 5077 1804 5114 ε.
1831 5071 1882 5115 et
1896 5063 1957 5113 ad
1979 5070 2082 5112 Am.

495 5132 570 5177 Er.
590 5133 692 5175 Par.
717 5133 826 5175 ιον.

560 5188 632 5250 (a)
667 5188 822 5247 Alias,
865 5188 927 5239 50
951 5190 1078 5239 inter
1100 5189 1324 5240 Homilias
1342 5189 1724 5254 quinquaginta,
1768 5194 1820 5237 et
1857 5193 1907 5237 tn
1954 5193 2083 5237 tome

494 5261 642 5301 nono.

557 5311 628 5374 (b)
663 5311 887 5374 Exstahat
931 5311 978 5359 in
1024 5317 1154 5361 tonio
1187 5312 1218 5360 9
1239 5314 1473 5362 membris
1514 5311 1678 5361 multis
1715 5309 1925 5374 mutilus
1952 5309 2078 5374 apud

493 5370 754 5437 Erasiuum,
780 5373 860 5435 qui
874 5373 1000 5422 hunc
1015 5379 1066 5422 et
1086 5375 1740 5437 suhsequenten\_tt‘aclat.um
1764 5373 1954 5437 censuit
1976 5370 2083 5437 plu-

493 5436 667 5483 rlmum
689 5433 968 5496 discrepare
1007 5437 1067 5483 ab
1091 5433 1370 5490 Augusiino.
1398 5435 1488 5484 Sed
1512 5436 1540 5494 ι,
1561 5438 1662 5484 sius
1684 5447 1803 5483 sane
1832 5441 1884 5482 et
1905 5433 2082 5482 doctri-

445 5515 448 5519 -
493 5505 604 5544 nam
626 5505 836 5558 uterque
860 5496 1008 5546 habet
1030 5505 1082 5546 et
1103 5496 1292 5551 stilum.
1328 5504 1498 5558 nostro,
1519 5497 1713 5558 judicio.
1741 5501 1875 5558 Notat
1897 5502 2081 5544 utrum-

493 5556 831 5618 quevseorsim
872 5558 1107 5606 Possidius
1128 5560 1177 5606 in
1209 5559 1383 5607 eodem
1424 5556 1616 5618 ludiculi
1640 5558 1797 5618 capite
1829 5556 1877 5604 8.
1904 5563 2079 5618 ﬁatque

492 5613 621 5681 hunc
643 5618 854 5681 priorem
877 5631 1009 5681 saepe
1033 5620 1148 5668 citat
1170 5618 1333 5666 Florus
1349 5653 1363 5676 ,
1404 5616 1654 5679 appellans
1673 5617 1864 5665 .librum
1886 5617 1950 5665 de
1973 5613 2077 5681 tim-

493 5679 724 5735 nitentia,
764 5679 821 5728 ad
847 5686 859 5727 I
883 5679 988 5730 Cor.
1013 5688 1115 5730 vet
1139 5695 1201 5736 vi,
1229 5688 1323 5730 etc.
1364 5687 1644 5728 Sermonem
1683 5688 1843 5728 tamen
1885 5679 2077 5739 sapiunt

494 5739 707 5805 nonmihi
726 5741 1108 5805 umiiloqucndi,
1133 5750 1177 5788 ut
1199 5744 1308 5802 istc,
1335 5754 1434 5802 cap.
1459 5739 1505 5799 :2,
1531 5761 1546 5779 ιε
1562 5752 1682 5798 quas
1707 5753 1896 5788 mecum
1919 5747 2075 5789 vestra

493 5801 698 5851 Eruditiu
722 5801 1039 5865 recognoScit.
1067 5819 1088 5847 ι

1784 328 1838 384 S.
1880 327 2242 387 AUGUSTINI
2277 330 2584 391 EPISCOPI

3676 363 3819 421 ιδδσ

2229 465 2346 506 rum
2371 452 2664 512 alienorum
2685 464 3079 531 comparatione
3092 468 3375 536 gaudebat.
3409 472 3604 533 Utilius
3628 491 3815 538 autem

2229 539 2308 642 illi
2349 551 2495 611 erat,
2525 547 2772 642 quoniam
2799 551 2868 642 ad
2905 554 3168 612 medicum
3213 573 3462 630 venerat,
3491 581 3557 622 ea
3593 566 3669 626 de
3688 573 3818 642 qui—-

2227 614 2329 724 bus
2353 614 2642 704 aegrotabat
2658 679 2686 715 ,ο
2701 639 3005 700 conﬁtendo
3026 614 3365 718 monstrare—,—

2226 716 2338 774 lare
2365 735 2394 774 a
2433 723 2744 782 vulneribus
2772 730 2920 797 suis,
2945 742 2999 788 et
3025 734 3093 791 de
3117 716 3453 797 cicatricibus
3487 745 3673 803 alienis
3704 764 3813 804 au-

2227 807 2356 866 dere
2399 813 2634 910 gloriari.
2684 816 2807 875 Non
2824 835 2959 893 ergo
2978 826 3168 882 mirum
3207 831 3250 884 si
3293 833 3610 901 publicanus
3629 841 3804 910 magis

2224 913 2438 1001 curatus
2479 907 2771 1001 abscessit,
2801 929 2961 985 quem
3005 933 3111 974 non
3140 922 3327 990 puduit
3351 927 3634 984 ostendere
3657 907 3808 1001 quod

2225 991 2459 1051 dolebat.
2490 997 2546 1094 in
2573 1001 2732 1059 rebus
2759 1007 2954 1076 quippe
2978 1011 3272 1069 visibilibus
3290 1057 3305 1083 ,
3333 1027 3392 1072 ut
3419 1021 3627 1077 excelsa
3657 991 3811 1094 quis-

2223 1100 2328 1156 que
2376 1092 2683 1162 contingat,
2735 1097 2786 1150 in
2817 1101 3086 1158 excelsum
3135 1106 3356 1178 erigitur
3395 1127 3408 1164 :
3459 1112 3596 1168 Deus
3620 1092 3806 1172 autem

2220 1189 2342 1269 cum
2367 1181 2436 1234 sit
2460 1184 2698 1240 omnium
2726 1190 3236 1262 escelleatissimus,
3271 1215 3375 1254 non
3405 1201 3633 1260 elatione
3655 1247 3669 1269 ,
3701 1209 3806 1264 sed

2221 1266 2517 1367 humilitate
2549 1277 2889 1349 contingitur.
2923 1282 3073 1339 Unde
3101 1287 3358 1357 propheta
3399 1291 3528 1348 dicit
3575 1313 3589 1348 :
3630 1266 3808 1367 Prom

2219 1370 2292 1460 ist
2311 1360 2559 1460 Dominus
2684 1373 2770 1441 qui
2791 1373 3095 1431 obtriverunt
3117 1381 3242 1452 cor(
3267 1381 3410 1438 Psal.
3441 1402 3606 1442 χχχιιι
3627 1430 3641 1453 ,
3675 1360 3803 1460 19').

2220 1449 2290 1506 Et
2331 1453 2558 1546 iterum:
2585 1459 2828 1518 Excelsus
2852 1463 3132 1535 Dominus,
3162 1480 3208 1524 et
3231 1449 3449 1530 humilia
3484 1449 3718 1546 respicit,
3756 1449 3804 1535 et

2219 1543 2416 1644 excelsa
2443 1563 2475 1599 α
2505 1547 2655 1644 longe
2679 1556 2935 1624 cognoscit
2967 1556 2987 1628 (
3010 1557 3153 1614 Psal.
3176 1575 3389 1619 cxxxvn
3411 1606 3425 1631 ,
3459 1543 3805 1638 6).‘Excelsa

2219 1634 2330 1702 ipsa
2369 1634 2544 1705 posuit
2583 1655 2680 1709 pro
2705 1646 2968 1713 superbis.
2999 1647 3092 1703 llla
3119 1666 3246 1722 ergo
3272 1634 3525 1724 respicit,
3559 1666 3616 1712 ut
3642 1661 3814 1716 attol--

2218 1725 2294 1822 lat
2318 1742 2332 1790 ;
2362 1727 2460 1782 ista
2499 1736 2808 1822 cognoscit,
2837 1747 2897 1792 ut
2923 1739 3155 1810 dejiciat.
3185 1744 3315 1801 Cum
3355 1750 3494 1803 enim
3522 1751 3624 1816 ait,
3653 1753 3804 1822 quod

2219 1816 2422 1888 alonge
2446 1821 2640 1877 excelsa
2666 1829 2952 1899 cognoscit,
2987 1833 3116 1888 satis
3156 1849 3277 1889 eum
3306 1839 3542 1895 ostendit
3572 1816 3801 1898 humilia

2215 1904 2282 1960 de
2311 1910 2556 1976 proximo
2593 1915 2868 1973 attendere
2899 1937 2912 1972 :
2945 1921 3115 1990 ipsum
3166 1935 3342 1981 tamen
3388 1928 3671 1986 Dominum
3697 1947 3802 1990 cx-

2213 1995 2414 2051 celsum
2441 2015 2558 2056 esse
2597 2006 2858 2072 prmdixit.
2880 2008 3034 2066 Solus
3060 2014 3202 2069 enim
3245 2016 3382 2072 Deus
3404 2034 3659 2091 arrogans
3689 2039 3801 2080 non

2213 2095 2318 2155 est,
2349 2099 2774 2164 quantacumque
2818 2113 2878 2154 se
2907 2102 3281 2169 praedicatione
3320 2109 3630 2166 laudaverit.
3675 2112 3796 2168 Non

2213 2191 2342 2270 ergo
2365 2194 2424 2236 se
2455 2183 2742 2240 arbitretur
2771 2189 2838 2244 ab
2863 2192 3029 2246 oculis
3068 2193 3161 2248 Dei
3190 2196 3442 2253 abscondi
3493 2203 3745 2270 superbia
3777 2224 3795 2260 :

2215 2269 2356 2325 Deus
2375 2274 2516 2328 enim
2540 2278 2749 2333 excelsa
2769 2285 3059 2350 cognoscit.
3093 2285 3204 2341 Nec
3229 2301 3286 2342 se
3310 2305 3495 2346 rursus
3527 2269 3634 2348 Deo
3663 2311 3798 2350 con-

2211 2358 2447 2452 junctam
2480 2376 2627 2432 putet
2651 2385 2665 2422 :
2695 2371 2903 2425 excelsa
2927 2374 3068 2428 enim
3091 2390 3120 2430 a
3150 2378 3303 2447 longe
3329 2361 3619 2449 cognoscit.
3644 2383 3798 2452 Quis-

2213 2451 2332 2520 quis
2378 2453 2556 2525 itaque
2598 2461 2924 2527 pceuitentia:
2978 2477 3190 2524 recusat
3241 2470 3626 2539 humilitatem,
3670 2451 3795 2534 Deo

2214 2546 2569 2616 prepinquare
2594 2565 2698 2606 non
2723 2553 2936 2624 cogitat.
2961 2558 3113 2613 Aliud
3144 2569 3226 2616 est
3258 2564 3399 2618 enim
3438 2565 3612 2622 levare
3641 2583 3699 2624 se
3725 2571 3791 2625 ad

2217 2634 2381 2727 Deum
2406 2655 2420 2702 ;
2447 2638 2587 2695 aliud
2617 2651 2700 2698 est
2733 2644 2996 2703 levare'se
3035 2660 3216 2706 contra
3240 2654 3426 2711 Deum.
3459 2658 3559 2727 Qui
3583 2671 3706 2717 ante
3732 2665 3793 2718 il-

2215 2723 2321 2779 lum
2347 2742 2406 2783 se
2435 2732 2643 2802 projicit
2665 2776 2681 2800 ,
2715 2737 2782 2792 ab
2808 2738 2898 2792 illo
2939 2742 3159 2813 erigitur
3187 2763 3200 2800 :
3231 2749 3319 2818 qui
3359 2723 3610 2808 adversus
3641 2756 3789 2812 illum

2212 2830 2271 2872 se
2309 2819 2501 2890 erigit,
2531 2823 2598 2878 ab
2632 2825 2725 2880 illo
2751 2829 3045 2900 projicitur.
3083 2835 3199 2891 Alia
3243 2847 3324 2893 est
3363 2842 3503 2897 enim
3546 2845 3790 2903 soliditas

2213 2914 2589 2981 magnitudinis
2611 2961 2627 2984 ,
2667 2920 2766 2974 alia
2801 2931 2884 2977 est
2911 2925 3137 2983 inanitas
3181 2929 3482 2988 inﬂationis.
3526 2936 3624 3004 Qui
3656 2938 3789 2996 foris

2211 3007 2495 3094 tumescit,
2547 3010 2692 3067 intus
2741 3014 2981 3072 tabescit.
3033 3019 3133 3088 Qui
3177 3023 3314 3094 eligit
3355 3027 3508 3093 obiici
3548 3030 3599 3083 in
3637 3031 3791 3088 domo

2213 3093 2328 3162 Dei,
2357 3101 2516 3170 magis
2542 3118 2692 3170 quam
2714 3105 2941 3170 habitare
2962 3110 3014 3164 in
3054 3093 3388 3170 tabernaculis
3417 3129 3736 3188 peccatorum
3767 3141 3788 3188 ,-

2211 3189 2357 3260 eligit
2386 3193 2532 3248 illum
2563 3196 2732 3265 Deus,
2781 3209 2837 3254 ut
2881 3201 3137 3260 inhabitet
3179 3206 3232 3261 in
3262 3209 3411 3264 atriis
3439 3213 3591 3279 ejus;
3619 3223 3672 3268 et
3699 3215 3784 3270 ni-

2214 3282 2284 3335 hil
2315 3284 2414 3338 sibi
2444 3300 2798 3345 assumentem
2829 3293 2916 3348 ille
2947 3295 2998 3349 in
3035 3298 3216 3354 sedem
3249 3299 3512 3360 beatitatis
3536 3312 3780 3364 assumit.

2214 3373 2362 3430 Unde
2412 3377 2464 3432 in
2511 3379 2722 3435 Psalmo
2763 3385 3075 3445 suavissime
3119 3397 3172 3444 et
3217 3393 3491 3450 verissime
3537 3398 3782 3468 canitur,

2210 3463 2394 3521 Beatus
2421 3470 2496 3522 vir
2530 3472 2672 3542 cujus
2697 3483 2767 3528 est
2795 3479 3040 3546 susceptio
3065 3482 3174 3549 ejus
3205 3483 3292 3538 obs
3327 3492 3374 3537 te
3396 3527 3408 3548 ,
3438 3485 3667 3542 Domine.
3702 3463 3781 3545 Ne

2209 3566 2361 3626 putes
2387 3573 2508 3614 eum
2550 3563 2636 3631 qui
2682 3579 2740 3618 se
2771 3565 3011 3622 humiliat
3048 3585 3258 3640 semper
3278 3573 3499 3643 jacere;
3535 3592 3652 3630 eum
3694 3578 3782 3632 di—

2207 3656 2348 3701 ctum
2377 3650 2474 3716 sit,
2499 3649 2837 3709 Exaltabitur.
2871 3658 2935 3712 Et
2973 3674 3041 3713 ne
3065 3661 3297 3729 opineris
3343 3663 3458 3732 ejus
3503 3667 3781 3722 exaltatio-

2207 3755 2326 3795 nem
2359 3743 2409 3796 iu
2438 3745 2606 3799 oculis
2635 3745 2903 3803 hominum
2941 3766 3034 3820 per
3062 3753 3414 3810 sublimitates
3444 3755 3555 3812 ﬁeri
3585 3773 3782 3828 corpu-

2205 3833 2344 3887 rales
2384 3850 2398 3898 ;
2430 3849 2548 3888 cum
2599 3837 2739 3891 enim
2779 3839 3033 3907 dixisset,
3066 3842 3248 3896 Beatus
3273 3845 3366 3912 vir,
3395 3847 3540 3916 cujus
3565 3858 3637 3904 est
3661 3865 3780 3904 sus-

2203 3927 2363 3997 ceptio
2387 3929 2495 3998 ejus
2514 3929 2602 3983 abs
2632 3939 2697 3998 te,
2725 3930 2943 3988 Domine
2967 3951 2986 3998 ;
3029 3945 3417 4005 consequenter
3447 3939 3698 3994 annexuit
3727 3950 3783 3996 et

2202 4017 2431 4072 ostendit
2457 4019 2694 4088 ejusdem
2738 4024 3090 4092 susceptionis
3125 4025 3496 4082 celsitudinem
3525 4029 3774 4098 spiritua-

2202 4107 2302 4164 lem
2330 4110 2643 4177 :Ascensus,
2673 4112 2873 4182 inquit,
2903 4116 2957 4168 in
2983 4115 3132 4168 corde
3155 4117 3262 4186 ejus
3295 4118 3540 4186 disposuit
3581 4120 3631 4173 in
3657 4136 3782 4173 con-

2201 4202 2328 4254 valle
2359 4203 2688 4272 plorationis,
2730 4205 2782 4257 in
2834 4205 2998 4258 locum
3040 4221 3184 4274 quem
3213 4207 3474 4277 disposuit.
3510 4209 3607 4266 Ubi
3648 4226 3776 4282 ergo

2199 4295 2456 4364 disposuit
2498 4311 2750 4352 ascensus
2785 4296 2809 4349 ?
2860 4297 2915 4351 lu
2955 4297 3146 4360 corde,
3197 4299 3250 4353 in
3295 4301 3535 4356 convalle
3575 4303 3776 4359 scilicet

2200 4387 2525 4456 plorationis.
2557 4388 2669 4443 lloc
2701 4395 2802 4448 est,
2839 4387 2936 4452 Qui
2952 4405 3006 4442 se
3029 4389 3282 4454 humiliat,
3313 4393 3632 4448 exaltabitur.
3657 4393 3776 4450 Sic-

2199 4488 2254 4532 ut
2302 4478 2444 4533 enim
2511 4492 2762 4533 ascensus
2804 4479 3182 4533 exaltationem
3229 4480 3424 4536 indicat
3455 4498 3470 4548 ;
3504 4484 3574 4538 ita
3621 4485 3775 4540 vallis

2196 4569 2542 4625 humilitatem
2560 4611 2575 4636 ,
2603 4578 2655 4624 et
2680 4569 2934 4624 convallis
2959 4569 3299 4640 ploratioues.
3325 4572 3472 4628 Sicut
3495 4575 3635 4628 enim
3675 4590 3773 4630 co-

2195 4677 2308 4717 mes
2355 4661 2680 4730 poenitentia:
2709 4660 2862 4715 dolor
2885 4654 2982 4714 cst
3007 4676 3022 4726 ;
3051 4663 3121 4716 ita
3159 4663 3404 4735 lacrymae
3447 4673 3570 4719 sunt
3611 4673 3776 4721 testes

2153 4759 2158 4762 '
2192 4752 2410 4805 doloris.
2457 4751 2667 4820 Optime
2709 4759 2884 4806 autem
2933 4753 3202 4822 sequitur,
3250 4763 3305 4808 et
3347 4754 3474 4810 dicit
3520 4773 3535 4808 :
3569 4754 3772 4812 Etenim

2191 4842 2579 4897 benedictionem
2617 4844 2792 4911 dabit,
2840 4846 2926 4916 qui
2959 4845 3116 4915 legem
3144 4844 3282 4900 dedit
3309 4845 3478 4918 (Psal.
3527 4864 3728 4904 until
3754 4892 3771 4918 ,

2195 4935 2280 4996 ll,
2310 4934 2362 4997 6,
2391 4935 2445 4999 7,
2478 4933 2570 5005 8).
2591 4935 2669 4989 Ad
2704 4934 2807 4991 hoc
2848 4935 2989 4992 enim
3030 4937 3116 4991 lex
3148 4936 3268 4992 data
3309 4946 3421 5003 est,
3464 4949 3519 4993 ut
3550 4941 3768 4996 vulnera

2190 5025 2496 5082 ostenderet
2532 5035 2868 5098 peccatorum
2891 5069 2907 5094 ,
2934 5043 3052 5098 qua:
3075 5029 3257 5097 gratia:
3286 5029 3585 5086 benedictio
3616 5045 3774 5086 sana-

2189 5127 2289 5172 ret.
2323 5119 2401 5171 Ad
2447 5118 2549 5174 hoc
2590 5120 2673 5175 lex
2717 5119 2835 5175 data
2877 5128 2985 5188 est,
3036 5130 3093 5173 ut
3139 5121 3367 5189 superbo
3406 5122 3767 5178 inﬁrmitatem

2188 5225 2337 5263 suam
2385 5218 2561 5264 notam
2594 5211 2807 5278 faceret,
2854 5211 3065 5265 inﬁrmo
3093 5211 3455 5280 pmnitentiam
3495 5214 3769 5269 suaderet.

2189 5303 2268 5358 Ad
2308 5305 2408 5358 hoc
2450 5305 2530 5359 lex
2571 5305 2693 5359 data
2719 5311 2832 5369 est,
2863 5313 2917 5358 ut
2945 5304 3242 5359 diceremus
3286 5305 3336 5359 in
3365 5307 3605 5361 convalle
3651 5307 3766 5376 plo-

2189 5399 2435 5464 rationis,
2489 5398 2645 5452 Video
2673 5398 2827 5450 aliam
2870 5397 3028 5468 legem
3071 5398 3124 5451 in
3170 5399 3403 5452 membris
3447 5399 3567 5453 meis
3612 5416 3765 5469 repu-

2185 5500 2419 5560 gnantem
2459 5491 2556 5559 legi
2592 5488 2767 5542 mentis
2797 5503 2950 5549 mete,
2976 5497 3022 5541 et
3066 5491 3402 5557 captivantem
3444 5506 3521 5542 me
3565 5489 3617 5542 in
3661 5491 3768 5560 lege

2189 5583 2415 5652 peccati,
2447 5598 2557 5652 qua:
2600 5590 2670 5635 est
2714 5580 2764 5633 in
2795 5579 3028 5634 membris
3056 5580 3177 5633 meis
3210 5589 3306 5635 :et
3330 5596 3449 5634 cum
3491 5581 3604 5650 ipso
3651 5581 3770 5650 plo-

2189 5689 2300 5730 ratu
2328 5677 2674 5729 clamarcmus
2693 5715 2706 5735 ,
2741 5673 2933 5740 Infelix
2957 5689 3045 5743 ego
3077 5673 3223 5726 homo
3251 5673 3272 5725 .'
3293 5674 3402 5742 quis
3441 5689 3518 5725 me
3539 5672 3766 5727 liberabit

2187 5769 2246 5820 dc
2272 5783 2477 5835 corpore
2504 5769 2671 5816 nio-tis
2713 5761 2861 5830 hujus
2889 5766 2910 5816 ?
2953 5775 3003 5819 et
3030 5777 3362 5821 succurreret
3385 5764 3531 5818 nobi.c
3554 5801 3565 5823 ,
3611 5781 3759 5820 exau-
