3996 6460
153 348 296 403 15ῧῖ

149 465 339 520 diente
377 466 466 522 illo
490 466 576 537 qui
616 466 771 538 erigit
796 468 956 523 elisos
976 508 997 534 ,
1038 469 1191 523 solvit
1222 467 1580 538 compeditos,
1606 468 1729 522 illn-

150 555 326 611 minat
370 572 539 612 cmeos
568 558 587 627 (
613 556 757 613 Psal.
786 574 958 627 cxtv,
990 562 1042 626 7,
1064 561 1171 631 8),
1198 563 1363 630 gratia
1390 562 1483 617 Dei
1514 579 1602 633 per
1628 563 1729 618 Je-

148 663 269 701 aum
301 646 553 703 Christum
593 649 865 705 Dominum
902 660 1127 707 uestrum
1156 653 1175 723 (
1199 653 1348 708 Rom.
1374 670 1465 719 vn,
1486 654 1577 720 25,
1599 655 1722 727 25).

223 737 449 795 CAPUT
488 741 553 795 ll.
582 769 655 782 —
681 741 736 797 2.
776 740 901 796 Tria
946 745 1244 812 ptenitentias
1284 762 1484 816 genera.
1548 743 1729 800 Prima

149 830 468 899 paenitentia,
507 840 623 886 ante
657 830 994 903 Baptismum.
1020 833 1154 889 Tres
1192 844 1316 891 sunt
1357 845 1533 891 autem
1561 837 1727 891 actio-

148 937 251 979 nes
296 924 656 994 pauitantia,
707 940 839 995 quas
877 942 1084 981 mecum
1112 938 1286 982 vestra
1311 928 1552 984 Eruditio
1575 943 1728 985 reco-

147 1015 378 1083 gnoscit.
419 1015 555 1070 Sunt
586 1015 727 1071 enim
778 1018 981 1072 usitatae
1014 1018 1067 1073 in
1106 1019 1337 1074 Ecclesia
1364 1020 1487 1087 Dei,
1513 1030 1570 1077 et
1604 1022 1726 1077 dili-

147 1114 338 1173 genter
364 1108 757 1163 attendentibus
780 1118 940 1163 notae.
973 1108 1086 1164 Una
1127 1117 1212 1165 est
1250 1125 1369 1180 quae
1398 1125 1589 1166 novum
1620 1112 1719 1168 ho-

147 1193 351 1249 minem
383 1197 636 1264 parturit,
666 1197 838 1253 donec
864 1212 955 1266 per
988 1199 1310 1266 Baptismum
1347 1200 1578 1256 salutare
1608 1216 1722 1256 om-

148 1283 298 1337 nium
323 1287 709 1352 praeteritorum
742 1286 829 1340 flat
868 1287 1067 1341 ablutio
1107 1298 1437 1357 peccatorum
1468 1306 1483 1343 ε
1514 1302 1573 1345 ut
1607 1301 1723 1346 Lui-

144 1389 311 1445 quam
344 1391 509 1445 puero
539 1387 662 1431 nato
702 1378 913 1433 dolores
943 1388 1215 1433 transeant
1238 1421 1253 1447 ,
1300 1383 1490 1451 quibus
1519 1384 1719 1438 viscera

145 1468 476 1535 urgebantur
515 1468 582 1522 ad
635 1478 841 1538 partum
864 1510 879 1535 ,
909 1480 964 1524 et
1006 1471 1272 1525 tristitiam
1310 1473 1489 1528 lcetitia
1526 1488 1719 1530 consc-

142 1564 358 1624 quatnr.
406 1556 589 1613 Omnis
628 1558 770 1613 enim
797 1558 884 1628 qui
921 1559 1031 1628 jam
1060 1560 1259 1616 arbiter
1287 1563 1570 1618 voluntatis
1609 1580 1719 1623 sua:

141 1657 464 1708 constitutus
490 1663 591 1722 est,
619 1669 741 1710 cum
768 1656 972 1711 accedit
999 1656 1065 1710 ad
1091 1657 1427 1712 Sacramenta
1461 1657 1715 1725 fidelium,

143 1742 249 1794 nisi
290 1757 411 1797 eum
462 1746 714 1812 pmniteat
747 1746 867 1801 vita:
912 1747 1127 1814 veteris,
1174 1752 1393 1803 novam‘
1417 1764 1519 1803 non
1545 1758 1719 1819 potest

140 1829 417 1886 inchoare.
449 1833 530 1885 Ab
560 1833 660 1889 hac
698 1835 1037 1904 ptenitentia,
1068 1852 1188 1891 cum
1216 1837 1578 1906 baptizantur,
1620 1840 1718 1895 soli

118 1921 349 1985 .parvuli
376 1931 498 1975 sunt
530 1922 791 1979 immunes
838 1944 851 1979 :
895 1925 1129 1981 nondum
1176 1927 1319 1982 enim
1374 1928 1449 1982 uti
1494 1939 1717 1998 possunt

139 2010 315 2064 libero
362 2014 604 2067 arbitrio.
660 2014 861 2083 Quibus
905 2026 1078 2073 tamen
1136 2018 1203 2072 ad
1258 2020 1713 2076 consecrationem

106 2102 119 2105 “
139 2103 627 2176 rcmissionemque
652 2108 923 2177 originalis
945 2110 1144 2179 peccati
1172 2111 1387 2179 prodest
1427 2128 1611 2167 eorum
1650 2114 1714 2166 tl-

134 2192 273 2257 des,
319 2211 348 2247 a
399 2197 592 2265 quibus
632 2197 963 2263 offeruntur;
1002 2209 1059 2254 ut
1097 2215 1453 2271 quascumque
1482 2203 1716 2259 maculas

133 2283 458 2339 delictorum
491 2301 586 2355 per
612 2287 744 2341 alios
763 2326 779 2353 ,
805 2303 871 2342 ex
891 2289 1080 2357 quibus
1108 2291 1214 2343 nati
1236 2300 1358 2344 sunt
1380 2332 1394 2355 ,
1436 2304 1714 2347 contraxe-

138 2382 310 2439 runt,
357 2375 579 2429 aliorum
609 2377 768 2429 etiam
816 2378 1226 2447 interrogatione
1262 2394 1324 2434 ac
1368 2383 1714 2451 responsione

139 2473 454 2532 purgentur.
506 2465 791 2521 Verissime
835 2468 1029 2537 quippe
1058 2470 1111 2522 in
1156 2470 1379 2525 Psalmis
1409 2472 1707 2541 plangitur,

139 2552 276 2605 Ecce
303 2555 353 2607 in
383 2555 643 2622 iniquitate
674 2565 939 2624 conceptus
967 2575 1081 2612 sum
1102 2600 1118 2624 ,
1154 2570 1199 2612 et
1224 2561 1275 2613 in
1301 2564 1516 2629 peccatis
1554 2573 1713 2616 mater

137 2658 253 2695 mea
280 2660 357 2696 me
386 2643 438 2696 in
467 2654 603 2699 utero
629 2646 753 2699 aluit
783 2645 965 2716 (Psal.
995 2664 1045 2711 ι..
1094 2649 1123 2701 7
1143 2650 1182 2719 ).
1225 2650 1353 2705 Item
1400 2653 1539 2721 quod
1576 2654 1711 2707 scri-

139 2740 291 2800 ptum
320 2742 434 2799 est,
466 2748 572 2788 non
618 2749 736 2790 esse
762 2736 1018 2791 mundum
1062 2737 1114 2792 in
1148 2749 1434 2809 conspectu
1474 2742 1587 2805 Dei,
1614 2758 1711 2798 nec

139 2821 434 2889 infantem,
478 2823 629 2893 cujus
675 2834 761 2880 est
807 2827 909 2880 vita
949 2828 1054 2882 diei
1104 2829 1257 2883 unius
1302 2846 1462 2899 super
1515 2842 1706 2887 terram

140 2913 159 2981 (
184 2911 286 2966 Job
339 2928 448 2980 xiv,
488 2913 543 2978 4,
572 2930 673 2971 sec.
701 2915 844 2969 LXX
865 2918 902 2984 ).
939 2916 1187 2987 Exceptis
1229 2935 1354 2990 ergo
1384 2921 1575 2975 talibus
1598 2962 1611 2985 ,
1640 2924 1707 2978 de

137 3021 365 3075 quorum
392 3007 578 3063 ordine
604 3024 668 3064 ac
693 3011 882 3065 merito
913 3011 965 3065 in
987 3010 1163 3066 futura
1203 3014 1309 3075 illa,
1338 3030 1457 3084 qua:
1494 3017 1705 3083 promit-

139 3096 301 3163 titur,
328 3106 473 3153 sorte
508 3108 814 3155 sanctorum
837 3142 851 3166 ,
885 3101 1024 3156 velle
1051 3104 1276 3171 amplius
1301 3094 1537 3173 quaerere
1560 3146 1575 3170 ,
1608 3105 1706 3160 ho-

136 3186 341 3241 minum
386 3186 657 3243 modulum
709 3190 962 3257 excedit;
1020 3193 1105 3260 pie
1149 3203 1322 3248 tamen
1352 3194 1586 3249 creditur
1628 3196 1707 3250 eis

137 3278 398 3346 prodesse
422 3278 491 3334 ad
519 3280 846 3349 spiritualem
872 3283 1094 3337 salutem
1120 3325 1133 3347 ,
1165 3285 1305 3354 quod
1332 3285 1703 3341 ecclesiasticae

135 3368 467 3424 auctoritatis
487 3384 582 3439 per
606 3378 775 3425 totum
806 3372 989 3427 orbem
1016 3381 1277 3428 terrarum
1306 3384 1410 3431 tam
1441 3378 1592 3429 lirmo
1619 3392 1705 3429 ro-

135 3457 267 3513 bore
292 3459 584 3515 custoditur
612 3477 627 3515 :
658 3471 970 3518 cmterorum
1011 3463 1283 3519 hominum
1315 3466 1488 3521 nullus
1515 3469 1703 3521 transit

134 3547 200 3601 ad
226 3546 495 3604 Christum
520 3591 535 3617 ,
564 3559 621 3605 ut
659 3552 877 3622 incipiat
903 3568 1022 3609 esse
1068 3548 1208 3623 quod
1250 3570 1354 3609 non
1393 3565 1506 3610 erat
1529 3598 1544 3621 ,
1601 3557 1700 3611 nisi

132 3653 252 3693 cum
276 3642 527 3709 poeniteat
563 3641 726 3698 fuisse
751 3644 889 3714 quod
925 3653 1056 3700 erat.
1097 3646 1222 3701 Hzcc
1249 3648 1413 3715 prima
1444 3649 1705 3717 pauitan-

132 3729 201 3781 tia
230 3731 531 3799 przrcipitur
575 3732 774 3788 Judaais
796 3773 813 3799 ,
841 3733 1048 3790 dicente
1076 3738 1317 3803 apostolo
1364 3737 1518 3791 Petro
1542 3777 1557 3802 ,
1589 3734 1704 3791 Pte-

132 3821 391 3875 nitentium
430 3825 579 3891 agite,
622 3834 669 3878 et
714 3826 990 3895 baptizatur
1032 3829 1372 3897 unusquisque
1399 3839 1611 3883 vestrum
1649 3830 1703 3883 in

131 3912 332 3966 nomine
356 3911 560 3967 Domini
598 3916 753 3968 nostri
776 3914 902 3969 Iesu
927 3915 1112 3969 Christi
1132 3918 1273 3985 (Act.
1298 3932 1354 3981 ιι,
1384 3917 1451 3971 38
1472 3916 1513 3988 ).
1556 3918 1697 3971 Talis

130 4001 195 4056 ab
224 4003 344 4072 ipso
373 4003 595 4056 Domino
643 4005 1030 4073 imperabatur,
1072 4021 1193 4060 cum
1227 4007 1429 4061 diceret
1476 4028 1490 4062 :
1523 4009 1645 4063 Pam
1673 4040 1695 4050 -

130 4092 334 4144 tentiam
377 4093 527 4161 agite,
556 4094 976 4163 appropinquavit
1021 4098 1151 4149 enim
1203 4114 1407 4167 regnum
1461 4101 1697 4153 calorum

132 4182 351 4247 (Matth.
376 4199 448 4247 tv,
480 4183 597 4253 l7).
630 4184 702 4238 De
727 4184 825 4239 hac
852 4186 1009 4239 etiam
1040 4187 1271 4242 Joannes
1297 4189 1549 4259 Baptista,
1583 4192 1695 4259 ple-

132 4289 227 4327 nus
254 4275 451 4342 Spiritu
476 4285 677 4340 sancto,
710 4292 1006 4344 praecursor
1033 4288 1087 4333 et
1113 4291 1433 4349 prmparator
1463 4283 1556 4336 via:
1589 4284 1693 4336 llo-

134 4367 254 4421 tnini
277 4367 347 4419 ita
369 4366 496 4421 dicit
525 4385 537 4420 :
572 4366 837 4422 Generatio
878 4370 1199 4437 viperarum,
1228 4373 1337 4440 quis
1365 4374 1577 4426 ostendit
1610 4388 1695 4427 vo-

132 4457 200 4509 bis
229 4460 401 4528 fugere
438 4474 468 4509 a
494 4466 700 4512 ventura
726 4460 801 4512 ira
821 4461 846 4513 ?
874 4459 1043 4515 Facite
1066 4478 1183 4532 ergo
1223 4465 1445 4533 fructum
1487 4464 1693 4534 dignum

131 4550 421 4617 paenitentia:
452 4548 579 4619 (Id.
614 4567 687 4616 In,
720 4552 769 4613 7,
804 4551 888 4623 8).

196 4638 413 4695 CAPUT
442 4641 524 4695 Ill.
554 4672 626 4681 —
650 4642 701 4695 3.
727 4644 897 4697 Altera
917 4645 1203 4713 ptenitentia
1230 4662 1344 4714 qua:
1368 4647 1449 4700 hic
1467 4648 1690 4701 omnium

128 4740 197 4783 est
219 4747 275 4784 ac
295 4740 553 4801 perpetua.
593 4731 722 4786 Vita:
760 4734 914 4803 hujus
956 4736 1193 4805 paenitere
1237 4754 1327 4791 nos
1369 4736 1544 4804 debet,
1571 4738 1690 4808 quia

128 4822 428 4891 corruptioni
464 4832 512 4875 et
561 4823 912 4877 tentatiouibus
955 4826 1171 4880 obnoxia
1215 4838 1308 4883 est.
1357 4829 1536 4884 Altera
1562 4846 1689 4885 vero

131 4911 427 4976 ptenitentia
449 4921 531 4967 est
551 4950 569 4978 ,
595 4913 748 4982 cujus
794 4913 932 4968 actio
959 4929 1053 4983 per
1073 4924 1236 4971 totam
1287 4918 1441 4972 istam
1480 4919 1641 4974 vitam
1667 4960 1681 4985 ,

130 5021 223 5072 qua
252 5008 303 5061 in
328 5023 488 5062 carne
514 5009 721 5063 mortali
746 5009 985 5079 degimus
1008 5052 1023 5077 ,
1065 5019 1315 5080 perpetua
1343 5014 1684 5082 supplicatio-

132 5095 203 5147 nis
232 5094 520 5153 humilitate
540 5097 810 5153 subeunda
837 5107 937 5153 est.
965 5099 1172 5167 Primo,
1202 5101 1324 5169 quia
1344 5116 1503 5157 nemo
1527 5104 1685 5177 vitam

134 5191 392 5253 a-tcrnam,
422 5187 893 5257 incorruptibilem,
925 5190 1381 5260 immortalemque
1396 5191 1681 5259 desiderat,

137 5274 226 5328 nisi
268 5292 383 5333 eum
414 5279 534 5333 vittc
564 5279 720 5349 hujus
747 5281 1052 5350 temporalis
1072 5322 1086 5346 ,
1114 5282 1469 5350 corruptibilis
1488 5323 1503 5347 ,
1533 5298 1680 5337 mor-

139 5366 338 5437 talisque
366 5371 639 5441 paznitcat.
666 5370 778 5427 Non
806 5373 945 5428 enim
971 5374 1048 5429 sic
1073 5375 1295 5445 quisque
1324 5376 1376 5430 in
1397 5376 1555 5430 vitam
1588 5390 1686 5431 ηο-

139 5470 240 5509 vam
269 5476 355 5529 per
371 5462 844 5518 sanctificationem
864 5464 1114 5534 Baptismi
1142 5466 1394 5533 nascitur,
1412 5477 1468 5521 ut
1488 5482 1680 5539 quem-

139 5546 395 5607 admodum
449 5553 668 5621 deponit
708 5554 778 5609 ibi
817 5558 991 5611 omnia
1020 5566 1233 5625 peccata
1258 5558 1556 5627 praeterita,
1610 5561 1680 5614 ita

140 5637 281 5694 etiam
307 5646 479 5700 statim
526 5645 898 5702 mortalitatem
947 5648 1111 5718 ipsam
1162 5651 1337 5704 carnis
1378 5651 1678 5721 corruptio-

144 5742 344 5807 nemque
369 5738 616 5812 deponat.
640 5739 792 5810 Quod
820 5740 865 5797 si
896 5756 999 5799 non
1027 5740 1096 5798 ita
1119 5751 1201 5799 est
1219 5786 1233 5815 ,
1267 5752 1429 5801 restat
1469 5753 1525 5800 ut
1555 5744 1679 5801 illud

1551 344 1777 402 διεκιιο

1831 346 2041 407 CCCLI.
3277 380 3409 436 1538

1837 468 1975 557 quod
2023 471 2275 541 scriptum
2316 487 2431 543 est,
2463 480 2601 547 quod
2630 482 2790 538 etiam
2817 486 3037 557 quisque
3067 490 3120 543 in
3146 505 3204 548 se
3250 495 3411 552 sentit

1830 555 2005 635 adhuc
2024 600 2040 625 ,
2062 560 2187 616 dum
2219 563 2271 618 in
2299 563 2399 620 hac
2430 569 2534 622 vita
2560 579 2641 624 est
2662 614 2676 638 ,
2705 590 2886 645 corpus
2906 555 3040 649 quod
3070 587 3409 654 corrumpitur

1833 660 2079 719 aggravet
2098 655 2319 710 animam
2339 697 2357 723 ,
2394 668 2443 713 et
2463 658 2721 729 deprimat
2748 674 2940 722 terrena
2966 670 3258 728 inhabitatio
3294 693 3410 731 sem

1829 753 1942 791 sum
1962 742 2120 795 multa
2143 748 2442 813 cogitantem
2469 748 2621 822 (Sap.
2652 769 2707 809 rx
2726 794 2739 817 ,
2764 756 2875 825 l5).
2897 758 3047 825 Quod
3076 770 3197 818 tunc
3222 765 3274 819 in
3316 766 3404 822 illa

1829 827 2158 889 beatitudine
2182 838 2302 904 quia
2326 854 2431 894 non
2454 842 2557 895 erit
2573 883 2586 905 ,
2616 858 2736 898 cum
2763 845 3133 905 absorbebitur
3158 869 3303 911 mors
3346 857 3402 913 in

1828 920 2103 1019 victoriam
2131 926 2312 1019 (Ilion
2341 946 2409 983 xv
2429 970 2445 996 ,
2472 932 2566 1001 54)
2590 950 2604 998 ;
2636 936 2753 1004 quis
2775 937 2978 995 dubitet
2998 942 3049 996 in
3071 960 3402 1019 quacumque

1830 1015 2103 1081 temporali
2132 1014 2382 1073 felicitate
2408 1021 2424 1051 ⁸
2472 1035 2749 1079 versemur
2773 1068 2787 1094 ,
2814 1031 3071 1096 [enitere
3099 1043 3273 1093 tamen
3300 1014 3399 1095 nos

1825 1101 2023 1159 debere
2064 1105 2398 1176 hnjnsvitac,
2425 1122 2484 1167 ut
2512 1112 2579 1167 ad
2605 1113 2748 1170 illam
2801 1120 3244 1193 incorruptionem
3289 1136 3397 1186 tota

1824 1193 2077 1250 aviditate
2106 1204 2418 1257 curramus?
2445 1203 2570 1260 Inde
2593 1212 2679 1261 est
2727 1208 2865 1262 enim
2896 1214 3035 1281 quod
3060 1217 3217 1270 etiam
3253 1220 3396 1288 Apo-

1824 1285 1994 1339 stolus
2020 1288 2094 1341 ait
2121 1306 2132 1341 :
2170 1290 2423 1356 Quamdiu
2447 1311 2619 1353 sumus
2642 1298 2696 1352 in
2737 1316 2978 1371 corpore,
3023 1285 3396 1376 peregrinantur

1823 1391 1857 1427 a
1908 1374 2125 1431 Domino
2155 1397 2175 1435 :
2203 1398 2289 1449 per
2314 1384 2463 1451 ﬁdem
2489 1389 2622 1440 enim
2660 1388 3004 1460 ambulamus,
3034 1411 3135 1449 non
3164 1414 3253 1466 per
3274 1416 3392 1467 spe-

1819 1468 1946 1559 ciem
1972 1470 2038 1539 (Il
2066 1472 2181 1526 Cor.
2211 1490 2264 1539 ν,
2292 1474 2325 1529 6
2344 1516 2358 1541 ,
2391 1478 2468 1546 7).
2495 1478 2622 1544 Quis
2659 1496 2786 1551 ergo
2814 1483 3024 1539 festinat
3050 1495 3206 1556 atque
3244 1499 3393 1559 optat

1821 1557 1889 1612 ad
1920 1560 2139 1627 patriam
2166 1578 2404 1619 remeare
2424 1608 2438 1631 ,
2471 1575 2525 1621 et
2553 1568 2697 1622 illam
2727 1572 2955 1639 speciem
2994 1590 3112 1645 qua:
3141 1586 3223 1631 est
3258 1557 3392 1634 facie

1822 1649 1887 1704 ad
1915 1651 2095 1707 faciem
2124 1657 2490 1725 contemplari,
2512 1660 2610 1714 nisi
2640 1677 2793 1731 quem
2824 1667 3259 1734 peregrinationis
3279 1686 3391 1726 sum

1822 1742 2162 1809 ptenituerit?
2188 1746 2261 1798 Ex
2288 1762 2391 1815 quo
2419 1748 2603 1805 dolore
2625 1754 2929 1820 ptenitentis
2948 1796 2962 1820 ,
2990 1760 3147 1812 etiam
3172 1776 3273 1814 vox
3301 1762 3391 1819 illa

1820 1829 2137 1884 miserabilis
2161 1836 2393 1902 erumpit
2422 1845 2475 1890 et
2500 1848 2651 1892 sonat
2679 1857 2691 1892 :
2723 1840 2837 1894 Heu
2854 1845 2965 1898 me!
2990 1848 3222 1915 quoniam
3244 1866 3390 1917 pere-

1818 1920 2036 1989 grinatio
2066 1939 2175 1976 mea
2201 1924 2469 1995 longinqua
2499 1932 2634 1999 facta
2663 1941 2751 1984 est.
2779 1932 2844 1986 Et
2880 1950 2947 1988 ne
2968 1945 3118 2004 putes
3154 1940 3389 1994 nondum

1822 2007 2029 2064 fidelem
2058 2011 2155 2065 ista
2183 2013 2356 2082 loqui,
2382 2016 2497 2071 vide
2522 2018 2645 2087 quid
2674 2024 2910 2089 sequitur
2942 2041 2955 2076 :
2991 2024 3278 2081 lnhabitavi
3334 2030 3389 2082 in

1820 2098 2149 2156 tabernaculis
2166 2101 2327 2155 Cedar
2351 2120 2501 2159 :cum
2536 2108 2613 2162 his
2652 2112 2736 2179 qui
2764 2111 2978 2165 oderunt
3007 2131 3181 2183 pacem
3202 2158 3216 2182 ,
3251 2134 3389 2172 erant

1818 2190 2097 2257 paciﬁcus;
2144 2208 2257 2245 cum
2305 2195 2531 2265 loquerer
2559 2199 2666 2262 eis,
2713 2202 3072 2272 impugnabant
3119 2222 3195 2260 me
3247 2210 3390 2264 valde

1823 2276 1988 2345 (Psal.
2015 2294 2174 2342 cxrx,
2206 2284 2343 2353 5—7).
2393 2285 2507 2339 Non
2552 2290 2721 2343 solum
2766 2292 2994 2348 hominis
3038 2295 3244 2362 fidelis,
3293 2301 3386 2355 sed

1823 2368 1980 2422 etiam
2015 2374 2349 2441 evangelistaa
2392 2376 2678 2433 ﬁrmissimi
2726 2390 2778 2435 et
2822 2388 3069 2455 martyris
3114 2390 3385 2446 fortissimi

1819 2458 1932 2512 haec
1967 2461 2120 2515 verba
2151 2473 2292 2517 sunt.
2322 2465 2448 2519 Nam
2478 2468 2598 2521 inde
2624 2480 2706 2524 est
2750 2474 2906 2527 etiam
2935 2477 3057 2531 illud
3098 2482 3334 2549 Apostoli
3368 2500 3383 2539 :

1816 2550 2019 2604 Scimus
2045 2554 2175 2605 enim
2200 2595 2214 2616 ,
2242 2556 2359 2623 quia
2384 2566 2429 2608 et
2448 2558 2491 2609 si
2517 2568 2711 2612 terrena
2723 2574 2893 2615 nostra
2914 2566 3089 2620 domus
3119 2570 3269 2638 hujus
3294 2573 3385 2624 ha-

1815 2642 2067 2697 bitationis
2086 2645 2385 2700 dissolvatur
2408 2689 2422 2712 ,
2451 2650 2833 2717 aediﬁcationem
2860 2655 3098 2710 habemus
3134 2677 3197 2712 ea:
3227 2661 3329 2716 Deo
3356 2704 3372 2727 ,

1814 2733 2016 2787 domum
2042 2752 2141 2789 non
2178 2754 2331 2790 manu
2360 2741 2546 2808 [actam
2571 2781 2584 2804 ,
2612 2752 2849 2796 teternam
2896 2746 2948 2798 in
2998 2749 3151 2801 caelis.
3181 2749 3382 2806 Etenim

1812 2825 1863 2877 in
1890 2825 1982 2877 hoc
2021 2826 2421 2896 ingemiscimus,
2466 2830 2806 2886 habitaculum
2856 2841 3276 2907 nostrum,quod
3321 2842 3385 2896 de

1812 2915 1937 2967 cwlo
1964 2924 2034 2968 est
2058 2956 2073 2982 ,
2104 2918 2399 2985 superindui
2422 2921 2672 2989 cupientes
2700 2938 2719 2975 :
2744 2924 2789 2976 si
2817 2932 2979 2978 tamen
2997 2937 3043 2979 et
3069 2928 3233 2981 induti
3248 2971 3263 2995 ,
3281 2947 3383 2985 non

1812 3006 1935 3059 nudi
1958 3006 2285 3061 inveniamur.
2312 3007 2511 3063 Etenim
2539 3012 2621 3081 qui
2648 3029 2819 3065 sumus
2846 3015 2898 3066 in
2920 3015 3015 3068 hac
3038 3017 3340 3074 habitatione
3359 3060 3378 3088 ,

1811 3094 2177 3164 ingemiscimus
2199 3099 2392 3167 gravati
2415 3141 2429 3164 ,
2463 3100 2515 3153 in
2534 3117 2631 3167 quo
2652 3103 2881 3156 nolumus
2909 3107 3151 3174 spoliari,
3192 3110 3278 3163 sed
3297 3128 3381 3164 suo

1811 3184 2062 3253 pervestiri
2076 3225 2091 3248 ,
2123 3195 2175 3237 ut
2194 3188 2510 3240 absorbeatur
2536 3190 2743 3243 mortale
2762 3208 2792 3242 ιι
2812 3191 2909 3245 vita
2935 3192 3001 3261 (ll
3022 3192 3139 3248 Cor.
3162 3212 3215 3263 v,
3241 3198 3376 3270 1-4).

1810 3272 1943 3339 Quid
1966 3290 2090 3343 ergo
2111 3277 2378 3345 cupimus,
2408 3279 2505 3332 nisi
2528 3279 2598 3332 ita
2626 3296 2730 3333 non
2760 3296 2879 3336 esse
2909 3292 2966 3337 ut
2991 3300 3131 3340 nunc
3157 3288 3379 3342 sumus?

1809 3373 1861 3417 et
1882 3363 2006 3433 quid
2035 3366 2425 3434 ingemiscimus
2443 3410 2457 3432 ,
2483 3368 2579 3422 nisi
2604 3371 2909 3438 paenitendo
2932 3374 3051 3442 quia
3073 3376 3140 3428 ita
3162 3381 3378 3433 sumus?

1809 3454 1913 3508 Sed
1941 3454 2151 3525 quando
2181 3456 2249 3509 ita
2277 3474 2378 3511 non
2409 3458 2606 3513 erimus
2624 3499 2639 3525 ,
2683 3459 2782 3514 nisi
2811 3470 3018 3517 terrena
3047 3465 3205 3520 domo
3230 3483 3377 3522 reso-

1809 3547 1914 3599 luta
1940 3589 1956 3612 ,
1988 3558 2045 3601 ut
2068 3549 2337 3603 caele-stem
2367 3549 2743 3605 habitationem
2775 3562 2828 3606 et
2862 3556 3039 3609 animo
3078 3567 3131 3611 et
3154 3573 3376 3627 corpore

1809 3638 1968 3691 totius
2010 3638 2237 3692 hominis
2276 3641 2637 3695 immutatione
2680 3644 3007 3699 sortiamur?
3044 3647 3375 3717 Quapropter

1805 3736 1860 3783 et
1880 3738 2095 3783 sanctus
2122 3728 2222 3784 Job
2242 3745 2346 3783 non
2366 3732 2439 3785 ait
2468 3746 2587 3786 esse
2612 3734 2953 3789 tentationem
2994 3736 3048 3791 in
3095 3737 3193 3792 hac
3224 3742 3326 3794 vita
3352 3781 3369 3807 ,

1805 3819 1897 3874 sed
1929 3819 2065 3873 hanc
2091 3819 2257 3888 ipsam
2279 3821 2437 3874 vitam
2474 3824 2816 3878 tentationem
2837 3824 2969 3879 dixit
2994 3840 3143 3893 esse,
3198 3829 3265 3883 ita
3295 3831 3372 3885 lo-

1803 3925 1971 3980 quens
2002 3927 2014 3963 :
2040 3909 2300 3979 Numquid
2332 3927 2431 3963 non
2471 3913 2675 3965 tcutatio
2701 3922 2774 3966 est
2812 3915 2910 3967 vita
2958 3915 3175 3970 humana
3221 3935 3373 3987 super

1803 4003 2024 4056 terram?
2059 4003 2174 4069 Quo
2200 4003 2250 4055 in
2282 4002 2398 4056 loco
2426 4004 2583 4057 etiam
2616 4006 2923 4075 mysterium
2966 4007 3096 4077 lapsi
3141 4010 3370 4067 hominis

1802 4093 2112 4148 mirabiliter
2138 4093 2305 4162 tetigit
2329 4092 2511 4148 dicens
2545 4111 2557 4146 :
2589 4093 2845 4163 Tanquam
2866 4112 3032 4152 servus
3056 4099 3251 4169 fugiens
3276 4102 3368 4155 do-

1801 4187 1988 4238 minum
2014 4201 2161 4237 suum
2186 4225 2200 4251 ,
2233 4194 2278 4238 et
2300 4194 2587 4238 consecutus
2619 4186 2844 4239 umbram
2870 4186 2989 4259 (Job
3043 4204 3143 4255 vn,
3174 4191 3197 4245 l
3228 4232 3243 4256 ,
3283 4192 3318 4243 2

1797 4294 1895 4332 sec.
1926 4276 2116 4347 LXX).
2144 4276 2259 4330 Non
2312 4278 2451 4331 enim
2483 4278 2595 4331 hinc
2636 4278 2741 4331 vita
2772 4279 2990 4334 dicenda
3030 4290 3111 4335 est
3157 4284 3362 4351 potius,

1796 4384 1951 4438 quam
1984 4369 2165 4422 umbra
2193 4368 2330 4421 vitta.
2361 4367 2469 4422 Nec
2489 4368 2751 4423 immerito
2788 4368 3034 4439 fugitivus
3054 4371 3220 4427 Adam
3248 4384 3367 4443 post

1795 4460 2141 4514 otl‘cnsionem
2170 4458 2371 4527 peccati
2390 4458 2664 4512 abscondit
2684 4472 2743 4513 se
2780 4474 2811 4513 a
2843 4458 2977 4514 facie
3010 4461 3248 4529 Domini,
3282 4474 3364 4518 te-

1794 4560 1911 4605 ctus
1954 4550 2091 4605 foliis
2137 4550 2383 4604 arborum
2405 4590 2418 4611 ,
2452 4550 2642 4618 quibus
2665 4560 2955 4619 opacentur
3005 4553 3308 4609 umbracula
3342 4597 3361 4623 ι

1794 4653 2029 4709 tanquam
2053 4643 2248 4713 fugiens
2268 4641 2541 4696 Dominum
2566 4659 2711 4696 suum
2731 4682 2745 4708 ,
2776 4643 2911 4697 sicut
2935 4644 3131 4700 dictum
3167 4655 3247 4700 est
3266 4689 3281 4714 ,
3310 4659 3357 4701 et

1792 4745 2085 4789 consecutus
2109 4732 2354 4785 umbram.

1861 4826 1913 4879 4.
1946 4823 2260 4879 Ρωηὶιεηιὶω
2286 4822 2543 4877 humilitas
2566 4824 2717 4878 etiam
2729 4824 3021 4893 justi/icatis
3058 4829 3357 4884 necessaria.

1796 4920 2257 4987 Quantumcumque
2285 4916 2438 4986 justis
2460 4956 2476 4981 ,
2525 4932 2624 4969 non
2656 4916 2941 4985 gloriandi,
2970 4915 3061 4969 sed
3091 4920 3360 4986 paenitendi

1790 5026 1995 5063 causam
2038 5024 2232 5077 semper
2271 5007 2462 5060 adesse.
2504 5005 2944 5074 Dispensatoribus
2976 5005 3111 5061 verbi
3164 5007 3258 5063 Dei
3309 5020 3361 5064 et
3426 4996 3431 5005 ’

1792 5100 2232 5155 Sacramentorum
2258 5097 2390 5152 unde
2413 5098 2713 5167 pmnitentia:
2756 5113 2929 5151 causa.
2953 5098 3081 5166 Qua:
3110 5099 3357 5157 universa

1789 5191 1854 5245 ad
1883 5191 1982 5246 hoc
2027 5189 2165 5244 dicta
2194 5198 2342 5254 sunt,
2373 5203 2440 5243 ne
2463 5187 2580 5258 quis
2616 5202 2710 5257 per
2752 5187 3077 5257 Baptismum
3120 5193 3360 5261 quamvis

1784 5283 2103 5353 justificatus
2128 5282 2249 5336 sita
2278 5281 2539 5351 prioribus
2563 5280 2824 5350 peccatis,
2858 5289 3037 5339 tamen
3084 5283 3357 5351 superbire

1788 5374 2007 5440 audeat,
2038 5373 2082 5426 si
2110 5372 2235 5426 nihil
2265 5370 2597 5435 committat,
2633 5370 2776 5425 unde
2798 5371 2865 5424 ab
2889 5370 3069 5426 altaris
3117 5384 3353 5425 commu-

1788 5465 1944 5519 nione
1972 5470 2279 5533 separetur,
2310 5461 2460 5532 quasi
2495 5460 2606 5531 jam
2659 5460 2724 5516 de
2761 5460 2915 5530 plena
2963 5460 3247 5516 securitate
3293 5473 3355 5515 se

1784 5557 1989 5625 jactans
2012 5571 2027 5621 ;
2054 5554 2146 5611 sed
2169 5554 2343 5625 potius
2361 5562 2537 5609 servet
2555 5552 2931 5619 humilitatem,
2954 5565 3071 5622 quae
3092 5565 3224 5621 pene
3248 5564 3355 5607 una

1788 5690 2188 5814 maererent
2210 5690 2381 5753 verbo,
2399 5686 2657 5765 felicitate;
2679 5697 2765 5749 pro
2777 5696 2873 5749 quo
2890 5687 3012 5735 tate
3034 5678 3354 5745 misiliam
