3996 6456
606 352 623 398 l
639 340 741 397 539

601 450 877 521 disciplina
900 446 1191 505 christiana
1221 452 1303 500 est
1331 463 1344 497 :
1374 454 1472 499 nec
1489 438 1764 513 superbiat
1783 446 1930 496 terra
1964 447 2021 495 et
2059 437 2196 493 cinis

491 522 501 605 Ῑη
605 544 789 615 (Eccti.
821 557 890 609 ι,
918 542 975 612 9)
997 584 1011 607 ,
1043 540 1215 595 donec
1231 538 1339 591 ista
1382 551 1488 591 nox
1517 542 1628 590 tota
1673 540 1943 597 transeat,
1981 532 2037 584 in
2066 546 2197 602 qua

604 643 952 705 pertranseunt
969 648 1138 685 omnes
1158 630 1329 685 bestia?
1345 631 1503 693 stiva,
1532 628 1685 683 catuli
1707 628 1906 681 leonum
1921 624 2191 694 rugientes,

600 734 875 793 quaerita
896 740 928 776 a
949 721 1057 775 Deo
1105 738 1270 775 escam
1317 721 1410 775 sibi
1438 718 1609 792 (Psal.
1636 734 1755 783 cut,
1781 717 1845 771 El
1870 715 1910 786 ).
1954 713 2013 770 in
2061 713 2199 768 hanc

596 829 781 869 escam
805 812 909 868 Job
936 815 1051 881 Ipse
1080 812 1274 881 petitus
1303 819 1416 874 est,
1447 810 1537 879 qui
1560 809 1693 862 dixit
1711 849 1726 873 ,
1754 806 1988 861 Tentatio
2008 804 2198 859 estvita

596 906 827 962 itum-na
855 918 1007 972 super
1031 912 1235 955 terram.
1268 901 1441 954 Etiam
1470 899 1722 953 Dominus
1745 938 1759 961 ,
1784 895 1850 950 In
1876 896 1970 949 hac
2008 901 2154 948 nocte
2178 934 2194 959 ,

599 998 795 1068 inquit,
824 995 1092 1065 postulavit
1113 1004 1316 1048 satanas
1342 992 1771 1047 vexarevos'sicut
1798 989 2017 1042 triticum
2040 986 2193 1058 (Luc.

601 1103 713 1143 χιιι
736 1129 751 1154 ,
784 1087 897 1157 3!).
919 1086 1050 1154 Quis
1076 1086 1253 1154 itaque
1278 1100 1421 1138 sana:
1458 1082 1653 1137 utentis
1684 1098 1789 1135 non
1819 1079 2136 1150 ingemiscat
2164 1078 2189 1132 ἲ

602 1178 704 1233 Cui
757 1194 862 1232 non
902 1192 998 1248 per
1028 1176 1390 1246 penitentiam
1439 1175 1517 1228 sic
1556 1188 1684 1228 esse
1721 1170 2039 1242 diapliceat?
2068 1168 2197 1235 Quis

602 1285 713 1324 non
754 1278 864 1323 tota
913 1269 1208 1323 humilitate
1256 1268 1561 1337 supplicans
1608 1264 1788 1319 divino
1827 1261 2094 1332 adjutorio
2139 1275 2198 1316 se

605 1359 967 1415 exaudibilem
997 1360 1262 1429 praebeat,
1289 1358 1461 1412 donec
1486 1366 1720 1412 transeat
1756 1356 1929 1410 omnis
1957 1356 2054 1409 ista
2078 1364 2195 1409 ten-

605 1454 869 1506 tationum
910 1451 1159 1504 materies
1189 1461 1347 1520 atque
1376 1449 1559 1503 umbra
1592 1457 1799 1502 terrena
1833 1464 1846 1500 :
1880 1456 1935 1501 et
1976 1446 2069 1500 ille
2098 1444 2197 1515 qui

603 1558 879 1613 nunquam
906 1542 1119 1607 deﬁcit,
1147 1544 1304 1596 etiam
1337 1543 1494 1596 nobis
1521 1542 1795 1595 illucescat
1837 1539 2197 1608 sempiternus

605 1636 757 1702 dies,
793 1646 840 1691 et
866 1636 1127 1690 illuiuiuct
1170 1636 1480 1690 abscondita
1529 1635 1907 1700 tenebrarum,
1935 1642 1987 1687 et
2030 1631 2198 1686 mani-

597 1727 763 1783 lestet
790 1729 1137 1802 cogitationes
1161 1728 1339 1782 cordis
1358 1769 1372 1792 ,
1396 1737 1451 1782 et
1484 1736 1607 1782 tunc
1634 1727 1748 1781 laus
1774 1726 1874 1781 erit
1912 1724 2197 1795 unicuique

602 1828 633 1871 a
665 1818 775 1873 Deo
803 1817 845 1890 (Ι
874 1817 991 1872 Cor.
1024 1835 1078 1873 tv
1099 1860 1113 1886 ,
1140 1818 1238 1887 5)?
1266 1818 1464 1873 Deinde
1492 1818 1735 1888 quamvis
1750 1831 1806 1871 se
1826 1816 2047 1886 quisque
2074 1814 2191 1885 glo-

604 1910 778 1963 rietur
803 1909 880 1964 sic
910 1908 1107 1964 habere
1135 1925 1330 1979 corpus
1350 1909 1674 1975 edomitum,
1706 1916 1766 1963 ut
1794 1908 1992 1961 mundo
2018 1907 2193 1960 eruci-

603 1999 817 2054 ﬁxusab
826 2001 969 2053 omni
984 2014 1145 2070 opere
1162 2002 1317 2065 malo,
1336 1999 1387 2053 in
1402 2000 1709 2054 servitutem
1726 1997 1937 2053 redacta
1959 1997 2194 2053 membra

600 2092 846 2160 castiget,
896 2107 962 2146 ne
983 2091 1091 2160 jazn
1112 2101 1296 2161 regnet
1317 2102 1588 2161 peccatum
1611 2092 1663 2146 in
1692 2092 1807 2162 ejus
1838 2091 2045 2145 mortali
2077 2105 2197 2144 cor-

601 2194 757 2251 pore,
778 2180 843 2234 ad
870 2180 1221 2235 obedieudurn
1249 2180 1525 2236 desideriis
1547 2182 1694 2253 ejus;
1727 2181 1896 2234 solum
1916 2195 2075 2233 unum
2100 2195 2194 2233 ve-

603 2289 721 2326 rum
743 2272 904 2327 Deum
922 2273 1078 2334 colat,
1095 2273 1218 2326 nulli
1237 2273 1638 2327 simulacrorum
1655 2264 2021 2337 rimi-deditus,
2038 2271 2198 2326 nullis

605 2361 775 2417 sacris
792 2361 1177 2416 tlzemoniorum
1211 2362 1468 2425 irretitus,
1493 2377 1599 2416 non
1621 2362 1889 2431 accipiens
1914 2362 1968 2415 in
2003 2376 2194 2415 vanum

605 2469 801 2509 nomen
834 2453 1038 2506 Domini
1067 2453 1158 2506 Dei
1185 2452 1267 2506 sui
1294 2492 1309 2516 ,
1335 2451 1569 2521 quietem
1602 2452 1981 2520 sempiternam
2015 2461 2193 2506 certus

604 2551 926 2611 exspectans
947 2582 962 2605 ,
1006 2540 1242 2595 debitum
1288 2540 1544 2594 honorem
1580 2540 1889 2610 parentibus
1918 2539 2148 2605 reddens
2176 2580 2192 2607 ,

602 2647 706 2686 nec
748 2639 1007 2685 cruentus
1032 2628 1348 2696 homicidio,
1375 2645 1474 2685 nec
1523 2629 1873 2687 fornicatione
1915 2640 2193 2701 turpatus,

608 2734 708 2774 nec
727 2720 866 2773 furto
888 2718 1255 2774 fraudulentus
1272 2762 1288 2793 ,
1315 2734 1413 2775 nec
1450 2720 1732 2775 mendacio
1757 2720 2078 2792 duplicatus,
2099 2736 2199 2778 nec

607 2810 685 2864 rei
713 2810 797 2864 vel
841 2810 1023 2864 uxoris
1063 2809 1254 2864 aliena:
1282 2810 1715 2887 concupiscentia
1764 2811 2043 2878 sordidus;
2090 2827 2196 2867 non

609 2901 663 2953 in
693 2901 805 2954 suis
828 2900 988 2955 etiam
1018 2899 1179 2955 rebus
1222 2908 1313 2954 aut
1336 2900 1543 2955 luxuria
1575 2900 1785 2955 diffluat
1806 2942 1820 2968 ,
1853 2911 1947 2955 aut
1990 2911 2200 2957 arescat

610 2990 870 3055 avaritia;
898 3005 1008 3044 non
1025 2990 1093 3044 sit
1113 2992 1478 3045 contentiosus
1497 3032 1511 3055 ,
1536 3007 1645 3046 non
1671 2991 1736 3045 sit
1759 2990 2195 3060 contumeliosus,

607 3082 1283 3146 nonmaledicus;vcndat
1309 3093 1580 3153 postremo
1621 3084 1797 3138 omnia
1846 3101 1938 3139 sua
1963 3127 1980 3152 ,
2026 3095 2078 3140 et
2108 3085 2198 3141 det

608 3173 965 3245 pauperibus,
998 3181 1053 3226 et
1089 3184 1345 3243 sequatur
1384 3173 1655 3228 Christum
1682 3216 1698 3240 ,
1754 3184 1914 3244 atque
1943 3176 2199 3231 thesauro

606 3262 812 3316 caelesti
862 3262 1094 3316 radicem
1145 3263 1325 3317 cordis
1373 3264 1551 3335 inligat
1589 3281 1602 3315 :
1637 3264 1764 3335 quid
1814 3266 2023 3321 videtur
2074 3267 2197 3322 addi

608 3369 767 3425 posse
790 3355 853 3409 ad
884 3365 989 3409 tam
1017 3354 1222 3424 metuam
1246 3356 1547 3426 justitiam?
1577 3366 1751 3412 tamen
1780 3359 1903 3427 nolo
1919 3359 2196 3429 glorietur.

611 3445 1003 3517 intelligatth
1019 3449 1193 3502 omnia
1229 3449 1457 3518 praestita
1485 3449 1583 3503 sibi
1614 3463 1731 3504 esse
1754 3490 1771 3515 ,
1795 3466 1899 3504 non
1921 3465 1949 3502 a
1980 3466 2039 3506 se
2087 3452 2201 3506 exi-

608 3550 772 3596 atere.
804 3540 939 3608 Quid
968 3541 1111 3609 enim
1137 3540 1301 3595 habet
1324 3582 1337 3605 ,
1367 3540 1508 3612 quod
1555 3557 1658 3596 non
1700 3541 1953 3611 accepit?
1978 3543 2126 3609 Quod
2154 3544 2199 3599 si

608 3634 841 3702 accepit,
869 3634 993 3705 quid
1024 3634 1312 3704 gloriatur,
1351 3634 1501 3705 quasi
1550 3650 1655 3688 non
1697 3634 1965 3704 acceperit
1993 3634 2012 3705 (
2036 3633 2197 3701 lbid.,

613 3727 647 3780 7
675 3726 954 3807 )‘tErogct
1005 3740 1132 3789 sane
1191 3707 1465 3795 pecuniam
1541 3725 1863 3780 dominicam
1902 3741 1917 3780 :
1960 3716 2203 3780 consulat

611 3817 857 3888 proximo
878 3857 891 3879 ,
917 3816 1052 3870 sient
1079 3815 1179 3880 sibi
1210 3816 1372 3869 sentit
1408 3830 1527 3869 esse
1545 3817 1846 3870 consultum
1873 3816 1913 3870 ¹.
1944 3815 2053 3871 Nec
2100 3831 2199 3884 pn-

610 3896 690 3960 tet
715 3907 841 3960 satis
870 3920 989 3960 esse
1019 3920 1233 3959 servare
1260 3905 1520 3972 integrum
1547 3904 1687 3975 quod
1709 3906 1935 3974 accepit,
1962 3918 2029 3961 ne
2054 3906 2201 3962 dica-

613 4006 702 4050 tur
727 3996 774 4050 ei
805 4012 817 4048 :
853 3995 1007 4050 Serve
1026 4011 1238 4065 nequam
1268 4004 1314 4048 et
1340 3996 1520 4064 piger,
1546 3994 1694 4049 dares
1722 3996 1985 4064 pecuniam
2006 4012 2197 4063 meum,

605 4097 659 4143 et
689 4104 780 4158 ego
804 4087 1003 4141 veniens
1031 4103 1146 4140 cum
1163 4086 1329 4140 usuris
1358 4087 1645 4156 exigerem:
1668 4101 1735 4140 ne
1760 4085 2030 4141 auferatur
2048 4088 2112 4143 ab
2133 4103 2198 4144 eo

607 4179 752 4250 quod
781 4177 1023 4247 accepit,
1055 4192 1122 4232 ne
1159 4164 1469 4246 projiciatar
1512 4174 1568 4230 in
1610 4176 1861 4232 tenebras
1907 4177 2199 4234 exteriores

606 4269 822 4349 (Matth.
848 4285 964 4335 xxv
984 4311 1000 4335 ,
1025 4268 1237 4336 26-50).
1257 4268 1424 4345 Quam
1442 4268 1962 4335 vehementissimam
1989 4283 2196 4339 penam

606 4362 654 4417 si
685 4363 871 4416 timere
891 4360 1087 4415 debent
1135 4361 1247 4426 illi,
1279 4361 1368 4430 qui
1413 4375 1629 4415 servare
1681 4362 1942 4430 integrum
1975 4371 2200 4430 possunt

604 4451 750 4523 quod
776 4462 1129 4520 acceperunt;
1157 4466 1274 4520 qua:
1298 4464 1419 4519 spes
1439 4451 1650 4504 illorum
1670 4460 1785 4523 est,
1808 4451 1895 4521 qui
1911 4451 2017 4505 hoc
2038 4452 2198 4522 impie

605 4544 975 4611 scelerateque
994 4540 1342 4610 disperduut?
1363 4541 1671 4596 Versabitnr
1687 4558 1813 4612 ergo
1840 4544 1940 4598 iste
1963 4544 2013 4597 in
2041 4546 2197 4600 rebus

606 4635 890 4698 humanis,
925 4646 1028 4685 non
1068 4632 1351 4697 earualis,‘
1377 4630 1471 4686 sed
1515 4633 1803 4702 spiritualis
1832 4634 2198 4704 acquisitiouis

607 4726 884 4781 devinctus
933 4724 1140 4791 ol‘tieio;
1185 4739 1289 4778 non
1337 4724 1548 4793 quidem
1580 4725 1807 4799 negotiis
1849 4726 2198 4782 sarcir-laribus

605 4817 866 4886 obligatus
886 4859 901 4882 ,
927 4815 1019 4869 sed
1052 4825 1226 4869 tamen
1253 4816 1374 4889 quia
1403 4816 1594 4869 militat
1621 4817 1729 4871 Deo
1749 4860 1761 4882 ,
1793 4832 1899 4870 non
1928 4819 2036 4871 otio
2058 4819 2200 4872 ilosi-

532 4949 545 4962 ι
608 4906 711 4959 dire
740 4908 977 4975 torpidus
1007 4907 1339 4974 etabjectus.
1394 4906 1494 4975 Det
1522 4922 1681 4977 ergo,
1733 4908 1776 4961 si
1827 4917 2031 4976 potest,
2073 4923 2196 4962 suas

605 4994 977 5066 elcemOsyuas
1004 5013 1189 5053 omnes
1215 5013 1333 5052 eum
1374 4997 1642 5053 hilaritate
1664 5040 1677 5063 ,
1722 4999 1835 5053 sive
1858 5014 1978 5053 eum
2011 5014 2196 5053 carna-

609 5084 747 5138 libus
776 5078 1180 5142 necessitatibus
1234 5105 1523 5158 pauperum
1569 5089 1765 5159 aliquid
1822 5100 2037 5160 erogat,
2084 5091 2196 5146 sive

608 5189 727 5231 eum
749 5176 901 5246 panis
927 5177 1158 5231 cmlestis
1184 5178 1558 5248 dispensator‘
1584 5178 1775 5234 invicta
1800 5162 2052 5235 adversus
2077 5180 2195 5237 dia-

608 5266 786 5322 bolum
806 5276 988 5319 castra
1008 5266 1067 5319 in
1090 5267 1419 5323 credentium
1442 5270 1693 5325 cordibus
1726 5272 2005 5326 construit.
2038 5270 2194 5326 Hila-

606 5374 711 5411 rem
738 5358 869 5410 enim
898 5357 1121 5411 datorem
1147 5360 1309 5427 diligit
1336 5361 1472 5414 Dens
1498 5361 1560 5434 (1|
1592 5361 1707 5416 Cor.
1740 5379 1790 5417 Ix
1810 5405 1823 5425 ,
1846 5362 1925 5435 7).
1955 5363 2069 5418 Non
2100 5365 2196 5420 ita-

608 5464 711 5518 que
741 5448 897 5503 tmdio
919 5448 1192 5518 frangatur
1217 5450 1267 5503 in
1293 5450 1690 5509 difﬁcultatibus
1711 5470 1885 5509 rerum
1910 5497 1925 5521 ,
1957 5471 2075 5525 qua:
2100 5471 2194 5512 ue-

672 5624 932 5749 ἒέρηςῇξῴ
946 5623 1163 5691 δίωκε,
1188 5623 1651 5691 ψιοιειάωιαυω
1688 5632 1818 5705 Quod
1845 5631 1989 5693 alma
2026 5645 2060 5689 ι
2093 5645 2193 5691 ma-

604 5688 982 5800 “ﬁrma.
1002 5754 1058 5801 At
1079 5748 1128 5799 ln
1149 5749 1310 5814 editis,
1335 5747 1707 5815 dispensatione.

1822 324 1886 379 ὃ.
1924 319 2288 379 Αυϐυειτικι
2330 317 2633 376 εριεροιη

3754 322 3899 378 15εο

2302 450 2457 493 cosse
2480 434 2849 500 estexistant,
2882 442 2940 489 ut
2966 434 3276 491 ostendaqu
3312 434 3514 493 homini
3544 436 3690 508 quod
3724 438 3896 493 homo

2302 534 2404 579 est.
2431 524 2547 587 Non
2567 525 2646 578 ira
2672 524 2925 594 subrepat
2951 524 3005 585 in
3033 540 3156 581 eum
3184 522 3275 595 qui
3322 534 3415 583 aut
3458 524 3647 584 odioso
3684 526 3848 585 irruit
3878 568 3893 592 ,

2298 627 2395 672 aut
2438 617 2791 688 inopportuno
2838 617 3014 688 inopia
3047 627 3262 673 coactus
3301 618 3469 688 petit;
3525 627 3616 674 aut
3670 621 3898 690 negotio

2298 722 2401 761 suo
2420 747 2435 772 ,
2454 722 2579 762 cura
2601 717 2659 762 tu
2681 708 2883 777 majore
2902 718 3193 778 omupatus
3212 723 3270 764 es
3292 749 3311 774 ,
3344 708 3709 768 indidereruer
3738 711 3897 781 ﬂagi-

2300 807 2380 851 tat
2406 798 2677 854 subveniri
2701 816 2716 865 ;
2746 810 2838 855 aut
2865 799 2919 854 in
2938 801 3104 855 verbo
3129 799 3422 869 inmodesta:
3443 802 3663 870 iustitia:
3688 803 3899 860 resistit

2298 903 2442 945 eroes
2480 890 2803 960 cupiditate,
2853 899 2949 945 aut
2996 892 3285 948 rnisuabili
3324 893 3593 950 tarditate.
3641 893 3758 952 lion
3800 894 3897 954 dat

2298 980 2588 1049 quidquam
2626 982 2860 1051 amplius
2884 981 2971 1038 vel
3009 982 3184 1038 minus
3209 998 3367 1053 quam
3387 992 3600 1053 oportet
3624 1002 3636 1037 :
3666 1000 3775 1041 non
3816 984 3899 1041 ιο.

2300 1080 2498 1140 quatur
2519 1073 2748 1141 amplius
2792 1088 2952 1143 quam
3004 1088 3141 1143 Opus
3165 1082 3249 1131 est
3267 1116 3282 1139 .
3307 1084 3398 1131 aut
3422 1085 3543 1132 cum
3572 1076 3732 1135 etiam
3784 1091 3894 1131 non

2301 1176 2436 1230 opus
2459 1169 2562 1219 est.
2588 1162 2819 1234 Speciosi
2841 1164 2982 1218 enim
3011 1164 3159 1233 pedes
3180 1166 3626 1235 euangelizantth
3662 1182 3845 1237 pacem
3877 1206 3893 1229 ,

2300 1251 2754 1322 euangelizandum
2801 1253 2933 1308 bona
2962 1254 3138 1323 (Rana.
3185 1270 3253 1318 ι,
3308 1257 3419 1325 l5).
3461 1256 3567 1312 Sed
3602 1267 3781 1321 tamen
3825 1257 3895 1313 de

2300 1353 2444 1399 terra
2464 1345 2604 1399 sicca
2634 1346 2905 1415 pulverem
2929 1345 3254 1402 contrahunt
3273 1388 3286 1411 ,
3304 1349 3394 1416 qui
3412 1362 3543 1403 sane
3564 1348 3613 1404 in
3632 1348 3892 1418 judicium

2298 1452 2487 1491 eortina
2514 1438 2812 1502 excutitur,
2841 1438 2930 1508 qui
2953 1438 3057 1492 sibi
3078 1438 3214 1497 hanc
3228 1437 3612 1505 exbibitiouem
3640 1455 3894 1509 perversa

2301 1528 2575 1583 volitante
2600 1537 2969 1584 corttemnunt.
2987 1527 3102 1593 Non
3129 1529 3303 1584 solum
3327 1544 3454 1598 ergo
3474 1539 3691 1599 propter
3716 1530 3889 1599 ipsam

2302 1618 2423 1671 vita:
2448 1618 2603 1685 hujus
2628 1616 3004 1677 mortalitatem
3037 1618 3053 1652 ⁸
3080 1627 3135 1679 et
3158 1617 3507 1686 ignorantiam
3528 1658 3544 1685 ,
3580 1629 3635 1679 et
3670 1626 3893 1687 propter

2296 1708 2405 1764 dici
2461 1709 2715 1767 malitiam
2738 1750 2754 1773 ,
2793 1724 2915 1778 qua:
2942 1708 3141 1769 alutam
3172 1707 3470 1775 sufﬁceret,
3518 1709 3657 1767 sicut
3702 1708 3774 1767 de
3801 1709 3889 1769 illa

2295 1802 2499 1861 dictum
2525 1810 2610 1856 est
2631 1842 2647 1867 ,
2691 1801 2886 1871 Sunia-it
2914 1801 3016 1863 diei
3053 1799 3249 1861 malitia
3266 1800 3598 1869 tantitanti.
3629 1815 3681 1861 vt
3701 1842 3715 1864 .
3743 1800 3841 1870 3t)
3873 1815 3888 1863 ;

2298 1908 2459 1964 quam
2485 1893 2735 1963 jubemur
2760 1894 2901 1949 terre
2927 1901 3086 1963 atque
3113 1901 3322 1962 portare
3341 1933 3357 1959 ,
3402 1891 3573 1949 donec
3603 1900 3884 1957 transeat,

2294 1993 2355 2038 at
2376 1985 2648 2039 sustinere
2677 1984 2844 2039 Deum
2870 1983 3092 2039 viriliter
3118 1981 3345 2051 attendo,
3372 1992 3429 2039 ut.
3450 1982 3679 2039 fructum
3697 1983 3889 2039 all’era-

2297 2089 2419 2128 mus
2438 2090 2558 2131 ann
2587 2075 2866 2137 tolerantia
2894 2091 2908 2128 :
2942 2073 3036 2134 sed
3073 2075 3231 2133 etiam
3254 2083 3471 2148 propter
3491 2072 3668 2142 ipsum
3702 2073 3886 2143 pulve-

2298 2180 2414 2219 rem
2436 2164 2618 2221 mundi
2646 2165 2832 2233 hujus,
2873 2164 2964 2233 qui
2992 2178 3090 2233 per
3114 2164 3301 2223 itinera
3330 2162 3642 2223 consulendi
3685 2177 3887 2223 consu-

2302 2255 2521 2311 lsutium
2571 2256 2796 2326 pedibus
2831 2255 3181 2325 adhaaresoit,
3208 2262 3262 2317 et
3286 2253 3479 2314 damna
3519 2268 3637 2324 quae
3680 2254 3737 2314 in
3772 2255 3885 2325 ipsa

2298 2346 2726 2414 negotiosissima
2787 2345 3201 2414 dispensationis
3250 2345 3460 2403 actione
3526 2345 3885 2416 contingunt,

2294 2453 2420 2507 qua:
2448 2437 2706 2501 Dominus
2727 2445 2945 2509 praestet
2990 2446 3045 2492 ut
3075 2452 3197 2491 cum
3236 2436 3400 2493 lueris
3419 2437 3714 2506 majoribus
3738 2454 3888 2495 cornv

2297 2536 2625 2598 pensantur,
2682 2528 3043 2598 quotidianam
3092 2527 3350 2593 debouuts
3380 2526 3582 2594 habere
3620 2530 3890 2600 [reniten-

2298 2621 2448 2675 tiam.

2371 2713 2425 2767 5.
2454 2711 2723 2773 Laicorum
2740 2721 2945 2783 peccata
2971 2712 3291 2784 quotidiana.
3322 2713 3565 2785 Conjugii
3593 2730 3715 2768 usus
3734 2732 3891 2783 quan-

2301 2804 2487 2859 donam
2514 2804 2858 2874 incutpabilis.
2883 2805 2993 2861 Sed
3018 2804 3069 2859 si
3089 2806 3191 2860 hoc
3212 2805 3610 2876 dispensatores
3628 2807 3780 2861 verbi
3802 2808 3891 2862 Dci

2296 2902 2356 2950 et
2411 2894 2642 2949 ministri
2696 2895 3164 2955 Sacramentorum
3204 2896 3357 2966 ejus,
3404 2896 3602 2956 milites
3650 2897 3891 2965 Christi;

2301 2994 2500 3057 quanto
2528 2986 2695 3056 magis
2719 2995 2913 3041 caetera
2947 2986 3290 3057 stipendiaria
3311 2987 3593 3042 multitudo
3614 3026 3631 3053 ,
3654 2997 3713 3043 et
3737 3005 3892 3058 qure-

2301 3078 2425 3134 dam
2456 3079 2726 3149 provincia
2756 3080 2931 3150 magni
2954 3081 3134 3151 regis?
3160 3080 3329 3148 Quam
3374 3097 3446 3138 ne
3472 3082 3611 3137 forte
3646 3084 3730 3139 vel
3758 3083 3893 3140 falsa

2300 3169 2606 3239 suspicione
2632 3171 2869 3226 avaritia:
2895 3171 3050 3229 miles
3076 3171 3165 3225 ille
3203 3170 3548 3227 ﬁdelissimus
3573 3182 3736 3243 atque
3778 3173 3893 3227 for-

2304 3263 2539 3317 tissimus
2564 3263 2838 3333 apostolus
2865 3263 3062 3318 Paulus
3104 3263 3397 3319 emendaret
3414 3305 3429 3329 ,
3455 3265 3570 3320 suis
3612 3262 3896 3335 stipendiis

2305 3351 2589 3407 militavit:
2619 3360 2673 3406 et
2714 3352 2805 3406 ubi
2852 3351 2992 3407 forte
3018 3352 3185 3407 defuit
3222 3363 3473 3423 suntptus
3511 3356 3848 3409 necessarius
3876 3396 3891 3417 ,

2305 3442 2478 3507 Alias,
2507 3440 2706 3512 inquit,
2741 3441 2996 3496 Ecclesia
3023 3443 3299 3513 exspatiaoi
3314 3484 3328 3510 ,
3359 3446 3610 3514 accipiens
3630 3446 3693 3499 ab
3714 3447 3898 3501 εἰεὼ

2306 3534 2544 3606 pendium
2594 3535 2662 3588 ad
2699 3543 2914 3594 vestram
2953 3536 3371 3595 utinisu'ationem
3402 3538 3475 3608 (ll
3523 3538 3643 3592 Cor.
3696 3554 3787 3603 at,
3814 3539 3894 3608 8).

2303 3626 2514 3695 Quanto
2542 3641 2670 3698 ergo
2694 3628 2865 3697 magis
2905 3627 3161 3685 Ecclesia:
3183 3630 3534 3699 provinciales
3566 3629 3641 3703 (η)
3672 3634 3900 3687 sazcula-

2305 3720 2452 3775 ribus
2481 3720 2709 3791 negotiis
2722 3721 2937 3791 obligati
2961 3762 2975 3787 ,
3005 3721 3365 3793 quotidianam
3387 3722 3579 3779 debent
3607 3739 3768 3795 agere
3786 3740 3899 3794 pe-

2306 3813 2621 3868 nitentiam?
2650 3814 2749 3879 Qui
2789 3814 3032 3884 quamvis
3056 3829 3091 3868 ra
3112 3813 3303 3879 furtis,
3351 3829 3382 3869 a
3410 3816 3618 3884 rapinis
3639 3857 3655 3882 ,
3684 3831 3713 3869 a
3746 3816 3896 3871 fruu-

2307 3904 2463 3959 dibus
2497 3945 2513 3971 ,
2567 3904 2639 3958 ab
2699 3903 2977 3959 adulteriis
3027 3915 3084 3959 et
3138 3902 3579 3960 formationibus
3639 3907 3901 3978 omnique

2303 3995 2513 4050 luxuria
2532 4034 2548 4061 ,
2596 4011 2626 4050 a
2650 3995 2972 4052 crudelitate
2997 3995 3240 4051 odiorum
3266 4005 3322 4051 et
3350 3996 3741 4053 inimicitiarum
3769 4012 3900 4068 por-

2306 4086 2528 4151 tiuacia,
2554 4086 2785 4142 abomni
2811 4087 3042 4157 denique
3082 4087 3391 4143 idololatria:
3443 4088 3715 4155 imditate,
3773 4106 3900 4162 spe-

2309 4178 2637 4232 ctaculorum
2677 4178 3014 4249 nugaeitate,
3062 4177 3332 4232 hacresum
3364 4186 3521 4247 atque
3546 4180 3896 4238 schismatum

2306 4268 2465 4339 impia
2493 4271 2726 4323 vanitate
2746 4306 2765 4336 ,
2796 4278 2953 4337 atque
2986 4269 3056 4323 ab
3079 4268 3323 4323 omnibus
3351 4269 3715 4339 hujuscemodi
3738 4273 3897 4345 ﬂagi-

2308 4361 2394 4415 tiis
2419 4370 2474 4415 et
2497 4361 2819 4415 facinoribus
2844 4362 3145 4426 immunes,
3169 4360 3287 4429 puri
3327 4370 3488 4431 atque
3539 4362 3731 4435 integri
3772 4382 3898 4423 esse

2302 4452 2532 4507 debeant
2563 4459 2778 4507 :tamen
2803 4458 3019 4520 propter
3041 4451 3554 4508 administrationem
3585 4471 3762 4511 rerum
3816 4458 3896 4512 ia-

2304 4542 2626 4608 rniliarium,
2655 4552 2708 4596 et
2731 4541 3105 4610 eonjngiorum
3143 4542 3443 4597 arctissima
3486 4546 3729 4611 vinculi,
3782 4557 3894 4604 tam

2304 4633 2467 4686 multa
2498 4641 2754 4702 peccant,
2778 4641 2837 4685 ut
2865 4647 2969 4686 non
3010 4641 3120 4689 tarn
3169 4631 3237 4688 de
3280 4634 3435 4688 istius
3460 4636 3639 4689 mundi
3669 4638 3896 4705 pulvere

2303 4724 2578 4793 aspergi’,
2611 4739 2768 4793 quam
2794 4723 2912 4778 luto
2930 4723 3148 4779 obtiniri
3174 4725 3471 4780 videantur.
3502 4728 3614 4782 Hoc
3645 4738 3727 4784 est
3748 4735 3896 4800 quod

2304 4817 2591 4885 Apostolus
2621 4816 2700 4870 eis
2739 4816 2868 4871 dicit
2897 4834 2909 4870 :
2939 4816 3059 4870 lam
3084 4817 3287 4885 (ntidem
3320 4819 3523 4873 omnino
3554 4820 3795 4875 delictum
3826 4838 3901 4879 est

2296 4909 2355 4961 in
2379 4909 2516 4962 vobis
2536 4950 2550 4973 ,
2572 4910 2690 4978 quia
2703 4910 2903 4981 judicia
2926 4908 3119 4963 habetis
3139 4909 3411 4967 vobiscum.
3439 4911 3607 4977 Quare
3647 4931 3749 4969 non
3781 4934 3898 4971 mn-

2301 5002 2378 5070 gis
2404 5001 2714 5069 iniquitatem
2732 5001 3002 5070 puimim'?
3020 5017 3174 5069 quare
3194 5018 3294 5055 non
3328 5003 3493 5072 potius
3523 5003 3848 5071 {randamini
3882 5012 3905 5063 ?

2300 5092 2432 5148 Nam
2474 5093 2602 5147 illud
2649 5095 2979 5149 exsecrabile
3033 5103 3148 5161 est,
3190 5094 3329 5165 quod
3369 5105 3584 5166 propter
3625 5099 3900 5169 quosdam

2366 5265 2383 5298 ι
2404 5270 2474 5314 κει
2500 5271 2609 5314 llas.
2626 5263 2753 5323 aditi
2774 5274 2911 5323 vero,

2365 5328 2384 5398 ξ
2554 5325 2729 5398 αεὶςιο
2745 5325 2930 5398 πλωιᾴο
2944 5325 3145 5398 mttere,
3162 5327 3372 5398 stragi.

2365 5386 2437 5453 (ιι)
2470 5386 2599 5453 Quos
2616 5386 2764 5436 laicus
2782 5386 3019 5453 usitatius
3055 5386 3464 5453 (Ιὶρὶιηιὶε,”ἱι)ερε
3487 5400 3622 5441 νοωι
3659 5396 3899 5450 Ecclesiae

2300 5448 2621 5522 raiixiwqes
2640 5455 2694 5497 ot
3091 5450 3334 5522 {'turlchre
3353 5448 3627 5522 ’alludens,
3666 5465 3721 5522 ut
3756 5448 3898 5522 sepe

2291 5508 2417 5585 alias
2436 5508 2457 5567 ,’
2484 5510 2553 5585 ‘ad
2893 5508 3318 5585 loquendi'usupt,
3365 5508 3756 5585 quaproviocigc

2298 5522 2417 5571 anas
2436 5545 2449 5567 ,
2495 5522 2553 5573 ap
2893 5522 3128 5620 tetstenm
3152 5526 3318 5597 usum,
3365 5527 3461 5577 quo
3488 5522 3898 5593 provinciaeque

2298 5570 2531 5645 solvendo
2556 5570 2785 5645 nillrtlms
2806 5581 2964 5632 sttpen
3002 5586 3046 5622 to
3070 5574 3292 5645 obaoatge
3321 5584 3487 5645 essent
3504 5612 3518 5633 ,
3550 5581 3898 5645 stipendiari-,3

2294 5633 2600 5697 dicebantur.
2629 5632 2741 5680 tide
2762 5646 2911 5694 supra
2927 5648 3082 5693 servm.
3107 5637 3229 5693 ὅθί,
3256 5632 3325 5685 ἰι
3354 5638 3446 5697 ιδ,
3472 5632 3900 5697 ωηιὲιθαῐῡωέιῆ

2417 5697 3042 5805 ἕᾘθῃιιιιιιέᾚιοωυκλψυ
3062 5699 3116 5754 in
3134 5697 3368 5762 militum,
3394 5694 3583 5765 nomen
3618 5694 3900 5769 tractatum

2615 5788 2647 5816 θ’
2681 5788 2726 5802 ιιι
2754 5788 2802 5804 υ.
3050 5814 3061 5821 1
