3968 6444
587 356 722 411 (εις

582 477 733 535 dicis,
782 486 873 540 per
917 462 1327 523 ecclesiasticam
1365 447 1695 521 disciplinam
1740 462 1771 501 a
1803 446 2151 500 Sacramenta

582 562 815 618 caelestis
846 557 994 629 panis
1020 552 1228 609 interim
1269 554 1567 616 separetur.
1593 540 1847 594 Versetur
1875 542 1998 589 ante
2025 546 2152 586 oeu-

585 657 665 709 los
696 625 865 721 imago
901 647 1061 703 futuri
1096 640 1278 713 iudicii
1312 657 1327 695 :
1356 646 1413 693 ut
1436 650 1555 691 cum
1584 634 1671 688 alii
1697 630 1955 685 acccdtmt
1983 626 2048 681 ad
2076 625 2154 678 al-

588 757 703 798 tare
747 716 860 801 Dei,
908 752 1010 805 quo
1058 735 1171 803 ipse
1219 745 1323 786 non
1370 727 1596 793 accedit,
1644 723 1838 792 cogitet
1881 731 2038 790 quam
2086 716 2155 770 sit

595 825 1046 886 contremiscenda
1096 823 1183 877 illa
1220 834 1407 890 paena,
1450 831 1551 885 qua
1587 809 1997 885 percipientibus
2038 806 2155 860 aliis

587 923 747 974 vitam
778 926 1054 977 aeternam,
1087 912 1176 966 alii
1220 912 1272 964 in
1312 917 1535 963 mortem
1576 903 1975 974 prcccipitantur
2001 907 2155 952 ωινγε-

588 1027 729 1064 nam.
762 1007 842 1062 Ad
869 1007 971 1061 hoc
995 1006 1137 1059 enim
1161 1002 1347 1065 altare,
1377 997 1517 1069 quod
1550 1011 1688 1049 nunc
1717 995 1767 1048 in
1798 991 2035 1046 Ecclesia
2073 996 2157 1043 est

586 1102 640 1154 in
692 1108 831 1153 terra
888 1097 1149 1165 positum,
1203 1086 1428 1145 terrenis
1472 1087 1646 1141 oculis
1700 1083 2026 1153 expositum,
2086 1079 2155 1131 ad

588 1191 962 1263 mysteriorum
991 1185 1289 1240 divinorum
1329 1178 1595 1249 signacula
1633 1173 1967 1237 celebranda,
2005 1168 2154 1224 multi

589 1260 747 1335 etiam
797 1274 1040 1331 scelerati
1096 1280 1317 1343 possunt
1362 1267 1614 1323 accedere
1655 1283 1670 1318 :
1714 1262 1962 1333 quoniam
2017 1260 2154 1314 Deus

588 1365 929 1423 commendat
958 1364 1009 1417 in
1048 1362 1151 1415 hoc
1179 1370 1415 1427 tempore
1456 1354 1759 1427 patientiam
1802 1364 1973 1412 suam,
2009 1356 2064 1401 ut
2101 1346 2154 1400 in

587 1459 766 1514 futuro
817 1462 1027 1511 exserat
1072 1450 1405 1506 severitatem
1463 1461 1633 1500 suam.
1693 1440 1963 1497 Accedunt
2010 1439 2150 1492 enim

589 1550 894 1619 ignorantes
943 1543 1190 1614 quoniam
1250 1537 1498 1609 patientia
1542 1535 1635 1589 Dei
1680 1533 1745 1586 ad
1794 1528 2153 1601 paenitentiam

588 1618 688 1694 eos
734 1636 967 1691 adducit.
1015 1633 1091 1686 llli
1136 1640 1310 1685 autem
1361 1625 1648 1683 secundum
1698 1622 1943 1676 duritiam
1982 1618 2159 1673 cordis

588 1728 671 1783 sui
701 1736 753 1781 et
780 1741 873 1779 cor
902 1722 1259 1790 impmnitcns,
1288 1714 1647 1771 thesaurizant
1685 1712 1795 1766 sibi
1819 1711 1948 1765 iram
1995 1704 2048 1758 in
2071 1702 2159 1759 die

590 1802 685 1873 ira:
710 1824 763 1871 et
800 1810 1137 1868 revelationis
1171 1809 1298 1878 justi
1336 1805 1517 1875 judicii
1549 1803 1664 1870 Dei,
1693 1802 1782 1870 qui
1813 1799 1995 1853 reddet
2039 1796 2156 1849 uni-

586 1908 777 1976 cuique
805 1902 1093 1959 secundum
1136 1915 1295 1968 opera
1325 1914 1418 1951 sua
1449 1897 1623 1965 (Rom.
1658 1910 1719 1960 ιι,
1747 1891 1884 1960 4-6).
1918 1889 1996 1944 Ad
2026 1887 2155 1943 iilttd

588 2008 764 2050 autem
789 1993 979 2053 altare,
1004 2006 1108 2059 quo
1136 2001 1433 2058 praicursor
1458 2000 1552 2053 pro
1575 1983 1727 2036 nobis
1753 1978 1954 2034 introiit
1976 1978 2150 2041 lesns,

580 2103 694 2156 quo
719 2090 877 2152 caput
922 2080 1171 2135 Ecclesia».
1217 2074 1506 2146 prmcessit,
1545 2070 1798 2126 membris
1836 2067 2041 2123 cteteris
2068 2081 2155 2120 se-

589 2174 809 2237 cuturis,
844 2170 1018 2225 nullus
1044 2182 1229 2223 eorum
1257 2164 1511 2218 accedere
1540 2164 1750 2230 poterit,
1775 2158 1841 2212 de
1868 2158 2075 2227 quibus,
2099 2163 2156 2208 ut

585 2265 694 2333 jam
724 2258 1152 2318 commemoravi,
1197 2254 1329 2309 dixit
1357 2251 1660 2321 Apostolus,
1696 2249 1942 2314 Quoniam
1965 2246 2049 2315 qui
2078 2255 2157 2297 ta-

591 2354 662 2406 lia
690 2361 865 2422 agunt,
895 2363 1102 2418 regnum
1144 2344 1239 2399 Dei
1280 2359 1378 2395 non
1420 2339 1759 2411 possidebunt.
1807 2337 1962 2390 Solus
2010 2335 2154 2390 enim

590 2442 859 2505 sacerdos,
890 2438 983 2493 sed
1035 2439 1190 2506 plane
1234 2434 1307 2486 ibi
1350 2441 1489 2485 totus
1516 2430 1745 2491 assistet,
1774 2426 2021 2495 adjuncto
2044 2426 2154 2479 sci-

593 2534 718 2587 licet
769 2543 991 2597 eorpore
1034 2525 1121 2594 qui
1166 2534 1324 2590 caput
1351 2528 1453 2585 est,
1480 2517 1617 2588 quod
1666 2516 1775 2585 jam
1823 2514 2056 2569 ascendit
2102 2515 2158 2568 in

592 2624 808 2677 ctelum.
858 2620 974 2686 lpse
1004 2625 1085 2670 est
1121 2614 1204 2668 cui
1254 2612 1387 2666 dixit
1428 2607 1697 2679 apostolus
1750 2607 1960 2668 Petrus.
2008 2604 2160 2662 Plebs

593 2721 786 2775 sancta,
817 2706 985 2777 regale
1025 2703 1357 2758 sacerdotium
1402 2697 1456 2772 (Ι
1497 2698 1640 2752 Petr.
1675 2713 1732 2760 ιι,
1772 2696 1852 2764 9).
1883 2694 2160 2763 Quomodo

596 2818 724 2871 ergo
777 2801 828 2853 in
879 2796 1128 2851 interiora
1168 2792 1292 2857 veli,
1329 2800 1382 2844 et
1420 2789 1472 2843 in
1521 2788 1608 2842 illa
1650 2785 1930 2840 invisibilia
1965 2784 2159 2837 Sancta

597 2901 897 2947 sanctorum
940 2887 1139 2940 intrare
1178 2880 1393 2935 audebit
1431 2885 1524 2932 aut
1564 2876 1778 2946 poterit,
1806 2874 1895 2943 qui
1939 2872 2161 2926 medici-

597 2996 719 3036 nam
741 2976 973 3033 ccelcstis
992 2971 1286 3040 disciplinae
1314 2976 1681 3027 contemnens,
1705 2962 1870 3017 noluit
1899 2960 2165 3030 paulisper

598 3090 629 3126 a
661 3069 954 3124 visibilibus
978 3062 1255 3134 separari?
1292 3060 1391 3127 Qui
1417 3058 1559 3112 enim
1586 3056 1755 3111 noluit
1790 3052 2075 3119 humiliari,
2104 3058 2163 3105 ut

598 3161 959 3220 exaltaretur;
988 3170 1109 3210 cum
1139 3151 1360 3207 exaltari
1388 3149 1633 3213 voluerit,
1662 3147 1974 3215 dejicietur;
2025 3153 2080 3200 et
2107 3145 2162 3200 in

602 3259 857 3304 :cternum
885 3246 1189 3314 scjungetur
1218 3244 1285 3296 ab
1310 3240 1523 3295 aeternis
1551 3238 1770 3302 sanctis,
1800 3236 2038 3306 quisquis
2061 3234 2165 3290 hoc

602 3352 841 3410 tempore
867 3353 963 3407 per
988 3336 1174 3390 merita
1198 3331 1517 3387 obedientite
1545 3338 1599 3385 et
1622 3344 1717 3398 per
1751 3327 2163 3382 satisfactionem

603 3430 926 3504 paenitentia:
956 3441 1059 3481 non
1098 3424 1199 3479 sibi
1238 3422 1467 3493 providit
1507 3420 1684 3474 locum
1724 3419 1775 3472 in
1815 3432 2039 3487 corpore
2075 3431 2165 3471 sa-

603 3523 854 3580 cerdotis.
917 3519 1030 3585 Qua
1072 3517 1213 3572 enim
1261 3514 1435 3569 fronte
1479 3511 1816 3582 impudentiae
1860 3518 1985 3564 tunc
2024 3508 2167 3564 volet

603 3612 768 3671 averti
798 3612 985 3666 faciem
1012 3609 1103 3663 Dei
1133 3623 1161 3661 a
1189 3606 1420 3677 peccatis
1448 3604 1579 3671 suis,
1601 3603 1691 3673 qui
1716 3616 1855 3656 nunc
1877 3608 1985 3655 toto
2005 3598 2166 3655 corde

604 3719 708 3772 non
751 3701 897 3765 dicit,
950 3698 1202 3765 Quoniam
1262 3695 1458 3764 facinus
1503 3710 1666 3747 meum
1712 3708 1802 3762 ego
1839 3706 2075 3761 agnosco,
2120 3697 2170 3743 et

603 3801 861 3861 peccatum
888 3803 1050 3841 meum
1080 3795 1196 3839 ante
1223 3802 1300 3839 me
1337 3793 1408 3837 est
1436 3800 1628 3851 semper
1656 3780 1838 3853 (Psal.
1860 3797 1909 3844 ι,
1936 3780 2026 3848 5)?
2051 3778 2166 3845 Quo

606 3890 779 3953 pacto,
809 3892 1009 3949 quaeso,
1054 3876 1190 3929 Deus
1229 3875 1472 3943 dignatur
1514 3874 1808 3942 ignoscere,
1838 3870 1980 3940 quod
2016 3870 2068 3923 in
2109 3883 2170 3923 se

606 3974 720 4043 ipse
744 3971 903 4025 homo
926 3967 1238 4037 dedignatur
1258 3963 1587 4034 agnoscere?

678 4085 733 4139 8.
773 4081 840 4134 In
867 4096 948 4132 cos
972 4079 1056 4147 qui
1093 4076 1190 4131 sibi
1230 4076 1442 4129 salutent
1482 4081 1661 4145 praeter
1686 4089 1892 4144 regnum
1933 4073 2170 4127 calorum

612 4174 928 4245 pollicentur.
971 4167 1230 4222 Sententia
1278 4166 1454 4219 ultinta
1497 4164 1694 4245 mittens
1728 4172 1815 4216 aut
1843 4166 1895 4217 in
1936 4180 2166 4235 regnum,

614 4240 701 4316 aut
730 4262 782 4314 in
810 4260 993 4330 ignem.
1023 4258 1129 4311 Aut
1172 4254 1297 4310 illud
1337 4254 1491 4324 quale
1531 4240 1632 4318 est,
1672 4254 1724 4307 in
1752 4269 1857 4321 quo
1895 4254 1993 4307 sibi
2023 4253 2172 4307 Μειιιο

609 4355 843 4418 diuntur,
871 4351 957 4420 qui
982 4365 1074 4403 sua
1101 4363 1161 4402 se
1188 4348 1418 4402 vanitate
1442 4346 1735 4402 seducunt?
1763 4346 2171 4401 Pcrseverantes

609 4445 751 4499 enim
803 4442 855 4496 in
905 4438 1117 4495 malitiis
1156 4446 1312 4508 atque
1359 4437 1577 4490 luxuriis
1618 4436 1743 4499 suis,
1791 4451 1910 4489 cum
1953 4436 2172 4489 audiunt

609 4531 921 4604 Apostolum
982 4529 1282 4591 dicentem,
1349 4525 1599 4590 Quoniam
1654 4526 1738 4593 qui
1793 4526 1915 4579 talia
1978 4535 2166 4596 agunt,

607 4616 818 4697 regnum
843 4621 940 4676 Dei
981 4636 1082 4673 non
1110 4617 1425 4689 possidebunt
1455 4632 1474 4671 :
1507 4616 1702 4672 audent
1726 4616 1823 4671 sibi
1859 4627 2048 4687 praeter
2076 4618 2171 4672 Dei

606 4729 827 4786 regnum
866 4712 1111 4772 salutem,
1152 4723 1309 4778 quam
1352 4706 1670 4773 desiderant,
1715 4707 1981 4776 polliceri;
2016 4716 2172 4777 atque

607 4802 678 4856 ita
725 4803 863 4856 inter
902 4814 960 4854 se
991 4799 1292 4867 loquuntur,
1335 4795 1459 4850 dum
1502 4804 1748 4850 recusant
1793 4811 1949 4866 agere
1997 4797 2170 4865 pumi-

607 4893 825 4948 tentiatn
869 4906 966 4961 pro
1018 4888 1248 4959 peccatis
1289 4887 1421 4952 suis,
1463 4894 1517 4941 et
1570 4885 1803 4955 perditos
1856 4902 2031 4941 mores
2070 4887 2172 4940 ali-

606 4983 818 5055 quando
839 4984 889 5036 in
920 4982 1108 5037 melius
1135 4986 1462 5035 commutare
1488 4995 1501 5031 :
1535 4977 1775 5047 Regnare
1808 4978 1951 5040 nolo,
1980 4977 2174 5031 sufficit

606 5074 738 5130 mihi
763 5074 968 5128 salvum
997 5087 1081 5127 me
1105 5086 1244 5126 esse.
1278 5069 1333 5123 In
1357 5082 1463 5139 quo
1490 5067 1712 5138 primum
1739 5083 1832 5122 eos
1869 5067 2022 5134 fallit,
2050 5068 2171 5137 quia

607 5182 789 5224 eorum
825 5179 925 5220 nec
952 5164 1096 5219 salus
1123 5164 1225 5218 ulla
1255 5172 1368 5222 cst;
1396 5177 1618 5233 quorum
1645 5160 1894 5231 iniquitas
1922 5177 2171 5231 perseve-

605 5271 711 5317 rat.
743 5258 892 5327 Quod
929 5257 1070 5312 enim
1105 5256 1178 5309 ait
1202 5256 1475 5321 Dominus,
1501 5253 1751 5320 Quoniam
1776 5254 2043 5308 abundauit
2071 5254 2174 5307 ini-

603 5354 787 5425 quitas,
815 5350 1098 5422 refrigescet
1123 5347 1340 5403 charitas
1364 5348 1674 5411 multorum;
1718 5346 1803 5418 qui
1846 5354 2014 5398 autent
2060 5361 2175 5415 pcr-

611 5442 903 5499 severaverit
922 5455 1075 5508 usque
1099 5438 1151 5492 in
1179 5439 1352 5508 ﬁnem,
1382 5438 1462 5491 hic
1487 5438 1653 5492 salvus
1678 5438 1770 5491 erit
1797 5436 2007 5507 (Matth.
2031 5451 2173 5499 xxiv,

605 5537 699 5598 η,
748 5533 886 5603 l3):
937 5531 1159 5586 salutem
1202 5530 1381 5600 utique
1434 5528 1675 5598 promisit
1719 5528 2176 5598 perseverantibus

606 5627 662 5681 in
700 5626 980 5689 charitate,
1011 5636 1113 5677 non
1164 5621 1218 5675 in
1247 5620 1542 5691 iniquitate.
1592 5617 1692 5674 Ubi
1743 5628 1917 5672 autem
1946 5616 2179 5673 cbaritas

608 5722 727 5783 est,
770 5728 930 5784 opera
979 5713 1063 5769 illa
1099 5712 1245 5785 mala
1288 5726 1318 5766 a
1371 5723 1534 5782 regno
1572 5707 1664 5765 Dei
1719 5712 2017 5783 separantis
2061 5727 2180 5769 esse

1790 330 1850 383 S.
1891 318 2254 381 AUGUSTINI
2298 318 2596 376 BPISCOP!

3696 323 3832 382 1544

2262 451 2365 490 non
2410 446 2650 505 possunt.
2696 436 2871 490 Omnis
2916 437 3045 489 enim
3093 439 3172 491 lea:
3215 438 3265 490 in
3314 453 3413 491 uno
3456 444 3685 492 sermone
3729 442 3832 492 lm-

2258 528 2391 595 pleta
2419 537 2509 593 est,
2540 529 2590 580 in
2620 543 2678 580 eo
2717 528 2848 597 quod
2884 528 3125 595 scriptum
3170 539 3261 593 est,
3307 527 3497 598 Diliges
3538 532 3825 599 proximum

2257 626 2398 668 tuum
2435 626 2670 684 tanquam
2691 626 2738 669 te
2765 617 2929 685 ipsum
2968 615 3161 689 (Galnt.
3183 633 3236 682 ν,
3266 617 3373 687 M).
3416 617 3614 671 Deinde
3653 618 3698 671 si
3741 629 3824 672 est

2258 708 2432 776 aliqua
2479 707 2777 761 dilferentia
2808 707 2945 761 inter
2984 717 3264 776 regnantes
3304 719 3356 761 et
3381 721 3484 761 non
3512 718 3824 777 regnantes;

2258 807 2467 867 oportet
2510 804 2682 852 tamen
2714 808 2769 851 ut
2814 798 2864 850 in
2912 812 3017 851 uno
3065 812 3229 866 regno
3275 798 3381 851 sint
3425 812 3631 864 omnes,
3663 813 3731 853 ne
3777 798 3827 852 in

2260 889 2488 944 bestiam
2528 898 2620 942 aut
2660 889 2949 942 alienorum
2987 903 3209 941 numero
3249 888 3583 957 deputentur.
3630 889 3830 943 Omnes

2258 983 2400 1037 enim
2432 982 2651 1035 Romani
2695 982 2985 1035 Romanum
3016 994 3233 1049 regnum
3275 980 3589 1050 possident;
3637 997 3826 1050 quatu-

2261 1075 2339 1128 vis
2370 1090 2472 1128 non
2495 1088 2681 1127 omnes
2705 1075 2754 1126 in
2781 1088 2846 1127 eo
2885 1080 3144 1142 regnent,
3173 1071 3265 1125 sed
3310 1072 3519 1126 caeteris
3552 1075 3826 1142 regnanti-

2259 1165 2359 1219 bus
2406 1174 2644 1234 parcant.
2690 1164 2805 1217 Non
2850 1172 3026 1217 autem
3073 1162 3147 1215 ait
3192 1162 3513 1231 Apostolus,
3559 1162 3659 1225 Qui
3705 1164 3829 1215 talia

2258 1267 2448 1327 agunt,
2479 1271 2582 1310 non
2612 1255 2905 1325 regnabant
2942 1269 3062 1307 cum
3091 1253 3234 1316 Deo;
3261 1252 3353 1306 sed
3376 1269 3582 1322 regnum
3607 1253 3701 1306 Dei
3729 1270 3826 1305 non

2260 1347 2597 1419 possidebunt.
2626 1347 2775 1415 Quod
2803 1349 2960 1401 etiam
2992 1346 3058 1400 de
3078 1361 3236 1401 carne
3265 1356 3318 1399 et
3346 1348 3602 1415 sanguine
3627 1345 3825 1399 dictum

2258 1450 2339 1492 est
2357 1480 2370 1501 ,
2399 1439 2527 1492 Caro
2553 1448 2595 1492 et
2622 1438 2824 1507 sanguis
2850 1448 3060 1507 regnum
3088 1435 3182 1489 Dei
3206 1452 3303 1489 non
3330 1436 3651 1503 possidebunt
3671 1437 3827 1504 :quia

2258 1528 2580 1597 corruptibile
2598 1528 2691 1580 hoc
2728 1526 2898 1579 induet
2925 1526 3379 1593 incorruptionem,
3416 1535 3461 1577 et
3500 1525 3713 1577 mortale
3737 1524 3830 1577 hoc

2257 1620 2429 1672 induet
2454 1618 2873 1671 immortalitatem
2904 1614 3099 1686 (lCor.
3123 1631 3210 1678 xv,
3234 1616 3322 1679 50,
3352 1615 3442 1687 55)
3467 1632 3482 1679 ;
3513 1624 3569 1668 ut
3589 1614 3699 1683 jam
3723 1631 3827 1669 non

2258 1726 2381 1767 caro
2409 1720 2463 1766 et
2506 1711 2752 1779 sanguis,
2785 1709 2878 1763 sed
2906 1724 2970 1763 ex
3019 1707 3232 1762 animali
3273 1722 3497 1775 corpore
3538 1706 3829 1775 spiritualis

2258 1804 2498 1872 corporis
2524 1802 2758 1855 habitum
2790 1812 3138 1868 naturamque
3183 1808 3464 1853 mereatur.
3496 1797 3592 1851 Vel
3620 1798 3708 1851 illa
3736 1812 3830 1852 eos

2259 1900 2456 1946 terreat
2475 1892 2652 1944 ultima
2674 1891 2935 1945 sententia
2960 1889 3151 1958 judicis
3188 1887 3375 1951 nostri,
3405 1901 3561 1954 quam
3590 1896 3830 1955 prepter—

2259 1997 2320 2034 ea
2349 1995 2489 2035 nunc
2509 1980 2700 2046 aperiri
2729 1979 2928 2043 voluit,
2963 1988 3019 2032 ut
3037 1978 3105 2031 ab
3129 1980 3245 2045 ejus
3267 1976 3507 2030 ﬁdelibus
3530 1976 3830 2044 pra-cavea-

2261 2082 2384 2133 tttr;
2417 2070 2548 2126 dans
2576 2070 2905 2124 metuentibus
2940 2086 2993 2123 se
3026 2068 3458 2139 signiﬁcationem,
3486 2077 3542 2119 ut
3571 2066 3769 2136 fugiant
3797 2081 3829 2116 a

2261 2164 2391 2233 {acie
2409 2180 2556 2217 arcus
2588 2161 2758 2235 (Psal.
2789 2179 2871 2217 th
2894 2204 2908 2228 ,
2937 2162 3013 2231 6).
3038 2161 3285 2231 Exceptis
3308 2159 3449 2214 enim
3480 2159 3557 2212 eis
3590 2158 3679 2226 qui
3708 2172 3827 2211 cum

2258 2253 2351 2310 illo
2392 2255 2549 2309 etiam
2595 2254 2931 2322 judicabunt,
2976 2252 3168 2321 quibus
3209 2260 3259 2304 et
3292 2250 3567 2320 promisit,
3597 2249 3779 2304 dicens
3812 2267 3824 2301 :

2258 2345 2509 2402 Sedebitis
2536 2360 2686 2414 super
2714 2344 2980 2396 duodecim
3006 2342 3231 2405 thronos,
3253 2342 3541 2410 judicautes
3568 2341 3827 2392 duodecim

2260 2436 2418 2491 tribus
2447 2432 2612 2487 Israel
2654 2431 2861 2502 (Matth.
2889 2447 3002 2497 xu,
3030 2431 3142 2498 28).
3176 2430 3230 2483 ln
3270 2446 3375 2498 quo
3422 2446 3645 2483 numero
3685 2429 3825 2497 judi-

2259 2527 2488 2580 cantium
2539 2537 2725 2578 omnes
2770 2521 3163 2589 intelliguntur,
3214 2518 3303 2587 qui
3348 2527 3563 2587 prepter
3593 2518 3828 2585 Evange-

2261 2615 2389 2670 lium
2414 2615 2588 2669 omnia
2615 2627 2710 2666 sua
2739 2610 3073 2675 dimiserunt,
3102 2618 3156 2662 et
3183 2607 3350 2662 secuti
3375 2617 3498 2660 sunt
3529 2608 3824 2661 Dominum.

2261 2707 2624 2763 Duodenarius
2651 2704 2842 2773 quippe
2864 2714 3115 2755 numerus
3137 2698 3203 2752 ad
3233 2697 3513 2768 quamdam
3568 2696 3827 2751 universi-

2265 2807 2424 2853 tatem
2452 2797 2696 2851 refertur.
2726 2794 2840 2849 Non
2868 2793 3007 2848 enim
3034 2791 3230 2846 Paulus
3277 2789 3551 2859 apostolus
3603 2788 3675 2841 ibi
3727 2804 3828 2841 non

2263 2889 2543 2959 erit,quia
2584 2888 2723 2942 inter
2772 2885 2890 2939 illos
2934 2883 3210 2938 duodecim
3255 2897 3359 2934 non
3412 2880 3529 2934 fuit.
3584 2879 3832 2947 Exceptis

2264 2995 2392 3050 ergo
2412 2980 2541 3043 illis,
2573 2991 2706 3047 quos
2732 2975 2889 3031 etiam
2920 2976 3133 3029 nomine
3161 2973 3481 3041 Angelorum
3499 2972 3828 3041 significavit,

2266 3069 2477 3141 quando
2504 3069 2611 3134 ait,
2643 3068 2770 3121 Cum
2794 3067 2981 3119 venerit
3046 3063 3215 3119 Filius
3241 3064 3451 3116 hominis
3471 3064 3704 3134 judicare
3724 3079 3831 3114 cum

2267 3161 2470 3232 Angelis
2490 3160 2614 3215 suis.
2646 3159 2827 3228 Angeli
2854 3157 2993 3212 enim
3025 3156 3203 3226 utique
3232 3146 3581 3209 nuntii'sunt.
3618 3153 3834 3207 Nuntius

2271 3260 2447 3305 autem
2474 3250 2771 3306 rectissime
2796 3248 3083 3315 accipimus
3109 3260 3296 3300 omnes
3342 3245 3431 3313 qui
3461 3245 3683 3298 salutent
3729 3258 3825 3295 cce

2269 3343 2455 3397 lcstem
2483 3341 2785 3395 hominibus
2814 3340 3077 3392 nuntiant.
3103 3335 3256 3391 Unde
3299 3337 3459 3391 etiam
3495 3336 3833 3403 EVllllgcllslitt

2269 3431 2393 3485 boni
2423 3431 2591 3485 nuntii
2623 3437 2842 3499 possunt
2882 3425 3218 3493 interpretari
3241 3443 3253 3478 :
3275 3432 3328 3478 et
3350 3426 3415 3479 de
3436 3426 3640 3479 Joanne
3664 3422 3833 3489 Bapti-

2270 3535 2351 3577 sta
2396 3523 2593 3577 dictum
2643 3530 2744 3579 est.
2766 3519 2892 3573 Ecce
2920 3519 3059 3571 mitto
3080 3517 3308 3586 angelum
3338 3533 3501 3569 meum
3522 3526 3638 3567 ante
3663 3516 3833 3586 faciem

2272 3625 2409 3669 tuam
2437 3612 2683 3685 (Malach.
2714 3628 2768 3666 ttt
2788 3653 2803 3677 ,
2838 3610 2910 3681 Ι).
2942 3610 3036 3664 llis
3054 3623 3213 3678 ergo,
3245 3617 3301 3661 ut
3324 3608 3505 3663 dicere
3535 3622 3796 3676 cmperant
3818 3644 3831 3665 ,

2272 3704 2505 3773 exceptis
2525 3744 2539 3767 ,
2566 3712 2755 3757 castora
2781 3700 3015 3754 omnium
3045 3698 3314 3752 hominum
3345 3697 3624 3750 multitudo
3644 3734 3659 3760 ,
3705 3695 3830 3748 sicut

2273 3793 2326 3847 in
2355 3793 2520 3861 ipsius
2547 3791 2723 3844 verbis
2746 3789 2951 3843 Domini
2973 3786 3312 3841 manifestum
3338 3796 3421 3839 est
3441 3827 3454 3851 ,
3487 3787 3538 3839 iu
3564 3784 3694 3839 duas
3718 3800 3809 3855 μιν

2273 3893 2355 3939 tes
2373 3883 2651 3938 dividetur.
2680 3880 2951 3935 Positurus
2987 3885 3070 3932 est
3117 3876 3255 3945 enim
3280 3890 3407 3931 oves
3429 3875 3493 3929 ad
3521 3876 3787 3928 dexteram

2274 3975 2455 4031 bardos
2491 3974 2556 4028 ad
2578 3973 2843 4027 sinistram
2868 3989 2880 4023 :
2908 3978 2962 4025 et
2988 3969 3190 4023 dicetur
3217 3968 3404 4021 ovibus
3425 4006 3439 4033 ,
3477 3967 3527 4020 id
3549 3977 3630 4020 est
3646 3965 3797 4035 jnstis

2284 4069 2455 4122 Venite
2477 4108 2491 4130 ,
2524 4066 2763 4120 benedicti
2809 4063 2982 4117 Patris
3006 4062 3100 4115 mei
3124 4101 3137 4125 ,
3172 4060 3410 4128 percipite
3457 4074 3665 4129 regnum
3710 4071 3831 4126 quoa

2275 4157 2409 4211 vobis
2440 4165 2672 4224 paratum
2709 4162 2778 4207 est
2808 4169 2839 4206 a
2865 4151 3213 4206 constitutione
3234 4149 3425 4201 mundi.
3450 4149 3525 4203 De
3550 4148 3648 4201 hoc
3666 4147 3837 4212 utique

2275 4262 2438 4316 regno
2473 4245 2600 4299 dixit
2625 4244 2906 4313 Apostolus
2925 4281 2939 4306 ,
2962 4256 3084 4296 cum
3116 4248 3449 4293 enumeraret
3477 4252 3635 4306 opera
3665 4235 3795 4289 mala
3821 4270 3834 4294 ,

2281 4337 2529 4401 Quoniam
2554 4335 2637 4405 qui
2667 4334 2791 4386 talia
2818 4341 2995 4403 agunt,
3018 4345 3224 4407 regnum
3241 4327 3335 4380 Dei
3356 4343 3456 4381 non
3504 4324 3834 4394 possidebunt.

2275 4425 2546 4495 Audiquid
2564 4423 2773 4477 audiant
2801 4424 2938 4491 quia
2968 4418 3197 4474 sinistris
3220 4425 3409 4471 erunt:
3443 4415 3542 4481 Ite,
3575 4412 3759 4481 inquit,
3790 4410 3836 4462 ir.

2276 4519 2441 4588 ignem
2482 4526 2737 4578 cateruam,
2758 4513 2841 4583 qui
2875 4520 3189 4582 praeparatus
3232 4518 3303 4562 est
3334 4506 3532 4561 diabolo
3570 4514 3613 4558 et
3656 4499 3838 4573 angelis

2275 4610 2385 4680 ejus
2424 4607 2640 4680 (Matth.
2683 4621 2816 4670 xxv,
2862 4604 3023 4658 31-“
3049 4600 3088 4674 ).
3121 4601 3482 4671 Quapropter,
3527 4607 3837 4666 prius-ument

2275 4701 2392 4770 quis
2421 4697 2647 4752 attdeat‘
2676 4695 2741 4749 de
2770 4694 2980 4748 nomine
3013 4692 3322 4756 christiano,
3349 4698 3402 4744 et
3427 4703 3530 4741 non
3559 4700 3675 4738 cum
3703 4681 3837 4735 omni
3880 4760 3883 4763 Α

2276 4790 2570 4847 obedientia
2600 4797 2652 4842 et
2676 4789 2862 4841 timore
2880 4784 3060 4839 audiat
3089 4784 3396 4853 Apostolum
3420 4780 3700 4841 dicentem,
3735 4771 3841 4855 Ηοι
3878 4784 3881 4787 ‘

2276 4884 2407 4937 enim
2429 4882 2619 4945 scitote,
2644 4886 2989 4949 cognoscentes
3004 4875 3238 4944 quoniam
3258 4872 3417 4926 omnis
3442 4871 3734 4939 fornicator,
3758 4875 3841 4916 aut

2276 4971 2582 5034 immundus,
2609 4979 2695 5023 aut
2719 4986 2918 5034 avarus,
2952 4966 3086 5038 quod
3111 4974 3182 5018 est
3205 4964 3453 5018 idolorum
3484 4960 3691 5014 servitus
3709 5000 3722 5020 ,
3748 4972 3842 5008 non

2279 5064 2421 5117 habet
2441 5061 2779 5116 hereditatem
2804 5061 2856 5112 in
2877 5074 3027 5129 regno
3044 5054 3227 5110 Citriin
3246 5065 3291 5107 et
3319 5049 3450 5105 Dei?
3477 5048 3639 5103 Nemo
3662 5064 3746 5101 vos
3766 5060 3842 5099 se-

2280 5155 2428 5208 ducat
2453 5152 2683 5207 inanibus
2710 5149 2866 5205 verbis
2895 5164 2913 5202 :
2945 5156 3147 5217 propter
3175 5146 3280 5199 haec
3317 5143 3449 5196 enim
3483 5144 3610 5194 venit
3639 5155 3715 5194 ira
3756 5135 3842 5188 Dei

2280 5248 2331 5300 in
2352 5247 2484 5317 ﬁlios
2506 5244 2808 5315 diﬁdentice.
2849 5239 3022 5295 Nolite
3043 5240 3208 5309 itaque
3232 5236 3357 5307 edici
3381 5233 3645 5306 participes
3678 5243 3845 5283 eorum

2287 5335 2495 5408 (Ephes.
2534 5351 2588 5400 v,
2615 5334 2755 5403 5-7).
2787 5331 2967 5386 Latius
2994 5338 3171 5384 autem
3195 5328 3261 5383 ad
3286 5324 3587 5382 Corinthios
3618 5321 3728 5375 htnc
3764 5317 3844 5371 di-

2282 5427 2385 5481 cit:
2421 5424 2593 5478 Nolite
2611 5439 2816 5489 errare;
2848 5436 3002 5489 neque
3019 5419 3365 5489 fornicatores,
3394 5431 3547 5482 neque
3568 5410 3714 5465 idolis
3738 5422 3843 5460 ser-

2283 5519 2495 5580 rientes,
2534 5529 2689 5582 neque
2719 5512 2937 5566 adulteri
2957 5554 2969 5578 ,
3006 5524 3162 5580 neque
3190 5506 3384 5572 molles,
3412 5516 3567 5572 usque
3600 5496 3841 5553 tuaaculo-

2351 5699 2363 5727 '
2392 5701 2516 5744 5153.:
2543 5690 2653 5753 Quis
2690 5688 2927 5752 gaudeat;
2949 5688 3123 5738 omisso
3143 5685 3312 5745 verbo,
3345 5687 3647 5744 prwsumere.
