3996 6488
288 250 425 308 1545

286 378 401 416 rum
422 364 796 432 concubitores,
843 382 1002 440 neque
1051 367 1215 439 fures,
1260 384 1422 440 neque
1449 371 1642 437 avari,
1689 385 1850 439 neque

282 454 494 519 ebriosi,
513 470 672 527 neque
693 458 1124 528 maledici,neque
1138 475 1373 529 rapaces,
1388 475 1599 530 regnum
1616 458 1713 512 Dei
1727 473 1849 526 pos-

281 547 542 601 sidebunt.
553 547 655 603 Sed
672 551 846 606 videte
858 552 1317 621 quemadmodum
1333 553 1582 608 timorem
1597 561 1652 607 et
1664 552 1850 623 despe-

280 638 545 693 rationem
573 640 765 696 salutis
790 642 1075 697 abstulerit
1100 642 1201 705 eis,
1221 643 1313 712 qui
1335 644 1447 698 hare
1474 642 1527 696 in
1544 641 1653 696 vita
1680 639 1848 695 veteri

276 728 766 785 commiserunt.Et
787 733 896 787 ltiL‘C
908 733 1342 804 quidem,inquit,
1357 734 1560 803 fuistis,
1577 732 1665 786 sed
1680 730 1850 784 abluti

273 821 529 885 estis,sed
568 824 1031 891 sancti/icatiestis
1072 824 1127 876 in
1166 826 1371 878 nomine
1419 823 1631 876 Domini
1680 821 1850 875 nostri

272 908 400 963 Iesu
419 910 700 979 Christi,et
718 916 769 968 in
795 914 1001 985 Spiritu
1029 916 1122 971 Dei
1140 918 1307 971 nostri
1326 915 1375 987 (I
1402 916 1623 980 Cor.vt,
1646 914 1816 983 9-H).

342 1003 397 1058 9.
439 1001 736 1057 Pwnitentia
752 1002 964 1071 relapsis
988 1012 1098 1071 post
1115 1001 1431 1070 Baptismum
1458 998 1824 1069 amplectenda.

271 1091 519 1163 Quisquis
543 1106 669 1161 ergo
687 1101 804 1159 post
826 1090 1145 1159 Baptismum
1170 1090 1463 1158 aliquorum
1488 1087 1826 1157 pristinorum

271 1181 527 1234 malorum
555 1195 717 1250 opere
754 1179 1011 1248 obligatus
1038 1186 1273 1241 tenetur,
1303 1191 1468 1247 usque
1496 1176 1698 1231 adeone
1725 1176 1826 1231 sibi

270 1268 513 1323 inimicus
544 1278 657 1335 est,
696 1278 752 1323 ut
789 1270 958 1323 adhuc
994 1268 1195 1322 dubitet
1234 1269 1395 1321 vitam
1438 1276 1674 1333 mutare,
1705 1281 1826 1321 cum

271 1367 477 1431 tempus
508 1370 606 1422 est,
638 1374 754 1414 cum
786 1359 853 1413 ita
886 1368 1065 1429 peccat
1084 1369 1135 1412 et
1157 1358 1315 1413 vivit?
1340 1358 1467 1412 Nam
1487 1358 1665 1427 utique
1685 1359 1823 1429 quod

269 1452 341 1505 ita
372 1456 766 1518 perseveranter
791 1458 992 1518 peccat,
1026 1449 1342 1503 thesaurizat
1375 1448 1472 1503 sibi
1503 1449 1634 1503 iram
1662 1450 1713 1503 in
1736 1449 1824 1505 die

269 1538 365 1593 irrc
385 1549 435 1594 et
456 1539 789 1594 revelationis
804 1538 929 1607 justi
943 1538 1126 1607 jndicii
1151 1539 1262 1592 Dei.
1285 1537 1433 1606 Quod
1453 1546 1627 1593 autem
1648 1538 1821 1593 adhuc

266 1628 412 1693 vivit,
441 1628 685 1696 patientia
715 1629 805 1682 Dei
833 1628 897 1682 ad
928 1628 1285 1696 pmnitentiam
1309 1644 1427 1683 eum
1457 1628 1685 1683 adducit.
1716 1628 1822 1683 lm-

265 1718 487 1787 plicatus
512 1717 669 1786 igitur
689 1726 793 1771 tam
821 1718 1207 1772 mortiferorum
1236 1717 1459 1772 vinculis
1486 1726 1821 1787 peccatorum

264 1806 550 1873 detrectat,
585 1814 675 1861 aut
697 1807 899 1869 differt.
928 1816 1019 1861 aut
1046 1807 1247 1862 dubitat
1271 1807 1552 1878 confugere
1577 1806 1640 1861 ad
1674 1806 1817 1877 ipsas

263 1896 438 1951 claves
458 1897 728 1963 Ecclesia,
758 1898 944 1965 quibus
971 1896 1203 1951 solvatur
1227 1898 1278 1951 in
1308 1906 1467 1962 terra,
1494 1906 1553 1951 nt
1579 1896 1649 1952 sit
1671 1897 1819 1951 solu-

264 1997 349 2043 tus
377 1990 429 2043 in
457 1988 628 2053 caelo;
655 1996 708 2043 et
735 1988 890 2042 audet
914 1988 1012 2041 sibi
1040 1994 1158 2056 post
1180 1986 1313 2041 hanc
1339 1987 1520 2053 vitam,
1550 1986 1669 2057 quia
1698 1994 1817 2041 tan-

266 2088 375 2133 tum
401 2077 720 2134 christianos
745 2078 936 2132 dicitur
957 2118 972 2143 ,
1017 2078 1238 2133 salutem
1275 2079 1499 2147 aliquam
1541 2078 1812 2147 polliceri;

262 2183 363 2223 nec
380 2169 607 2223 veridico
624 2169 715 2223 illo
733 2168 1012 2221 dominicae
1031 2167 1175 2222 vocis
1192 2168 1421 2222 tonitruo
1433 2167 1810 2234 contremiscit,

263 2259 385 2316 Non
410 2260 569 2315 omnis
590 2260 675 2330 qui
702 2259 822 2312 dicit
848 2259 998 2322 mihi,
1027 2256 1258 2323 Domine,
1282 2258 1512 2323 Domine,
1538 2257 1738 2311 intrabit
1762 2257 1816 2311 in

259 2367 470 2422 regnum
503 2352 736 2405 ctelorum
753 2365 774 2414 ;
806 2351 895 2404 sed
934 2350 1019 2419 qui
1046 2350 1167 2421 facit
1189 2347 1489 2404 uoluntatem
1523 2349 1694 2403 Patris
1716 2349 1816 2403 mei

257 2442 346 2511 qui
363 2441 415 2493 in
435 2440 571 2493 ccelis
592 2448 683 2505 est,
706 2439 812 2508 ipse
828 2438 1030 2492 intrabit
1048 2440 1099 2491 in
1121 2455 1325 2509 regnum
1343 2439 1580 2493 caelorum
1600 2438 1809 2509 (Matth.

258 2546 355 2596 vn,
379 2530 517 2599 2i)?
543 2529 701 2598 Quid,
729 2528 795 2584 ad
823 2527 1033 2584 Galatas
1053 2528 1188 2583 idem
1214 2529 1504 2597 apostolus,
1536 2544 1710 2585 nonne
1736 2539 1815 2585 ta-

258 2622 327 2676 lia
355 2636 670 2676 enumerans
697 2620 882 2676 eodem
915 2620 1017 2676 fine
1042 2619 1351 2675 concludit?
1380 2619 1649 2693 Manifesta
1674 2630 1811 2687 sunt,

256 2711 446 2781 inquit,
473 2727 625 2778 opera
650 2711 833 2776 carnis,
854 2726 967 2780 qua
991 2718 1107 2764 sunt
1134 2710 1485 2780 fornicationes
1506 2751 1519 2774 ,
1541 2709 1816 2764 immundi-

257 2801 361 2864 εὔιε,
392 2800 633 2863 luxurias,
672 2798 919 2853 idolorum
958 2798 1162 2853 servitus
1180 2839 1196 2866 ,
1225 2798 1479 2867 veneﬁcia,
1500 2798 1777 2854 inimicitia
1798 2839 1816 2867 ,

252 2891 611 2953 contentiones,
643 2889 986 2944 aemulationes
1004 2931 1019 2957 ,
1049 2889 1384 2943 animositates
1404 2931 1420 2957 ,
1455 2889 1812 2956 dissensiones,

257 2983 492 3045 haereses,
507 2979 724 3042 invidia,
744 2978 1016 3043 ebrietates,
1030 2980 1425 3043 comessationes.
1443 2989 1487 3033 et
1501 2979 1578 3034 his
1597 2979 1816 3045 similia;

256 3087 369 3142 qua:
410 3069 627 3140 praedico
668 3068 833 3135 vobis,
863 3070 993 3123 sicut
1030 3069 1273 3138 prwdixi,
1311 3070 1545 3140 quoniam
1579 3072 1665 3142 qui
1694 3071 1817 3125 talia

254 3168 434 3230 agunt,
464 3174 670 3229 regnum
697 3156 793 3211 Dei
822 3172 921 3211 non
952 3156 1268 3225 possidebunt
1297 3157 1483 3227 (Galat.
1512 3175 1567 3223 v,
1598 3158 1813 3229 l9-21).

252 3248 467 3304 Judicet
493 3261 621 3317 ergo
654 3261 711 3300 se
740 3246 909 3316 ipsum
940 3246 1098 3301 homo
1131 3246 1186 3302 in
1215 3246 1329 3302 istis
1352 3247 1624 3303 voluntate
1644 3290 1659 3314 ,
1686 3248 1813 3304 dum

252 3344 471 3406 potest,
516 3344 569 3391 et
609 3349 787 3390 mores
823 3343 1093 3390 convertat
1120 3334 1172 3390 in
1200 3336 1391 3392 melius
1420 3355 1434 3391 :
1466 3353 1532 3392 ne
1560 3353 1679 3393 cum
1705 3339 1813 3407 jam

250 3441 364 3482 non
388 3428 601 3498 poterit,
627 3428 784 3482 etiam
809 3434 1000 3495 prteter
1022 3426 1340 3482 voluntatem
1368 3442 1397 3481 a
1425 3427 1648 3484 Domino
1667 3428 1816 3498 judi-

248 3527 427 3573 cetnr.
457 3519 522 3572 Et
555 3533 673 3573 cum
709 3517 820 3587 ipse
848 3516 901 3572 in
930 3532 988 3573 se
1016 3518 1289 3587 protulerit
1322 3519 1667 3574 severissima:
1696 3534 1814 3574 me-

249 3608 475 3673 dicinm,
502 3607 595 3661 sed
626 3615 802 3662 tamen
840 3606 1113 3661 medicinae
1150 3609 1460 3663 sententiam
1485 3648 1501 3675 ,
1542 3608 1721 3663 veniat
1745 3609 1812 3663 ad

244 3698 538 3760 antistites,
581 3711 679 3766 per
705 3710 837 3765 quos
865 3695 938 3750 illi
975 3696 1029 3751 in
1054 3696 1286 3751 Ecclesia
1313 3698 1485 3753 claves
1512 3697 1815 3753 ministran-

245 3792 344 3839 tnr
372 3803 385 3838 :
413 3795 465 3839 et
492 3794 738 3854 tanquam
764 3784 934 3839 bonus
952 3785 1062 3854 jam
1086 3785 1345 3856 incipiens
1372 3800 1489 3841 esse
1514 3785 1675 3852 illius,
1698 3799 1811 3840 ma-

243 3882 527 3928 ternorum
557 3875 908 3929 membrorum
933 3873 1119 3929 ordine
1145 3874 1428 3941 custodito,
1459 3890 1489 3929 a
1517 3876 1811 3945 praepositis

244 3965 721 4018 Sacramentorum
756 3963 980 4031 accipiat
1014 3961 1397 4026 satisfactionis,
1421 3977 1530 4018 suae
1554 3962 1766 4019 modum
1792 3981 1807 4029 ;

241 4064 310 4108 ut
350 4054 402 4106 in
431 4049 701 4107 olferendo
728 4050 987 4105 sacriﬁcio
1019 4051 1196 4107 cordis
1227 4052 1558 4107 contribulati
1586 4052 1807 4109 devotus

241 4153 304 4199 et
334 4142 553 4211 supplex
574 4181 590 4208 ,
630 4141 682 4195 id
712 4148 887 4196 tamen
915 4150 1034 4211 agat
1058 4141 1198 4211 quod
1224 4156 1329 4195 non
1359 4142 1527 4196 solum
1555 4142 1654 4210 ipsi
1681 4156 1807 4211 pro-

240 4235 321 4288 sit
370 4232 433 4285 ad
482 4231 835 4301 recipiendam
875 4232 1127 4296 salutem,
1169 4230 1264 4286 sed
1294 4229 1454 4285 etiam
1492 4231 1698 4286 caneris
1737 4231 1804 4286 ad

240 4323 576 4392 exemplum.
605 4321 674 4377 Ut
698 4321 744 4376 si
770 4328 1045 4389 peccatum
1081 4318 1196 4388 ejus
1219 4359 1234 4383 ,
1263 4334 1367 4373 non
1393 4320 1562 4373 solum
1591 4320 1642 4373 in
1668 4321 1811 4390 gravi

237 4413 370 4481 ejus
400 4412 568 4475 malo,
606 4407 700 4464 sed
724 4408 882 4463 etiam
907 4407 959 4460 in
985 4414 1130 4460 tanto
1158 4405 1408 4460 seandalo
1443 4407 1664 4461 aliorum
1692 4416 1774 4462 est
1792 4448 1808 4473 ,

240 4514 415 4573 atque
435 4503 536 4557 hoc
559 4500 809 4570 expedire
828 4497 1039 4553 utilitati
1066 4498 1314 4552 Ecclesia:
1338 4496 1547 4552 videtur
1570 4498 1811 4565 antistiti,

240 4594 299 4647 in
351 4592 536 4645 notitia
578 4588 897 4655 multorum,
938 4588 1021 4643 vel
1058 4588 1217 4643 etiam
1253 4588 1411 4642 totius
1451 4587 1619 4657 plebis
1657 4603 1815 4657 agere

240 4681 620 4753 pmnitentiam
652 4693 756 4733 non
784 4686 1015 4743 recuset,
1044 4690 1146 4731 non
1168 4677 1397 4742 resistat,
1430 4692 1534 4731 non
1560 4677 1738 4732 letliali
1761 4684 1815 4732 et

237 4771 541 4826 mortiferae
569 4771 734 4839 plagae
757 4782 850 4837 per
869 4765 1123 4836 pudorem
1146 4766 1303 4821 addat
1326 4775 1604 4821 tumorem.
1631 4765 1812 4820 Memi-

238 4863 397 4916 neris
432 4874 641 4928 semper
661 4898 678 4925 ,
719 4856 859 4927 quod
883 4855 1109 4926 superbis
1138 4855 1273 4911 Deus
1299 4858 1513 4920 resistit,
1542 4857 1812 4911 humilibus

232 4961 422 5005 autem
450 4950 536 5000 dat
559 4948 770 5018 gratiam
792 4943 1007 5013 (Jacobi
1031 4959 1105 5010 tv,
1125 4943 1200 5016 6).
1219 4945 1352 5012 Quid
1374 4947 1512 5001 enim
1530 4956 1611 5001 est
1644 4947 1817 5001 infeli-

234 5042 366 5095 cius
394 5079 408 5103 ,
438 5036 562 5107 quid
592 5035 888 5105 perversius
910 5074 926 5100 ,
956 5049 1112 5105 quam
1145 5033 1213 5088 de
1242 5033 1356 5103 ipso
1384 5036 1597 5089 vulnere
1616 5076 1632 5100 ,
1669 5035 1811 5104 quod

232 5130 419 5183 latere
441 5142 543 5181 non
575 5133 765 5195 potest,
783 5139 903 5191 non
915 5124 1248 5191 erubescere,
1277 5132 1331 5178 et
1355 5123 1423 5179 de
1450 5125 1669 5195 ligatura
1697 5124 1813 5194 ejus

232 5217 568 5274 erubescere
588 5214 612 5269 ‘l

270 5316 291 5329 ‘
312 5304 411 5362 I0.
445 5303 513 5357 In
547 5320 629 5358 eos
652 5303 736 5373 qui
762 5302 1061 5372 panitentiar
1085 5301 1392 5371 negligenda
1425 5301 1707 5368 exentplum
1748 5318 1810 5356 ea:

233 5396 363 5450 aliis
385 5402 606 5447 sumunt.
630 5392 674 5445 Α
692 5392 1036 5446 communione
1058 5408 1157 5444 nou
1182 5390 1501 5459 prohibentur
1520 5392 1613 5443 nisi
1634 5400 1809 5459 sponte

233 5482 487 5551 confessi.
510 5483 585 5536 uel
607 5481 821 5551 legitime
838 5482 1065 5535 convicti.
1086 5480 1252 5535 Nemo
1270 5482 1569 5543 arbitretur,
1597 5481 1801 5542 fratres,

232 5581 531 5646 propterea
574 5570 929 5625 seconsilium
968 5568 1252 5624 salutifera:
1293 5570 1443 5639 hujus
1479 5570 1803 5639 poenitentia;

524 5672 794 5731 Parnon.
833 5664 1120 5728 XXXIX.

1646 254 1870 315 SERMO
1906 254 2119 311 οδω.

3365 263 3499 320 1560

1942 366 2136 423 debere
2164 375 2521 435 contemnere,
2543 369 2663 439 quia
2682 369 2876 425 multos
2902 369 3038 427 forte
3064 372 3290 428 advertit
3312 384 3365 429 et
3394 390 3496 430 no-

1938 458 2011 512 vit
2034 457 2101 512 ad
2128 456 2464 513 Sacramenta
2487 459 2669 515 altaris
2692 462 2966 525 accedere,
2991 477 3215 533 quorum
3247 463 3368 518 talia
3392 465 3498 519 cri-

1935 549 2075 603 mina
2092 564 2195 603 non
2224 550 2444 618 ignorat.
2467 550 2609 604 Multi
2641 552 2779 606 enim
2800 553 3153 622 corriguntur,
3184 564 3238 607 ut
3256 553 3442 608 Petrus
3477 570 3493 610 :

1935 638 2085 693 multi
2115 639 2434 706 tolerantur,
2464 649 2523 693 ut
2545 639 2707 694 Judas
2737 659 2750 695 :
2780 642 2929 695 ntulti
2957 644 3262 697 nesciuntur
3281 685 3296 710 ,
3323 644 3497 699 donec

1934 730 2110 783 veniat
2132 730 2405 795 Dominus,
2427 731 2516 800 qui
2533 731 2788 785 illuminet
2807 732 3111 787 abscondita
3131 734 3493 801 tenebrarum,

1934 827 1989 873 et
2012 818 2307 873 manifestet
2331 818 2674 889 cogitationes
2693 821 2869 875 cordis
2894 820 2935 891 (Ι
2961 821 3077 876 Cor.
3111 839 3198 889 tv,
3240 825 3317 892 5).
3361 824 3494 879 Nam

1934 909 2169 979 plerique
2190 919 2465 978 propterea
2487 910 2672 964 nolunt
2694 912 2826 965 alios
2852 927 3101 967 accusare
3118 954 3133 979 ,
3164 913 3289 967 dum
3317 899 3374 968 se
3399 930 3494 983 per

1933 999 2052 1053 illos
2075 1000 2288 1068 cupiunt
2316 1013 2588 1053 excusare.
2612 1000 2853 1069 Plerique
2877 1010 3051 1055 autem
3078 1002 3199 1055 boni
3218 1001 3494 1057 christiani

1935 1096 2209 1157 prepterea
2233 1094 2423 1152 tacent,
2448 1097 2501 1141 et
2520 1087 2774 1142 sufferunt
2790 1089 3009 1143 aliorum
3028 1100 3241 1159 peccata
3262 1107 3379 1159 quae
3395 1106 3493 1145 no-

1930 1185 2137 1241 verunt,
2166 1177 2287 1247 quia
2311 1177 2644 1233 documentis
2667 1193 2808 1247 saepe
2832 1178 3167 1246 deseruntur,
3194 1191 3247 1235 et
3273 1196 3335 1235 ea
3371 1196 3491 1250 qua

1931 1269 2030 1338 ipsi
2057 1268 2259 1335 sciunt,
2286 1268 2552 1337 judicibus
2578 1268 2953 1324 ecclesiasticis
2976 1269 3199 1337 probare
3229 1285 3332 1324 non
3362 1285 3489 1340 pos-

1929 1366 2073 1413 sunt.
2109 1358 2359 1425 Quamvis
2396 1358 2539 1414 enim
2572 1374 2698 1414 vera
2733 1359 2839 1413 sint
2865 1359 3136 1429 quardam;
3180 1376 3284 1413 non
3314 1367 3487 1414 tamen

1925 1446 2085 1518 judici
2110 1448 2265 1503 facile
2284 1448 2545 1505 credenda
2569 1457 2712 1517 sunt,
2734 1449 2834 1503 nisi
2858 1450 3019 1504 certis
3043 1449 3248 1505 indiciis
3268 1450 3488 1505 demon-

1928 1545 2180 1591 strentur.
2214 1536 2321 1592 Nos
2359 1552 2486 1593 vero
2519 1552 2551 1592 a
2592 1539 2963 1593 communione
2991 1538 3270 1608 prohibere
3298 1555 3486 1609 quem-

1927 1641 2084 1694 quam
2128 1641 2233 1679 non
2273 1640 2551 1696 possumus
2578 1625 2851 1699 (quamvis
2884 1627 2998 1683 haec
3035 1627 3321 1697 prohibitio
3348 1642 3488 1682 non-

1926 1714 2053 1769 dum
2080 1716 2148 1769 sit
2173 1717 2411 1771 mortalis
2430 1758 2445 1783 ,
2472 1716 2566 1772 sed
2604 1716 3006 1789 medicinalis),
3032 1718 3134 1773 nisi
3168 1727 3261 1773 aut
3297 1729 3488 1787 sponte

1925 1802 2247 1869 confessum,
2273 1814 2361 1859 aut
2390 1804 2443 1859 in
2469 1805 2646 1875 aliquo
2672 1807 2784 1861 sive
2810 1808 3073 1872 saeculari,
3104 1808 3217 1862 sive
3244 1808 3489 1863 ecclesia-

1924 1894 2057 1949 stico
2071 1894 2273 1965 judicio
2298 1896 2625 1952 nominatum
2653 1907 2809 1969 atque
2844 1899 3161 1953 convictum.
3193 1899 3320 1967 Quis
3342 1900 3483 1954 enim

1924 1982 2023 2038 sibi
2050 1991 2326 2053 utrumque
2349 1983 2539 2039 audeat
2566 1999 2836 2041 assumere
2855 2026 2870 2050 ,
2898 1994 2955 2040 ut
2981 1988 3223 2056 cuiquam
3261 1987 3374 2056 ipse
3413 1987 3486 2040 sit

1923 2083 1979 2130 et
2021 2083 2297 2130 accusator
2335 2084 2390 2129 et
2430 2074 2634 2145 judex?
2679 2075 2988 2145 Cujusmodi
3037 2076 3272 2146 regulam
3318 2077 3480 2132 etiam

1923 2164 2115 2220 Paulus
2134 2164 2404 2235 apostolus
2427 2166 2479 2220 in
2499 2166 2682 2221 eadem
2701 2167 2768 2221 ad
2783 2164 3081 2222 Corinthios
3102 2167 3337 2237 Epistola
3363 2167 3483 2223 bre-

1923 2254 2058 2307 viter
2086 2254 2383 2309 insinuasse
2410 2255 2749 2326 intelligitur,
2784 2272 2905 2313 cum
2933 2258 3251 2328 quibusdam
3292 2259 3484 2313 talibus

1922 2344 2347 2397 commemoratis
2378 2343 2725 2411 criminibus,
2767 2346 3109 2401 ecclesiastici
3150 2347 3333 2417 judicii
3374 2346 3483 2401 for-

1922 2446 2061 2487 mam
2082 2432 2148 2486 ad
2168 2433 2343 2486 omnia
2364 2433 2554 2488 similia
2575 2449 2640 2488 ex
2662 2436 2973 2505 quibusdam
2990 2437 3159 2490 daret.
3183 2438 3271 2491 Ait
3296 2437 3435 2493 enim
3464 2455 3478 2491 :

1924 2519 2123 2592 Scripsi
2159 2521 2299 2575 vobis
2334 2522 2387 2575 in
2428 2523 2640 2591 epistola
2676 2539 2776 2577 non
2816 2525 3124 2579 commisceri
3147 2525 3429 2594 fornicariis
3460 2542 3480 2580 :

1921 2626 2021 2665 non
2051 2610 2218 2678 utique
2242 2612 2527 2681 fornicariis
2554 2612 2705 2682 hujus
2726 2612 2932 2677 mundi,
2963 2623 3049 2669 aut
3072 2616 3257 2676 avaris.
3284 2625 3370 2669 aut
3394 2634 3483 2669 ra-

1924 2700 2166 2769 ptoribus,
2193 2708 2282 2752 aut
2308 2698 2456 2754 idolis
2480 2701 2837 2765 servientibus;
2870 2701 3093 2772 alioquin
3116 2703 3392 2758 debueratis
3420 2704 3483 2758 de

1923 2788 2018 2842 hoc
2046 2788 2232 2842 mundo
2269 2790 2421 2844 exire.
2450 2789 2565 2845 Non
2593 2791 2732 2846 enim
2760 2801 2981 2861 possunt
3012 2791 3254 2848 homines
3286 2794 3341 2848 in
3380 2793 3483 2849 hoc

1920 2877 2120 2932 mundo
2148 2878 2384 2933 viventes
2407 2920 2424 2946 ,
2467 2880 2567 2935 nisi
2603 2896 2721 2936 cum
2767 2882 2959 2938 talibus
2986 2882 3163 2939 vivere
3193 2900 3208 2937 :
3255 2899 3355 2939 nec
3388 2898 3483 2938 eos

1921 2975 2144 3037 possunt
2186 2967 2495 3024 lucrifacere
2541 2969 2751 3025 Christo
2778 3010 2795 3037 ,
2845 2972 2893 3027 si
2932 2986 3115 3027 eorum
3155 2974 3479 3043 colloquium

1920 3056 2323 3126 convictumque
2347 3058 2644 3113 vitaverint.
2674 3058 2827 3114 Unde
2855 3068 2910 3114 et
2950 3061 3201 3116 Dominus
3225 3077 3344 3117 cum
3384 3078 3480 3134 pu-

1921 3143 2145 3200 blicanis
2184 3154 2239 3200 et
2275 3147 2638 3216 peccatoribus
2679 3148 2965 3203 comedens
2997 3168 3010 3204 :
3042 3148 3161 3205 Non
3202 3161 3273 3206 est
3317 3168 3478 3222 opus,

1920 3234 2108 3306 inquit,
2138 3237 2275 3291 sanis
2300 3238 2520 3292 medicus
2538 3280 2553 3303 ,
2584 3239 2673 3294 scd
2697 3241 2829 3295 male
2855 3241 3163 3298 habentibus.
3201 3242 3322 3297 Non
3347 3246 3482 3299 enim

1920 3324 2030 3377 veni
2046 3340 2223 3378 vocare
2238 3326 2424 3396 justas,
2446 3326 2533 3380 sed
2558 3336 2837 3397 peccatores
2867 3329 3079 3400 (Matth.
3104 3347 3176 3398 ιι,
3205 3332 3272 3389 12
3300 3341 3347 3387 et
3366 3334 3474 3405 l3).

1921 3412 1991 3469 Et
2014 3414 2133 3470 ideo
2159 3418 2398 3486 sequitur
2416 3417 2720 3488 Apostolus,
2748 3428 2801 3475 et
2824 3420 3061 3491 adjungit
3091 3440 3104 3476 :
3137 3421 3292 3478 Nunc
3315 3436 3480 3479 autem

1920 3506 2099 3577 scripsi
2126 3507 2260 3561 vobis
2288 3524 2387 3561 non
2426 3511 2750 3563 commisceri.
2782 3510 2844 3565 Si
2864 3512 2978 3581 quis
3007 3513 3163 3583 frater
3196 3514 3482 3567 nominatur

1920 3604 2007 3649 aut
2034 3596 2329 3665 fornicator,
2353 3606 2441 3649 aut
2466 3598 2615 3652 idolis
2638 3600 2854 3653 serviens
2873 3640 2888 3665 ,
2915 3608 3001 3654 aut
3024 3617 3225 3667 avarus,
3252 3611 3339 3655 aut
3364 3619 3475 3657 ma-

1920 3684 2109 3739 ledicus
2130 3724 2145 3750 ,
2170 3693 2257 3737 aut
2279 3684 2499 3739 ebriosus
2519 3727 2533 3750 ,
2567 3697 2655 3739 aut
2690 3703 2893 3757 rapax;
2931 3704 3043 3741 cum
3070 3689 3361 3759 hujusmodi
3389 3708 3479 3746 nec

1919 3777 2119 3846 quidem
2156 3777 2317 3833 cibum
2354 3796 2563 3835 sumere.
2602 3780 2712 3847 Quo
2737 3783 2867 3834 enim
2895 3781 3020 3835 mihi
3056 3783 3117 3835 de
3139 3782 3216 3835 his
3240 3783 3324 3853 qui
3352 3783 3479 3853 foris

1923 3874 2041 3919 sunt
2051 3865 2287 3936 judicare
2310 3868 2374 3923 ‘7
2403 3866 2585 3922 Nonne
2618 3871 2681 3922 de
2703 3870 2780 3922 his
2807 3871 2891 3939 qui
2927 3871 3060 3923 intus
3080 3879 3194 3924 sunt
3225 3888 3311 3925 vos
3328 3873 3479 3943 judi-

1920 3955 2045 4009 catis
2064 3955 2091 4009 .’
2116 3954 2195 4009 De
2218 3956 2294 4010 his
2320 3966 2486 4009 autem
2506 3958 2593 4025 qui
2616 3958 2739 4027 foris
2763 3967 2901 4023 sunt,
2929 3956 3067 4012 Deus
3083 3958 3350 4029 judicabit.
3374 3956 3479 4011 Au-

1920 4044 2047 4113 ferte
2065 4044 2251 4097 malum
2275 4060 2307 4097 a
2330 4044 2464 4098 vobis
2490 4045 2613 4114 ipsis
2634 4045 2676 4117 (l
2696 4044 2812 4100 Cor.
2843 4061 2898 4113 ν,
2927 4044 3099 4118 9-15).
3129 4046 3329 4113 Quibus
3354 4061 3475 4101 ver-

1918 4130 2002 4186 bis
2024 4131 2152 4187 satis
2175 4134 2407 4188 ostendit
2431 4149 2535 4189 non
2566 4143 2765 4190 temere
2788 4143 2879 4189 aut
2914 4135 3310 4204 quomodolihet
3330 4174 3347 4201 ,
3379 4135 3474 4190 sed

1919 4235 2015 4293 per
2033 4221 2287 4292 judicium
2315 4223 2627 4279 auferendos
2650 4238 2768 4279 esse
2788 4224 2955 4278 malos
2976 4224 3043 4278 ab
3062 4223 3312 4279 Ecclesia:
3330 4239 3478 4279 como

1918 4313 2168 4365 munione
2200 4328 2212 4364 :
2243 4320 2302 4366 ut
2344 4313 2389 4366 si
2429 4327 2525 4381 per
2553 4312 2805 4381 judicium
2844 4311 3039 4367 auferri
3077 4327 3181 4367 non
3222 4322 3477 4383 possunt,

1921 4400 2213 4455 tolerentur
2259 4402 2452 4470 potius,
2497 4418 2563 4455 ne
2608 4417 2857 4471 perverse
2899 4402 3066 4457 malos
3112 4403 3333 4473 quisque
3366 4405 3485 4458 evl~

1919 4487 2110 4554 tando,
2140 4488 2207 4542 ab
2242 4488 2473 4543 Ecclesia
2501 4489 2612 4557 ipse
2636 4488 2916 4544 discedens
2939 4530 2954 4549 .
2992 4505 3089 4544 eos
3123 4505 3254 4559 quos
3296 4489 3477 4559 fugere

1917 4576 2129 4630 videtur
2151 4617 2167 4642 ,
2199 4576 2391 4631 vinciat
2420 4579 2440 4609 ²
2465 4577 2532 4631 ad
2561 4577 2875 4646 gehennam.
2906 4578 3039 4647 Quia
3076 4588 3127 4633 et
3152 4579 3216 4632 ad
3248 4580 3347 4633 hoc
3375 4594 3477 4632 no-

1917 4664 2001 4719 bis
2021 4673 2145 4719 sunt
2182 4665 2235 4718 in
2260 4666 2543 4734 Scripturis
2566 4668 2763 4719 sanctis
2788 4668 3027 4734 exempla
3058 4668 3320 4736 proposita
3338 4708 3352 4730 ,
3378 4681 3472 4721 ve-

1921 4753 1999 4809 lut
2022 4755 2073 4807 in
2115 4768 2288 4809 messe
2308 4795 2323 4818 ,
2354 4762 2411 4808 ut
2440 4756 2585 4823 palea
2621 4755 2900 4809 sufferatur
2926 4771 3088 4825 usque
3123 4756 3188 4808 ad
3230 4755 3470 4810 ultimum

1915 4844 2269 4897 ventilabrum
2301 4843 2511 4913 (Matth.
2553 4859 2607 4897 tu
2633 4885 2647 4908 ,
2681 4843 2806 4912 12);
2854 4845 2994 4898 velut
3023 4846 3155 4897 intra
3193 4844 3279 4898 illa
3306 4845 3434 4899 retia
3457 4885 3474 4910 ,

1918 4930 2009 4984 ubi
2047 4932 2216 4999 pisces
2246 4932 2369 4985 boni
2396 4946 2514 4985 cum
2553 4933 2705 4986 malis
2734 4948 2897 5001 usque
2932 4933 2997 4986 ad
3024 4935 3437 5003 segregationem
3459 4976 3475 5000 ,

1917 5033 2037 5088 qua:
2062 5018 2233 5073 futura
2258 5028 2339 5073 est
2367 5021 2418 5073 in
2449 5020 2651 5085 littore,
2679 5021 2729 5074 id
2756 5031 2853 5083 est,
2886 5021 2938 5076 in
2968 5024 3071 5077 line
3095 5022 3293 5088 smculi,
3325 5039 3476 5093 :equo

1917 5108 2095 5161 animo
2121 5109 2404 5162 tolerentur
2429 5108 2537 5178 (Id.
2566 5124 2677 5172 xm,
2708 5110 2922 5181 47-50).
2951 5110 3064 5165 Non
3094 5112 3233 5166 enim
3258 5122 3473 5167 contra-

1916 5197 2052 5252 rium
2079 5208 2159 5252 est
2187 5198 2307 5252 huic
2332 5199 2449 5253 loco
2474 5200 2524 5253 id
2549 5200 2688 5269 quod
2722 5200 2825 5255 alio
2849 5201 2965 5256 loco
2990 5203 3119 5257 dicit
3143 5203 3424 5272 Apostolus
3450 5218 3468 5257 :

1916 5285 1997 5340 Tu
2030 5288 2141 5356 quis
2175 5304 2227 5342 es
2260 5289 2344 5358 qui
2362 5289 2566 5359 judicas
2603 5290 2823 5345 alienum
2861 5294 3096 5347 seruum?
3123 5292 3231 5347 Suo
3269 5291 3474 5345 domino

1981 5459 1999 5492 ι
2014 5458 2238 5529 spuitur.
2253 5460 2396 5529 Lugd.
2414 5468 2531 5511 Ven.
2550 5461 2811 5523 tov.,ouid
2829 5461 3085 5514 enimmihi
3095 5464 3155 5512 de
3172 5456 3471 5526 hisquiﬁtris

2628 5659 3207 5741 (Quarante-ttcuf.)
