3968 6452
513 299 546 355 Ἰ
557 297 658 357 557

522 411 642 482 stat.
672 427 758 473 aut
793 411 925 472 cadit
959 409 1131 484 (Rom.
1161 421 1281 468 xw,
1322 401 1395 472 4).
1443 396 1623 452 Noluit
1649 393 1789 449 enim
1826 389 2092 465 hominem

526 515 596 569 ab
622 510 838 566 homine
864 479 1083 577 judicari
1114 514 1179 555 ex
1206 494 1422 550 arbitrio
1447 483 1762 558 suspicionis
1781 525 1794 547 ,
1822 479 1902 532 vel
1937 479 2095 531 etiam

530 597 954 658 extraordinario
993 583 1461 658 usurpatojudicio
1490 596 1503 632 :
1536 579 1629 634 sed
1677 575 1848 646 potius
1879 588 1941 626 ex
1984 569 2098 639 lege

519 683 623 748 'Dei
653 686 942 744 secundum
969 681 1208 736 ordinem
1239 671 1490 728 Ecclesiae
1510 711 1523 733 ,
1568 669 1679 721 sive
1713 665 1849 718 ultro
1873 658 2097 713 'confcs-

529 799 670 846 sum,
695 779 805 835 sive
833 782 1133 830 accusatum
1159 777 1314 836 atque
1344 761 1665 817 convictum.
1695 752 1939 822 Alioquin
1975 747 2103 803 illud

532 890 627 928 cur
650 865 884 932 dixit,'Si
909 863 1019 934 quis
1049 865 1206 932 frater
1232 855 1518 909 nominatur
1541 858 1628 901 aut
1669 843 1945 917 fornicator
1963 881 1977 906 ,
2016 845 2104 889 aut

531 957 682 1016 idolis
711 931 943 1018 serviens,
969 961 1022 1007 et
1040 931 1262 1012 caetera;
1290 943 1389 998 nisi
1410 939 1532 1012 quia
1552 953 1668 992 eam
1693 931 2106 989 nominalidnein

534 1047 755 1118 intelligi
806 1044 972 1099 voluit
1021 1054 1138 1110 qua“:
1184 1037 1241 1090 fit
1295 1035 1350 1088 in
1395 1041 1754 1101 quemquam,
1803 1037 1926 1118 cum
1987 1033 2109 1118 seu:

519 1106 923 1194 'tentiavordine
961 1106 1239 1201 judiciario
1281 1131 1438 1190 atque
1467 1116 1763 1186 integritate
1803 1106 2109 1182 profertur?

520 1208 668 1288 ἸΝειιῐι
695 1226 740 1279 si
763 1197 1052 1278 nominatio
1074 1213 1289 1279 sufficit,
1320 1208 1469 1264 multi
1495 1203 1778 1261 damnandi
1807 1199 1931 1254 sunt
1956 1197 2112 1252 inno-

543 1327 722 1375 centes
742 1358 757 1384 ,
788 1313 910 1384 quia
942 1293 1092 1380 saepe
1119 1307 1250 1361 falso
1289 1304 1342 1357 in
1364 1303 1627 1372 quoquam
1654 1291 1875 1349 crimine
1899 1293 1914 1322 ί
1944 1288 2116 1344 nomi-

526 1397 754 1464 in’antur.

618 1498 704 1551 Η.
747 1494 994 1547 Adversus
1026 1491 1107 1542 eos
1134 1477 1216 1556 qui
1260 1481 1424 1558 pravis
1472 1475 1710 1546 exemplis
1754 1471 2116 1542 acquiescentbs

531 1582 867 1644 contemnunt
924 1578 1282 1650 pmnitentiam.
1327 1555 1610 1639 :Prlaapositi
1656 1564 1776 1618 mali
1841 1578 1940 1615 non
1996 1554 2115 1611 inti-

549 1680 709 1734 tandi.
737 1655 963 1746 ’Eleg'ans
991 1665 1286 1726 similitudo.
1333 1661 1448 1719 Non
1466 1676 1590 1730 ergo
1614 1658 1713 1721 illi,
1755 1669 1889 1724 quos
1916 1664 2118 1746 mone:

550 1784 673 1826 mus
711 1739 866 1837 agere
922 1749 1304 1832 pcenitentiam,
1361 1749 1600 1822 quaerant
1642 1747 1742 1802 sibi
1791 1742 2011 1798 comites
2055 1739 2122 1793 ad

535 1829 895 1930 supplicium;
925 1829 1047 1905 nec
1072 1835 1342 1920 gaudeant
1388 1841 1510 1912 quia
1552 1838 1733 1908 plures
1785 1829 2122 1887 inveniunt’.

543 1921 670 2006 add
713 1947 853 2002 enim
885 1945 1188 2013 propterea
1245 1935 1416 1989 minus
1474 1929 1774 1991 ardebunt,
1839 1921 1960 1993 quia
2005 1934 2126 1974 cum

556 2039 735 2094 multis
758 2034 1034 2090 ardebunt.
1065 2027 1180 2085 Non
1211 2035 1292 2082 est
1332 2023 1472 2080 enim
1505 2020 1610 2076 hoc
1648 2013 1886 2084 sanitatis
1923 2021 2126 2067 certum

558 2128 858 2191 consilium,
887 2123 980 2178 sed
997 2116 1375 2175 malevolentiae
1390 2127 1583 2168 vanum
1611 2105 1874 2162 solatium.
1902 2104 1980 2158 An
1999 2103 2132 2155 forte

559 2189 1056 2272 attendunt-multos
1083 2208 1243 2263 etiam
1273 2205 1326 2258 in
1355 2201 1483 2272 ipsis
1509 2196 1798 2253 honoribus
1817 2189 2134 2247 ecclesiasti-

559 2311 638 2364 cis
668 2301 1070 2378 przepositorum
1096 2307 1149 2352 et
1175 2295 1535 2351 ministrorum
1566 2304 1670 2342 non
1693 2291 2043 2354 congruenter
2060 2279 2136 2378 vi-

560 2415 686 2455 vere
714 2394 1049 2451 sermonibus
1075 2398 1128 2444 et
1151 2377 1532 2447 Sacra'mentis,
1559 2393 1677 2449 qua:
1702 2391 1796 2446 per
1816 2389 1908 2427 eos
1933 2365 2138 2452 populis

561 2483 960 2546 ministrantur?
1000 2481 1043 2536 Ο
1078 2479 1306 2533 miseros
1345 2472 1608 2534 homines,
1641 2467 1730 2537 qui
1759 2465 1857 2519 hos
1887 2460 2139 2517 intuendo

563 2579 830 2634 Christum
853 2563 1262 2627 obliviscuntur!
1295 2563 1383 2632 qui
1408 2571 1462 2615 et
1487 2564 1634 2613 tanto
1660 2564 1782 2610 ante
1803 2549 2064 2624 prmdixit,
2085 2557 2142 2604 ut

566 2667 672 2736 legi
691 2656 786 2719 Dei
808 2663 983 2734 potius
1007 2657 1422 2722 obtemperetur,
1452 2664 1609 2720 quam
1647 2644 1885 2701 imitandi
1921 2643 2141 2697 videan-

568 2729 654 2811 tur
680 2755 776 2820 illi,
804 2729 893 2824 qui
913 2766 974 2805 ea
991 2765 1108 2820 qua:
1124 2742 1303 2800 dicunt
1322 2759 1422 2796 non
1443 2740 1640 2795 faciunt
1666 2730 2041 2808 (Matth.'xxut,
2059 2729 2140 2818 5):

549 2856 620 2902 et
647 2821 954 2900 traditorem
976 2837 1129 2894 suum
1153 2837 1384 2891 tolerans
1407 2845 1571 2900 usque
1591 2829 1642 2882 in
1675 2826 1856 2892 finem,
1884 2824 2043 2878 etiam
2077 2821 2144 2875 ad

565 2933 1039 3007 'evangeliz'andum
1068 2945 1189 2984 cum
1219 2925 1425 2982 caeteris
1454 2921 1616 2978 misit.
1659 2920 1788 2974 Tam
1816 2925 1940 2972 sunt
1967 2923 2144 2970 autem

567 3021 656 3084 isti
684 3025 894 3081 absurdi
921 3023 975 3078 et
997 3017 1302 3092 praeposteri
1323 3024 1376 3070 et
1397 3011 1596 3076 miseri,
1627 3011 1716 3080 qui
1743 3008 2145 3080 praepositorum

571 3132 786 3174 suorum
825 3109 993 3186 malos
1020 3109 1199 3165 mores
1241 3103 1436 3160 imitari
1475 3103 1692 3172 eligunt,
1739 3114 1896 3170 quam
1935 3112 2030 3166 per
2056 3110 2149 3150 eos

571 3201 856 3280 praedicata
891 3198 1099 3259 Domini
1127 3206 1394 3272 praecepta
1433 3209 1675 3257 servare;
1716 3206 1872 3260 quam
1917 3191 1961 3242 si
1999 3188 2148 3257 quis-

573 3276 731 3372 quam
761 3294 928 3352 viator
956 3289 1336 3349 remancndum
1374 3285 1472 3340 sibi
1517 3298 1635 3339 esse
1677 3281 1943 3336 existimet
1978 3279 2029 3332 in
2060 3276 2150 3331 iti-

578 3367 721 3450 nere,
745 3401 865 3441 cum
887 3381 1078 3437 viderit
1103 3377 1344 3432 milliaria
1374 3371 1577 3443 lapidea
1600 3369 1788 3424 litteris
1820 3369 1972 3438 plena
2012 3367 2150 3420 viam

575 3481 789 3542 «locere,
816 3486 869 3530 et
891 3489 994 3527 non
1019 3467 1306 3525 ambulare.
1330 3465 1438 3518 Cur
1457 3463 1596 3516 enim
1626 3475 1728 3514 non
1759 3459 1953 3528 potius,
1971 3458 2014 3510 si
2033 3471 2153 3524 pcr-

575 3567 757 3622 venire
781 3563 1063 3625 desiderat,
1099 3557 1230 3611 tales
1259 3552 1482 3609 eomites
1508 3550 1740 3604 intuetur
1783 3555 1838 3601 et
1874 3543 2152 3612 consequi-

580 3672 682 3723 tur,
713 3655 800 3726 qui
828 3657 882 3709 et
907 3653 1043 3705 viam
1074 3648 1209 3702 bene
1237 3645 1618 3701 demonstrant,
1651 3649 1703 3691 et
1733 3635 1785 3690 in
1823 3651 1885 3690 ea
1910 3648 2154 3704 perseve-

517 3772 520 3774 ·
580 3725 758 3801 ranter
783 3756 939 3812 atque
962 3738 1209 3794 alacriter
1235 3729 1540 3787 ambulant?
1579 3726 1728 3796 Quod
1768 3727 1811 3780 si
1841 3726 1926 3779 isti
1955 3725 2152 3791 desint,

582 3838 662 3891 vel
693 3836 865 3905 potius
891 3833 1069 3885 minus
1090 3831 1400 3896 appareant,
1423 3835 1542 3874 nam
1566 3820 1750 3873 deesse
1771 3832 1880 3872 non
1903 3822 2153 3886 possunt:

585 3903 858 3980 non—enim
884 3922 960 3974 sic
981 3922 1224 3988 quarrunt
1240 3910 1484 3965 homines
1498 3909 1750 3963 charitate
1771 3904 2000 3960 studiosa
2019 3903 2158 3973 quod

587 4015 874 4086 praedicent
905 4009 972 4064 ad
999 3987 1368 4066 imitationem,
1403 3998 1667 4070 quomodo
1695 4004 1938 4068 quaerunt
1966 3987 2159 4062 iniqui-

586 4118 693 4162 tate
718 4100 1008 4174 suspiciosa
1034 4095 1182 4168 quod
1203 4089 1610 4147 murmurentad
1627 4087 2011 4157 deceptionem,
2035 4100 2161 4153 par-

589 4199 684 4253 tim
711 4211 814 4249 non
846 4187 1160 4246 inveniendo
1184 4184 1375 4249 bonos,
1414 4181 1538 4236 dum
1570 4181 1668 4249 ipsi
1699 4177 1820 4232 mali
1851 4184 2005 4241 sunt;
2037 4191 2161 4244 par-

591 4293 682 4345 tim
715 4284 946 4342 timendo
973 4279 1232 4343 invenire,
1261 4277 1386 4331 dum
1423 4273 1548 4329 mali
1575 4285 1694 4328 esse
1721 4285 1931 4337 semper
1958 4267 2159 4322 volunt.

592 4377 693 4436 Sed
727 4389 902 4432 tamen
926 4367 1278 4428 concedamus
1320 4381 1425 4420 non
1456 4377 1712 4434 apparere
1755 4375 1894 4415 nunc
1922 4359 2165 4414 homines

591 4471 778 4539 dignos
807 4463 1118 4519 imitatione.
1165 4451 1414 4526 Quisquis
1442 4455 1544 4508 hoc
1568 4461 1740 4522 putas,
1771 4459 1949 4505 mente
1979 4449 2163 4504 Domi-

595 4577 718 4617 num
747 4549 972 4620 intuere,
998 4553 1088 4622 qui
1115 4551 1274 4604 homo
1301 4547 1467 4600 factus
1495 4552 1598 4610 est,
1623 4551 1680 4596 ut
1706 4540 1970 4595 hominem
1988 4542 2166 4595 vivere

591 4633 825 4708 doceret.
854 4647 912 4703 Si
942 4645 1141 4699 habitat
1176 4640 1418 4695 Christus
1455 4637 1511 4691 in
1552 4635 1804 4690 interiore
1830 4632 2045 4687 homine
2073 4646 2166 4700 per

593 4747 749 4801 tidem
781 4746 832 4797 in
855 4738 1014 4794 corde
1039 4746 1148 4799 tuo,
1174 4730 1581 4800 recordarisque
1605 4727 1734 4782 illud
1770 4726 1911 4797 quod
1935 4725 2167 4780 Joannes

597 4836 687 4901 ait,
721 4833 819 4901 Qui
845 4830 965 4884 dicit
983 4843 1036 4882 sc
1054 4826 1108 4880 in
1132 4823 1328 4878 Clu-isto
1347 4837 1566 4884 manere,
1594 4819 1733 4874 debet
1750 4818 2169 4890 quemadmodum

596 4924 682 4979 itte
703 4921 991 4984 ambulavit,
1021 4929 1069 4974 et
1093 4918 1203 4984 ipse
1225 4913 1484 4967 ambulare
1505 4911 1550 4982 (ι
1569 4909 1724 4965 Joan.
1751 4926 1809 4976 tt,
1837 4908 1891 4982 6)
1915 4928 1926 4963 :
1958 4911 2027 4963 ita
2067 4920 2169 4964 nec

597 4999 690 5071 tibi
729 5014 898 5069 deerit
920 5025 1077 5082 quem
1102 5003 1358 5077 sequaris,
1386 5011 1437 5058 et
1462 5017 1581 5056 cum
1613 5010 1664 5055 te
1703 5001 1836 5055 alius
1861 5000 2073 5064 viderit,
2102 5000 2170 5056 de

599 5109 860 5159 bonorum
891 5099 1064 5168 inopia
1092 5093 1344 5166 conqueri
1372 5092 1598 5148 desinet.
1628 5089 1683 5144 Si
1713 5091 1857 5145 enim
1893 5105 1999 5144 non
2029 5091 2168 5145 nosti

597 5195 724 5266 quid
751 5194 820 5247 sit
848 5200 990 5247 recte
1016 5190 1214 5253 vivere,
1243 5186 1418 5241 divina
1446 5191 1708 5255 praecepta
1732 5195 2011 5252 cognosce.
2041 5183 2172 5238 For-

599 5287 757 5342 lassis
783 5284 923 5338 enim
953 5280 1104 5336 multi
1128 5287 1271 5334 recte
1297 5277 1511 5341 vivunt;
1536 5274 1631 5330 sed
1647 5281 1922 5344 propterea
1945 5275 2037 5330 tibi
2055 5275 2171 5329 nul-

598 5377 681 5431 tus
703 5382 849 5431 recte
872 5373 1050 5427 vivere
1070 5367 1297 5432 videtur,
1322 5365 1572 5436 quoniam
1587 5363 1711 5436 quid
1734 5364 1804 5420 sit
1823 5373 1964 5422 recte
1987 5367 2171 5424 vivere

658 5551 680 5582 ί
704 5547 777 5596 sic
796 5529 891 5596 is.
930 5548 984 5592 At
1005 5540 1138 5600 editi,
1157 5534 1377 5600 crimina.

662 5606 685 5635 ς
698 5592 778 5653 ἦ
973 5610 1024 5653 et
1046 5592 1186 5661 ven.,
1217 5592 1478 5647 irtvcncrint
1516 5600 1646 5644 ων..
1670 5595 1924 5647 inveniant.

1741 273 1796 327 s.
1830 261 2191 325 AUGUSTINI
2224 245 2533 319 Eptscort

3638 253 3776 311 1568

2205 380 2432 451 ignoras.
2461 379 2516 434 Si
2543 373 2894 441 autemnos'ti,
2925 385 3020 446 age
3050 372 3189 445 quod
3218 371 3386 441 nosti;
3405 378 3537 429 utet
3564 379 3616 423 tu
3637 368 3781 441 quod

2206 471 2397 540 quarris
2419 469 2634 534 habeas,
2665 477 2721 522 et
2737 465 2852 520 aliis
2877 457 3015 536 quod
3043 453 3313 520 imitentur
3328 459 3596 517 ostendas.
3627 459 3783 513 Chri-

2208 574 2344 615 stum
2380 561 2555 612 animo
2584 555 2817 621 attende,
2863 554 3074 609 attende
3101 553 3406 623 Apostolos.
3433 565 3654 620 quorum
3681 564 3782 601 no-

2210 652 2453 705 vissimus
2482 659 2564 703 est
2587 649 2673 701 ille
2704 647 2790 715 qui
2826 647 2973 711 dicit,
3003 643 3288 698 Imitutorcs
3327 643 3424 697 mci
3454 652 3624 705 estote,
3655 643 3784 693 sicut

2211 754 2255 797 et
2285 759 2373 812 ego
2393 740 2578 795 Christi
2607 740 2649 812 (ι
2676 735 2792 793 Cor.
2831 754 2905 804 tv,
2937 738 3048 807 16).
3083 736 3307 790 Attende
3332 736 3508 788 animo
3540 744 3614 786 tot
3639 749 3787 786 mar-

2215 841 2384 904 tyrum
2413 833 2591 885 millia.
2621 831 2729 885 Cur
2753 829 2893 884 enim
2923 839 2974 883 te
3012 828 3254 881 Natalitia
3297 841 3482 882 eorum
3528 824 3791 878 conviviis

2191 925 2454 992 'turpibus
2474 922 2744 975 celebrare
2767 921 3014 985 delectat,
3041 927 3096 972 et
3120 931 3302 970 eorum
3330 915 3488 969 vitam
3511 914 3659 982 sequi
3685 913 3789 965 ho-

2216 1011 2380 1068 nestis
2406 1013 2640 1067 moribus
2667 1027 2772 1065 non
2816 1009 3078 1065 delectat?
3121 1009 3194 1062 lbi
3231 1007 3435 1061 videbis
3471 1021 3574 1058 non
3617 1004 3796 1057 solum

2207 1104 2378 1166 viros,
2409 1103 2499 1157 sed
2526 1103 2684 1156 etiam
2711 1100 2952 1164 feminas,
2974 1108 3242 1168 postremo
3261 1110 3453 1166 pueros
3481 1104 3534 1148 et
3562 1093 3790 1162 puellas,

2189 1191 2192 1194 ’
2221 1211 2318 1249 nec
2343 1193 2689 1263 imprudentia
2732 1192 2924 1262 decipi,
2966 1205 3065 1245 nec
3093 1189 3366 1258 iniquitate
3395 1187 3644 1256 perverti,
3693 1199 3799 1238 nec

2223 1282 2438 1353 periculi
2457 1283 2646 1337 timore
2661 1280 2851 1351 frangi,
2881 1295 2979 1334 nec
3005 1279 3182 1335 surculi
3207 1292 3388 1331 amore
3412 1276 3698 1343 corrumpi.
3720 1273 3798 1327 Ita

2225 1383 2276 1429 te
2302 1389 2406 1428 non
2436 1373 2788 1428 invenientem
2815 1369 2941 1440 quid
2979 1383 3220 1430 excuses,
3248 1383 3353 1420 non
3394 1366 3565 1422 solum
3597 1379 3800 1434 praeoc-

2228 1474 2435 1536 ptorum
2467 1463 2782 1519 inevitabilis
2806 1459 3089 1523 rectitude,
3119 1459 3212 1514 sed
3237 1458 3395 1513 etiam
3429 1457 3801 1526 exemplorum

2228 1553 2626 1610 innumerabilis
2651 1552 2929 1607 multitudo
2952 1548 3320 1604 circumdabit.

2289 1637 2521 1698 ‘CAPUT
2551 1635 2623 1696 ν.
2654 1669 2724 1682 -—-
2753 1641 2840 1695 12.
2882 1638 3123 1693 Pcccator
3146 1638 3315 1692 nullus
3340 1637 3587 1706 desperet,
3619 1635 3707 1689 sed
3737 1634 3811 1686 ad

2206 1727 2568 1806 “paenitentiam
2607 1734 2883 1803 confugiat.
2927 1730 3144 1784 Mutatio
3183 1731 3294 1783 vita:
3321 1737 3366 1782 et
3402 1727 3680 1798 satisfactio
3710 1741 3812 1795 pro

2232 1823 2524 1878 commissis.
2557 1823 2662 1878 Sed
2687 1823 2753 1877 de
2781 1822 3004 1876 utilitate
3027 1835 3088 1874 ac
3120 1819 3428 1873 salubritate
3452 1816 3806 1886 ptnuitentitr,

2236 1923 2293 1968 ut
2317 1913 2455 1983 quod
2487 1913 2806 1966 instituimus
2832 1910 3110 1981 aliquando
3133 1923 3474 1979 peragamus:
3501 1908 3546 1960 si
3589 1907 3696 1975 jam
3738 1906 3812 1960 de

2235 2005 2460 2060 Sanitate
2487 2000 2774 2071 deSperans
2811 1991 2960 2056 addis
2988 2009 3199 2070 peccata
3232 1998 3478 2067 peccatis,
3515 1998 3649 2050 sicut
3677 1996 3815 2049 scri-

2219 2097 2383 2166 ‘ptum
2401 2102 2501 2159 est,
2528 2093 2787 2167 Peccator,
2811 2108 2921 2144 cum
2940 2081 3120 2143 venerit
3141 2090 3190 2141 in
3213 2087 3518 2159 profundum
3541 2084 3814 2146 malorum,

2240 2188 2504 2241 contenmit
2549 2183 2726 2256 (Prov.
2756 2199 2902 2248 xvttt,
2934 2183 3024 2252 5):
3056 2181 3163 2233 noli
3191 2190 3552 2242 contemnere,
3580 2175 3689 2229 noli
3713 2173 3816 2227 dc-

2221 2273 2486 2347 ‘s'perare;
2511 2272 2678 2330 clama
2705 2275 2864 2329 etiam
2890 2273 2956 2326 de
2978 2269 3236 2340 profundo
3253 2269 3317 2322 ad
3343 2267 3641 2327 Dominum,
3665 2274 3716 2318 et
3733 2265 3821 2317 die

2223 2367 2292 2424 ἐἰ
2325 2387 2339 2422 :
2369 2367 2446 2420 De
2486 2365 2747 2438 profundis
2788 2364 3000 2418 clamavi
3041 2363 3107 2415 ad
3156 2372 3240 2427 te,
3288 2359 3533 2423 Domine;
3576 2356 3820 2418 Domine,

2230 2458 2428 2515 exaudi
2454 2475 2619 2512 vocem
2649 2473 2826 2510 meam.
2855 2455 3007 2508 Fiant
3031 2469 3176 2507 aures
3198 2463 3296 2505 tua:
3319 2451 3624 2504 intendentes
3645 2448 3699 2502 in
3730 2465 3824 2502 vo-

2229 2542 2351 2605 cem
2379 2548 2727 2604 obsecrationis
2752 2561 2891 2601 meae.
2930 2544 2992 2600 Si
3019 2545 3299 2612 iniquitates
3325 2525 3820 2605 obscrvaveris,Do-

2233 2642 2410 2706 'mine;
2433 2639 2666 2701 Domine,
2691 2638 2802 2710 quis
2818 2635 3112 2691 sustinebit?
3141 2634 3390 2699 Quoniam
3416 2632 3554 2700 apud
3582 2641 3627 2683 te
3648 2631 3828 2699 prepi—

2233 2721 2389 2784 tiatio
2409 2740 2480 2784 est
2513 2727 2678 2799 (Psal.
2700 2726 3046 2796 exaudi-4).
3080 2725 3152 2778 De
3180 2723 3270 2777 tali
3293 2722 3552 2792 profundo
3579 2720 3827 2775 Nittiviluz

2233 2821 2628 2882 ‘clamaverunt,
2657 2827 2712 2873 et
2736 2819 2870 2872 hanc
2894 2815 3320 2886 prepitiationem
3365 2814 3714 2869 invenerunt:
3749 2814 3827 2866 fa-

2233 2911 2505 2984 .Cilltlsque
2545 2918 2626 2965 est
2669 2918 2920 2966 evacuata
2964 2904 3303 2960 comminatio
3333 2905 3634 2973 PrOphette,
3663 2919 3828 2970 quam

2235 2999 2548 3074 fliumiliatio
2568 2996 3077 3069 pmnitemiasuonte
3118 2994 3231 3066 tu).
3261 2996 3354 3050 llic
3391 2995 3612 3049 fortasse
3655 2993 3827 3048 dicis:

2251 3090 2356 3146 Sed
2385 3105 2481 3159 ego
2507 3089 2615 3159 jam
2639 3088 2937 3157 baptizatus
2957 3102 3072 3140 sum
3103 3085 3154 3138 itt
3189 3081 3420 3147 Christo,
3449 3099 3479 3138 a
3518 3099 3621 3152 quo
3647 3084 3831 3136 omnia

2256 3180 2383 3235 mihi
2407 3173 2618 3250 peccata
2648 3177 2916 3248 praeterita
2935 3176 3149 3230 dimissa
3179 3183 3330 3237 sunt;
3370 3173 3488 3227 vilis
3519 3172 3684 3226 factus
3711 3187 3830 3226 sum

2244 3265 2414 3326 nimis
2439 3272 2637 3324 iterans
2653 3270 2764 3322 vias
2783 3282 2950 3330 meas,
2980 3275 3031 3320 et
3057 3265 3202 3318 canis
3233 3263 3502 3318 horribilis
3527 3262 3694 3316 oculis
3714 3263 3829 3326 hei,

2256 3373 2543 3415 conversus
2559 3357 2625 3412 ad
2643 3357 2894 3411 vomitum
2921 3370 3094 3408 suum.
3119 3353 3233 3420 Quo
3251 3353 3405 3406 abibo
3421 3367 3452 3407 a
3475 3352 3660 3422 spiritu
3682 3353 3834 3421 ejus?

2245 3441 2313 3506 et
2337 3467 2365 3503 a
2395 3449 2526 3505 facie
2548 3449 2662 3517 ejus
2699 3463 2805 3516 quo
2843 3444 3072 3516 fugiam?
3097 3445 3232 3508 Quo,
3275 3444 3454 3510 frater,
3496 3443 3595 3498 nisi
3622 3445 3688 3498 ad
3721 3445 3835 3512 ejus

2247 3533 2673 3594 misericordiam
2705 3535 3031 3606 paenitendo,
3055 3535 3204 3604 cujus
3231 3544 3539 3601 potestatem
3561 3535 3834 3603 peccando

2259 3626 2684 3698 contempseras?
2711 3626 2878 3681 Nemo
2907 3625 3047 3680 enim
3084 3633 3226 3679 recte
3251 3623 3383 3693 fugit
3406 3624 3472 3676 ab
3498 3624 3607 3689 illo,
3639 3625 3742 3677 nisi
3771 3624 3836 3676 ad

2255 3713 2431 3784 illum,
2453 3719 2520 3771 ab
2548 3717 2664 3787 ejus
2682 3716 2962 3772 severitate
2978 3714 3042 3768 ad
3065 3715 3177 3783 ejus
3199 3715 3508 3767 bonitatem.
3535 3713 3662 3780 Quis
3689 3715 3834 3766 enim

2257 3801 2411 3864 locus
2438 3818 2488 3863 te
2507 3810 2734 3878 excipiet
2758 3806 3068 3877 fugientem,
3101 3805 3185 3859 ubi
3211 3805 3326 3875 ejus
3355 3805 3632 3872 praesentia
3658 3815 3709 3859 te
3733 3820 3835 3858 non

2259 3897 2527 3956 inveniat?
2563 3901 2616 3956 Si
2639 3899 2943 3955 ascenderis
2971 3901 3020 3953 in
3048 3897 3266 3963 caelum,
3294 3896 3370 3952 ibi
3397 3905 3512 3952 est:
3541 3899 3586 3952 si
3615 3898 3837 3953 descen-

2265 3992 2407 4047 deris
2427 3993 2493 4047 ad
2515 3993 2798 4059 infernum,
2826 3993 2996 4047 adest.
3028 3990 3224 4060 Recipe
3259 4004 3388 4061 ergo
3411 4005 3614 4060 pennas
3643 3999 3760 4044 tuas
3789 3991 3836 4043 in

2265 4081 2547 4147 directum,
2575 4092 2630 4138 et
2654 4083 2826 4137 habita
2859 4083 2910 4136 in
2937 4098 3032 4152 spe
3061 4083 3113 4136 in
3139 4091 3373 4138 extrema
3393 4085 3408 4114 ι
3435 4082 3592 4150 hujus
3621 4082 3837 4135 saeculi:

2267 4175 2460 4228 etenim
2488 4175 2611 4228 illuc
2633 4190 2822 4228 manus
2846 4189 2938 4228 sua
2961 4171 3186 4228 deducet
3203 4183 3274 4240 te,
3295 4181 3347 4228 et
3362 4174 3607 4242 perducet
3636 4182 3686 4228 te
3713 4173 3842 4226 dex-

2269 4259 2384 4320 tera
2412 4279 2505 4319 sua
2537 4263 2704 4335 (Psal.
2727 4279 2980 4325 cxxxvnt,
3007 4263 3181 4334 7-i0).
3213 4261 3475 4332 Quidquid
3517 4262 3654 4317 enim
3697 4261 3836 4316 fece-

2268 4356 2364 4422 ris,
2383 4370 2724 4426 quzecumque
2747 4355 3079 4424 peccaveris;
3107 4354 3280 4408 adhuc
3301 4353 3351 4407 in
3371 4354 3469 4407 hac
3485 4354 3586 4407 vita
3603 4369 3682 4418 es,
3703 4352 3843 4406 unde

2270 4439 2323 4499 te
2353 4446 2492 4499 Deus
2519 4445 2755 4511 omnino,
2783 4446 2826 4499 si
2857 4460 3047 4500 sanare
3067 4446 3288 4511 nollet',
3310 4444 3559 4499 auferret.
3588 4442 3694 4498 Cur
3714 4458 3840 4511 ergo

2271 4533 2484 4604 ignoras
2505 4535 2624 4604 quia
2655 4535 2906 4603 patientia
2936 4535 3027 4589 Dei
3059 4535 3125 4589 ad
3156 4534 3520 4603 paenitentiam
3552 4541 3604 4588 te
3629 4533 3842 4586 adducit

2275 4625 2447 4697 (Rom.
2472 4642 2525 4692 tt,
2550 4625 2645 4698 4)?
2673 4626 2772 4694 Qui
2801 4627 2943 4682 enim
2973 4627 3250 4681 clamando
3272 4641 3374 4680 non
3398 4626 3487 4680 tibi
3509 4626 3770 4694 persuasit
3789 4633 3843 4680 ut

2269 4732 2381 4770 non
2409 4717 2708 4781 recederes,
2741 4716 3005 4785 parcendo
3034 4717 3228 4770 clamat
3271 4725 3328 4770 ttt
3372 4714 3580 4770 redeas.
3633 4715 3844 4769 Intuere

2273 4807 2436 4861 David
2458 4822 2634 4876 regem
2657 4824 2668 4859 :
2687 4807 2796 4874 jam
2823 4807 3002 4878 utique
3021 4817 3075 4864 et
3097 4809 3210 4878 ipse
3231 4808 3368 4864 illius
3395 4809 3648 4874 temporis
3669 4821 3849 4862 sacra-

2274 4905 2450 4950 menta
2481 4905 2806 4965 perceperat,
2827 4897 2936 4966 jam
2963 4899 3141 4967 utique
3168 4899 3508 4953 circumcisus
3536 4910 3669 4966 erat,
3703 4898 3843 4969 quod

2273 4997 2452 5057 patres
2478 4988 2642 5042 nostri
2664 5003 2760 5057 pro
2780 4989 3048 5058 Baptismo
3067 4988 3345 5043 habebant.
3364 4989 3494 5044 Nam
3513 4991 3575 5044 ad
3600 4990 3699 5045 hoc
3720 4991 3849 5045 dicit

2275 5079 2558 5148 Apostolus
2578 5089 2816 5134 sanctum
2846 5078 3108 5132 Abraham
3131 5079 3456 5149 signaculum
3475 5081 3695 5149 jUSiilitE
3725 5079 3844 5133 fidei

2274 5171 2538 5240 recepisse
2570 5170 2587 5240 (
2618 5169 2702 5222 Id.
2729 5187 2801 5237 tv,
2833 5167 2940 5240 Η).
2984 5169 3100 5222 Jam
3145 5170 3306 5224 etiam
3355 5182 3542 5225 unctus
3588 5179 3702 5227 erat
3743 5187 3846 5228 un-

2275 5260 2452 5314 ctione
2478 5261 2785 5321 venerabili,
2814 5274 2913 5328 qua
2940 5259 3115 5328 regale
3139 5261 3492 5316 sacerdotium
3539 5263 3846 5332 praefigura-

2277 5351 2430 5406 batur
2456 5352 2722 5408 Ecclesiae.
2749 5352 2991 5420 Repente
3019 5359 3195 5408 autem
3238 5352 3407 5410 factus
3432 5361 3485 5411 'et
3511 5355 3752 5410 adulterii
3795 5364 3850 5408 et

2341 5507 2357 5537 ι
2381 5503 2518 5570 Editi,
2540 5503 2592 5554 in
2605 5509 2834 5570 extremo.
2859 5511 2914 5554 At
2936 5513 3064 5570 Mss”
3088 5509 3137 5558 in
3151 5514 3384 5570 extrema.
3411 5509 3696 5570 Augustinus
3715 5521 3850 5558 eum-

2277 5565 2395 5636 dem
2407 5565 2637 5634 Psalmum
2664 5565 2759 5636 138.
2773 5578 3004 5636 enarratis
3023 5565 3240 5633 legebat,
3264 5569 3315 5620 in
3336 5565 3602 5622 novissima.

2345 5629 2366 5658 ⁸
2385 5635 2509 5688 tuas,
2535 5627 2576 5676 si
2597 5626 2759 5676 striari
2780 5626 2938 5677 nollet.
