3996 6464
357 508 854 577 abruptoprolundo
871 515 1087 571 sceleris
1107 522 1368 588 paenitens
1387 525 1635 584 clamavit
1658 531 1724 586 ad
1742 533 1918 590 Domi-

358 611 500 658 num,
528 597 709 655 dicens
745 619 760 654 :
791 605 968 661 Auerte
1003 609 1183 680 faciem
1207 623 1345 668 tuam
1383 633 1416 669 a
1455 622 1670 688 peccatis
1697 625 1837 691 meis,
1869 637 1918 681 et

351 699 521 740 omnes
543 688 828 760 iniquitates
850 711 985 750 meas
1009 699 1136 754 dele.
1163 703 1280 768 Quo
1315 707 1524 764 tandem
1560 713 1770 780 merito,
1814 717 1914 772 nisi

347 773 470 840 quia
495 778 617 831 item
647 780 801 835 dicit:
829 782 1151 855 Iniquitatem
1171 808 1329 846 meam
1349 811 1437 864 ego
1462 813 1695 867 agnosco,
1722 811 1769 856 et
1792 819 1912 872 pec-

3463 369 3600 432 {550

2025 450 2271 518 psallenti
2299 460 2666 527 respondimus
2689 483 2703 518 :
2732 468 2907 524 Aserte
2933 474 3111 544 faciem
3138 485 3277 534 tuam
3311 498 3344 537 a
3369 493 3595 554 peccatis

2015 540 2165 605 meis,
2191 550 2237 594 et
2258 558 2427 600 omnes
2445 549 2730 619 iniquitates
2748 573 2882 613 meas
2902 540 3010 616 dele
3026 561 3197 636 (Psal.
3225 584 3276 637 ι,
3305 540 3416 644 Η).

2019 642 2142 684 cum
2171 646 2472 695 sermonem
2500 643 2566 697 ad
2594 657 2820 703 vestram
2851 651 3170 712 Charitatem
3193 675 3298 715 non
3327 642 3590 735 praepara-

2017 734 2218 789 remus,
2238 723 2361 781 hinc
2386 731 2538 786 nobis
2557 747 2676 791 esse
2691 741 3018 797 tractandum
3048 747 3269 804 Domino
3293 752 3584 823 imperante

2017 815 2379 882 cognovimus.
2410 820 2732 883 Volebamus
2759 832 2900 886 enim
2928 832 3179 892 hodierna
3204 840 3290 896 die
3310 856 3404 898 vos
3426 845 3477 900 in
3503 862 3590 902 ru-

2432 874 2436 875 ,
2465 874 2731 883 __-__---..-
2761 874 2900 886 ν...ιιι
2928 874 3179 892 ιινυιυιυα
3204 874 3290 896 un:
3316 874 3404 898 vu3
3426 874 3477 900 Ill
3503 874 3582 902 ru-

345 874 512 919 catum
539 885 701 923 meum
733 881 849 927 ante
877 891 956 928 me
993 887 1066 931 est
1088 883 1318 951 semper?
1357 883 1491 951 Quid
1519 898 1694 945 autem
1723 893 1912 950 obtulit
2011 903 2302 962 minationc
2329 914 2652 984 permittere,
2672 920 2903 978 scientes
2918 940 3074 995 quam
3101 930 3428 990 abundantes
3453 952 3582 1007 epu-

345 949 568 1006 Dominn
597 959 899 1007 undeillnm
923 968 1224 1007 ηι-ηηίιίειηι
1247 973 1381 1007 αςιιιφ
1401 975 1646 1007 n..-...-.....
1674 983 1888 1007 ,ιη-ω-
2011 987 2086 1007 νη
2133 1006 2136 1007 ν
2278 997 2290 1007 ο
2319 997 2330 1007 ·
2410 1000 2440 1007 —
2497 1002 2510 1007 -
2619 1006 2624 1007 ν

345 949 568 1006 Domino
597 959 736 1013 unde
751 961 900 1018 illum
923 949 1228 1036 propitiaret
1247 949 1648 1042 sibitQuoniam
1669 983 1714 1036 si
1731 986 1909 1041 voluis-

337 1055 436 1105 ses,
460 1042 642 1111 inquit,
663 1053 986 1120 sacriﬁcium,
1008 1058 1251 1114 dedissem
1273 1065 1472 1135 utique;
1487 1069 1790 1128 holocaustis
1804 1093 1905 1132 non

336 1129 674 1192 delectaberis.
703 1139 1022 1213 Sacri/icium
1040 1148 1147 1203 Deo
1160 1129 1376 1220 spiritus
1400 1162 1759 1220 contribulatus
1775 1185 1794 1222 :
1817 1186 1905 1224 cor

333 1221 602 1276 contritum
630 1237 675 1279 et
700 1229 1014 1288 Immiliatum
1034 1236 1173 1292 Deus
1195 1257 1295 1297 non
1318 1251 1507 1315 spernit
1536 1250 1702 1321 (Psal.
1727 1272 1777 1322 ι,
1809 1259 1898 1328 Η,

334 1306 363 1328 ιι
415 1309 474 1328 ..τ
531 1313 608 1328 ...ι
667 1316 709 1328 υ
873 1322 883 1328 -

331 1306 385 1372 5,
410 1309 496 1375 18,
525 1313 635 1384 l9).
662 1316 777 1371 Non
806 1322 976 1376 solum
997 1340 1124 1396 ergo
1151 1306 1576 1404 devote'obtulii,
1607 1306 1701 1397 sed
1727 1306 1897 1403 Eia-iu;

329 1395 428 1452 ista
454 1401 677 1460 dicendo
701 1409 826 1476 quid
853 1411 1028 1468 oll‘erri
1050 1429 1322 1486 oporteret
1345 1395 1595 1484 ostendit.

325 1490 518 1546 sufﬁcit
541 1509 716 1551 mores
742 1499 794 1553 in
820 1503 1008 1559 melius
1027 1517 1374 1580 commutare,
1405 1526 1461 1572 et
1495 1533 1524 1573 a
1559 1520 1712 1579 factis
1737 1528 1892 1584 malis

322 1583 601 1651 recedere;
634 1589 733 1642 nisi
759 1593 917 1648 etiam
948 1596 1017 1651 de
1045 1598 1127 1654 his
1163 1617 1282 1671 qua:
1319 1605 1453 1662 facta
1479 1621 1621 1679 sunt,
1668 1617 1892 1674 satisﬁat

319 1669 428 1726 Deo
466 1687 562 1742 per
602 1679 927 1745 poenitentiae
953 1669 1212 1757 dolorem,
1247 1709 1343 1763 per
1369 1669 1676 1758 humilitatis
1717 1669 1887 1775 genti;

318 1765 448 1825 tum,
488 1776 581 1829 per
626 1769 836 1822 contriti
879 1774 1054 1830 cordis
1100 1781 1436 1851 sacriﬁcium,
1479 1795 1885 1859 cooperantibus

315 1849 682 1924 cleemosynis.
723 1857 873 1915 Beati
900 1866 1040 1919 enim
1068 1870 1430 1940 misericordes,
1465 1882 1701 1948 quoniam
1742 1886 1883 1954 ipso-

311 1954 424 1991 rum
451 1944 758 2001 miserebitur
779 1950 918 2006 Deus
941 1952 1150 2026 (Illatth.
1174 1976 1225 2024 v,
1255 1961 1329 2032 7).
1373 1944 1486 2020 Non
1517 1971 1660 2026 enim
1685 1944 1880 2032 dictum

308 2038 410 2093 εει,
437 2040 491 2084 ut
513 2042 712 2090 tantum
739 2039 1096 2100 abstineamus
1119 2062 1146 2099 a
1176 2055 1439 2117 peccatis:
1469 2056 1575 2112 Sed
1593 2063 1723 2115 etde
1743 2080 1879 2132 pm-

309 2119 486 2182 teritis,
519 2121 705 2192 inquit,
728 2127 993 2195 deprecare
1031 2134 1322 2208 Dominum,
1360 2153 1412 2196 ut
1453 2147 1540 2200 tibi
1565 2150 1878 2210 dimittantur

308 2205 492 2275 (Eccli.
513 2227 628 2278 xxi,
655 2216 727 2285 l).
759 2217 825 2270 Et
851 2220 1036 2277 Petrus
1058 2225 1166 2293 jam
1192 2205 1632 2304 erat—lidelis,jam
1655 2241 1705 2294 in

304 2304 387 2348 sto
415 2309 467 2351 et
491 2300 622 2354 alios
649 2303 1023 2374 baptizaverat.
1051 2312 1258 2371 Intuere
1286 2335 1412 2389 ergo
1437 2323 1649 2380 Petrum
1672 2344 1872 2397 praesu-

303 2394 533 2440 mentem
580 2403 902 2462 accusatum,
952 2400 1221 2458 timentem
1253 2409 1607 2478 vulneratum,
1657 2418 1864 2476 ﬂentem

299 2484 559 2530 sanatum.
585 2478 702 2533 Jam
730 2484 888 2538 etiam
917 2499 1031 2555 post
1063 2492 1347 2550 adventum
1374 2499 1442 2552 de
1480 2504 1618 2556 caelo
1637 2505 1868 2575 Spiritus

297 2565 485 2628 sancti,
511 2568 720 2634 quidam
751 2571 933 2629 Simon
965 2583 1185 2646 pecunia
1211 2587 1376 2640 voluit
1411 2593 1654 2648 eumdem
1693 2595 1862 2668 Spiri-

297 2659 403 2706 tum
431 2667 666 2713 sanetum
686 2677 883 2730 emere,
906 2669 1368 2732 sceleratissimum
1398 2689 1452 2735 et
1479 2683 1696 2752 impium
1717 2705 1860 2746 mer-

292 2742 577 2800 cimonium
605 2752 861 2821 cogitans,
889 2756 998 2826 jam
1025 2760 1320 2831 baptizatus
1345 2769 1400 2823 in
1425 2771 1674 2830 Christo:
1699 2788 1753 2834 et
1777 2790 1856 2835 ta-

292 2847 413 2887 men
445 2839 766 2903 pmniteutite
793 2848 1071 2904 consilium
1118 2853 1186 2908 ab
1231 2856 1346 2926 ipso
1387 2860 1546 2916 Petro
1578 2876 1856 2938 correptus

287 2927 489 2994 accepit
514 2928 646 3000 (Act.
678 2949 788 3002 vut,
836 2937 1048 3012 15-22).
1075 2943 1210 2999 Dicit
1231 2948 1388 3003 etiam
1415 2956 1682 3021 apostolus
1713 2927 1852 3016 Pan;

287 3013 386 3078 lus,
417 3018 504 3086 qui
533 3023 712 3091 utique
754 3026 996 3086 ﬁdelibus
1039 3033 1279 3090 mittebat
1315 3013 1580 3108 Epistolas
1607 3063 1622 3100 ε
1646 3045 1730 3100 Ne
1754 3013 1851 3105 te-

283 3121 393 3158 rum
419 3125 532 3162 cum
553 3126 728 3167 venero
761 3117 829 3168 ad
864 3134 967 3185 vos,
1006 3121 1232 3179 humiliet
1259 3143 1338 3181 me
1371 3127 1532 3199 Deus,
1571 3144 1618 3188 et
1652 3137 1852 3209 lugeam

281 3198 464 3253 multos
487 3217 551 3254 ea:
567 3203 646 3258 his
669 3206 753 3273 qui
781 3218 899 3262 ante
922 3225 1266 3280 peccaverunt,
1285 3227 1330 3271 et
1349 3236 1448 3274 non
1467 3235 1670 3294 egerunt
1687 3231 1851 3298 paeni-

279 3290 481 3343 tentiam
527 3309 680 3361 super
721 3297 1040 3355 immunditia
1082 3313 1130 3356 et
1171 3307 1390 3376 luxuria,
1435 3323 1480 3366 et
1519 3315 1849 3382 fornicatione

276 3393 425 3444 quam
453 3394 711 3450 gesserunt
739 3385 802 3458 (ΙΙ
824 3387 940 3442 Cor.
966 3405 1056 3455 xu,
1081 3393 1193 3464 21).
1216 3395 1572 3459 Circumstant
1598 3421 1726 3477 ergo
1745 3425 1844 3468 nos

273 3478 328 3522 et
374 3485 630 3542 przecepta
678 3489 822 3534 recte
860 3481 1104 3546 faciendi.
1151 3497 1203 3543 et
1231 3493 1469 3562 exempla
1502 3511 1606 3552 non
1637 3507 1840 3558 tantum

271 3573 414 3616 recte
440 3563 760 3632 iacientium,
787 3572 880 3625 sed
904 3575 1061 3629 etiam
1088 3581 1451 3647 paenitentiam
1481 3587 1546 3640 ad
1579 3592 1838 3660 recipien-

267 3651 390 3707 dam
438 3657 679 3724 salutem,
711 3677 828 3730 qua:
853 3662 1025 3719 fuerat
1065 3671 1256 3726 amissa
1297 3678 1582 3742 peccando.
1612 3651 1716 3737 Sed
1744 3683 1838 3742 lac

266 3741 524 3800 incertum
555 3764 672 3805 esse
702 3762 876 3808 utrum
906 3757 1142 3826 ignoscat
1167 3741 1321 3819 Deus.
1341 3767 1473 3833 Quid
1500 3773 1690 3840 perdit,
1712 3789 1833 3831 cum

263 3837 523 3904 supplicat
547 3841 673 3908 Deo,
701 3845 788 3912 qui
813 3848 1036 3903 salutem
1057 3853 1274 3919 perdere
1293 3873 1396 3912 non
1417 3837 1691 3930 dubitavit,
1711 3881 1831 3924 cum

261 3924 556 3982 ollenderet
588 3931 787 3986 Deum?
816 3935 948 3999 Quis
979 3941 1120 3993 enim
1157 3953 1335 3999 certus
1373 3957 1453 4002 est
1487 3953 1626 4019 quod
1671 3957 1829 4012 etiam

258 4016 550 4083 imperator
579 4021 850 4089 ignoscat?
881 4027 945 4079 Et
972 4036 1147 4084 tamen
1178 4038 1396 4100 pecunia
1423 4016 1678 4108 funditur,
1711 4061 1826 4101 ma-

259 4105 337 4158 ria
367 4116 770 4177 transmeantur,
799 4117 1149 4182 procellarum
1185 4123 1383 4180 incerta
1421 4131 1741 4201 subeuntur;
1773 4147 1827 4193 et

256 4213 394 4265 pene
419 4208 475 4252 ut
513 4216 655 4256 mors
692 4205 940 4274 evitetur,
974 4225 1118 4265 mors
1143 4213 1258 4282 ipsa
1283 4220 1587 4289 suscipitur.
1615 4225 1826 4297 Suppli-

255 4297 406 4343 catur
442 4291 634 4348 deinde
676 4310 773 4364 per
807 4299 1049 4357 homines
1081 4304 1312 4362 homini:
1342 4312 1458 4368 sine
1494 4291 1822 4377 dubitatione

255 4376 387 4433 ﬁunt
412 4381 528 4447 ista,
561 4398 681 4438 eum
703 4387 771 4439 sit
797 4387 1014 4445 dubium
1045 4407 1150 4462 quo
1173 4395 1278 4452 line
1301 4404 1632 4468 proveniant.
1663 4408 1731 4464 Et
1751 4419 1824 4466 ta-

251 4482 370 4521 men
385 4471 640 4526 certiores
656 4484 778 4529 sunt
792 4477 966 4534 claves
984 4481 1251 4551 Ecclesim,
1273 4503 1428 4557 quam
1442 4493 1598 4548 corda
1612 4512 1815 4568 regum:

248 4560 436 4628 quibus
461 4562 695 4620 clavibus
723 4569 1091 4642 quodcumque
1120 4575 1172 4629 in
1202 4585 1341 4633 terra
1384 4581 1628 4655 solvitur,
1657 4560 1816 4646 etiam

244 4648 298 4701 in
317 4650 456 4705 emlo
479 4653 706 4708 solutum
734 4661 1057 4725 promittitur
1082 4662 1292 4737 (Matth.
1321 4684 1428 4735 xvr,
1456 4671 1566 4745 i9).
1593 4648 1660 4731 lit
1680 4680 1817 4735 mul-

242 4747 297 4792 to
325 4749 404 4794 est
448 4741 722 4800 honestior
765 4747 1051 4817 humilitas,
1101 4770 1204 4824 qua
1233 4771 1292 4813 se
1323 4741 1547 4833 quisque
1573 4764 1814 4826 bumiliat

240 4828 491 4885 Ecclesia:
522 4833 646 4889 Dei:
675 4843 729 4890 et
751 4837 898 4892 labor
921 4828 1483 4917 minoritnponiturmt
1501 4855 1648 4911 nullo
1674 4866 1810 4914 tem-

235 4923 434 4990 poralis
459 4926 646 4981 mortis
674 4928 910 4997 periculo
929 4946 1074 4988 mors
1093 4943 1290 4993 aeterna
1309 4941 1524 5001 vitatur.

690 5079 917 5137 SERMO
961 5083 1178 5141 eccm
1209 5092 1224 5112 ·
1251 5087 1349 5162 (α).

535 5208 613 5264 De
637 5213 849 5269 utilitate
872 5217 1081 5287 agenda:
1103 5221 1420 5292 paenitentia,
1450 5243 1506 5282 tt.

296 5334 520 5393 CAPUT
569 5339 850 5398 PRIMUM.
875 5375 945 5386 —
980 5348 1030 5402 l.
1071 5347 1306 5406 Sermoni
1342 5358 1537 5412 occasio
1578 5359 1698 5414 data
1737 5378 1800 5415 ea:

225 5428 451 5483 tertioue.
498 5430 606 5486 Vox
644 5435 949 5502 pmnitenlis
973 5444 1280 5510 agnoscitur
1318 5447 1369 5500 in
1408 5450 1584 5506 verbis
1607 5454 1795 5523 quibus

284 5583 302 5654 ξ
329 5584 682 5654 ξηιςμιιιιῳεῃά
710 5602 754 5636 v.
781 5595 831 5638 et
853 5590 1037 5654 adi/tm.
1061 5601 1134 5646 Er.
1170 5606 1271 5652 Par.
1287 5606 1394 5654 Lor.

281 5641 357 5702 (α)
383 5642 518 5706 Alias,
542 5646 600 5693 27
621 5648 748 5698 inter
767 5650 991 5703 {lautitias
1005 5641 1083 5705 so;

2011 987 2089 1044 las
2117 997 2379 1063 ceperitis.
2408 1000 2510 1056 Sed
2541 1006 2660 1074 quia
2703 987 2988 1068 salubriter
3011 1019 3149 1085 quod
3178 987 3575 1091 apponitur};-

2005 1078 2199 1147 cipitis,
2229 1088 2458 1153 quotidie
2485 1093 2706 1152 multum
2741 1103 2971 1158 esuritis.
3000 1078 3224 1164 ῥηθείοί
3247 1078 3376 1183 ergo
3399 1117 3570 1174 Domi-

2005 1182 2108 1223 nus
2133 1171 2244 1240 ipse
2273 1176 2408 1233 Deus
2429 1191 2627 1249 noster,
2655 1195 2710 1242 et
2740 1191 2890 1246 nobis
2907 1195 3091 1250 virium
3111 1202 3498 1275 sufﬁcientiam,
3519 1222 3573 1267 et

2001 1259 2153 1314 vobis
2179 1265 2358 1321 utilem
2386 1271 2726 1333 audientiam.
2749 1279 2931 1352 Neque
2946 1287 3087 1341 enim
3106 1291 3430 1360 ignoramus,
3449 1314 3572 1357 esse

2001 1351 2502 1416 serviendumbouae
2515 1374 2702 1422 vestra:
2727 1381 2781 1424 et
2797 1351 2909 1428 utili
2938 1377 3212 1435 voluntati.
3243 1385 3570 1456 Adjuvemur

1998 1450 2125 1506 ergo
2146 1456 2176 1495 a
2204 1445 2354 1502 vobis
2371 1459 2426 1503 et
2446 1461 2570 1509 voto
2605 1464 2660 1510 et
2684 1460 2885 1526 studio;
2915 1474 3038 1521 voto
3067 1470 3133 1523 ad
3165 1445 3348 1539 Deum',
3390 1479 3566 1537 studio

1987 1615 2209 1689 iudicat,
2241 1627 2328 1695 qui
2356 1643 2448 1684 vos
2475 1637 2644 1700 pascit
2670 1653 2765 1706 per
2787 1615 2903 1697 nos.
2938 1645 3048 1702 Vox
3071 1649 3228 1719 igitur
3256 1654 3307 1708 in
3335 1655 3417 1711 his
3442 1615 3562 1715 ver-

1991 1707 2072 1762 bis
2101 1715 2403 1779 paenitentis
2431 1727 2767 1792 agnoscitur:
2795 1731 2972 1788 Averte
2996 1707 3178 1808 facilem
3204 1752 3344 1798 tuam
3377 1763 3410 1800 a
3442 1767 3562 1820 pec-

1994 1799 2110 1820 -_..-
2335 1815 2346 1820 -
2495 1812 2506 1820 -
2575 1813 2592 1820 -
2653 1816 2664 1820 -

1988 1799 2112 1853 catis
2128 1803 2269 1868 meis,
2298 1815 2347 1859 et
2369 1812 2538 1864 omnia
2562 1813 2792 1882 facinora
2816 1837 2926 1876 mea
2953 1799 3080 1881 dele.
3108 1829 3337 1888 Proinde
3361 1799 3562 1908 aliquid

1990 1886 2151 1908 ,μη
2201 1893 2234 1908 .,
2314 1898 2345 1908 _.
2438 1900 2472 1908 ..
2654 1906 2686 1908 -ν

1985 1886 2052 1942 de
2075 1893 2377 1958 paenitentia
2421 1900 2599 1958 dicere
2636 1906 2890 1966 divinitus
2910 1913 3177 1983 jubemur.
3206 1921 3388 1994 Neque
3415 1886 3560 1984 eiiim

1984 1989 2082 2030 nos
2111 1979 2268 2036 istum
2297 1988 2558 2054 psalmum
2586 1999 2903 2054 cantandum
2931 2004 3113 2062 lectori
3144 2009 3555 2080 imperavimus:

1981 2069 2073 2122 sed
2091 2073 2229 2139 quod
2246 2075 2334 2131 ille
2351 2082 2555 2136 censuit
2571 2086 2720 2144 vobis
2741 2104 2859 2146 esse
2878 2095 3000 2149 utile
3015 2098 3080 2152 ad
3098 2102 3433 2173 audiendum,
3456 2109 3558 2167 hoc

1955 2160 2127 2213 'eordi
2158 2165 2316 2219 etiam
2342 2173 2526 2236 puerili
2553 2174 2846 2246 imperavit.
2879 2185 3123 2244 Dicamus
3151 2193 3345 2264 aliquid
3368 2199 3434 2254 de
3459 2203 3556 2256 uti-

1977 2246 2123 2304 litate
2151 2257 2473 2319 pmnitentiae
2495 2280 2511 2317 :
2531 2270 2846 2340 przesertim,
2874 2277 2991 2344 quia
3017 2246 3318 2354 etdiesjam
3338 2300 3554 2349 sanctus

1972 2339 2365 2401 anniversarius
2405 2349 2664 2423 imminet,
2711 2375 2816 2429 quo
2845 2367 3234 2438 propinquante
3279 2376 3549 2437 humiliari

1970 2428 2177 2485 animas
2201 2441 2254 2488 ct
2277 2435 2478 2492 domari
2508 2428 2740 2512 corpora,
2759 2453 3046 2510 studiosius
3075 2459 3244 2516 decet.

2037 2516 2091 2571 2.
2135 2519 2436 2581 Ptenitentia
2460 2533 2662 2601 triplex.
2703 2535 2882 2596 Prima
2911 2545 3348 2614 baptisandorum.
3381 2559 3547 2619 Poeni.

1966 2607 2120 2659 tentia
2143 2620 2259 2665 ante
2283 2614 2584 2684 baptismum
2605 2623 2851 2695 imperata
2878 2607 3094 2690 Iud-aris.
3129 2639 3336 2711 Triplex
3366 2659 3544 2707 autem

1963 2695 2318 2756 consideratio
2356 2709 2574 2776 agendze
2615 2715 2940 2782 poenitentia:
2986 2725 3038 2778 in
3081 2695 3235 2786 saera
3274 2734 3543 2808 Scriptura

1961 2781 2244 2842 invenitur.
2275 2791 2405 2848 Nam
2446 2781 2623 2870 neque
2642 2804 2708 2858 ad
2735 2806 3063 2878 Baptismum
3096 2817 3310 2892 Christi,
3343 2781 3542 2900 ilquuo

2812 2876 2827 2878 _
3233 2876 3310 2892 μέν
3343 2876 3395 2881 ---
3436 2876 3539 2900 Ὶ““⁷

1959 2876 2135 2930 omnia
2171 2892 2385 2948 peccata
2423 2887 2687 2960 delentur,
2716 2899 2993 2971 quisquam
3021 2905 3156 2964 bene
3181 2918 3401 2984 accedit,
3436 2922 3539 2979 nisi

1957 2968 2162 3034 agendo
2186 2975 2549 3040 pmnitentiam
2580 2983 2647 3039 de
2672 2987 2775 3041 vita
2801 2968 3039 3060 pristina.
3077 2997 3245 3058 Nemo
3273 3009 3412 3062 enim
3439 3012 3535 3066 eli-

1954 3054 2030 3122 git
2051 3055 2208 3113 vitam
2235 3076 2448 3131 novam,
2481 3068 2582 3124 nisi
2623 3088 2780 3142 quem
2811 3084 3008 3138 veteris
3034 3089 3272 3154 paenitet.
3303 3095 3414 3152 lloc
3441 3115 3536 3154 au-

1955 3149 2059 3198 tem
2099 3148 2258 3204 etiam
2295 3157 2604 3214 auctoritate
2646 3163 2942 3225 divinorum
2978 3172 3258 3235 Librorum
3309 3189 3531 3254 probare

1955 3231 2048 3254 LL
2343 3251 2350 3254 Α
2529 3250 2542 3254 _
2657 3252 2666 3254 ξ

1950 3231 2234 3306 debemus,
2297 3251 2476 3300 utrum
2527 3250 2824 3320 baptizandi
2873 3265 3079 3332 egerint
3137 3231 3526 3338 ρωιιῑιέιιιίθιη.

2600 3319 2610 3320 ,
2907 3319 2931 3332 ι
3137 3319 3525 3338 τη--.-ν..........

1947 3319 2170 3390 Quando
2205 3327 2429 3397 Spiritus
2462 3349 2678 3394 sanctus
2717 3345 2910 3402 missus
2939 3361 3021 3406 est
3060 3365 3182 3411 ante
3214 3366 3525 3435 promissus,

1947 3419 2002 3465 et
2070 3414 2305 3486 implevit
2367 3424 2620 3484 Dominus
2682 3433 2840 3490 tidem
2911 3414 3306 3510 pollicitationis
3363 3414 3522 3524 sum;

1942 3513 2161 3574 accepto
2186 3505 2383 3577 Spiritu
2413 3526 2600 3574 sancto
2624 3505 2998 3602 _diseipuli,-ut
3029 3539 3214 3603 nostis,
3245 3505 3523 3612 cmperuni

1941 3591 2083 3664 loqui
2110 3601 2353 3658 omnibus
2381 3605 2590 3676 linguis,
2618 3597 2672 3665 ut
2698 3614 2746 3668 in
2776 3591 2879 3673 illis
2906 3623 2994 3690 qui
3024 3625 3263 3695 aderant,
3290 3591 3520 3706 libguam

1939 3695 2087 3739 suam
2115 3689 2339 3760 quisque
2367 3709 2729 3766 cognosceret.
2772 3705 2883 3762 Hoc
2908 3721 3084 3768 autem
3114 3720 3370 3779 miraculo
3405 3737 3513 3782 ter-

1938 3773 2045 3842 riti,
2075 3779 2353 3836 consilium
2384 3785 2506 3840 vitm
2545 3789 2612 3844 ab
2638 3794 2904 3864 Apostolis
2949 3804 3229 3870 petierunt.
3263 3812 3412 3870 Tunc
3437 3821 3515 3875 eis

1935 3861 2124 3920 Petrus
2149 3872 2475 3928 annuntiavit
2494 3890 2612 3932 eum
2635 3883 2913 3942 colendum
2943 3905 3095 3960 quem
3115 3901 3508 3973 crucilixcruut,

2958 3953 2976 3960 _
3282 3953 3326 3955 ω
3340 3953 3380 3958 ν-
3399 3953 3508 3973 --ην

1936 3960 1990 4032 ut
2021 3953 2138 4023 ejus
2167 3957 2278 4027 jam
2305 3966 2610 4033 sanguinem
2642 3970 2881 4030 biberent
2907 3981 3208 4053 credentes,
3238 4008 3393 4061 quem
3421 3996 3510 4052 lu-

1936 4039 2049 4061 .I-_.-
2100 4052 2115 4061 -
2283 4049 2294 4061 '
2539 4056 2548 4061 ’

2405 4028 2426 4033 ν
2801 4028 2812 4030 ,
2865 4028 2877 4030 -
2914 4028 3208 4053 -_-_....w.,
3278 4028 3393 4048 umu
3421 4028 3508 4052 Iu-

1931 4028 2120 4098 derant
2170 4049 2466 4108 stevientes.
2521 4056 2845 4118 Annuntiato
2893 4078 3068 4126 autem
3123 4028 3508 4143 illis‘iDomino

1929 4143 2115 4190 nostro
2144 4137 2271 4194 Jesu
2299 4140 2530 4210 Christo,
2565 4157 2618 4202 et
2645 4160 3050 4223 agnoscentibus
3077 4176 3278 4224 reatum
3309 4189 3503 4244 suum,

1930 4231 1989 4278 ut
2012 4224 2324 4296 impleretur
2347 4235 2399 4289 in
2433 4237 2511 4291 eis
2535 4243 2676 4309 quod
2707 4245 2962 4316 propheta
3000 4267 3123 4311 ante
3149 4224 3501 4335 prmdixerat:

2355 4326 2368 4335 .

2712 4313 2715 4314 ,
2806 4313 2821 4316 _
3149 4313 3164 4327 ι
3240 4313 3245 4314 ⁷
3267 4313 3310 4316 "'
3320 4313 3346 4317 "
3356 4313 3398 4320 "
3412 4313 3440 4321 "
3450 4313 3464 4321 '
3483 4313 3499 4335 Ι

1929 4313 2207 4375 Conversus
2219 4339 2329 4378 sum
2349 4326 2400 4379 in
2415 4343 2690 4387 mmnam
2707 4353 2885 4405 nteant,
2902 4341 3023 4396 dum
3037 4350 3309 4420 conﬁgitur
3325 4357 3499 4427 spina;

1925 4413 2224 4478 compuncti
2270 4425 2411 4470 sunt.
2460 4417 2712 4478 Conversi
2755 4428 2898 4484 enim
2942 4445 3067 4489 sunt
3112 4437 3164 4493 in
3204 4456 3494 4502 terumnam

1923 4495 2144 4568 doloris,
2169 4516 2288 4557 cum
2319 4508 2674 4579 conﬁgeretur
2689 4517 2837 4585 spina
2865 4525 3065 4590 peccati
3089 4532 3494 4594 recordationis.

1919 4585 2060 4642 Nihil
2088 4593 2226 4646 enim
2253 4597 2374 4650 mali
2405 4613 2463 4653 se
2487 4599 2676 4659 fecisse
2709 4585 3041 4681 putaverant,
3075 4621 3305 4676 nondum
3335 4626 3493 4684 infixa

1920 4686 2035 4732 erat
2059 4684 2230 4749 spina.
2272 4683 2546 4756 Loquente
2570 4701 2745 4749 autem
2773 4698 2950 4768 Petro,
2997 4713 3331 4778 utagnoscas
3370 4717 3493 4774 inll-

1919 4783 2038 4824 xam
2060 4773 2287 4841 Spinam,
2316 4777 2586 4849 Scriptura
2608 4783 2754 4854 dixit,
2784 4787 2937 4846 Petro
2962 4773 3190 4864 loquente
3205 4811 3495 4876 compuncti

1916 4867 2034 4911 sunt
2070 4861 2238 4916 corde.
2279 4863 2509 4924 Proinde
2552 4871 2602 4924 in
2642 4875 2827 4931 eodem
2866 4882 3090 4950 psalmo,
3123 4903 3243 4945 cum
3287 4895 3488 4955 dictum

1916 4954 2019 5012 est,
2046 4945 2322 5007 Conversus
2340 4970 2452 5008 sum
2475 4957 2527 5012 in
2559 4975 2836 5019 ari-umnam
2862 4985 3042 5039 meam,
3078 4976 3198 5032 dum
3218 4987 3487 5056 configitur

3028 5037 3035 5039 _
3311 5037 3325 5053 ,
3349 5037 3471 5056 σπη-

1912 5037 2097 5105 spina;
2124 5042 2382 5111 sequitur,
2430 5045 2703 5104 Peccatum
2730 5059 2957 5126 cognovi,
2999 5073 3046 5117 et
3089 5069 3288 5137 facinus
3317 5092 3483 5133 meum

1912 5143 2013 5182 non
2057 5132 2251 5200 operui.
2298 5132 2451 5201 Dixi,
2498 5137 2786 5212 Proloquar
2818 5132 3200 5234 adversum-me
3241 5165 3478 5224 delictum

1910 5233 2075 5272 meum
2100 5219 2319 5277 Domino
2339 5240 2360 5289 ,'
2397 5236 2446 5280 et
2478 5236 2531 5282 tu
2567 5231 2802 5288 dimisisti
2838 5227 3335 5312 impietatetu‘cordis
3379 5261 3480 5314 mei

1911 5304 2081 5377 (Psal.
2111 5325 2258 5378 xxxx,
2295 5314 2349 5381 ι,
2378 5314 2456 5386 5).
2484 5317 2622 5374 Cum
2642 5337 2767 5395 ergo
2797 5304 2946 5397 spina
2986 5334 3073 5390 illa
3095 5304 3492 5404 recordationis"

1905 5401 2206 5466 compuncti
2244 5403 2481 5462 dicerent
2517 5413 2805 5485 Apostolis,
2857 5420 2996 5488 Quid
3036 5444 3151 5499 ergo
3191 5401 3476 5500 faciemus;

1900 5484 1977 5537 ait
2000 5486 2103 5542 illis
2127 5489 2334 5566 Petrus.
2361 5495 2504 5569 Agite
2526 5484 2898 5579 paenitentiam,-
2925 5525 2972 5567 et
3007 5484 3282 5593 baptizatur
3311 5542 3480 5585 unum

1898 5573 2106 5645 quisque
2123 5588 2410 5641 vestrumin
2443 5594 2641 5649 nomine
2667 5595 2874 5654 Domini
2911 5607 3066 5660 nostri
3090 5587 3215 5666 Iesu
3243 5612 3470 5688 Christi;

1906 5665 2213 5688 ..-ωεηω
2369 5677 2412 5688 η
2710 5687 2713 5688 ν

1897 5666 1949 5716 et
1967 5665 2277 5727 remittemur
2302 5677 2436 5732 vobis
2465 5694 2665 5750 peccata
2696 5687 2716 5752 (
2733 5688 2842 5744 Act.
2863 5706 2918 5758 ιι,
2942 5693 3052 5761 37).
3090 5697 3227 5769 Ergo
