3996 6446
426 305 562 363 9551

403 432 597 484 ‘nunc,
634 416 683 470 si
709 414 799 485 qui
826 414 961 469 forte
995 410 1186 464 adsunt
1212 418 1275 460 ex
1317 417 1383 459 eo
1422 415 1663 464 numero,
1709 398 1797 469 qui
1826 398 1996 467 bapti-

434 508 549 564 zari
598 505 884 575 disponunt
926 501 1216 573 (credimus
1278 496 1417 550 enim
1467 506 1561 547 eos
1613 489 1801 545 adesse
1858 496 2003 541 tanto

438 597 505 651 ad
531 595 750 651 verbum
781 592 1087 649 studiosius.
1132 594 1328 657 quanto
1366 583 1431 637 ad
1474 579 1849 650 indulgentiam
1880 575 2007 629 vici-

439 687 605 756 nius),
625 685 721 739 hos
740 686 962 753 primum
981 678 1158 748 paucis
1172 675 1567 744 alloquimur,ut
1582 670 1784 740 erigant
1803 674 2006 721 mentes

441 780 496 833 in
526 793 693 847 spem.
740 777 931 829 Ament
972 769 1086 825 ﬁeri
1129 768 1271 839 quod
1308 782 1415 821 non
1453 772 1594 827 sunt,
1635 760 1843 815 oderint
1868 756 2007 827 quod

442 869 671 924 fuerunt.
706 864 911 919 Novum
933 860 1201 916 hominem
1229 857 1550 912 nasciturum
1568 853 1678 921 jam
1696 859 1817 904 voto
1830 847 2009 901 conci-

444 958 588 1027 piant
612 974 624 1008 :
648 951 899 1024 quidquid
911 951 977 1005 de
996 950 1098 1003 vita
1117 946 1381 1018 prmterita
1393 936 2010 1009 remordebat,quidquid

442 1045 667 1115 angebat
694 1040 1089 1103 conscientiam,
1134 1034 1386 1106 quidquid
1416 1034 1631 1087 omnino
1656 1030 1740 1085 vel
1768 1041 2011 1096 maguum

442 1136 530 1189 vel
582 1147 820 1203 parvum,
862 1130 949 1184 vel
974 1126 1257 1183 dicendum
1283 1124 1366 1178 vel
1409 1137 1511 1176 non
1554 1118 1857 1181 dicendum,
1904 1130 2010 1169 non

444 1226 685 1279 dubitent
710 1236 866 1293 posse
894 1217 1117 1283 dimitti;
1163 1232 1231 1270 ne
1256 1214 1391 1269 forte
1413 1211 1551 1281 quod
1597 1210 1713 1264 vult
1749 1207 2014 1263 dimittere

445 1315 540 1369 Dei
580 1310 870 1377 miseratio,
891 1316 1073 1363 contra
1103 1321 1161 1361 se
1186 1312 1359 1359 teneat
1383 1303 1610 1357 humana
1635 1298 1907 1355 dubitatio.

518 1404 571 1457 5.
613 1400 821 1471 Figura:
864 1406 1048 1451 nostra:
1070 1396 1123 1448 in
1161 1395 1223 1448 iis
1265 1408 1375 1462 quae
1401 1391 1649 1445 lsraelitis
1685 1388 2013 1457 contigerunt.

440 1491 627 1553 Petra,
655 1491 819 1558 ﬁgura
843 1486 1085 1539 Christus.
1132 1481 1398 1537 Transitus
1438 1480 1589 1533 maris
1618 1477 1793 1541 Rubri,
1836 1473 2015 1542 Bapti-

449 1597 607 1637 smus.
640 1578 831 1632 Manna
866 1574 1050 1628 Christi
1090 1572 1233 1642 panis
1275 1570 1483 1625 caelestis
1525 1569 1707 1638 ﬁgura.
1757 1562 2018 1629 Quomodo

451 1673 614 1726 cibum
638 1679 682 1723 et
702 1678 881 1737 potum
908 1663 1218 1733 spiritualem
1245 1661 1472 1715 eumdem
1498 1657 1753 1711 nobiscum
1789 1668 2017 1718 sumpse.

451 1770 569 1814 runt
594 1756 859 1812 Israelita.
897 1754 1043 1807 Petra
1084 1753 1221 1822 virga
1249 1764 1499 1819 percussa.
1532 1745 1840 1814 Exemplum
1861 1744 2017 1797 etiam

454 1851 506 1903 in
537 1848 704 1917 primo
733 1845 825 1900 illo
855 1842 1048 1914 populo
1090 1839 1381 1895 exhibitum
1412 1834 1771 1904 unusquisque
1797 1831 2021 1885 ﬁdeliter

453 1938 782 1993 recordetur.
828 1937 917 1989 Ait
942 1934 1081 1988 enim
1122 1929 1446 2000 Apostolus:
1482 1926 1664 1980 Omnia
1705 1925 1810 1978 hazc
1847 1925 2023 1993 ﬁgura:

455 2040 641 2083 nostra:
684 2031 884 2098 fuerunt
922 2041 941 2079 :
983 2039 1104 2077 eum
1149 2022 1215 2077 de
1261 2020 1419 2074 rebus
1464 2018 1653 2072 talibus
1700 2017 2019 2084 loqueretur.

455 2118 592 2185 Quid
632 2118 773 2170 enim
803 2114 1043 2168 dixerat?
1087 2111 1222 2164 Nolo
1252 2110 1381 2163 enim
1417 2123 1501 2162 vos
1525 2107 1774 2177 ignorare,
1807 2104 2019 2172 fratres,

458 2209 576 2277 quia
613 2216 777 2276 patres
806 2204 963 2257 nostri
982 2217 1151 2255 omnes
1179 2200 1270 2252 sub
1296 2198 1424 2252 nube
1447 2198 1683 2266 fuerunt;
1712 2203 1755 2247 et
1780 2209 1945 2247 onmes
1972 2192 2024 2245 in

459 2297 637 2367 Moyse
657 2294 894 2365 baptizati
917 2300 1030 2346 sunt
1055 2292 1107 2344 in
1133 2289 1261 2343 nube
1283 2297 1327 2341 et
1352 2288 1401 2340 in
1428 2286 1555 2339 mari
1578 2302 1592 2349 ;
1625 2292 1670 2337 et
1695 2299 1863 2337 omnes
1888 2298 2027 2334 eum-

460 2389 572 2441 dem
601 2388 759 2440 cibum
796 2384 1105 2454 spiritualem
1130 2380 1570 2441 manducaverunt,
1603 2384 1649 2429 et
1685 2391 1853 2428 onmes
1886 2388 2025 2425 eum-

461 2470 573 2522 dem
599 2478 768 2537 potum
790 2466 1100 2534 spiritualem
1137 2463 1380 2514 biberunt.
1419 2458 1660 2511 Bibebant
1682 2457 1814 2508 enim
1841 2456 1901 2507 de
1919 2454 2027 2523 spi-

432 2582 437 2585 έ
459 2558 632 2610 rituali
656 2563 886 2622 sequente
911 2560 1067 2621 petra.
1098 2548 1252 2602 Petra
1280 2558 1443 2601 autem
1463 2554 1567 2599 erat
1590 2543 1817 2599 Christus
1839 2542 1882 2613 (l
1910 2542 2025 2596 Cor.

448 2665 525 2711 <3,
583 2643 726 2715 lui).
773 2643 877 2697 Has
928 2641 1122 2710 ﬁguras
1160 2646 1368 2692 nostras
1421 2635 1584 2689 fuisse
1622 2634 1711 2691 ille.
1746 2633 1895 2697 dixit,
1944 2632 2028 2686 cui

464 2749 623 2789 nemo
653 2732 823 2787 ﬁdelis
848 2744 1073 2800 unquam
1100 2726 1434 2782 contradixit.
1468 2724 1536 2779 Et
1564 2739 1684 2779 cum
1715 2723 1875 2778 multa
1903 2737 2031 2777 enu-

465 2830 718 2884 meraret,
763 2834 919 2873 unam
965 2834 1078 2872 rem
1124 2816 1291 2870 solam
1322 2815 1496 2879 solvit,
1535 2814 1655 2884 quia
1685 2813 1835 2879 dixit,
1876 2810 2033 2867 Petra

430 2958 433 2959 ν
466 2922 631 2966 autem
657 2920 758 2964 erat
799 2908 1046 2965 Christus.
1089 2906 1355 2962 Solvendo
1382 2920 1541 2959 unum
1581 2903 1797 2974 aliquid,
1841 2911 2035 2958 caetera

438 3034 441 3037 »
466 3001 743 3070 preposuit
768 2997 1077 3068 inquirenda
1106 3014 1120 3049 :
1152 2995 1246 3051 sed
1274 3011 1340 3050 ne
1370 2993 1624 3050 recedens
1648 3009 1678 3047 a
1704 2993 1916 3048 Christo
1950 2994 2032 3047 in-

467 3093 690 3162 quisitor
715 3099 935 3156 erraret,
960 3100 1019 3143 ut
1042 3089 1225 3142 ﬁrmus
1250 3096 1471 3157 qumrat,
1501 3085 1552 3139 in
1577 3093 1725 3154 petra
1745 3083 2033 3151 fundatus;

472 3181 650 3247 Petra,
675 3180 863 3248 inquit,
891 3185 996 3231 erat
1020 3177 1269 3231 Christus.
1308 3175 1447 3230 Dixit
1466 3175 1587 3229 illas
1610 3173 1801 3244 ﬁguras
1829 3181 2037 3229 nostras

470 3270 658 3336 fuisse,
686 3276 741 3322 et
764 3268 987 3323 obscura
1015 3274 1169 3321 erant
1195 3264 1395 3320 omnia.
1430 3263 1559 3331 Quis
1587 3264 1862 3319 evolveret
1884 3263 2037 3318 invo-

472 3362 616 3416 lucra
658 3359 757 3414 ista
805 3355 1130 3427 ﬁgurarum?
1170 3356 1290 3425 quis
1330 3353 1601 3425 aperiret!
1639 3354 1757 3424 quis
1775 3353 2039 3408 discutere

472 3451 731 3507 auderet?
760 3449 817 3504 ln
853 3446 1165 3519 quibusdam
1194 3446 1344 3518 quasi
1380 3445 1608 3501 dumetis
1635 3444 1965 3500 densissimis
1986 3453 2043 3500 et

473 3558 652 3599 crassa
700 3542 885 3596 umbra
926 3540 1100 3594 lumen
1143 3536 1384 3596 accendit
1426 3554 1442 3592 :
1483 3535 1660 3601 Petra,
1698 3536 1891 3606 inquit,
1932 3546 2041 3591 erat

436 3684 453 3691 η.
479 3634 720 3687 Christus.
749 3630 864 3687 Jam
890 3644 1018 3701 ergo
1058 3629 1257 3683 lumine
1283 3628 1447 3692 illato,
1473 3640 1771 3697 quiet-amns
1790 3623 1915 3695 quid
1938 3641 2044 3681 ca:-

475 3734 587 3777 tera
604 3722 927 3792 signiﬁcent;
950 3716 1076 3788 quid
1095 3718 1196 3772 sibi
1215 3717 1409 3782 velint,
1424 3730 1591 3782 mare,
1615 3716 1803 3783 nubes,
1826 3729 2040 3769 manna.

477 3814 603 3866 Ilaec
629 3809 769 3864 enim
798 3823 901 3861 non
931 3806 1193 3875 exposuit,
1220 3804 1316 3861 sed
1341 3814 1490 3875 petra
1518 3805 1641 3875 quid
1680 3815 1823 3861 esset
1859 3815 2042 3859 osten-

448 3901 574 3954 .rlit.
600 3899 701 3952 Per
741 3911 888 3952 mare
914 3896 1182 3963 transitus,
1208 3896 1512 3965 .Baptismus
1539 3904 1639 3950 est.
1671 3895 1778 3950 Sed
1805 3897 1927 3964 quia
1952 3896 2046 3950 ba-

450 3991 725 4059 ‘ptismus,
776 3986 828 4042 id
871 3994 972 4053 est,
1017 3985 1201 4040 salutis
1244 4000 1377 4054 aqua
1407 4001 1513 4040 non
1560 3993 1643 4040 est
1688 3986 1892 4050 salutis,
1944 3986 2046 4044 nisi

479 4076 675 4132 Christi
715 4075 929 4129 nomine
956 4082 1282 4138 consecrata,
1313 4073 1400 4142 qui
1432 4087 1528 4142 pro
1556 4073 1707 4128 nobis
1735 4074 2043 4142 sanguinem

481 4166 634 4231 fudit,
660 4178 817 4218 cruce
842 4163 1007 4233 ipsius
1034 4176 1168 4231 aqua
1196 4165 1450 4231 signatur.
1482 4160 1593 4215 Hoc
1634 4170 1692 4215 ut
1728 4161 2049 4231 signiﬁcaret

482 4257 572 4310 ille
601 4255 913 4323 haptismus,
956 4267 1104 4306 mare
1144 4251 1377 4305 Rubrum
1407 4249 1522 4305 fuit.
1570 4250 1757 4305 Manna
1800 4251 1867 4305 de
1912 4252 2048 4307 coelo

480 4354 663 4414 aperte
701 4345 768 4397 ab
795 4344 908 4412 ipso
937 4343 1162 4397 Domino
1202 4343 1500 4411 exponitur.
1534 4341 1714 4397 Patres
1740 4345 1884 4397 vestri
1906 4362 2049 4398 man-

482 4436 808 4498 ducaverunt,
850 4432 1035 4500 inquit,
1079 4432 1353 4485 manna'irt
1391 4447 1575 4497 eremo,
1619 4440 1665 4485 et
1692 4434 1875 4487 mortui
1908 4444 2044 4489 sunt.

454 4550 459 4561 ν»
481 4522 704 4591 Quando
729 4522 870 4576 enim
896 4522 1151 4585 viverent,
1180 4535 1299 4574 cum
1327 4519 1492 4589 figura
1516 4523 1869 4589 praenuntiare
1889 4524 2046 4579 vitam

458 4658 459 4661 η
482 4622 683 4683 posset,
714 4611 818 4664 vita
848 4624 967 4664 esse
994 4625 1101 4662 non
1129 4609 1344 4678 posset?
1370 4609 1817 4678 Manducaverunt,
1846 4612 2046 4683 inquit,

482 4720 690 4768 manna,
713 4711 758 4756 et
782 4701 959 4755 mortui
983 4709 1099 4754 sunt
1116 4716 1134 4765 ;
1163 4699 1215 4755 id
1244 4708 1344 4767 est,
1375 4715 1566 4755 manna
1594 4701 1733 4772 quod
1762 4703 2050 4759 manduca-

482 4804 674 4849 verunt
699 4808 804 4849 non
830 4792 949 4848 illos
979 4791 1148 4861 potuit
1185 4790 1252 4845 de
1276 4800 1448 4846 morte
1488 4792 1715 4849 liberare
1744 4812 1757 4847 :
1787 4809 1891 4849 non
1929 4797 2049 4865 quia

481 4884 657 4953 ipsum
700 4896 891 4935 manna
934 4895 1079 4935 mors
1119 4880 1198 4935 eis
1242 4878 1362 4946 fuit,
1403 4880 1499 4935 sed
1542 4882 1664 4951 quia
1702 4896 1794 4937 eos
1820 4898 1850 4937 a
1878 4894 2050 4940 morte

484 4986 590 5026 non
627 4970 887 5024 liberavit.
918 4969 1011 5024 ille
1038 4969 1180 5024 enim
1202 4969 1518 5023 liberaturus
1543 4979 1657 5025 erat
1682 4986 1712 5025 a
1740 4981 1932 5037 morte,
1960 4975 2051 5043 qui

485 5076 580 5131 per
624 5073 814 5112 manna
842 5058 1181 5129 ﬁgurabatur.
1213 5058 1289 5113 De
1318 5059 1454 5113 etelo
1477 5069 1623 5115 certe
1661 5076 1851 5115 manna
1875 5062 2055 5117 venie-

482 5150 592 5215 bat,
638 5147 891 5202 attendite
917 5163 1071 5216 quem
1103 5148 1359 5219 ﬁgurabat
1390 5167 1405 5203 :
1443 5148 1555 5220 Ego
1584 5167 1715 5215 sum,
1747 5151 1931 5219 inquit,
1963 5170 2053 5222 pa-

483 5240 562 5293 nis
605 5240 761 5304 t'ivus,
804 5237 889 5306 qui
930 5237 992 5289 de
1027 5237 1149 5290 caelo
1195 5238 1427 5291 descendi
1473 5238 1660 5308 (Joan.
1687 5255 1762 5303 γι,
1794 5241 1882 5306 49,
1927 5242 2050 5312 51).

474 5328 631 5382 :Sicut
654 5325 881 5380 studiosi
897 5336 1069 5379 autem
1092 5335 1144 5379 et
1163 5326 1299 5381 bene
1318 5327 1594 5396 vigilantes
1614 5328 1772 5381 verba
1791 5328 2055 5384 dominica

482 5418 759 5484 attendite,
778 5425 848 5471 ut
876 5417 1162 5487 proﬁciatis
1184 5427 1243 5473 et
1272 5418 1447 5487 legere
1482 5429 1535 5473 et
1563 5418 1747 5473 audire
1776 5422 2051 5477 noveritis.

484 5504 754 5574 Eumdem,
801 5507 989 5578 inquit,
1036 5506 1199 5561 cibum
1244 5507 1558 5578 spiritualem
1608 5509 2050 5565 manducaverunt.

485 5594 623 5661 Quid
651 5605 753 5664 est,
796 5598 1043 5665 eumdem,
1090 5597 1190 5653 nisi
1225 5596 1345 5668 quia
1385 5610 1507 5650 eum
1536 5611 1691 5669 quem
1735 5601 1892 5656 etiam
1922 5604 2055 5657 nos?

1681 286 1737 342 S.
1777 286 1913 343 AUC
1923 280 2137 341 USTINI
2184 278 2483 336 EPISCOPI

2934 180 2994 191 vo‘v

3537 267 3670 325 £552

2112 393 2278 448 Video
2305 392 2629 461 aliquantum
2657 401 2777 443 esse
2804 385 2870 441 ad
2899 384 3245 456 promendum
3271 379 3673 452 explicandum-

2108 499 2211 555 que
2253 483 2461 538 difﬁcile
2490 479 2628 551 quod
2657 479 2834 534 dicere
2880 478 3079 532 institui
3106 494 3119 530 :
3142 475 3235 530 sed
3263 473 3551 543 adjuvabor
3579 472 3670 526 be-

2108 573 2403 629 nevolentia
2430 580 2625 637 vestra,
2673 571 2785 624 bare
2824 567 2951 624 mihi
2978 581 3006 620 a
3037 567 3263 621 Domino
3308 565 3554 632 impetret
3592 558 3674 613 fa-

2111 664 2379 719 Cultatem.
2430 660 2695 726 Eumdem,
2724 659 2912 727 inquit,
2942 656 3106 710 cibum
3126 654 3433 723 spiritualem
3462 651 3677 704 mandu-

2110 761 2364 806 caverunt.
2414 750 2705 805 Suﬁecerat
2751 759 2806 801 ut
2848 748 3066 812 diceret,
3115 745 3302 799 Cibum
3348 742 3675 812 spiritualem

2113 841 2574 896 manducaverunt.
2594 838 2859 899 Eumdem,
2880 837 3064 906 inquit.
3084 834 3327 889 Eumdem
3343 848 3446 886 non
3468 832 3677 884 invenio

2114 930 2379 1000 quomodo
2408 931 2714 998 intelligam,
2758 928 2857 981 nisi
2886 943 3005 981 eum
3031 941 3185 996 quem
3211 924 3589 979 manducamus
3626 931 3677 974 et

2117 1039 2232 1077 nos.
2277 1022 2411 1090 Quid
2455 1035 2602 1090 ergo,
2642 1020 2715 1072 ait
2751 1018 2959 1086 aliquis,
3007 1017 3108 1069 hoc
3151 1025 3265 1069 erat
3292 1028 3482 1069 manna
3512 1011 3638 1065 illud
3662 1052 3677 1075 ,

2116 1112 2255 1181 quod
2299 1126 2399 1180 ego
2441 1125 2580 1164 nunc
2620 1108 2868 1177 accipio?
2904 1108 3043 1176 Ergo
3074 1106 3203 1160 nihil
3243 1104 3400 1158 modo
3440 1104 3601 1163 venit.
3633 1103 3679 1156 si

2118 1210 2239 1256 ante
2262 1202 2371 1271 jam
2398 1201 2512 1255 fuit.
2543 1201 2679 1269 Ergo
2704 1209 3010 1255 evacuatum
3049 1208 3130 1252 est
3154 1196 3457 1251 scandalum
3483 1196 3676 1250 crucis.

2119 1291 2395 1358 Quomodo
2417 1304 2548 1360 ergo
2571 1290 2819 1351 eumdem,
2846 1288 2944 1341 nisi
2967 1287 3087 1356 quia
3111 1285 3309 1339 addidit
3335 1283 3681 1354 spiritualem?

2120 1382 2248 1436 Nam
2275 1384 2363 1451 qui
2386 1394 2577 1435 manna
2607 1380 2732 1434 illud
2768 1379 2843 1433 sic
2870 1386 3205 1447 acceperunt,
3238 1384 3293 1429 ut
3320 1373 3681 1429 tantummodo

2121 1472 2421 1542 indigentiae
2446 1485 2556 1525 sum
2597 1469 2859 1540 corporali
2900 1469 3143 1524 satisﬁeri
3176 1474 3437 1537 putarent,
3468 1473 3521 1522 et
3549 1480 3680 1520 ven-

2123 1572 2257 1618 trem
2294 1575 2447 1616 suum
2472 1562 2638 1633 pasci,
2676 1575 2780 1615 non
2807 1567 3036 1615 mentem
3060 1575 3076 1625 ;
3105 1558 3231 1613 nihil
3259 1573 3503 1628 magnum
3529 1572 3683 1611 man-

2122 1651 2464 1715 ducaverunt,
2494 1649 2688 1705 factum
2713 1650 2841 1704 satis
2865 1657 2947 1703 est
2974 1664 3159 1703 eorum
3183 1648 3502 1717 indigentiae.
3530 1646 3680 1701 Alios

2126 1741 2266 1794 Deus
2308 1741 2469 1809 pavit,
2518 1740 2635 1796 aliis
2675 1738 2869 1809 aliquid
2912 1738 3190 1793 nuntiavit.
3238 1737 3302 1793 lli
3333 1738 3462 1793 tales
3505 1736 3683 1791 cibum

2123 1831 2450 1900 corporalem
2482 1830 2950 1896 manducaverunt,
2980 1842 3083 1883 non
3115 1828 3289 1883 cibum
3331 1828 3681 1898 spiritualem.

2124 1922 2266 1989 Quos
2312 1936 2438 1991 ergo
2478 1921 2607 1975 dicit
2648 1930 2828 1991 patres
2880 1929 3089 1976 nostros
3138 1920 3313 1975 cibum
3357 1921 3685 1990 spiritualem

2125 2010 2370 2065 eumdem
2395 2009 2833 2065 manducavisse?
2872 2010 3017 2077 Quos
3042 2018 3308 2080 putamus,
3334 2008 3543 2074 fratres,
3586 2009 3690 2063 nisi

2126 2102 2213 2172 qui
2238 2117 2363 2157 vere
2414 2110 2591 2171 patres
2636 2102 2801 2156 nostri
2849 2100 3100 2156 fuerunt?
3153 2102 3263 2155 imo
3292 2110 3468 2169 patres
3516 2100 3691 2155 nostri

2126 2209 2231 2246 non
2275 2191 2508 2257 fuerunt,
2538 2190 2631 2245 sed
2673 2199 2813 2245 sunt.
2843 2190 3040 2248 Omnes
3068 2191 3207 2245 enim
3247 2191 3323 2245 illi
3369 2191 3570 2244 vivunt.
3603 2190 3694 2244 Sic

2128 2283 2268 2337 enim
2296 2281 2605 2351 quibusdam
2635 2280 2742 2335 illis
2784 2280 3082 2335 inﬁdelibus
3122 2280 3250 2335 dicit
3280 2280 3552 2345 Dominus,
3586 2279 3695 2332 Pa-

2129 2382 2226 2427 tres
2250 2375 2393 2429 vestri
2432 2374 2853 2426 manducarerunt
2896 2386 3083 2425 manna
3122 2372 3175 2425 in
3211 2388 3397 2439 eremo,
3439 2380 3484 2426 et
3514 2373 3695 2425 mortui

2131 2474 2264 2520 sunt.
2316 2464 2450 2532 Quid
2480 2472 2559 2519 est
2586 2463 2747 2527 enim,
2790 2462 2969 2517 Patres
2994 2463 3141 2517 vestri
3156 2480 3176 2529 ;
3204 2464 3325 2527 nisi,
3354 2477 3487 2532 quos
3513 2461 3697 2517 inﬁde-

2131 2556 2278 2611 litate
2316 2554 2612 2620 imitamini,
2659 2568 2881 2623 quorum
2911 2553 3024 2608 vias
3066 2568 3169 2607 non
3197 2552 3461 2608 credendo
3505 2559 3558 2606 ct
3585 2552 3698 2607 Deo

2132 2645 2427 2701 resistendo
2466 2642 2775 2699 sectamini?
2822 2642 3120 2697 Secundum
3165 2659 3323 2713 quem
3367 2642 3691 2697 intellectum

2133 2735 2445 2807 quibusdam
2476 2735 2619 2798 dicit,
2634 2733 2734 2789 Vos
2759 2751 2790 2787 a
2811 2743 2953 2804 patre
2971 2735 3167 2789 diabolo
3189 2736 3305 2789 estis
3335 2735 3354 2804 (
3373 2734 3529 2789 Joan.
3561 2751 3651 2789 vm
3674 2776 3689 2801 ,

2134 2827 2248 2897 44).
2280 2824 2462 2894 Neque
2486 2825 2625 2879 enim
2652 2824 2892 2879 diabolus
2924 2824 3153 2893 aliquem
3184 2824 3450 2878 hominem
3492 2824 3575 2879 vel
3600 2838 3697 2893 po-

2138 2918 2295 2972 tentia
2337 2917 2552 2983 creavit,
2583 2916 2668 2971 vel
2712 2916 3032 2986 generando
3060 2917 3354 2986 procreavit
3384 2934 3398 2972 :
3430 2927 3482 2972 et
3524 2924 3698 2973 tamen

2137 3006 2326 3060 dicitur
2354 3014 2503 3074 pater
2528 3005 2831 3075 impiorum,
2860 3021 2965 3060 non
3007 3016 3221 3077 prapter
3265 3008 3656 3077 generationem
3678 3048 3696 3074 ,

2138 3096 2232 3152 sed
2277 3104 2490 3166 propter
2530 3094 2897 3151 imitationem.
2947 3096 3095 3152 Sicut
3133 3112 3164 3153 e
3206 3106 3391 3153 contra
3434 3099 3501 3153 de
3547 3099 3701 3154 bonis

2138 3184 2346 3252 dicitur,
2369 3179 2509 3256 Ergo
2536 3200 2701 3239 semen
2726 3184 2940 3239 Abralue
2960 3188 3074 3241 estis
3099 3186 3294 3257 (Galat.
3324 3203 3401 3255 ιιι,
3428 3186 3518 3260 ‘29)
3545 3207 3557 3243 :
3580 3203 3701 3243 cum

2138 3273 2381 3344 loquatur
2406 3272 2683 3340 Gentibus,
2732 3289 2849 3344 qua:
2890 3279 3109 3346 stirpem
3148 3276 3323 3331 carnis
3365 3292 3431 3331 ex
3475 3277 3701 3333 Abrahze

2139 3377 2333 3434 genere
2352 3378 2456 3417 non
2477 3362 2757 3418 ducebant.
2787 3362 2910 3419 Filii
2930 3365 3070 3420 enim
3086 3374 3258 3432 erant,
3284 3381 3388 3419 non
3416 3365 3700 3433 nascendo,

2140 3450 2235 3507 sed
2255 3450 2527 3506 imitando.
2555 3451 2852 3521 Abrogatur
2877 3460 3051 3507 autem
3080 3460 3136 3508 et
3157 3453 3419 3510 alienatur
3438 3470 3467 3509 a
3487 3455 3706 3525 perﬁdis

2142 3551 2291 3612 pater
2331 3541 2625 3606 Abraham,
2670 3540 2881 3611 quando
2922 3543 3000 3597 eis
3042 3544 3292 3605 Dominus
3325 3545 3471 3609 dicit,
3505 3544 3567 3601 Si
3606 3546 3703 3614 ﬁlii

2143 3633 2358 3689 Abrahae
2375 3636 2564 3698 essetis,
2587 3650 2739 3704 opera
2761 3634 2978 3689 Abrahae
2998 3636 3227 3707 faceretis
3245 3635 3424 3705 (Joan.
3455 3652 3566 3701 vui,
3590 3637 3703 3706 59).

2143 3726 2211 3780 Et
2234 3733 2291 3780 ut
2316 3725 2467 3778 malm
2490 3724 2708 3779 arbores
2731 3724 2798 3779 de
2822 3724 3051 3780 Abrahae
3087 3725 3399 3794 paternitate
3423 3726 3708 3794 gloriantes

2145 3813 2555 3879 cradicarentur,
2586 3813 2675 3867 ﬁlii
2703 3812 2929 3869 Abrahae
2953 3813 3020 3868 de
3042 3813 3299 3883 lapidibus
3325 3815 3703 3882 promittuntur

2146 3902 2355 3975 (Matth.
2379 3919 2454 3968 ιιι,
2479 3902 2556 3973 9).
2586 3902 2733 3957 Sicut
2752 3917 2879 3972 ergo
2918 3901 3018 3957 hoc
3039 3901 3157 3957 loco
3176 3901 3321 3967 dicit,
3361 3901 3540 3957 Patres
3561 3905 3709 3958 vestri

2147 3994 2567 4047 manducaverunt
2597 4009 2781 4046 manna
2818 3993 2870 4047 in
2898 4009 3081 4057 eremo,
3121 4000 3167 4048 et
3208 3994 3392 4047 mortui
3418 4003 3532 4048 sunt
3557 4010 3577 4048 :
3601 4009 3706 4049 non

2147 4084 2286 4138 enim
2317 4082 2688 4138 intellexerunt
2713 4081 2852 4152 quod
2881 4081 3363 4147 manducaverunt;
3395 4082 3573 4152 itaque
3600 4098 3709 4137 non

2150 4172 2519 4241 iutelligeutcs,
2546 4172 2718 4226 cibum
2747 4171 2952 4226 nonnisi
2996 4170 3324 4239 corporalem
3352 4180 3707 4241 acceperunt:

2148 4263 2226 4317 sic
2267 4258 2321 4316 et
2361 4262 2645 4331 Apostolus
2692 4261 2838 4327 dicit,
2883 4267 3059 4329 patres
3104 4269 3334 4324 nostros,
3382 4275 3487 4316 non
3534 4269 3713 4331 patres

2150 4351 2470 4417 inﬁdelium,
2516 4367 2619 4405 non
2672 4360 2845 4418 patres
2889 4350 3191 4417 impiorum,
3237 4349 3615 4405 manducantes
3656 4361 3712 4405 et

2148 4442 2434 4496 morientes
2459 4458 2472 4503 ;
2512 4439 2604 4515 sed
2635 4449 2811 4508 patres
2838 4446 3067 4504 nostros,
3109 4446 3285 4507 patres
3315 4439 3565 4505 ﬁdelium,
3598 4441 3710 4509 spi-

2149 4516 2388 4585 ritualem
2417 4529 2588 4582 cibum
2616 4526 2980 4591 manducasse,
3010 4524 3063 4580 ct
3089 4526 3208 4581 ideo
3235 4527 3501 4582 eumdem.
3531 4527 3713 4581 Patres

2150 4619 2324 4683 nostri,
2356 4617 2542 4685 inquit,
2587 4614 2814 4669 eumdem
2848 4615 3010 4668 cibum
3038 4616 3347 4685 spiritualem
3374 4615 3703 4670 manducaue-

2150 4717 2289 4771 runt,
2330 4714 2378 4761 et
2424 4704 2649 4759 eumdem
2696 4713 2865 4774 potum
2906 4703 3218 4775 spiritualem
3259 4704 3505 4760 biberunt.
3548 4704 3716 4762 Erant

2152 4797 2294 4852 enim
2325 4795 2394 4850 ibi
2426 4794 2513 4864 qui
2544 4793 2683 4863 quod
2708 4792 3115 4859 manducabant,
3147 4794 3506 4864 intelligebant
3527 4812 3540 4848 :
3560 4807 3716 4852 erant

2153 4886 2223 4941 ibi
2244 4885 2433 4955 quibus
2476 4883 2593 4952 plus
2634 4880 2875 4940 Christus
2918 4884 2973 4939 in
3017 4883 3198 4951 corde,
3227 4899 3385 4955 quam
3422 4900 3612 4940 manna
3660 4887 3717 4941 in

2156 4990 2251 5030 ore
2296 4973 2550 5043 sapiebat.
2601 4972 2737 5041 Quid
2783 4973 2850 5029 de
2894 4972 3013 5027 aliis
3062 4974 3375 5043 loquamur?
3424 4974 3550 5030 lude
3602 4985 3716 5029 erat

2154 5066 2399 5137 primitus
2445 5065 2557 5134 ipse
2602 5064 2808 5137 Moyses
2847 5064 3076 5119 famulus
3118 5064 3247 5132 Dei,
3298 5066 3470 5121 ﬁdelis
3512 5068 3563 5118 in
3610 5074 3719 5119 tota

2153 5155 2312 5211 domo
2336 5154 2450 5225 ejus
2477 5153 2659 5225 (Hebr.
2697 5170 2776 5221 ιιι,
2802 5154 2884 5225 2),
2930 5155 3105 5210 sciens
3132 5155 3257 5225 quid
3286 5155 3637 5226 dispensaret,
3663 5165 3717 5209 et

2156 5247 2277 5317 quia
2306 5247 2397 5300 illo
2422 5255 2660 5315 tempore
2685 5246 2755 5299 ita
2779 5245 3070 5313 dispensari
3095 5245 3349 5300 deberent
3374 5246 3547 5300 clausa
3580 5260 3717 5315 prue-

2156 5336 2404 5401 sentium,
2451 5344 2632 5403 aperta
2678 5333 2990 5387 futurorum.
3032 5333 3266 5389 Breviter
3306 5349 3432 5403 ergo
3456 5334 3717 5390 dixerim:

2158 5424 2475 5492 quicumque
2499 5424 2550 5476 in
2571 5436 2760 5475 manna
2781 5420 3046 5475 Christum
3066 5421 3454 5487 intellexerunt,
3473 5424 3719 5478 eumdem

2158 5527 2313 5583 quem
2342 5526 2439 5566 nos
2481 5512 2658 5567 cibum
2704 5510 3027 5579 spiritualem
3074 5510 3556 5575 manducaverunt;
3602 5514 3724 5580 qui-

2159 5616 2383 5674 cumque
2407 5611 2582 5657 autem
2617 5601 2682 5656 de
2710 5614 2898 5661 manna
2923 5603 3091 5659 solam
3127 5604 3449 5661 saturitatem
3493 5603 3716 5674 quaesie-
