3996 6488
362 399 495 455 1853

351 521 505 577 runt,
550 518 727 579 patres
770 506 1054 581 inﬁdelium
1094 503 1573 565 manducaverunt,
1618 509 1673 555 et
1714 498 1906 581 mortui

350 614 491 659 sunt.
522 602 609 655 Sic
650 579 829 654 etiam~
851 596 1095 653 eumdem
1145 603 1322 663 potum
1357 590 1551 648 :Petra
1588 592 1719 643 enim
1762 579 1909 642 Chri-

349 705 473 745 stus.
519 688 777 744 Eumdem
817 702 943 756 ergo
979 694 1157 755 potum
1188 697 1347 752 quem
1376 696 1491 742 nos,
1523 680 1614 733 sed
1656 678 1904 748 spiritua-

352 783 453 835 lem
480 797 494 844 ;
524 779 574 833 id
602 788 703 843 est,
750 776 839 846 qui
886 776 989 830 ﬁde
1031 775 1353 843 capiebatur,
1399 786 1505 825 non
1554 769 1642 838 qui
1684 780 1906 835 corpore

352 870 705 925 hauriebatur.
754 866 989 922 Audistis
1035 862 1280 919 eumdem
1331 870 1534 933 potum,
1587 856 1744 913 Petra
1800 864 1908 910 erat

349 960 573 1015 Christus
603 973 623 1012 :
648 973 752 1011 non
795 956 937 1011 enim
982 956 1114 1009 alter
1131 953 1372 1007 Christus
1396 960 1540 1013 tunc,
1584 948 1719 1003 alter
1744 959 1904 1001 nunc.

350 1049 525 1104 Altera
552 1046 761 1117 quidem
799 1047 884 1100 illa
922 1054 1068 1114 petra
1093 1040 1287 1114 (Exod.
1316 1054 1450 1106 xvn,
1474 1039 1553 1108 ϐ),
1596 1038 1734 1093 alter
1772 1037 1906 1105 lapis

348 1156 504 1207 quem
531 1140 628 1193 sibi
655 1138 829 1208 posuit
864 1136 931 1190 ad
960 1145 1116 1203 caput
1134 1131 1298 1187 Jacob
1333 1128 1483 1201 (Gen.
1534 1142 1726 1192 xxvm,
1770 1126 1905 1196 il);

349 1231 482 1284 alter
505 1243 672 1299 agnus
709 1227 913 1282 occisus
940 1233 996 1277 ut
1041 1222 1447 1277 manducaretur
1485 1219 1685 1273 Pascha
1709 1214 1903 1286 (Exod.

352 1323 474 1392 xu),
528 1324 661 1376 alter
705 1321 842 1375 aries
878 1318 1087 1372 hrcrens
1126 1317 1176 1369 in
1224 1314 1472 1384 vepribus
1510 1311 1862 1367 immolandus
1886 1351 1903 1377 ,

349 1412 559 1480 quando
598 1410 704 1463 ﬁlio
753 1421 850 1463 suo
900 1407 1134 1476 pepercit
1183 1403 1448 1459 Abraham
1491 1402 1711 1472 jussus,
1749 1414 1906 1470 quem

349 1504 524 1567 jussus
561 1498 819 1553 obtulerat
856 1498 874 1565 (
895 1495 1021 1550 Gen.
1063 1510 1172 1549 xxu
1201 1536 1218 1560 ,
1258 1492 1372 1563 15)
1414 1510 1429 1551 :
1468 1492 1639 1546 altera
1701 1490 1815 1545 ovis
1853 1496 1910 1543 et

349 1593 514 1646 altera
542 1590 681 1651 ovis,
729 1587 863 1641 alter
903 1586 1036 1655 lapis
1078 1594 1132 1640 et
1171 1585 1303 1638 alter
1346 1581 1498 1651 lapis,
1548 1580 1689 1635 idem
1732 1588 1908 1633 tamen

349 1679 616 1741 Christus;
645 1677 764 1731 ideo
789 1675 1031 1729 eumdem
1057 1672 1255 1737 cibum,
1280 1670 1400 1725 ideo
1427 1668 1672 1723 eumdem
1699 1674 1903 1736 potum.

352 1772 584 1838 Denique
632 1779 880 1837 percussa
942 1772 1022 1817 est
1079 1763 1189 1831 ipsa
1232 1769 1379 1830 petra
1429 1758 1610 1827 ligno,
1658 1765 1715 1810 ut
1768 1768 1905 1823 aqua

349 1858 632 1914 deﬂueret:
651 1857 791 1926 virga
811 1854 949 1909 enim
972 1865 1216 1922 percussa
1237 1858 1318 1905 est
1334 1846 1525 1918 (Exod.
1548 1861 1674 1911 xvu,
1702 1845 1737 1900 5
1760 1853 1805 1899 et
1827 1842 1907 1913 6).

347 1952 521 2019 Quare
547 1949 709 2019 ligno,
748 1962 853 2001 non
881 1944 1043 2009 ferro,
1092 1941 1193 1997 nisi
1218 1940 1340 2011 quia
1391 1955 1517 1994 crux
1543 1937 1612 1993 ad
1643 1936 1909 1992 Christum

348 2039 590 2104 accessit,
616 2045 673 2091 ut
700 2034 853 2089 nobis
868 2033 1088 2105 gratiam
1120 2027 1459 2099 propinaret?
1483 2024 1739 2081 Eumdem
1781 2036 1910 2092 ergo

348 2131 546 2193 cibum,
578 2127 821 2183 eumdem
847 2134 1047 2195 potum,
1070 2122 1161 2179 sed
1193 2121 1600 2191 intelligentibus
1617 2128 1671 2175 et
1693 2117 1911 2175 creden-

351 2222 506 2275 tibus.
524 2219 636 2273 Non
650 2214 1054 2287 intelligentibus
1064 2220 1258 2277 autem,
1272 2211 1398 2266 illud
1411 2211 1581 2265 solum
1599 2224 1808 2275 manna,
1824 2208 1911 2263 illa

350 2314 461 2367 sola
486 2325 650 2381 aqua;
680 2309 768 2364 ille
791 2307 943 2362 cibus
971 2304 1246 2369 esurienti,
1268 2311 1423 2373 potus
1449 2302 1548 2356 iste
1571 2300 1785 2366 sitienti;
1814 2314 1913 2355 nec

351 2402 460 2465 ille,
485 2415 583 2454 nec
612 2400 710 2453 iste
738 2395 972 2452 credenti
997 2412 1009 2448 :
1032 2392 1453 2449 credentiautem
1476 2390 1614 2446 idem
1641 2394 1729 2460 qui
1752 2404 1908 2447 nunc.

1753 381 1978 437 SERMU
2014 382 2248 440 CCCLH.

3438 400 3575 461 1534

2013 495 2118 554 lum
2159 502 2363 573 Moyses
2390 504 2808 569 commendaret,
2910 509 3046 564 cavit
3070 525 3190 566 eum
3212 553 3226 578 ,
3272 522 3323 569 et
3352 515 3571 570 mutavit

2011 591 2058 645 ei
2099 607 2324 659 nomen,
2380 603 2433 647 et
2482 596 2761 662 appellavit
2808 611 2929 653 eum
2975 598 3153 655 Jesum
3187 611 3285 655 :ut
3325 618 3429 657 non
3478 620 3570 672 per

2012 682 2223 753 Moysen
2248 725 2261 745 ,
2294 684 2386 738 sed
2416 700 2511 751 per
2535 685 2712 739 Jesum
2738 729 2752 752 ,
2796 687 2845 741 id
2872 696 3077 743 estnon
3108 706 3202 757 per
3228 692 3391 759 legem
3414 732 3427 755 ,
3475 694 3567 747 Sed

2013 788 2108 841 per
2141 775 2361 841 gratiam
2413 774 2637 843 potiulus
2698 776 2787 829 Dei
2848 777 2899 830 in
2962 786 3151 833 terram
3212 781 3570 848 promissionis

2012 866 2250 921 intraret.
2292 867 2439 921 Sicut
2478 876 2653 923 autem
2713 869 2867 924 Jesus
2924 870 3015 925 ille
3078 888 3181 925 non
3242 889 3416 938 verus,
3475 875 3567 929 sed

2012 956 2290 1026 ﬁguratus;
2339 958 2407 1010 ita
2440 959 2596 1012 etiam
2638 967 2776 1013 terra
2804 961 3161 1028 promissionis
3208 962 3292 1017 illa
3322 979 3423 1017 non
3475 982 3567 1019 vc-

2010 1060 2102 1111 ra,
2138 1047 2232 1101 sed
2277 1048 2513 1117 ﬁgurata.
2555 1048 2646 1103 Illa
2671 1048 2812 1103 enim
2849 1049 3043 1117 populo
3091 1052 3262 1121 primo
3303 1062 3565 1121 tempora-
3654 1084 3655 1087 η

2010 1135 2197 1192 lisfuit
2227 1155 2241 1191 :
2270 1139 2419 1193 nobis
2445 1155 2562 1209 qute
2589 1140 2840 1209 promissa
2860 1150 2969 1207 est,
2996 1151 3189 1197 aeterna
3220 1145 3339 1198 erit.
3372 1145 3474 1199 Sed
3504 1144 3564 1198 ﬁ'-

1967 1227 2152 1308 _guris
2180 1227 2556 1296 temporalibus
2582 1229 3021 1297 promittebantur
3044 1240 3098 1285 et
3138 1233 3562 1300 prmnuntiahan-

2012 1324 2098 1370 tur
2119 1326 2335 1373 acterna.
2375 1317 2523 1373 Sicut
2558 1333 2685 1388 ergo
2704 1318 2792 1373 ille
2818 1334 2921 1373 non
2950 1334 3103 1374 verus
3128 1320 3281 1375 Iesus
3300 1362 3316 1385 ,
3356 1339 3451 1376 nec
3480 1324 3563 1379 illa

2010 1414 2149 1461 terra
2171 1407 2534 1476 promissionis
2558 1425 2679 1464 vera
2697 1452 2711 1476 ,
2738 1409 2830 1465 sed
2857 1409 3073 1479 ﬁgurata
3100 1427 3116 1463 :
3144 1411 3213 1466 ita
3243 1428 3430 1465 manna
3458 1429 3562 1466 non

2009 1497 2157 1552 cibus
2200 1514 2323 1554 vere
2372 1501 2635 1568 ctelestis,
2681 1503 2773 1556 sed
2826 1502 3113 1573 ﬁguratus;
3162 1503 3231 1558 ita
3288 1515 3431 1574 petra
3482 1507 3565 1559 illa

2010 1602 2114 1641 non
2171 1605 2295 1645 vere
2336 1591 2609 1655 Christus,
2669 1593 2762 1648 sed
2805 1592 3083 1663 ﬁguratus,
3121 1604 3176 1649 et
3230 1595 3308 1649 sic
3370 1596 3563 1649 omnia.

2009 1678 2176 1742 Quam
2223 1696 2349 1747 ergo
2399 1681 2496 1735 sibi
2564 1682 2725 1749 exigit
2777 1683 3247 1739 considerationem
3312 1683 3565 1740 dubitatio

2010 1765 2219 1838 Moysi?
2244 1768 2321 1822 Ne
2350 1768 2485 1824 forte
2516 1778 2571 1824 et
2606 1770 2676 1824 ibi
2702 1769 2874 1841 aliqua
2913 1772 3075 1842 ﬁgura
3106 1789 3352 1841 expressa
3381 1776 3482 1840 sit,
3515 1786 3567 1829 et

2010 1854 2241 1911 innuerit
2270 1855 2609 1928 intelligenti,
2635 1865 2688 1913 et
2713 1859 2777 1913 ad
2814 1861 3179 1930 inquirendum
3218 1864 3569 1918 commoverit

2010 1952 2065 1999 et
2094 1946 2451 2013 provocaverit
2475 1947 2726 2003 animum.
2748 1947 2915 2003 Video
2939 1950 3078 2005 enim
3094 1959 3147 2005 et
3165 1960 3284 2019 post
3308 1952 3447 2005 illam
3473 1951 3585 2007 ἀει--

2009 2032 2314 2089 bitationem
2337 2076 2351 2097 ,
2383 2044 2438 2090 et
2464 2044 2585 2105 post
2619 2038 2750 2092 iram
2780 2038 2905 2105 Dei,
2934 2047 2988 2093 et
3017 2048 3134 2108 post
3161 2042 3332 2096 minas
3358 2043 3563 2109 mortis,

2012 2130 2066 2177 et
2093 2132 2211 2192 post
2257 2125 2603 2182 remotionem
2630 2127 2701 2183 ab
2740 2127 3143 2185 introductione
3168 2130 3341 2200 populi
3369 2132 3421 2186 in
3456 2139 3567 2187 ter-

2012 2227 2126 2267 ram
2148 2215 2533 2283 promissionis,
2560 2216 2723 2272 multa
2748 2217 2916 2273 Deum
2943 2219 3020 2274 sic
3044 2218 3221 2274 dicere
3239 2220 3305 2275 ad
3331 2221 3566 2292 Moysen,

2013 2311 2263 2373 tanquam
2291 2303 2355 2359 ad
2379 2306 2636 2369 amicum,
2657 2307 2924 2376 quomodo
2948 2316 3002 2363 et
3025 2317 3177 2364 antea
3216 2309 3523 2380 loquebatur
3553 2327 3568 2365 :

2013 2406 2182 2460 usque
2218 2393 2352 2449 adeo
2376 2402 2434 2447 ut
2458 2393 2557 2463 ipsi
2589 2394 2716 2452 Iesu
2740 2394 2886 2451 Nave
2921 2395 3231 2452 obedientia:
3272 2399 3585 2467 exemplum-

351 2491 496 2545 Tunc
509 2489 649 2543 enim
665 2485 1186 2547 Cbristusventurus,
1202 2480 1357 2536 modo
1369 2479 1920 2536 Cbristusvcnit.Ven-
2013 2481 2083 2537 de
2106 2482 2285 2554 Moyse
2310 2488 2668 2553 proponatur,
2696 2491 2752 2538 et
2787 2485 2887 2540 hoc
2924 2500 3043 2540 eum
3074 2495 3286 2542 moneat
3313 2487 3452 2542 Deus
3471 2530 3486 2553 ,
3515 2498 3577 2547 ut

352 2589 498 2632 turus
526 2587 578 2632 et
609 2576 769 2637 venit,
799 2574 1006 2629 diversa
1028 2570 1187 2626 verba
1214 2580 1354 2634 sunt,
1372 2570 1463 2624 sed
1487 2568 1626 2624 idem
1652 2568 1911 2625 Christus.

418 2670 470 2722 ι.
507 2666 672 2737 Moysi
716 2664 957 2718 dubitatio
990 2661 1274 2733 ﬁgurativa.
1305 2659 1514 2729 Aliquid
1557 2659 1750 2723 etiam,
1778 2674 1912 2729 quo-

353 2760 490 2812 niam
538 2772 624 2812 res
665 2756 809 2811 venit
851 2755 902 2807 in
930 2753 1195 2816 medium,
1243 2751 1310 2807 de
1355 2751 1680 2805 dubitatione
1729 2750 1913 2805 famuli

354 2850 445 2904 Dei
486 2849 647 2919 Moysi
700 2848 820 2900 volo
866 2846 1063 2901 dicere.
1100 2842 1291 2913 Figura
1333 2843 1471 2897 enim
1522 2851 1639 2897 erat
1678 2851 1914 2898 veterum

352 2942 507 2995 etiam
536 2942 633 2992 ista
677 2945 996 2992 sanctorum.
1031 2933 1296 2989 Dubitavit
1326 2933 1391 2988 ad
1433 2920 1621 3002 aquam
1665 2933 1911 3003 Moyses;

351 3030 560 3097 quando
589 3038 787 3097 petram
811 3028 952 3097 virga
984 3025 1244 3095 percussit
1275 3032 1331 3079 ut
1354 3040 1485 3093 aqua
1512 3022 1733 3089 ﬂueret,
1760 3024 1914 3078 dubi-

352 3123 496 3175 tavit.
536 3120 922 3175 Dubitationem
953 3125 1127 3171 autem
1164 3114 1280 3184 ejus
1320 3115 1501 3184 legens
1525 3112 1747 3184 quisque
1777 3114 1915 3169 forte

354 3213 627 3276 transiret,
656 3226 751 3265 nec
778 3208 1116 3278 intelligeret,
1144 3207 1263 3277 quia
1291 3222 1389 3261 nec
1409 3222 1648 3277 quaerere
1672 3207 1908 3263 auderet.

356 3304 574 3357 Domino
612 3309 785 3354 autem
831 3300 940 3353 Deo
980 3297 1236 3352 dubitatio
1266 3296 1351 3351 illa
1379 3297 1662 3366 displicuit,
1707 3306 1761 3353 et
1795 3314 1913 3353 eam

352 3393 577 3458 notavit,
608 3407 709 3446 non
737 3390 906 3445 solum
932 3387 1229 3457 arguendo,
1272 3386 1365 3442 sed
1393 3388 1548 3441 etiam
1576 3388 1907 3442 vindicando.

351 3482 480 3538 Nam
513 3490 726 3551 propter
764 3480 899 3534 hanc
925 3477 1303 3533 dubitationem
1333 3476 1524 3531 dicitur
1546 3478 1738 3550 Moysi,
1788 3478 1909 3533 Non

352 3571 630 3625 introduces
674 3580 727 3622 tu
771 3568 1012 3637 papulum
1052 3567 1106 3620 in
1144 3577 1330 3622 terram
1358 3567 1699 3638 promissionis
1726 3568 1907 3637 (Num.

354 3677 423 3714 xx
443 3702 458 3725 ,
484 3660 591 3730 12).
618 3660 837 3712 Ascende
858 3659 910 3710 in
931 3665 1145 3711 montem
1163 3697 1179 3721 ,
1221 3667 1268 3711 et
1293 3672 1484 3711 morere
1512 3657 1684 3726 (Deut.
1726 3674 1870 3713 xxx"
1895 3701 1910 3724 ,

352 3750 464 3815 49).
493 3750 628 3803 Deus
656 3748 741 3803 hic
788 3748 969 3817 utique
1013 3755 1228 3816 apparet
1274 3746 1459 3802 iratus.
1504 3747 1638 3814 Quid
1696 3764 1819 3818 ergo
1848 3748 1915 3805 de

351 3840 554 3910 Moyse.
580 3838 765 3892 fratres
791 3837 931 3893 mei?
958 3835 1143 3891 Omnis
1167 3836 1255 3890 ille
1276 3836 1423 3905 labor
1445 3836 1558 3905 ejus
1578 3879 1591 3901 ,
1619 3840 1791 3892 omnis
1818 3854 1912 3907 pro

353 3930 546 3998 populo
572 3938 731 3982 :estus
753 3929 868 3995 ejus
888 3970 903 3993 ,
933 3936 988 3982 et
1017 3926 1102 3980 illa
1122 3926 1352 3981 ebaritas
1372 3967 1387 3993 ,
1418 3927 1600 3982 dicens
1619 3969 1635 3993 ,
1664 3928 1726 3984 Si
1744 3930 1914 3984 dimit-

351 4027 412 4077 tis
442 4026 547 4076 illis
574 4033 825 4093 peccatum
848 4064 862 4085 ,
889 4022 1113 4085 dimitte;
1142 4022 1221 4076 sin
1242 4031 1403 4076 autem
1424 4064 1439 4086 ,
1462 4022 1573 4076 dele
1596 4039 1674 4075 me
1698 4022 1761 4076 de
1785 4024 1911 4077 libro

351 4125 438 4167 tuo
479 4111 667 4183 (Exod.
697 4126 877 4176 xxxu,
923 4112 983 4167 5i
1009 4152 1025 4177 ,
1056 4110 1181 4180 3‘2),
1212 4112 1311 4165 hac
1347 4111 1516 4165 subita
1556 4119 1610 4166 et
1637 4112 1911 4180 repentina

351 4204 675 4258 dubitatione
701 4202 941 4256 damnata
978 4202 1090 4255 est?
1116 4201 1183 4255 Et
1215 4200 1340 4271 quid
1371 4210 1455 4256 est
1490 4200 1629 4271 quod
1657 4201 1914 4256 conclusit

353 4297 520 4351 lector
542 4308 663 4348 cum
688 4292 994 4362 Apostolum
1026 4292 1256 4362 legeret,
1282 4292 1513 4346 Charitas
1550 4308 1801 4362 nunquam
1827 4308 1915 4345 ca-

349 4385 425 4438 dit
446 4384 487 4453 (l
529 4382 645 4437 Cor.
675 4397 767 4436 xm
785 4422 799 4444 ,
832 4381 923 4451 8)?
946 4381 1077 4436 Cum
1103 4380 1342 4450 quaedam
1371 4380 1621 4435 solvenda
1648 4394 1911 4450 propone-

350 4490 493 4538 rem,
517 4473 743 4528 studium
764 4481 997 4526 vestrum
1037 4486 1123 4525 me
1164 4470 1287 4526 fecit
1312 4480 1367 4525 et
1402 4470 1541 4526 aliud
1582 4485 1909 4541 proponere,

354 4562 494 4633 quod
526 4560 659 4616 forte
688 4575 793 4615 non
823 4561 1147 4629 quaereretis.
1174 4559 1456 4615 Videamus
1479 4575 1636 4630 ergo,
1658 4570 1713 4615 et
1740 4560 1913 4615 adhuc

351 4660 604 4720 quantum
650 4666 926 4720 possumus
967 4665 1222 4705 conemur
1262 4659 1541 4719 penetrare
1579 4651 1909 4721 mysterium.

355 4746 598 4799 Irascitur
625 4745 790 4810 Deus,
820 4743 947 4796 dicit
990 4757 1111 4797 eum
1154 4758 1257 4796 non
1295 4742 1711 4797 iutroducturnm
1744 4758 1913 4811 popu-

354 4837 459 4890 lum
508 4836 558 4887 in
591 4844 779 4888 terram
832 4830 1225 4901 promissionis;
1262 4831 1415 4899 jubet
1455 4839 1512 4884 ut
1556 4831 1804 4885 ascendat
1858 4833 1909 4885 in

354 4933 585 4978 montem
614 4931 665 4976 et
688 4921 959 4975 moriatur.
987 4918 1049 4971 Et
1076 4927 1247 4972 tamen
1268 4919 1430 4972 multa
1458 4919 1682 4989 injungit
1711 4919 1911 4988 agenda

351 5014 523 5069 eidem
570 5012 730 5082 Moysi
770 5009 958 5078 :jubet
1010 5006 1132 5076 quid
1162 5013 1309 5076 agat,
1358 5007 1622 5076 quomodo
1664 5009 1911 5078 populum

352 5104 626 5173 disponat,
653 5100 916 5171 quomodo
937 5114 1039 5153 non
1062 5098 1322 5166 relinquat
1347 5099 1540 5166 passim
1571 5108 1624 5152 et
1652 5101 1914 5169 negligen-

354 5202 452 5249 ter.
506 5192 779 5260 Nnnquam
823 5190 921 5243 ista
974 5186 1221 5241 damnato
1268 5185 1543 5255 iniungere
1588 5188 1909 5257 dignaretur.

350 5283 508 5338 Aliud
533 5281 751 5349 accipite
775 5277 1086 5333 mirabilius.
1118 5277 1376 5342 Quoniam
1416 5277 1615 5332 dictum
1645 5287 1727 5333 est
1749 5280 1912 5352 Moysi

351 5372 477 5443 (hoc
501 5372 639 5427 enim
669 5368 864 5439 placuit
906 5366 1017 5421 Deo
1040 5369 1171 5420 certi
1216 5367 1452 5438 mysterii
1482 5368 1914 5436 dispensationis-

350 5478 455 5533 qne
474 5459 666 5530 gratia)
694 5457 833 5528 quod
868 5457 981 5526 ipse
1004 5456 1053 5509 in
1083 5464 1276 5510 terram
1302 5456 1669 5525 promissionis
1698 5473 1802 5513 non
1830 5460 1911 5513 in-

350 5552 654 5607 troduceret
698 5546 977 5617 p0pulum,
1006 5544 1214 5614 eligitur
1253 5545 1388 5600 alius
1435 5545 1589 5609 Jesus
1635 5546 1814 5612 Nave;
1858 5555 1913 5602 et

353 5646 453 5698 iste
476 5641 635 5696 homo
656 5652 759 5694 non
788 5637 888 5692 hoc
914 5635 1125 5690 nomine
1154 5635 1437 5690 vocabatur
1454 5676 1468 5699 ,
1498 5636 1781 5691 vocabatur
1804 5639 1911 5692 Au-

351 5746 442 5789 ses
470 5729 650 5802 (Nam.
676 5742 767 5783 xm
786 5767 802 5795 ,
832 5723 941 5795 l7).
970 5723 1178 5779 Etcum
1207 5724 1254 5779 ei
1281 5724 1714 5781 introduccndum
1747 5741 1911 5796 popu-

2014 2570 2092 2627 sie
2137 2572 2186 2627 ei
2214 2575 2443 2638 serviat,
2473 2573 2737 2643 quomodo
2772 2574 2985 2630 servivit
3018 2574 3257 2648 Moyses;
3300 2586 3354 2632 et
3398 2578 3474 2632 sic
3511 2593 3570 2632 se

2013 2662 2292 2731 pollicetur
2334 2679 2453 2718 cum
2491 2678 2559 2719 eo
2598 2663 2868 2730 futurum,
2911 2666 3174 2736 quomodo
3213 2681 3333 2722 cum
3371 2666 3570 2738 Moyse.

2016 2754 2327 2819 Evidenter,
2373 2755 2703 2823 charissimi,
2743 2756 3053 2826 constringit
3095 2771 3194 2812 nos
3237 2759 3351 2826 ipse
3394 2758 3531 2812 Deus
3556 2799 3570 2822 ,

2016 2860 2120 2900 non
2150 2845 2344 2913 passim
2387 2845 2810 2915 reprehendere,
2841 2846 2935 2902 sed
2974 2845 3270 2917 intelligere
3290 2847 3573 2902 dubitatio-

2006 2953 2137 2993 onem
2162 2938 2346 3008 Moysi.
2373 2938 2564 3008 Figura
2604 2948 2748 3007 petra
2768 2938 2971 3007 jacens,
3013 2938 3176 3007 ﬁgura
3204 2940 3347 3008 virga
3386 2954 3575 3009 percu-

2020 3028 2193 3093 tiens,
2215 3028 2375 3094 ﬁgura
2418 3043 2548 3097 aqua
2578 3027 2780 3094 ﬂuens,
2811 3028 2973 3098 ﬁgura
2995 3035 3049 3083 et
3074 3029 3280 3099 Moyses
3308 3029 3572 3082 dubitans.

2017 3116 2083 3171 Et
2123 3116 2190 3170 ibi
2214 3116 2501 3180 dubitavit,
2532 3117 2618 3171 ubi
2648 3117 2922 3184 percussit.
2946 3117 3078 3172 illnc
3104 3116 3236 3172 facta
3261 3124 3343 3172 est
3370 3116 3576 3171 dubita-

2017 3209 2091 3263 tio
2124 3208 2324 3279 Moysi,
2371 3208 2582 3277 quando
2608 3208 2803 3275 lignum
2832 3208 3057 3262 accessit
3100 3206 3166 3261 ad
3206 3216 3423 3275 petram.
3456 3204 3574 3260 Jam

2022 3285 2232 3355 veloces
2272 3300 2584 3369 przevolant,
2628 3299 2734 3353 imo
2770 3298 2949 3352 tardos
2974 3297 3231 3366 patienter
3249 3304 3573 3365 exspectent.

2018 3391 2283 3445 Dubitavit
2312 3390 2520 3461 Moyses
2545 3389 2755 3459 quando
2782 3389 2977 3457 lignum
3000 3388 3221 3443 accessit
3245 3387 3308 3439 ad
3337 3394 3536 3455 petram
3557 3401 3577 3439 :

2015 3482 2388 3538 dubitaverunt
2436 3481 2678 3550 discipuli
2728 3480 2937 3549 quando
2995 3479 3237 3534 viderunt
3287 3477 3581 3533 Dominum

2016 3571 2343 3625 cruciﬁxum.
2391 3571 2586 3625 llorum
2630 3570 2846 3638 ﬁguram
2891 3568 3107 3638 gerebat
3132 3567 3354 3637 Moyses.
3384 3564 3579 3634 Figura

2016 3671 2131 3716 erat
2161 3663 2301 3716 Petri
2345 3662 2486 3715 illius
2514 3670 2593 3715 ter
2620 3660 2876 3729 negantis.
2922 3658 3094 3727 Quare
3135 3657 3324 3712 Petrus
3360 3656 3577 3711 dubita-

2018 3753 2131 3807 vit?
2151 3753 2281 3821 Quia
2301 3753 2495 3822 lignum
2515 3762 2673 3820 petrze
2699 3749 3085 3819 propinquavit.
3109 3747 3241 3801 Cum
3259 3747 3440 3802 mortis
3465 3762 3576 3801 sua:

2014 3859 2179 3913 genus
2198 3885 2213 3908 ,
2243 3843 2292 3897 id
2312 3851 2388 3897 est
2411 3884 2425 3907 ,
2457 3855 2666 3896 crucem
2693 3841 2859 3908 ipsam
2887 3836 3263 3909 prmnuntiaret
3287 3836 3537 3890 Dominus
3552 3876 3579 3901 ,.

2017 3937 2129 4004 ipse
2158 3935 2344 3989 Petrus
2368 3931 2578 4000 expavit
2608 3948 2621 3984 :
2650 3930 2788 3983 Absit
2807 3945 2838 3981 a
2858 3937 2937 3994 te,
2962 3926 3204 3993 Domine,
3232 3942 3332 3980 non
3355 3925 3447 3980 erit
3477 3925 3576 3979 hoc

2017 4025 2224 4097 (Matth.
2253 4040 2340 4079 xv:
2362 4066 2376 4088 ,
2399 4022 2513 4093 (ΞΩ).
2548 4021 2763 4076 Dubitas
2782 4061 2797 4087 ,
2825 4020 2943 4090 quia
2975 4028 3136 4088 pctrte
3160 4017 3438 4072 imminere
3464 4016 3575 4070 viro

2014 4131 2131 4184 gam
2159 4114 2326 4169 vides.
2369 4112 2491 4168 ideo
2519 4126 2666 4181 spem
2696 4124 2874 4175 suam,
2915 4123 3073 4177 quam
3098 4106 3347 4176 gerebant
3370 4105 3437 4161 de
3465 4105 3570 4160 Do-

2015 4206 2158 4258 mino
2182 4203 2451 4272 discipuli,
2481 4208 2604 4254 tunc
2632 4198 2972 4269 perdiderunt
3002 4215 3015 4248 :
3044 4195 3271 4266 quodam
3300 4194 3456 4248 modo
3485 4194 3571 4247 in-

2014 4302 2245 4363 tercepta
2258 4301 2357 4358 est,
2376 4290 2583 4361 quando
2599 4288 2904 4343 cruciﬁxum
2935 4286 3198 4351 viderunt,
3211 4283 3419 4353 quando
3432 4283 3576 4351 plan-

2015 4391 2205 4439 xerunt
2215 4383 2464 4438 oceisum.
2478 4379 2675 4434 Invenit
2685 4392 2777 4433 eos
2791 4375 3350 4446 postresurrectionem
3364 4372 3578 4442 loquen-

2018 4484 2094 4529 tes
2116 4474 2254 4527 inter
2268 4486 2324 4526 se
2343 4470 2410 4525 de
2430 4470 2528 4525 hac
2552 4484 2631 4537 re,
2655 4467 2789 4522 tristi
2805 4465 3094 4535 colloquio;
3122 4472 3174 4519 et
3194 4471 3378 4517 tenens
3391 4461 3576 4517 oculos

2016 4580 2197 4620 eorum
2220 4580 2285 4619 ne
2303 4564 2369 4617 ab
2387 4563 2465 4617 eis
2482 4568 2874 4630 agnosceretur,
2896 4572 2999 4611 non
3016 4571 3076 4611 se
3093 4554 3335 4609 auferens
3354 4551 3575 4607 creden-

2016 4656 2178 4721 tibus,
2192 4654 2285 4709 sed
2301 4652 2550 4707 diﬁ‘erens
2577 4649 2896 4709 dubitantes,
2913 4661 2973 4701 se
2987 4654 3230 4709 tanquam
3248 4641 3457 4695 tertium
3473 4638 3576 4694 col-

2018 4745 2304 4797 loeutorem
2330 4738 2561 4795 sermoni
2587 4735 2935 4795 commiscuit,
2956 4742 3010 4788 et
3035 4731 3273 4800 quaesivit
3296 4729 3363 4783 ab
3387 4728 3463 4782 eis
3483 4743 3574 4782 ιιιιο

2016 4833 2082 4888 de
2108 4833 2465 4901 loquerentur.
2497 4827 2747 4881 Mirantur
2773 4824 2846 4877 illi
2865 4863 2881 4888 ,
2902 4823 3020 4891 quia
3046 4822 3187 4875 solus
3213 4821 3415 4890 ignorat
3433 4819 3573 4889 quod

2016 4922 2069 4976 in
2095 4936 2159 4975 eo
2185 4920 2373 4973 factum
2404 4916 2571 4969 fuerat
2597 4914 2685 4983 qui
2709 4911 2994 4982 qumrcbat.
3022 4908 3100 4962 Tu
3125 4908 3281 4975 solus,
3312 4907 3572 4978 inquiunt,

2018 5007 2346 5078 peregrinaris
2365 5006 2416 5058 in
2429 5003 2709 5058 Jerusalem
2724 5002 2749 5054 ?
2774 5002 2838 5053 Et
2856 5004 3271 5053 commemorant
3293 5013 3409 5066 quas
3431 5006 3585 5067 gesta.

2017 5099 2121 5154 sint
2137 5098 2202 5152 de
2220 5097 2362 5151 Jesu.
2387 5096 2451 5149 Et
2468 5094 2716 5149 continuo
2721 5091 2829 5160 jam
2851 5088 3232 5157 desperationis
3249 5103 3359 5143 suae
3374 5087 3578 5142 medul-

2019 5190 2096 5243 las
2114 5186 2377 5257 apcriunt,
2417 5193 2469 5238 et
2494 5182 2683 5237 vulnus
2705 5180 2910 5235 medico
2935 5178 3059 5234 licet
3087 5178 3381 5234 nescientes
3400 5185 3583 5231 osten.

2017 5277 2147 5332 dunt
2170 5294 2184 5329 :
2204 5275 2315 5330 Nos
2331 5285 2515 5338 autem,
2536 5272 2794 5342 inquiunt,
2816 5269 3137 5342 sperabamus
3161 5266 3295 5338 quod
3319 5269 3371 5320 in
3386 5266 3474 5319 illo
3500 5282 3579 5320 re-

2019 5369 2236 5438 demptio
2275 5375 2395 5422 esset
2420 5364 2586 5419 Israel
2604 5362 2750 5435 (Luc.
2776 5378 2928 5425 xxiv,
2952 5358 3163 5429 13-21).
3187 5359 3324 5413 Ecce
3344 5357 3483 5410 facta
3499 5364 3579 5411 est

2018 5460 2296 5526 dubitatio,
2339 5459 2461 5528 quia
2498 5457 2694 5527 lignum
2742 5452 2965 5509 accessit
3002 5450 3067 5505 ad
3098 5458 3300 5520 petram
3327 5463 3343 5500 :
3366 5447 3577 5517 impleta

2019 5557 2102 5603 est
2138 5548 2300 5618 ﬁgura
2329 5546 2514 5617 Moysi.

2090 5640 2142 5694 5.
2167 5637 2370 5709 Moyses
2406 5639 2459 5691 in
2504 5645 2669 5690 monte
2695 5634 2940 5698 moriens,
2976 5628 3097 5701 quid
3125 5627 3456 5683 adumbravit.
3484 5626 3571 5681 Vi-

2021 5728 2238 5783 deamus
2265 5736 2319 5782 et
2350 5728 2484 5782 hanc
2516 5743 2528 5778 :
2558 5725 2781 5781 Ascende
2806 5725 2858 5777 in
2888 5729 3101 5776 montem
3123 5760 3137 5787 ,
3168 5729 3212 5774 et
3244 5735 3450 5775 morere.
3480 5719 3580 5774 Per
