3996 6450
440 351 581 409 1555

438 476 669 524 mortem
699 463 1033 535 corporalem
1083 462 1249 534 Moysi
1286 460 1504 530 ﬁgurata
1546 468 1624 514 est
1666 472 1812 513 mors
1856 456 2020 525 ipsius

437 557 815 619 dubitationis;
848 555 941 610 sed
983 555 1035 608 iu
1083 560 1282 606 monte.
1328 552 1373 606 Ο
1415 552 1549 606 mira
1594 551 1876 621 mysteria!
1909 548 2021 602 [loc

435 659 589 703 certe
614 648 910 717 expositum
939 655 991 701 et
1011 644 1335 700 intellectum
1357 686 1373 712 ,
1405 652 1603 714 quanto
1627 643 1833 698 dulcius
1860 656 2020 712 quam

433 740 672 797 manna?
715 740 796 795 Ad
843 748 1043 808 petram
1102 749 1224 791 nata
1274 745 1358 791 est
1403 736 1693 798 dubitatio,
1745 735 1798 789 in
1837 740 2019 788 monte

433 842 645 887 mortua
672 841 772 885 est.
815 829 1038 898 Quando
1065 827 1161 881 fuit
1191 827 1406 881 humilis
1431 825 1675 880 Christus
1718 824 1769 878 in
1815 822 2019 893 passio-

438 933 535 984 ne,
565 920 714 988 quasi
753 930 902 989 petra
938 917 1152 987 jacebat
1189 927 1310 971 ante
1334 916 1559 970 oculos:
1592 915 1781 969 merito
1824 912 1877 967 in
1925 913 2017 968 illo

442 1008 805 1071 dubitabatur,
836 1008 1104 1061 humilitas
1156 1007 1245 1060 illa
1272 1005 1401 1059 nihil
1439 1020 1685 1074 magnum
1718 1002 2015 1073 prmteude-

439 1100 546 1153 bat.
573 1098 757 1153 Merito
794 1101 905 1171 ipsa
945 1099 1242 1154 humilitate
1274 1098 1442 1153 factus
1489 1106 1571 1153 est
1607 1097 1738 1165 lapis
1765 1096 2017 1152 oli‘ensio-

436 1190 517 1245 nis
550 1193 983 1248 :resurrectione
1010 1200 1190 1246 autem
1231 1191 1550 1244 clariﬁcatus
1591 1204 1816 1259 magnus
1853 1203 2016 1257 appa-

432 1285 568 1350 ruit,
618 1285 729 1353 jam
782 1300 937 1340 mons
989 1292 1093 1339 est.
1138 1283 1255 1338 Jam
1308 1297 1436 1353 ergo
1461 1282 1548 1335 illa
1584 1280 1865 1345 dubitatio,
1897 1294 2015 1348 qua!

434 1389 559 1434 nata
586 1388 704 1433 erat
727 1378 793 1433 ad
822 1388 1022 1447 petram
1044 1417 1060 1442 ,
1092 1377 1144 1431 in
1192 1384 1371 1430 monte
1408 1376 1683 1430 moriatur.
1713 1374 2016 1443 Agnoscunt

436 1467 681 1537 discipuli
702 1469 927 1523 salutem
952 1482 1101 1524 suam
1124 1509 1138 1532 ,
1167 1474 1419 1521 revocent
1446 1480 1595 1535 spem
1622 1479 1793 1518 suam.
1825 1464 2014 1517 Atten-

433 1557 503 1613 de
533 1558 984 1628 quemadmodum
1024 1556 1285 1611 moriatur
1325 1556 1413 1610 illa
1459 1554 1747 1618 dubitatio,
1800 1552 2015 1607 attende

435 1650 885 1720 quemadmodum
925 1650 1183 1705 moriatur
1206 1649 1415 1718 Moyses
1458 1647 1512 1700 in
1551 1654 1751 1700 monte.
1784 1643 1899 1699 Non
1935 1643 2015 1696 in-

431 1752 542 1798 tret
570 1746 621 1798 in
668 1753 861 1798 terram
892 1742 1259 1812 promissionis
1302 1757 1316 1793 :
1347 1739 1595 1794 nolumus
1622 1737 1695 1791 ibi
1722 1736 2012 1791 dubitatio-

432 1850 591 1900 nem;
638 1835 915 1889 moriatur.
955 1831 1211 1888 Ostendat
1254 1830 1411 1885 nobis
1433 1844 1552 1885 eam
1574 1825 1818 1881 Christus
1852 1825 2009 1879 mori.

431 1925 737 1995 Trepidavit
779 1925 969 1979 Petrus
1001 1942 1015 1978 :
1048 1933 1102 1978 ct
1141 1923 1355 1993 negavit
1397 1931 1497 1976 ter.
1547 1918 1704 1974 Petra
1735 1918 1867 1973 enim
1907 1925 2015 1972 erat

444 2015 691 2072 Christus.
721 2017 1060 2081 Resurresit,
1104 2031 1262 2070 mons
1306 2016 1476 2069 factus
1504 2023 1587 2068 est
1633 2030 1647 2066 :
1697 2011 1924 2066 firmavit
1959 2018 2015 2065 et

430 2107 669 2164 Petrum.
713 2107 824 2162 Sed
853 2106 1081 2161 moritur
1116 2105 1399 2161 dubitatio.
1440 2102 1718 2170 Quomodo
1743 2100 2012 2155 moritur?

432 2195 621 2265 Petro,
650 2214 800 2253 amas
838 2198 954 2252 me?
991 2195 1181 2252 Cordis
1219 2196 1519 2266 inspector,
1552 2193 1733 2249 cordis
1770 2192 2013 2263 cognitor

430 2286 760 2356 interrogat;
789 2298 843 2342 et
870 2286 984 2341 vult
1012 2286 1196 2341 audire
1218 2285 1359 2356 quod
1385 2292 1622 2349 ametur,
1650 2292 1706 2338 et
1726 2297 1909 2352 parum
1931 2288 2014 2334 est

430 2377 623 2431 semel.
653 2376 950 2448 lntcrrogat
978 2377 1079 2431 hoc
1098 2418 1113 2441 ,
1143 2376 1293 2431 audit
1313 2391 1480 2445 prope
1506 2390 1627 2431 eum
1661 2374 1818 2429 taedio
1846 2371 2013 2443 ipsius

428 2468 573 2527 Petri
623 2486 639 2524 :
687 2470 911 2524 miratur
938 2470 1080 2523 enim
1121 2467 1437 2537 interrogari
1475 2481 1534 2521 sc
1579 2481 1608 2521 a
1645 2464 1887 2535 praescio,
1918 2463 2011 2517 sed

430 2559 597 2615 etiam
640 2559 798 2614 toties
848 2557 1159 2626 interrogari
1202 2560 1322 2611 cum
1362 2556 1531 2611 semel
1591 2554 1861 2609 sufficeret
1920 2567 2011 2608 re-

429 2649 695 2718 apondcre
734 2648 895 2705 etiam
934 2647 1211 2703 nescienti.
1240 2646 1347 2703 Sed
1387 2652 1636 2716 tanquam
1688 2644 1783 2699 tibi
1812 2643 2013 2697 diceret

429 2739 729 2805 Dominus,
793 2738 1099 2807 Exspecto,
1162 2752 1414 2792 numerus
1472 2736 1736 2805 legitimus
1792 2733 2015 2804 implea-

431 2838 521 2884 tur
548 2848 563 2884 :
592 2830 747 2884 tertio
806 2828 1121 2884 conﬁteatur
1166 2843 1262 2898 per
1289 2840 1523 2882 amorem
1552 2823 1727 2896 (Joau.
1761 2839 1883 2889 ut,
1913 2823 2012 2878 15-

432 2922 558 2991 17),
588 2921 709 2991 quia
758 2929 842 2976 ter
889 2928 1170 2990 negaverat
1200 2933 1296 2989 per
1334 2919 1577 2973 timorem
1598 2915 1813 2987 (Matth.
1840 2930 1965 2969 xm
1992 2954 2008 2981 ,

433 3012 636 3085 69-76).
661 3014 814 3081 Quod
844 3028 971 3084 ergo
1012 3013 1269 3067 Dominus
1303 3012 1460 3065 toties’
1484 3008 1879 3079 interrogabat,
1906 3006 2007 3061 du-

440 3104 753 3159 bitationem
782 3104 924 3158 illam
955 3104 1009 3157 in
1035 3110 1217 3156 monte
1244 3100 1538 3156 occidebat.

502 3196 557 3251 6.
591 3197 671 3249 Ad
689 3194 1006 3265 Baptismum
1030 3193 1225 3247 invitat.
1253 3191 1441 3245 Manus
1470 3189 1639 3260 Moysi
1654 3196 1831 3244 contra
1858 3188 2014 3241 Ama-

433 3286 543 3341 lech
567 3302 698 3339 nunc
724 3294 963 3349 extenua,
1002 3300 1135 3337 nunc
1160 3282 1409 3337 demissae.
1442 3279 1579 3346 Quid
1617 3293 1775 3350 ergo,
1803 3278 2010 3332 charis-

430 3378 591 3442 simi,
622 3378 666 3433 si
690 3386 870 3447 patent
900 3374 1189 3429 hrcc?Non
1213 3374 1277 3427 ad
1307 3372 1548 3427 fraudem
1567 3414 1579 3435 ,
1617 3371 1709 3425 sed
1736 3370 1801 3424 ad
1820 3370 2011 3438 jucun-

432 3469 651 3523 ditatem
678 3469 857 3523 clausa
886 3474 1057 3521 erant.
1088 3465 1273 3533 Neque
1299 3465 1439 3519 enim
1472 3473 1579 3517 tam
1609 3461 1833 3516 dulciter
1851 3475 2010 3529 cape-

428 3569 644 3628 rentur,
673 3561 718 3616 si
764 3568 1007 3630 prompta
1036 3560 1372 3614 vilescercnt.
1402 3556 1667 3625 Respiciat
1691 3570 1819 3623 ergo
1847 3567 2013 3623 nego-

428 3651 561 3707 tium
606 3667 760 3706 suum
795 3651 1179 3719 competiturus
1218 3648 1576 3719 Baptismum,
1602 3660 1761 3716 quem
1808 3644 2011 3713 alloqui

429 3758 717 3813 coeperam.
762 3743 905 3796 Mare
948 3742 1185 3794 Rubrum
1234 3740 1537 3809 Baptismus
1579 3745 1729 3803 erat,
1779 3734 2010 3804 populus

429 3834 698 3889 transiens
746 3830 1115 3901 baptizabatur
1165 3846 1178 3881 :
1237 3829 1489 3882 transitus
1544 3828 1659 3895 ipse
1707 3826 2011 3895 Baptismus

429 3933 581 3990 erat,
629 3923 723 3979 scd
769 3923 821 3976 iu
870 3921 1031 3975 nube.
1071 3920 1259 3973 Adhuc
1301 3919 1443 3972 enim
1483 3916 1821 3971 nubilabatur
1866 3913 2008 3984 quod

431 4014 920 4085 pncnuntiabatur:
947 4010 1121 4066 adhuc
1162 4009 1527 4065 occultabatur
1565 4007 1706 4077 quod
1735 4007 2011 4076 promitte.

429 4110 606 4163 batur.
636 4107 751 4163 Jam
792 4104 953 4161 modo
977 4104 1198 4159 recessit
1225 4103 1426 4167 nubes,
1458 4100 1752 4155 manifesta:
1770 4096 2012 4152 veritatis

429 4197 693 4255 serenitas
718 4197 853 4251 facta
883 4204 963 4250 est
992 4210 1007 4248 :
1041 4193 1163 4264 quia
1188 4190 1408 4247 recessit
1428 4199 1482 4245 et
1507 4189 1711 4253 velum,
1747 4202 1844 4256 per
1870 4183 2010 4254 quod

431 4288 745 4359 loquebatur
772 4287 1000 4357 Moyses.
1044 4284 1158 4338 lloc
1198 4281 1375 4338 velum
1402 4288 1457 4336 et
1506 4279 1563 4334 in
1590 4278 1785 4347 templo
1812 4274 2011 4345 pende-

430 4379 520 4435 bat
539 4421 555 4446 ,
586 4395 652 4434 ne
676 4387 882 4433 secreta
902 4376 1085 4446 templi
1123 4374 1468 4429 viderentur:
1499 4369 1593 4424 sed
1624 4370 1675 4423 in
1720 4381 1878 4423 cruce
1908 4367 2012 4420 Do-

431 4472 558 4525 mini
585 4470 761 4524 velum
789 4468 1115 4523 conscissum
1159 4474 1271 4530 est,
1314 4471 1371 4516 ut
1410 4469 1667 4531 paterent.
1698 4458 1833 4513 Veni
1880 4471 2009 4527 ergo

430 4563 496 4617 ad
520 4561 846 4631 Baptismum
878 4575 891 4611 :
922 4556 1201 4627 ingredere
1231 4551 1527 4622 intrepidus
1556 4551 1693 4603 viam
1743 4563 1840 4618 per
1864 4562 2011 4601 mare

430 4655 706 4717 Rubrum;
736 4650 843 4705 n‘oli
871 4663 992 4704 esse
1024 4648 1091 4702 de
1122 4653 1339 4716 peccato
1368 4642 1640 4712 praeterito
1670 4650 1916 4709 tanquam
1942 4637 2010 4692 de

429 4744 682 4817 Egyptio
728 4748 987 4811 sequente
1034 4737 1307 4792 sollicitus.
1357 4733 1675 4788 Premebant
1714 4741 1764 4785 te
1793 4738 2011 4800 peccata

428 4847 517 4890 tua
544 4835 677 4889 duro
718 4847 881 4887 onere
906 4829 1204 4893 servitutis,
1238 4826 1331 4881 sed
1361 4826 1411 4878 in
1446 4823 1705 4894 Egypto,
1750 4823 1801 4875 in
1828 4834 2010 4875 amore

428 4928 587 4998 hujus
613 4925 822 4990 saeculi,
853 4923 905 4978 in
934 4920 1358 4994 peregrinatione
1398 4918 1712 4986 longinqua;
1752 4914 2013 4983 cogebant

431 5032 482 5075 te
508 5016 698 5073 sectari
722 5029 881 5084 opera
904 5022 1134 5080 terrena,
1164 5020 1417 5080 tanquam
1438 5008 1633 5061 lateres
1658 5007 1853 5070 facere,
1878 5016 2009 5071 ope-

427 5129 489 5167 ra
520 5112 660 5165 lutea
704 5106 1030 5175 operabaris.
1059 5105 1312 5158 Premunt
1352 5109 1402 5155 te
1450 5106 1663 5170 peccata
1683 5140 1697 5163 ,
1728 5096 1847 5149 veni
1876 5096 1892 5126 ¹
1920 5108 2008 5148 se-

430 5217 589 5259 curus
635 5198 701 5253 ad
729 5197 1056 5266 Baptismum
1096 5212 1110 5247 :
1142 5209 1310 5263 usque
1346 5192 1411 5247 ad
1441 5206 1631 5261 aquam
1663 5188 1830 5243 hostis
1859 5183 2009 5256 sequi

430 5292 660 5365 poterit,
695 5287 764 5343 ibi
791 5285 1069 5341 morietur.
1098 5282 1249 5339 Time
1274 5283 1472 5353 aliquid
1495 5284 1563 5337 de
1584 5282 1690 5335 vita
1718 5278 2005 5350 praeterita,

430 5381 589 5436 crede
633 5375 833 5448 aliquid
875 5388 1246 5429 remansurum
1291 5380 1500 5427 tuorum
1552 5380 1891 5441 peccatorum
1917 5410 1932 5435 ,
1964 5367 2010 5421 si

429 5469 619 5538 aliquis
660 5465 919 5524 remansit
959 5463 1349 5534 Egyptiorum.
1400 5462 1574 5520 Audio
1613 5475 1797 5516 vocem
1836 5458 2011 5530 pigro-

430 5576 550 5618 rum
583 5576 597 5613 :
628 5559 773 5629 Ego,
802 5557 1001 5628 inquit,
1030 5556 1097 5611 de
1125 5556 1403 5627 praeteritis
1426 5553 1658 5623 peccatis
1686 5568 1793 5607 non
1823 5554 2004 5617 timeo,

431 5649 612 5708 omnia
640 5649 776 5705 mihi
793 5649 849 5704 in
878 5663 1013 5720 aqua
1040 5656 1220 5702 sancta
1249 5661 1344 5717 per
1364 5643 1620 5699 Ecclesiae
1648 5644 1808 5697 etiam
1831 5643 2007 5698 chari-

496 5764 516 5796 ι
538 5759 699 5813 cades
721 5773 799 5824 v.,
823 5758 1103 5825 operabsris
1124 5764 1365 5824 premente
1396 5762 1607 5823 peccato.
1634 5754 1761 5807 rem“.

1668 343 1725 400 S.
1767 340 2127 398 AUGUSTINI
2168 342 2469 400 EPISCOPI

3565 357 3705 412 £536

2128 469 2288 514 tatem
2310 460 2501 516 dimitti
2545 478 2650 517 non
2686 464 2900 532 dubito;
2941 468 3035 523 sed
3063 469 3223 524 timeo
3260 469 3432 525 futura
3456 483 3699 540 peccata.

2126 552 2306 607 Placet
2338 569 2465 625 ergo
2507 556 2559 609 in
2604 555 2836 628 Egypto
2873 562 3186 616 remanere?
3224 563 3439 616 interim
3488 564 3696 617 hostem

2126 655 2442 713 praisentem
2469 648 2631 703 evade
2648 690 2663 715 ,
2690 651 2776 720 qui
2798 652 2907 720 jam
2930 660 2983 707 te
3004 653 3225 722 pressit,
3248 664 3301 709 et
3317 655 3424 724 jam
3448 656 3699 727 subjuga-

2124 735 2217 788 vit.
2259 736 2336 791 De
2366 736 2552 793 futuris
2589 739 2715 808 quid
2751 740 2841 794 tibi
2872 741 3054 797 hostes
3078 743 3389 798 meditaris?
3414 744 3564 813 Quod
3587 747 3699 815 jam

2124 826 2324 896 fecisti,
2364 830 2465 885 etsi
2516 831 2750 888 nolueris
2773 834 2875 888 erit
2905 852 2919 886 :
2951 836 3091 905 quod
3118 834 3377 891 facturum
3416 843 3468 891 te
3494 848 3647 908 putas
3673 880 3689 899 .

2122 918 2171 971 si
2196 918 2427 973 volueris
2475 935 2583 975 non
2626 922 2747 977 erit.
2772 923 2875 978 Sed
2916 924 3211 992 periculosa
3251 933 3333 980 est
3368 927 3451 980 via
3480 944 3493 979 :
3522 943 3697 997 neque

2122 1010 2263 1063 enim
2293 1026 2412 1066 cum
2438 1011 2675 1068 Rubrum
2716 1029 2860 1070 mare
2890 1017 3180 1082 transiero,
3211 1017 3321 1085 jam
3347 1033 3441 1072 ero
3466 1020 3517 1072 in
3555 1028 3695 1073 terra

2123 1100 2492 1168 promissionis
2525 1120 2538 1156 :
2571 1104 2759 1160 ductus
2806 1116 2888 1161 est
2934 1108 3022 1161 ille
3053 1108 3273 1177 populus
3301 1124 3397 1178 per
3422 1109 3573 1179 longa
3600 1110 3695 1165 de-

2120 1200 2282 1244 serta.
2311 1192 2523 1246 interim
2552 1194 2618 1249 ab
2641 1194 2871 1267 Egypto
2895 1197 3137 1251 liberare.
3168 1198 3303 1264 Quid
3344 1213 3471 1269 ergo
3492 1241 3504 1261 ,
3541 1208 3696 1268 putas

2119 1281 2424 1338 defuturum
2453 1285 2545 1338 tibi
2575 1286 2940 1341 auxiliatorem
2973 1289 3024 1341 in
3063 1289 3146 1342 via
3170 1331 3184 1354 ,
3217 1305 3336 1343 eum
3368 1290 3454 1358 qui
3482 1299 3533 1343 te
3558 1290 3697 1343 eruit

2119 1373 2187 1428 de
2212 1383 2417 1430 vetusta
2442 1378 2779 1445 captivitate?
2802 1378 2982 1433 Novos
3010 1387 3128 1432 tuos
3149 1380 3389 1433 inimicos
3421 1394 3524 1433 non
3546 1395 3697 1435 com-

2122 1464 2323 1532 pescit,
2355 1467 2443 1535 qui
2485 1476 2535 1521 te
2574 1482 2602 1520 a
2632 1469 2853 1523 vetustis
2880 1468 3120 1524 hostibus
3162 1470 3438 1524 liberavit?
3466 1469 3695 1524 Tantum

2119 1558 2414 1626 intrepidus
2442 1560 2639 1624 transi,
2668 1559 2958 1629 intrepidus
2983 1561 3194 1615 ambula
3213 1601 3228 1625 ,
3256 1560 3513 1616 obediens
3536 1570 3655 1615 esto
3679 1578 3692 1613 :

2120 1649 2227 1703 noli
2273 1650 2563 1704 amaricare
2606 1651 2771 1721 Moysi
2804 1652 2909 1719 illi,
2947 1654 3097 1721 cujus
3130 1662 3306 1723 typum
3334 1651 3424 1707 ille
3450 1653 3697 1721 portabat

2119 1738 2172 1791 in
2213 1737 2313 1793 hac
2338 1739 2659 1794 obedientia.
2690 1740 2908 1808 Fateor,
2939 1757 3042 1795 non
3073 1742 3264 1797 desunt
3309 1743 3508 1797 hostes.
3541 1740 3691 1798 Sicut

2088 1829 2260 1911 enim
2293 1846 2397 1885 non
2426 1830 2645 1886 deerant
2681 1834 2769 1901 qui
2796 1842 3145 1902 sequerentur
3166 1832 3454 1902 fugientes,
3488 1835 3557 1887 ita
3585 1848 3696 1887 non

2118 1919 2339 1976 deerant
2363 1923 2450 1991 qui
2480 1923 2796 1993 impedirent
2821 1925 3171 1980 ambulantes.
3202 1926 3455 1992 Prorsus,
3485 1925 3696 1981 charis-

2117 2012 2268 2077 simi,
2320 2012 2503 2081 ﬁgurae
2542 2022 2738 2069 nostrae
2776 2015 3003 2070 fuerunt.
3054 2015 3268 2071 [nterim
3313 2016 3366 2069 in
3414 2024 3465 2069 te
3494 2030 3598 2069 non
3624 2014 3699 2070 sit

2118 2102 2260 2172 quod
2280 2105 2557 2159 contristet
2584 2105 2798 2176 Moysen
2824 2125 2837 2160 :
2867 2108 2976 2162 noli
3000 2121 3121 2163 esse
3142 2122 3278 2177 aqua
3306 2122 3506 2172 amara,
3533 2121 3695 2176 quam

2118 2202 2237 2262 post
2284 2209 2431 2249 mare
2484 2195 2718 2251 Rubrum
2770 2212 2875 2251 non
2904 2199 3075 2268 potuit
3103 2198 3188 2253 ille
3230 2200 3454 2269 populus
3491 2199 3692 2256 bibere.

2120 2282 2248 2338 Erat
2272 2285 2413 2340 enim
2442 2295 2497 2341 et
2540 2288 2609 2342 ibi
2638 2289 2875 2343 tentatio.
2910 2290 2976 2343 Et
3007 2298 3180 2345 tamen
3211 2291 3307 2345 ista
3338 2291 3547 2361 quando
3572 2307 3695 2349 eve-

2119 2374 2297 2438 niunt,
2342 2375 2554 2443 quando
2616 2378 2870 2433 amaricat
2915 2380 3176 2449 pepulus,
3241 2382 3572 2438 ostendimus
3616 2384 3695 2439 eis

2117 2462 2416 2534 Christum,
2465 2483 2584 2538 quae
2633 2483 2730 2539 pro
2757 2470 2862 2525 illis
2915 2470 3129 2537 tulerit,
3161 2473 3429 2542 quomodo
3480 2490 3576 2544 pro
3616 2477 3694 2531 eis

2118 2560 2429 2630 sanguinem
2453 2560 2649 2616 fuderit
2686 2580 2702 2617 :
2740 2573 2795 2617 ct
2830 2565 3149 2631 mitescunt,
3180 2573 3425 2634 tanquam
3453 2566 3605 2621 nobis
3630 2567 3695 2622 li-

2117 2665 2278 2721 gnum
2312 2651 2364 2705 in
2392 2667 2583 2722 aquam
2614 2653 2964 2709 mittentibus.
2989 2654 3151 2710 Plane
3177 2655 3381 2710 hostem
3411 2656 3697 2713 adversan-

2118 2748 2227 2795 tem
2254 2741 2434 2796 itineri
2480 2752 2569 2796 tuo
2595 2742 2850 2798 Amalech
2895 2743 3133 2799 habebis.
3166 2745 3312 2799 Tunc
3336 2739 3521 2800 orabat
3558 2747 3696 2820 Moy-

2118 2848 2226 2902 ses,
2257 2844 2380 2889 tunc
2423 2835 2741 2891 extendebat
2780 2851 2968 2891 manus
3006 2854 3019 2890 :
3053 2848 3103 2890 ct
3132 2837 3218 2891 ubi
3250 2837 3547 2907 deponcbat
3576 2855 3692 2895 ma-

2117 2942 2254 2994 nus,
2285 2928 2659 2983 convalescbat
2684 2928 2972 2993 Amalech;
3006 2928 3095 2983 ubi
3118 2930 3436 2984 extendebat
3471 2946 3688 2998 manus,

2118 3017 2401 3073 deﬁciebat
2425 3018 2700 3074 Amalech.
2732 3019 2801 3074 Et
2842 3028 2948 3074 tute
2973 3035 3157 3074 manus
3184 3030 3410 3076 extenta:
3436 3023 3568 3085 sint,
3602 3022 3694 3078 de-

2118 3109 2259 3165 ficiat
2294 3111 2547 3166 Amalech
2588 3120 2820 3166 tentatur
2854 3120 2909 3166 et
2936 3112 3090 3181 hujus
3129 3112 3333 3167 itineris
3363 3114 3645 3181 impeditor
3675 3133 3689 3169 :

2117 3210 2232 3256 esto
2257 3202 2380 3271 vigil
2409 3212 2464 3256 et
2508 3202 2716 3257 sobrius
2754 3202 2807 3256 in
2837 3202 3166 3256 orationibus
3187 3243 3201 3269 ,
3236 3204 3288 3256 in
3317 3203 3566 3272 operibus
3592 3203 3693 3258 bo-

2117 3292 2230 3357 nis,
2259 3307 2363 3346 non
2392 3299 2568 3346 tamen
2604 3299 2798 3360 prtcter
2837 3289 3105 3345 Christum
3127 3333 3141 3357 ,
3171 3292 3294 3361 quia
3341 3293 3579 3347 extensio
3606 3292 3691 3346 illa

2116 3398 2401 3447 manuum,
2439 3381 2635 3436 Christi
2664 3396 2792 3435 crux
2836 3380 2952 3434 fuit.
2984 3381 3039 3434 in
3070 3380 3158 3434 illa
3199 3381 3504 3436 extenditur
3545 3382 3692 3451 Apo-

2116 3472 2321 3536 stolus,
2351 3486 2469 3526 eum
2497 3470 2623 3525 dicit
2657 3488 2669 3523 :
2701 3468 2925 3522 Mundus
2955 3469 3079 3522 mihi
3104 3471 3374 3538 cruci/imus
3408 3480 3497 3535 est,
3519 3480 3565 3523 et
3601 3488 3693 3541 ego

2116 3564 2305 3617 mundo
2337 3562 2530 3634 (Galat.
2554 3578 2636 3629 vt,
2671 3563 2782 3630 Η).
2816 3562 2954 3631 Ergo
2998 3561 3211 3617 deﬁciat
3253 3562 3509 3617 Amalech
3531 3604 3544 3625 ,
3573 3564 3693 3617 vin-

2118 3663 2295 3721 catur,
2325 3663 2379 3708 et
2418 3668 2521 3707 non
2567 3654 2818 3723 impediat
2850 3655 3128 3708 transitum
3154 3655 3332 3724 populi
3363 3654 3475 3707 Dei.
3508 3654 3565 3709 Si
3607 3653 3693 3708 di-

2119 3745 2285 3799 mittis
2316 3758 2502 3798 manus
2523 3759 2552 3797 a
2579 3744 2720 3798 bono
2746 3758 2909 3813 Opera
2930 3785 2943 3805 ,
2976 3759 3004 3797 a
3027 3759 3186 3798 cruce
3215 3745 3441 3810 Christi;
3489 3760 3694 3814 praeva-

2119 3836 2247 3890 lebit
2271 3835 2541 3890 Amalech.
2571 3835 2771 3890 Tamen
2806 3835 2914 3889 noli
2942 3836 3084 3889 omni
3127 3835 3285 3889 modo
3314 3845 3404 3889 aut
3442 3837 3696 3891 continuo

2118 3934 2173 3980 te
2222 3925 2409 3980 fortem
2440 3927 2668 3981 futurum
2705 3933 2930 3996 putare,
2977 3934 3067 3978 aut
3114 3925 3324 3993 penitus
3358 3926 3694 3994 deSpcrando

2120 4015 2369 4070 deﬁcere.
2398 4017 2696 4070 Alternatio
2724 4016 2868 4071 enim
2912 4016 2997 4070 illa
3028 4014 3265 4070 defectus
3291 4024 3344 4070 ct
3372 4017 3694 4072 fortitudinis

2119 4107 2171 4161 in
2195 4106 2443 4161 manibus
2470 4108 2610 4161 servi
2645 4106 2739 4160 Dei
2761 4106 2926 4178 Moysi
2948 4148 2962 4170 ,
2992 4105 3129 4160 forte
3159 4106 3441 4160 alternatio
3467 4115 3551 4160 tua
3574 4106 3691 4161 fuit.

2120 4197 2419 4266 Aliquando
2445 4196 2586 4251 enim
2610 4197 2662 4250 in
2693 4195 3069 4251 tentationibus
3089 4194 3293 4258 deﬁcis,
3320 4195 3415 4249 sed
3446 4212 3550 4249 non
3577 4211 3695 4251 suc-

2096 4289 2346 4345 1cumbis.
2390 4288 2700 4357 Deponebat
2728 4288 2818 4341 ille
2847 4285 3061 4354 paulum
3092 4300 3314 4350 manus,
3343 4302 3449 4340 non
3479 4287 3696 4341 omnino

2118 4380 2326 4436 ruebat.
2358 4378 2421 4434 Si
2446 4378 2671 4431 dicebam
2695 4417 2710 4441 ,
2745 4375 2916 4429 Motus
2945 4385 3016 4428 est
3054 4393 3139 4444 pes
3180 4392 3356 4442 meus;
3379 4393 3491 4431 ecce
3510 4377 3698 4430 miseri-

2119 4471 2295 4525 cordia
2316 4479 2422 4533 tua,
2443 4468 2676 4533 Domine,
2698 4466 2967 4537 adjuvabat
2983 4484 3059 4521 me
3076 4466 3244 4534 (Psal.
3269 4484 3415 4536 xcut,
3448 4467 3557 4537 l8).
3577 4468 3693 4523 Noli

2104 4578 2248 4634 .ergo
2264 4563 2455 4616 timere
2475 4578 2488 4614 :
2508 4562 2658 4615 adest
2674 4560 2725 4613 in
2752 4559 2941 4613 itinere
2962 4558 3259 4625 auxiliator,
3284 4560 3373 4629 qui
3396 4561 3445 4613 in
3467 4558 3695 4630 Egypto

2120 4670 2228 4709 non
2249 4652 2417 4708 defuit
2432 4652 2704 4707 liberator.
2719 4650 2838 4704 Noli
2860 4652 3065 4715 timere,
3083 4651 3371 4721 aggredere
3386 4652 3541 4717 viam,
3562 4668 3699 4722 prank

2120 4758 2273 4799 sume
2307 4757 2549 4798 securus.
2592 4740 2888 4810 Aliquando
2916 4740 3002 4795 ille
3022 4739 3317 4809 deponebat
3341 4754 3551 4804 manus,
3592 4738 3694 4794 ali-

2120 4836 2332 4907 quando
2372 4833 2641 4903 erigebat;
2698 4843 2873 4887 tamen
2901 4833 3071 4887 victus
3105 4841 3186 4886 est
3214 4830 3466 4885 Amalech
3498 4829 3691 4902 (Exod.

2119 4942 2261 4989 xvn,
2295 4924 2507 4994 ll-l'5).
2536 4923 2818 4978 Rebellare
2843 4923 3034 4993 potuit,
3068 4936 3321 4991 superare
3351 4936 3456 4975 non
3502 4920 3693 4989 potuit.

2190 5014 2414 5071 CAPUT
2455 5014 2588 5068 ll.—
2610 5016 2662 5069 7.
2703 5014 2875 5069 Altera
2893 5014 3201 5084 pauitantia,
3225 5028 3338 5083 qua:
3355 5012 3576 5065 omnium
3599 5019 3689 5075 est,

2120 5125 2181 5161 ac
2209 5108 2521 5178 quotidiana.
2546 5105 2800 5160 Medicina
2825 5114 2867 5157 rt
2894 5114 3094 5173 pactum
3120 5104 3171 5156 in
3194 5104 3447 5157 dominica
3470 5102 3695 5155 oratione

2120 5198 2184 5252 de
2212 5197 2518 5252 remittendis
2548 5197 2744 5250 debitis.
2785 5194 3160 5265 Ignoscendum
3201 5195 3369 5263 fratri.
3396 5192 3576 5262 Itaque
3600 5192 3695 5247 ad-

2121 5304 2401 5343 monemur
2424 5288 2532 5356 jam
2575 5286 2643 5342 de
2670 5286 2834 5339 altera
2869 5282 3011 5352 loqui
3051 5283 3380 5351 poenitentia.
3410 5282 3692 5351 Triplicem

2120 5379 2313 5450 quippe
2338 5379 2453 5447 ejus
2478 5374 2956 5432 considerationem
2990 5373 3041 5426 in
3071 5381 3247 5427 sancta
3275 5372 3544 5441 Scriptura
3576 5385 3694 5426 esse

2122 5470 2393 5544 proposui.
2436 5469 2525 5523 illa
2561 5468 2729 5538 prima
2759 5465 3171 5533 competentium
3200 5471 3281 5517 est
3319 5473 3372 5517 et
3409 5462 3473 5516 ad
3510 5461 3694 5530 Bapti-

2122 5578 2291 5619 smum
2322 5564 2502 5617 venire
2532 5556 2821 5614 sitientium
2851 5574 2864 5609 :
2895 5556 3030 5610 hanc
3062 5555 3128 5610 de
3166 5554 3454 5625 Scripturis
3497 5552 3693 5609 sanctis

2122 5654 2349 5711 ostendi.
2398 5654 2491 5708 Est
2537 5652 2636 5704 alia
2686 5650 2880 5720 quippe
2926 5646 3253 5719 quotidianus.
3298 5648 3363 5703 Et
3408 5648 3493 5701 ubi
3546 5646 3688 5700 illam

2124 5744 2450 5801 ostendimus
2498 5737 2863 5813 ptenitentiam
2905 5736 3306 5811 quotidianam?
3348 5734 3465 5792 Non
3517 5734 3690 5790 habeo
