3996 6468
273 403 408 462 1557

271 517 358 572 ubi
393 516 582 572 melius
604 515 898 592 ostendam,
939 531 1098 590 quam
1123 515 1172 569 in
1217 517 1458 594 oratione
1501 517 1828 588 quotidiana,

270 607 356 660 abi
379 605 635 661 Dominus
663 621 816 660 orare
843 621 940 660 nos
970 605 1170 676 docuit,
1196 603 1320 675 quid
1349 605 1416 662 ad
1443 607 1652 662 Patrem
1684 607 1832 662 dica-

270 713 387 752 mus
418 697 666 765 ostendit,
713 707 766 753 et
793 699 845 752 in
879 697 961 752 his
989 697 1164 752 verbis
1205 685 1377 770 posuit
1407 717 1419 752 :
1449 697 1659 754 Dimitte
1695 701 1836 772 nobis

269 787 432 840 debita
457 797 645 866 nostra,
665 789 790 842 sicut
814 797 858 842 et
887 804 976 842 nos
1007 787 1300 842 dimittimus
1315 787 1617 842 debitoribus
1647 791 1834 844 nostris

269 875 478 946 (Matth.
505 893 579 941 vt,
613 877 723 947 12).
753 877 881 946 Qua:
911 877 1113 950 debita,
1145 877 1370 933 fratres?
1395 877 1833 948 Quandoquidem

266 967 440 1021 debita
463 969 549 1023 hic
575 969 794 1038 intelligi
823 985 926 1022 non
955 977 1172 1037 possunt
1199 967 1298 1024 nisi
1325 976 1572 1036 peccata;
1597 984 1716 1037 quae
1742 969 1839 1021 de-

266 1058 371 1111 bita
399 1059 596 1113 dimisit
623 1060 674 1112 in
703 1059 992 1127 Baptismo,
1019 1059 1210 1113 iterum
1237 1067 1297 1113 ut
1317 1059 1548 1114 dimittat
1583 1059 1834 1124 oramus?

266 1149 424 1204 Certe
461 1159 700 1220 mortuus
734 1161 815 1204 est
851 1151 1022 1204 omnis
1061 1149 1341 1219 Egyptius
1370 1150 1458 1218 qui
1489 1150 1830 1218 sequebatur.

266 1239 318 1292 Si
349 1237 474 1294 nihil
499 1239 564 1294 de
583 1240 926 1309 sequentibus
949 1239 1184 1293 hostibus
1209 1240 1476 1294 residuum
1508 1240 1702 1316 factum
1729 1247 1830 1305 est,

263 1329 388 1396 quid
420 1345 634 1384 oramus
661 1339 719 1383 ut
760 1330 1068 1392 dimittatur,
1107 1329 1208 1384 nisi
1250 1339 1462 1398 propter
1489 1345 1675 1383 manus
1704 1327 1838 1382 deti~

263 1419 464 1473 cientes
492 1429 672 1474 contra
696 1419 982 1490 Amalech?
1007 1417 1212 1472 Dimitte
1236 1420 1394 1482 nobis,
1421 1419 1548 1472 sicut
1576 1429 1624 1472 et
1644 1435 1732 1472 nos
1756 1419 1838 1471 di-

263 1509 519 1562 mittimus.
548 1507 828 1562 Constituit
857 1507 1196 1572 medicinam,
1231 1506 1456 1560 firmavit
1477 1516 1705 1575 pactum.
1735 1507 1832 1560 llic

263 1613 447 1666 preces
473 1597 652 1664 dictat,
685 1597 753 1652 ibi
781 1598 1017 1666 precanti
1057 1597 1343 1666 respondet
1371 1615 1384 1652 :
1417 1599 1561 1651 novit
1590 1599 1832 1666 quojure

263 1702 348 1740 res
376 1695 559 1756 agatur
599 1687 649 1740 iu
682 1687 838 1750 caalo,
865 1685 1132 1756 quomodo
1171 1685 1438 1754 impetrari
1469 1687 1671 1754 possint
1698 1685 1834 1740 desi-

259 1777 462 1830 derata.
516 1777 713 1830 Dimitti
757 1775 872 1831 vis?
909 1775 1132 1838 dimitte,
1175 1775 1267 1829 ait.
1307 1775 1441 1842 Quid
1483 1777 1622 1830 enim
1669 1775 1831 1830 habes

259 1867 397 1934 qttod
429 1865 536 1920 Deo
561 1875 803 1938 praestes,
833 1881 862 1918 a
893 1881 996 1936 quo
1023 1866 1101 1920 vis
1127 1873 1183 1919 ut
1211 1875 1489 1934 praestetur
1517 1865 1648 1919 tibi?
1670 1859 1838 1918 Num-

258 1955 382 2024 quid
403 1955 512 2026 jam
542 1955 784 2010 Christus
825 1957 1056 2011 salvator
1093 1955 1146 2009 in
1187 1964 1322 2009 terra
1351 1954 1630 2008 ambulat?
1669 1953 1830 2008 Num-

257 2045 380 2114 quid
425 2045 644 2114 suscipit
682 2045 826 2100 illum
876 2045 1033 2099 modo
1071 2047 1122 2099 in
1167 2045 1382 2099 domum
1427 2045 1661 2114 gaudens
1694 2045 1826 2099 Zac-

257 2135 439 2216 chaeus
466 2129 613 2206 (Luc.
641 2154 748 2216 six.
776 2137 830 2207 6)
845 2137 868 2189 ’ἰ
893 2137 1156 2206 Numquid
1179 2137 1228 2190 ci
1261 2137 1542 2205 hospitium
1568 2145 1622 2190 et
1646 2139 1827 2204 epulas

265 2207 530 2294 praeparat
575 2207 774 2280 Martha
805 2223 913 2297 (Id.
942 2243 996 2292 ι,
1045 2223 1177 2294 to)?
1205 2225 1344 2278 Nihil
1385 2225 1572 2280 horum
1607 2225 1822 2296 indiget,

253 2315 319 2369 ad
349 2316 622 2370 dexteram
655 2315 822 2370 Patris
847 2315 1015 2368 sedet.
1046 2313 1147 2368 Sed
1171 2313 1370 2383 quando
1403 2314 1494 2367 uni
1521 2331 1584 2367 ex
1607 2316 1826 2370 minimis

252 2407 376 2459 meis
401 2407 604 2476 fecistis,
652 2407 776 2458 mihi
801 2405 988 2475 fecistis
1021 2403 1230 2476 (Matth.
1271 2419 1405 2466 xxv,
1437 2405 1551 2472 40).
1591 2405 1714 2459 llaec
1743 2415 1825 2460 est

252 2495 498 2549 extensio
525 2509 794 2559 manuum,
832 2494 930 2547 sub
955 2509 1054 2562 qua
1089 2493 1282 2547 defecit
1301 2493 1574 2546 Amalech.
1605 2493 1670 2547 Et
1697 2509 1822 2548 ero-

249 2601 344 2655 gas
378 2585 588 2656 quidem
631 2586 868 2655 pauperi,
900 2585 1110 2655 quando
1145 2585 1338 2654 aliquid
1376 2585 1470 2640 das
1513 2587 1769 2640 esurienti
1805 2605 1820 2643 :

250 2679 386 2734 forte
417 2678 468 2732 id
507 2678 646 2750 quod
677 2678 888 2733 dederis
933 2680 1109 2732 minus
1135 2679 1371 2742 habt-bis,
1415 2679 1508 2734 sed
1547 2679 1596 2732 in
1637 2679 1816 2746 domo,

251 2783 355 2823 non
405 2768 456 2821 in
497 2769 655 2822 caelo.
698 2768 800 2822 Sed
831 2767 916 2822 hic
944 2783 1152 2837 quoque
1195 2769 1433 2834 interra,
1471 2785 1576 2838 quo
1600 2757 1823 2838 jubeute

249 2861 560 2930 przestitisti,
593 2861 705 2930 ipse
731 2863 936 2932 supplet
974 2861 1110 2929 quod
1139 2859 1350 2915 dedisti.
1381 2861 1456 2914 De
1491 2862 1589 2914 hac
1614 2877 1672 2916 re
1697 2876 1818 2916 cum

247 2949 556 3018 loqueretur
580 2951 886 3020 Apostolus,
916 2952 985 3004 ait
1019 2969 1032 3004 :
1064 2949 1162 3016 Qui
1191 2949 1510 3003 administrat
1535 2967 1700 3004 semen
1729 2969 1813 3006 se-

247 3039 480 3106 minanti,
513 3029 568 3093 'et
600 3057 778 3109 partem
816 3040 868 3092 in
897 3033 1480 3094 escam'subministrabit
1509 3039 1573 3110 (ll
1601 3037 1714 3094 Cor.
1741 3057 1815 3108 lx,

247 3130 358 3200 10).
388 3113 672 3200 Oper-arias
702 3132 842 3185 enim
873 3131 966 3185 Dei
1000 3145 1078 3195 es,
1114 3129 1325 3200 quando
1365 3131 1460 3185 das
1486 3131 1659 3199 egenti
1685 3149 1698 3184 :
1727 3146 1816 3185 se-

247 3224 415 3277 minas
437 3224 630 3288 hieme,
661 3221 802 3294 quod
843 3231 1010 3278 metas
1046 3217 1248 3277 mstate.
1280 3221 1414 3289 Quid
1449 3239 1576 3292 ergo
1604 3225 1816 3288 metuis,

247 3314 496 3380 infidelis,
527 3329 595 3370 ne
623 3315 674 3368 in
701 3314 798 3368 hac
827 3327 1015 3382 magna
1051 3313 1209 3368 domo
1237 3322 1410 3366 tantus
1440 3313 1816 3382 paterfamilias

243 3421 352 3457 non
393 3414 575 3474 paseat
616 3404 916 3474 operarium
961 3404 1154 3458 suum?
1184 3405 1296 3458 Erit
1327 3413 1382 3458 et
1419 3405 1510 3468 ibi,
1551 3405 1642 3459 sed
1674 3404 1814 3473 quod

243 3493 468 3548 sufficiat
495 3493 606 3546 tibi.
635 3493 786 3547 Dabit
813 3493 954 3548 Deus
993 3493 1295 3547 necessitati
1327 3487 1509 3557 totum,
1530 3507 1634 3546 non
1661 3493 1812 3561 cupi-

241 3587 412 3640 ditati.
453 3586 686 3658 Operarc
716 3601 844 3656 ergo
881 3587 1192 3655 intrepidus,
1222 3585 1448 3640 extende
1479 3600 1698 3648 manus;
1721 3585 1818 3639 de-

243 3678 387 3731 ﬁciat
415 3678 686 3732 Amalech.
715 3675 818 3732 Sed
843 3677 984 3742 hinc,
1013 3685 1068 3730 ut
1087 3675 1216 3742 dixi,
1245 3675 1440 3745 aliquid
1465 3676 1514 3728 in
1546 3675 1705 3730 domo
1727 3683 1814 3730 tua

239 3785 360 3820 cmn
386 3767 616 3832 dederis,
651 3769 730 3822 vel
771 3768 948 3822 minus
985 3766 1132 3820 vides
1159 3765 1296 3835 quod
1325 3766 1396 3820 ibi
1425 3765 1678 3821 videbas:
1705 3781 1812 3820 non

241 3860 310 3913 ibi
341 3859 484 3913 vides
511 3875 632 3914 eum
672 3859 906 3924 dederis,
951 3857 1122 3913 donec
1165 3859 1356 3911 iterum
1395 3857 1482 3910 det
1529 3859 1684 3911 Deus.
1721 3859 1812 3912 Dic

237 3949 390 4010 mihi,
418 3965 537 4002 eum
562 3951 788 4016 ignoscis
817 3950 884 4004 de
909 3950 1090 4014 corde,
1117 3949 1242 4018 quid
1271 3949 1484 4017 perdis?
1513 3949 1642 4002 Cum
1667 3949 1814 4018 igno-

237 4043 346 4095 scis
383 4041 430 4094 ei
455 4045 542 4110 qui
577 4049 760 4108 peccat
791 4041 842 4093 in
871 4049 940 4104 te,
975 4039 1098 4109 quid
1127 4039 1300 4092 minus
1322 4038 1542 4092 habebis
1572 4040 1621 4092 in
1649 4031 1810 4093 corde

239 4131 367 4187 tuo?
395 4131 520 4185 lude
549 4133 689 4184 enim
720 4131 962 4196 dimittis,
995 4129 1088 4184 sed
1119 4129 1248 4183 nihil
1283 4131 1499 4183 amittis.
1532 4125 1810 4184 [movero

237 4223 376 4277 unda
418 4222 660 4292 quaedam
709 4221 982 4275 charitatis
1011 4219 1120 4274 ibat
1163 4221 1213 4274 in
1253 4220 1414 4274 corde
1443 4229 1552 4283 tuo,
1593 4228 1648 4274 et
1685 4229 1806 4275 tau-

235 4327 394 4382 quam
417 4311 482 4366 de
499 4297 630 4365 vena
659 4311 910 4364 interiore
937 4309 1182 4364 manabat
1211 4327 1222 4362 :
1249 4317 1397 4364 tenes
1417 4309 1596 4364 odium
1622 4318 1806 4366 contra

237 4402 476 4466 fratrem,
501 4401 756 4454 obturasti
787 4387 1004 4453 fontem.
1035 4399 1150 4453 Non
1177 4399 1348 4454 solum
1375 4415 1500 4469 ergo
1523 4400 1652 4453 nihil
1681 4415 1804 4469 per-

235 4493 338 4554 dis.
365 4508 484 4546 eum
508 4475 766 4562 ignoscis;
791 4491 882 4546 scd
905 4491 1258 4546 abundantius
1289 4493 1542 4561 irrigaris.
1567 4493 1808 4548 Charitas

235 4599 340 4636 non
375 4593 701 4654 angustatur.
719 4577 893 4637 'Ponis
905 4581 974 4636 ibi
989 4581 1214 4652 lapidem
1229 4582 1556 4648 oifenSionis,
1571 4593 1624 4638 ct
1641 4579 1694 4640 tu
1714 4585 1808 4640 tibi

237 4673 364 4726 ficis
401 4673 686 4742 angustias.
721 4671 1009 4752 Vindicabo
1054 4689 1159 4735 me.
1191 4675 1560 4752 ulciscarme,
1602 4663 1700 4746 ego
1737 4677 1810 4732 illi

234 4763 533 4830 ostendam,
550 4779 648 4833 ego
671 4763 856 4817 faciam
892 4781 904 4815 :
929 4765 1383 4840 mstttas,laboras,
1401 4769 1482 4821 cui
1511 4767 1634 4822 licet
1657 4769 1806 4837 igno-

231 4855 432 4909 scendo
457 4871 573 4909 esse
593 4869 856 4928 secorum,
881 4870 1122 4910 sccurmn
1143 4857 1339 4924 vivere,
1364 4874 1605 4914 securum
1632 4877 1805 4915 orare.

233 4945 365 5000 Nam
389 4959 512 5000 ecce
538 4945 662 5016 quid
689 4955 904 5024 acturus
935 4945 1030 5000 es?
1059 4945 1313 5001 Oraturus
1340 4963 1418 5002 es.
1459 4947 1594 5013 Quid
1635 4947 1805 5005 dicam

231 5033 482 5106 quando?
497 5025 663 5091 Hodie
688 5031 930 5090 oraturus
956 5051 1032 5090 es.
1056 5035 1136 5089 An
1160 5031 1264 5090 non
1279 5051 1337 5091 es
1353 5040 1634 5092 oraturus?
1657 5039 1734 5094 ira
1755 5047 1810 5094 et

229 5133 358 5188 odio
369 5131 632 5201 impletus,
643 5133 934 5206 vindictam
945 5132 1188 5190 minaris:
1203 5148 1308 5188 non
1319 5133 1540 5196 dimittis
1551 5149 1614 5192 ex
1625 5135 1805 5194 corde.

231 5223 374 5276 Ecce
409 5237 552 5287 oras,
583 5238 706 5278 ecce
739 5223 884 5277 venit
909 5223 1092 5276 orandi
1135 5223 1283 5288 hora,
1315 5223 1502 5298 incipis
1529 5227 1686 5290 verba
1713 5227 1803 5282 illa

231 5313 312 5366 vel
345 5312 528 5366 audire
552 5313 638 5366 vel
665 5312 864 5366 dicere.
905 5313 1068 5368 Dictis
1093 5319 1150 5368 et
1185 5305 1378 5368 auditis
1419 5301 1800 5383 superioribus,

229 5411 489 5480 venturus
536 5417 595 5455 es
637 5401 702 5480 ad
731 5402 873 5456 hunc
904 5417 1137 5456 versum.
1169 5403 1276 5457 Aut
1317 5403 1359 5458 si
1387 5419 1491 5458 non
1531 5413 1803 5476 venturus,

227 5507 338 5562 quo
367 5493 536 5546 iturus
553 5491 576 5546 ?
595 5491 672 5548 Ne
699 5493 942 5562 ignoscas
967 5489 1200 5561 inimico,
1234 5493 1466 5552 deviabis
1491 5511 1522 5550 a
1556 5483 1806 5552 Christo?

227 5583 396 5639 Plane
421 5583 466 5660 si
493 5583 544 5637 in
577 5583 815 5658 oratione
841 5585 1098 5650 deviabis,
1123 5594 1178 5639 ut
1203 5587 1340 5640 nolis
1362 5586 1559 5650 dicere,
1591 5587 1796 5642 Dimitte

227 5677 374 5732 nobis
395 5675 562 5730 debita
583 5686 781 5739 nostra;
811 5677 932 5746 quia
955 5692 1060 5730 non
1089 5685 1236 5746 potes
1259 5677 1456 5743 dicere,
1489 5669 1617 5732 sicut
1643 5689 1686 5734 et
1711 5695 1800 5734 nos

231 5767 532 5822 dimittimus
561 5753 861 5822 debitoribus
889 5767 1102 5833 nostris;
1137 5783 1202 5822 ne
1234 5767 1324 5822 tibi
1354 5769 1458 5823 cito
1488 5769 1808 5840 respondea-

1685 403 1914 462 ssnuo
1948 405 2182 482 occur.

3369 425 3512 488 €553

1945 526 2048 610 tur,
2079 519 2166 575 Sic
2207 519 2416 610 dimitto
2441 525 2708 600 quomodo
2746 539 2801 590 et.
2839 539 2896 608 tu
2931 530 3158 610 dimittis
3187 551 3202 590 :
3227 551 3356 610 ergo
3383 543 3514 610 quis,

1942 605 2044 690 hoc
2067 625 2178 684 non.
2198 621 2345 680 potes
2371 609 2566 688 dicere,
2599 626 2655 672 et
2682 633 2788 672 non
2829 605 2908 692 vis
2940 605 3229 696 dimittere,
3269 605 3506 698 deviabis

1941 699 2008 754 ab
2045 699 2148 794 hoc
2178 715 2352 772 versu,
2385 714 2437 759 et
2464 703 2852 778 praeter-mittes,
2885 723 2937 768 et
2975 707 3126 772 dices
3157 711 3296 790 quod
3319 699 3502 794 scun

1945 799 2046 856 tur,
2081 791 2164 848 Ne
2187 811 2278 870 nos
2315 797 2524 864 patiaris
2552 793 2724 852 induci
2760 801 2812 854 in
2849 807 3164 878 tentationem
3185 795 3210 864 ξ’
3229 811 3300 870 ibi
3331 795 3380 868 te
3405 791 3504 866 ea;

1945 884 2064 976 piet
2081 885 2313 942 creditor
2338 898 2477 956 tuus,
2501 891 2648 960 cujus
2673 893 2820 964 quasi
2847 896 3029 966 faciem
3055 901 3346 970 devitabas.
3369 909 3514 976 Quo-

1942 973 2102 1067 modo
2132 976 2354 1048 quisque
2393 978 2446 1034 in
2477 980 2592 1033 vico
2629 997 2750 1038 cum
2793 979 3102 1042 occurrerit.
3122 995 3168 1046 ei
3201 996 3283 1048 cui
3311 973 3509 1067 aliquid

1941 1059 2118 1129 debet,
2159 1065 2202 1117 si
2241 1065 2306 1118 ad
2351 1082 2562 1122 manum
2604 1080 2684 1124 est
2725 1073 3114 1148 diverticulum,
3155 1080 3371 1152 dimittit
3403 1059 3510 1152 quo

1943 1151 2083 1217 ibat;
2117 1151 2168 1207 et
2200 1155 2238 1208 it
2268 1171 2362 1224 per
2392 1158 2546 1212 aliam
2578 1170 2800 1228 partem,
2827 1181 2894 1218 ne
2923 1155 3107 1222 faciem
3138 1151 3312 1226 videat
3336 1151 3507 1230 credi-

1943 1239 2091 1294 toris.
2116 1242 2226 1297 Hoc
2247 1253 2298 1298 tu
2321 1245 2371 1298 in
2393 1246 2492 1300 isto
2521 1264 2675 1302 versu
2705 1259 2752 1304 te
2778 1251 2967 1307 feeisse
2988 1257 3270 1314 arbitratus
3291 1251 3350 1318 es
3376 1283 3389 1318 :
3412 1266 3510 1320 de-

1940 1331 2114 1384 vitasti
2144 1333 2343 1400 dicere,
2372 1335 2606 1400 Dimitte,
2647 1339 2785 1395 sicut
2811 1357 2909 1412 ego
2942 1341 3184 1413 dimitto;
3231 1366 3298 1406 ne
3325 1354 3402 1408 sic
3430 1355 3510 1409 di-

1939 1421 2193 1510 mitteret,
2226 1425 2276 1478 id
2305 1434 2386 1480 est
2411 1442 2514 1480 non
2546 1427 2854 1498 dimitteret,
2888 1434 3008 1508 quia
3027 1419 3141 1510 non
3171 1439 3420 1508 dimittis;
3455 1453 3511 1498 et

1939 1512 2150 1576 noluisti
2171 1507 2371 1582 dicere,
2399 1517 2640 1573 devitans
2671 1520 2858 1576 faciem
2888 1507 3184 1580 creditoris.
3220 1507 3509 1600 Quo-mide-

1937 1603 2112 1676 vitas?
2147 1607 2265 1678 quis
2295 1607 2538 1686 devitas?
2566 1611 2681 1678 Quo
2719 1609 2842 1678 ibis,
2887 1613 2975 1668 ubi
3019 1624 3074 1672 tu
3100 1633 3220 1673 esse
3249 1622 3418 1688 possis
3458 1632 3512 1678 et

1939 1693 2026 1758 ille
2052 1711 2156 1750 non
2185 1699 2341 1752 esse?
2373 1699 2616 1754 Dicturus
2656 1717 2736 1768 es,
2773 1703 2883 1768 Quo
2911 1705 3054 1760 abibo
3099 1724 3130 1760 a
3170 1710 3350 1777 spiritu
3378 1722 3462 1766 tuo
3485 1711 3512 1767 .'

1937 1794 1982 1839 et
2009 1803 2040 1838 a
2069 1787 2197 1858 facie
2220 1797 2304 1840 tua
2324 1805 2420 1854 quo
2447 1789 2638 1862 fugiam
2655 1793 2680 1845 ?
2704 1793 2766 1848 Si
2787 1796 3056 1849 ascendero
3076 1797 3128 1864 in
3149 1799 3346 1864 caelum,
3370 1811 3423 1856 tu
3445 1804 3508 1857 it!

1935 1871 2000 1929 [io
2029 1894 2114 1942 es;
2143 1879 2188 1932 si
2221 1879 2516 1958 descendero
2546 1883 2598 1935 in
2627 1883 2901 1954 infernum,
2943 1887 3081 1940 ades.
3108 1877 3371 1956 Quantum
3413 1877 3508 1960 po-

1937 1976 2039 2040 test
2065 1984 2093 2022 a
2118 1969 2329 2048 Christo
2370 1971 2579 2044 debitor
2613 1971 2816 2046 fugere,
2846 1991 3001 2044 quam
3043 1987 3099 2030 ut
3141 1989 3222 2032 cat
3253 1979 3304 2032 in
3335 1981 3503 2036 infer-

1933 2059 2101 2112 num?
2126 2059 2294 2114 Adest
2341 2062 2438 2114 iste
2481 2062 2713 2116 creditor
2755 2073 2810 2118 et
2852 2065 2942 2118 ibi.
2976 2063 3112 2132 Quid
3143 2065 3376 2136 facturus
3420 2087 3500 2140 es,

1933 2149 2033 2232 nisi
2059 2150 2200 2219 quod
2229 2151 2500 2222 sequitur?
2528 2153 2588 2206 Si
2613 2170 2930 2222 assumpsere
2960 2172 3148 2222 pennas
3182 2175 3316 2212 meas
3343 2159 3394 2214 in
3416 2161 3500 2214 di-

1931 2231 2140 2306 rectum,
2181 2250 2227 2295 et
2250 2241 2477 2296 volaret-0
2511 2243 2564 2296 in
2604 2255 2820 2298 extrema
2857 2247 3012 2300 maris
3051 2245 3221 2316 (Psat.
3247 2231 3500 2318 cxxxvtu,

1933 2331 2055 2401 7-9)
2082 2351 2093 2385 :
2121 2331 2174 2386 id
2217 2342 2318 2400 est,
2371 2347 2464 2402 spe
2504 2349 2620 2388 mea
2669 2334 2828 2387 finem
2869 2335 3046 2389 saeculi
3089 2337 3404 2406 meditabor,
3448 2339 3510 2396 iu-

1931 2421 2206 2490 praeceplis
2233 2421 2334 2474 tuis
2368 2421 2560 2486 vivam,
2608 2422 2812 2476 duabus
2843 2424 2940 2476 alis
2965 2423 3238 2482 charitatis
3267 2429 3504 2484 attollar.

1930 2501 2097 2581 Imple
2136 2527 2263 2582 ergo
2310 2511 2442 2582 duas
2489 2513 2602 2568 alas
2647 2513 2937 2568 charitatis.
2982 2515 3147 2586 Dilige
3199 2520 3500 2588 proximum

1930 2601 2065 2666 sicut
2108 2608 2159 2654 te
2201 2601 2406 2670 ipsum;
2446 2610 2500 2656 et
2541 2615 2647 2655 non
2695 2611 2876 2657 teneas
2915 2602 3114 2670 odium,
3145 2605 3284 2660 unde
3327 2605 3492 2679 fugias

1929 2691 2267 2758 creditorem.

1906 2827 1915 2836 .
1998 2781 2222 2852 CAPUT
2275 2781 2360 2838 ili.
2394 2813 2466 2824 —-
2499 2783 2552 2840 8.
2597 2784 2820 2856 Tertium
2870 2803 3024 2858 genus
3068 2789 3368 2858 paenitentia:
3411 2793 3498 2846 lu-

1925 2863 2134 2948 ctuosat,
2189 2890 2280 2944 pro
2329 2873 2600 2946 mortiferis
2656 2876 2890 2943 peccatis.
2944 2875 3301 2948 Desperatione
3335 2875 3500 2936 ὐεηίω

1902 2963 2099 3015 «mima
2135 2961 2436 3027 suffocatur.
2469 2963 2651 3016 Restat
2695 2965 3016 3032 paenitentia:
3059 2969 3270 3022 tertium
3308 2961 3497 3038 genus,

1928 3051 2065 3106 unde
2106 3051 2310 3121 aliquid
2346 3052 2576 3108 breviter
2619 3053 2812 3120 dicam,
2853 3063 2908 3108 ut
2946 3055 3226 3126 adiuvante
3273 3059 3502 3114 Domino

1927 3137 2195 3212 proposita
2251 3151 2306 3198 et
2361 3145 2619 3212 promissa
2668 3145 2986 3214 persolvam.
3039 3147 3134 3202 Est
3187 3151 3496 3218 pmnitcntia

1923 3219 2136 3301 gravior
2162 3241 2321 3302 atque
2357 3233 2668 3298 luctuosior,
2711 3234 2764 3288 in
2794 3251 2895 3304 qua
2920 3237 3134 3308 proprie
3157 3248 3414 3294 vocantur
3445 3239 3496 3294 iu

1926 3321 2158 3376 Ecclesia
2183 3323 2520 3396 paeniteutcs,
2547 3325 2735 3378 remoti
2763 3324 2920 3378 etiam
2944 3339 2971 3378 a
2997 3325 3338 3381 Sacramenlo
3363 3329 3497 3383 aita-

1924 3413 1998 3468 ris
2027 3414 2394 3484 participandi,
2424 3431 2490 3469 ne
2519 3414 2827 3484 accipiendo
2854 3415 3088 3487 indigne,
3111 3419 3366 3488 judicium
3395 3421 3495 3476 sibi

1924 3501 2243 3558 manducent
2281 3513 2335 3558 ct
2379 3504 2578 3558 bibant.
2613 3503 2703 3558 illa
2746 3493 2872 3574 ergo
2901 3507 3210 3575 poenitentia
3257 3509 3491 3562 luctuosa

1923 3587 2023 3649 est.
2052 3594 2223 3650 Grave
2251 3595 2440 3649 vulnus
2477 3605 2593 3649 est:
2621 3595 2941 3652 adulterium
2977 3597 3114 3652 forte
3147 3597 3496 3654 cemmissum

1923 3677 2026 3749 est,
2085 3681 2221 3737 forte
2265 3683 2626 3750 homicidium,
2682 3685 2817 3738 forte
2863 3685 3074 3756 aliquod
3123 3687 3483 3758 sacrilegium;

1923 3774 2096 3850 gravis
2139 3787 2245 3838 res,
2291 3788 2449 3844 grave
2485 3772 2700 3850 vultms,
2741 3773 2955 3840 ictbale,
2999 3775 3362 3830 mortiferum:
3395 3777 3492 3832 sed

1920 3847 2255 3940 oinnipotens
2280 3864 2532 3918 medicus.
2559 3847 2674 3918 Jam
2701 3873 2820 3933 post
2860 3869 3249 3936 suggestionem
3289 3868 3408 3924 facti
3436 3875 3492 3924 et

1921 3947 2322 4028 delectationem
2372 3963 2426 4008 et
2472 3955 2876 4008 consensionem
2922 3963 2975 4008 et
3021 3957 3488 4028 perpetrationem,

1921 4045 2070 4113 quasi
2116 4043 2493 4114 quatriduanus
2535 4054 2773 4097 mortuus
2811 4051 2956 4112 putet
2985 4061 2997 4096 :
3028 4045 3120 4098 sed
3165 4061 3266 4101 nec
3317 4045 3490 4116 ipsum

1921 4125 2176 4214 Dominus
2201 4129 2455 4199 deseruit,
2487 4133 2578 4190 sed
2606 4133 2870 4200 clamavit,
2908 4127 3121 4198 Lazare,
3160 4137 3307 4200 prodi
3332 4139 3490 4206 foras.

1921 4225 2092 4281 Cessit
2142 4225 2263 4280 voci
2308 4225 2687 4280 misericordiae
2748 4225 2918 4280 moles
2971 4227 3300 4296 sepulturae:
3332 4231 3496 4284 cessit

1920 4333 2064 4392 mors
2090 4318 2233 4384 vitm,
2263 4317 2424 4371 cessit
2461 4317 2698 4372 infernus
2727 4333 2977 4388 superno.
3007 4319 3256 4374 Elevatus
3280 4331 3361 4376 est
3385 4321 3492 4376 La-

1919 4407 2094 4470 zarus,
2143 4407 2401 4476 processit
2445 4405 2512 4462 de
2556 4407 2802 4461 tumulo:
2835 4417 2885 4462 et
2931 4407 3124 4478 ligatus
3167 4419 3302 4478 erat,
3355 4411 3494 4467 sicut

1922 4507 2046 4552 sunt
2075 4498 2318 4552 homines
2362 4499 2414 4568 in
2453 4496 2786 4553 confessione
2822 4499 3024 4568 peccati
3073 4509 3290 4572 agentes
3319 4503 3492 4570 posui-

1920 4587 2157 4642 tentiam.
2189 4587 2304 4642 1am
2331 4597 2703 4658 processerunt
2724 4604 2754 4644 a
2792 4599 2962 4644 morte
2990 4607 3004 4646 :
3031 4607 3155 4644 nam
3187 4607 3290 4646 non
3321 4591 3492 4646 eonfi-

1921 4690 2178 4748 tercntur,
2211 4680 2310 4734 nisi
2355 4679 2723 4748 procederent.
2770 4679 2944 4749 Ipsum
2981 4677 3241 4748 confiteri,
3288 4683 3356 4738 ab
3396 4697 3492 4736 oc-

1919 4771 2061 4824 culto
2080 4779 2133 4823 et
2156 4785 2184 4824 a
2216 4757 2499 4824 tenebroso
2521 4765 2806 4839 procedere
2828 4782 2928 4825 est.
2956 4771 3058 4826 Sed
3084 4771 3206 4840 quid
3239 4772 3495 4828 Dominus

1923 4847 2177 4916 Ecclesim
2216 4857 2364 4912 suae?
2393 4859 2516 4932 Quae
2539 4861 2804 4926 solvet-itis,
2834 4859 3022 4930 inquit,
3050 4863 3102 4914 in
3129 4853 3288 4928 terra,
3327 4863 3492 4918 soluta

1921 4959 2063 5004 erunt
2097 4959 2142 5003 et
2181 4950 2233 5002 in
2275 4949 2642 5020 τωισμιαιιίι.
2692 4966 2839 5014 xvut,
2885 4950 2992 5021 18).
3026 4951 3253 5008 Proinde
3291 4953 3493 5010 Lazaro

1919 5041 2258 5112 procedente,
2287 5041 2406 5112 quia
2437 5041 2674 5112 implevit
2697 5041 2950 5097 Dominus
2979 5043 3357 5102 misericordiae
3381 5064 3490 5102 sure

1919 5125 2139 5196 bonum,
2173 5121 2462 5201 perducere
2499 5123 2566 5188 ad
2605 5131 2988 5189 confessionem
3022 5125 3284 5192 mortuum
3325 5139 3496 5194 laten-

1921 5232 2050 5288 tem,
2079 5232 2386 5293 putentcm;
2415 5213 2738 5294 jam’czetera
2768 5225 2950 5293 implet
2978 5227 3230 5282 Ecclesiae
3257 5219 3496 5284 ministri-

1921 5309 2057 5368 rium
2089 5331 2100 5366 :
2131 5313 2323 5368 Solvite
2359 5303 2525 5376 illum,
2551 5323 2594 5366 et
2626 5314 2774 5367 sinite
2798 5314 2938 5370 abire
2965 5315 3144 5384 (Joan.
3171 5319 3246 5380 ait,
3267 5317 3484 5385 '59-“).

1921 5404 2046 5480 Sed,
2091 5403 2414 5471 charissimi,
2455 5403 2554 5458 hoc
2593 5419 2760 5473 genus
2809 5405 3133 5475 ptenilentitn
3185 5399 3342 5462 nemo
3388 5407 3488 5462 sibi

1921 5502 2200 5564 proponat,
2223 5493 2288 5548 ad
2314 5494 2416 5548 hoc
2440 5509 2606 5563 genus
2631 5511 2789 5550 nemo
2815 5511 2876 5551 se
2915 5505 3176 5566 praeparet
3201 5514 3214 5550 :
3239 5505 3412 5550 tamen
3442 5497 3488 5551 si

1918 5585 2055 5639 forte
2097 5583 2394 5654 contigerit,
2445 5599 2602 5639 nemo
2645 5585 2912 5654 deSperet.
2943 5583 3130 5640 Judam
3179 5575 3487 5641 traditorem

1918 5673 2024 5732 non
2064 5686 2167 5732 tam
2205 5675 2378 5733 scelus
2425 5677 2566 5746 quod
2612 5677 2896 5740 commisit,
2948 5691 3108 5745 quam
3151 5675 3490 5748 indulgentis

1919 5769 2221 5840 deSperatio
2245 5767 2365 5824 fecit
2389 5767 2596 5837 penitus
2621 5767 2855 5823 interire.
2888 5766 3000 5822 Non
3025 5775 3138 5822 erat
3167 5767 3356 5840 dignus
3385 5768 3492 5822 nti-
