  <div class='ocr_page' id='page_1' title='image "/cluster/home/n/w/nwhite01/storage/ocr_20150623/39/umn.319510024773323/045.png"; bbox 0 0 3996 6456; ppageno 0'>
   <div class='ocr_carea' id='block_1_1' title="bbox 498 425 639 483">
    <p class='ocr_par' dir='ltr' id='par_1_1' title="bbox 498 425 639 483">
     <span class='ocr_line' id='line_1_1' title="bbox 498 425 639 483; baseline 0.014 -3"><span class='ocrx_word' id='word_1_1' title='bbox 498 425 639 483; x_wconf 64' lang='grc'><strong>1559</strong></span> 
     </span>
    </p>
   </div>
   <div class='ocr_carea' id='block_1_2' title="bbox 495 526 2058 600">
    <p class='ocr_par' dir='ltr' id='par_1_2' title="bbox 495 526 2058 600">
     <span class='ocr_line' id='line_1_2' title="bbox 495 526 2058 600; baseline -0.006 -10"><span class='ocrx_word' id='word_1_2' title='bbox 495 533 802 600; x_wconf 86' lang='lat' dir='ltr'><strong>serieordia,</strong></span> <span class='ocrx_word' id='word_1_3' title='bbox 844 532 963 589; x_wconf 89' lang='lat' dir='ltr'><strong>ideo</strong></span> <span class='ocrx_word' id='word_1_4' title='bbox 988 535 1036 590; x_wconf 92' lang='lat' dir='ltr'><strong>ei</strong></span> <span class='ocrx_word' id='word_1_5' title='bbox 1068 547 1168 587; x_wconf 92' lang='lat' dir='ltr'><strong>non</strong></span> <span class='ocrx_word' id='word_1_6' title='bbox 1196 531 1340 587; x_wconf 99' lang='lat' dir='ltr'><strong>fulsit</strong></span> <span class='ocrx_word' id='word_1_7' title='bbox 1377 532 1550 586; x_wconf 89' lang='lat' dir='ltr'><strong>lumen</strong></span> <span class='ocrx_word' id='word_1_8' title='bbox 1602 532 1653 585; x_wconf 90' lang='lat' dir='ltr'><strong>in</strong></span> <span class='ocrx_word' id='word_1_9' title='bbox 1693 528 1873 596; x_wconf 89' lang='lat' dir='ltr'><strong>corde,</strong></span> <span class='ocrx_word' id='word_1_10' title='bbox 1904 538 1963 583; x_wconf 94' lang='lat' dir='ltr'><strong>ut</strong></span> <span class='ocrx_word' id='word_1_11' title='bbox 1990 526 2058 581; x_wconf 89' lang='lat' dir='ltr'><strong>ad</strong></span> 
     </span>
    </p>
   </div>
   <div class='ocr_carea' id='block_1_3' title="bbox 496 621 2061 695">
    <p class='ocr_par' dir='ltr' id='par_1_3' title="bbox 496 621 2061 695">
     <span class='ocr_line' id='line_1_3' title="bbox 496 621 2061 695; baseline -0.005 -15"><span class='ocrx_word' id='word_1_12' title='bbox 496 626 614 694; x_wconf 78' lang='lat' dir='ltr'><strong>ejus</strong></span> <span class='ocrx_word' id='word_1_13' title='bbox 638 625 1012 695; x_wconf 73' lang='lat' dir='ltr'><strong>indulgentiam</strong></span> <span class='ocrx_word' id='word_1_14' title='bbox 1046 633 1385 678; x_wconf 91' lang='lat' dir='ltr'><strong>concurreret</strong></span> <span class='ocrx_word' id='word_1_15' title='bbox 1405 639 1560 693; x_wconf 88' lang='lat' dir='ltr'><strong>quem</strong></span> <span class='ocrx_word' id='word_1_16' title='bbox 1589 621 1894 686; x_wconf 90' lang='lat' dir='ltr'><strong>tradiderat,</strong></span> <span class='ocrx_word' id='word_1_17' title='bbox 1925 621 2061 674; x_wconf 84' lang='lat' dir='ltr'><strong>sicut</strong></span> 
     </span>
    </p>
   </div>
   <div class='ocr_carea' id='block_1_4' title="bbox 498 709 2056 784">
    <p class='ocr_par' dir='ltr' id='par_1_4' title="bbox 498 709 2056 784">
     <span class='ocr_line' id='line_1_4' title="bbox 498 709 2056 784; baseline -0.006 -13"><span class='ocrx_word' id='word_1_18' title='bbox 498 715 572 771; x_wconf 86' lang='lat' dir='ltr'><strong>illi</strong></span> <span class='ocrx_word' id='word_1_19' title='bbox 603 716 692 784; x_wconf 86' lang='lat' dir='ltr'><strong>qui</strong></span> <span class='ocrx_word' id='word_1_20' title='bbox 717 731 835 770; x_wconf 91' lang='lat' dir='ltr'><strong>eum</strong></span> <span class='ocrx_word' id='word_1_21' title='bbox 861 713 1263 780; x_wconf 79' lang='lat' dir='ltr'><strong>crucifixerant;</strong></span> <span class='ocrx_word' id='word_1_22' title='bbox 1295 713 1387 768; x_wconf 91' lang='lat' dir='ltr'><strong>scd</strong></span> <span class='ocrx_word' id='word_1_23' title='bbox 1409 713 1738 782; x_wconf 90' lang='lat' dir='ltr'><strong>desperando</strong></span> <span class='ocrx_word' id='word_1_24' title='bbox 1767 727 1824 766; x_wconf 91' lang='lat' dir='ltr'><strong>se</strong></span> <span class='ocrx_word' id='word_1_25' title='bbox 1845 709 2056 774; x_wconf 88' lang='lat' dir='ltr'><strong>occidit,</strong></span> 
     </span>
    </p>
   </div>
   <div class='ocr_carea' id='block_1_5' title="bbox 496 805 2056 878">
    <p class='ocr_par' dir='ltr' id='par_1_5' title="bbox 496 805 2056 878">
     <span class='ocr_line' id='line_1_5' title="bbox 496 805 2056 878; baseline -0.003 -15"><span class='ocrx_word' id='word_1_26' title='bbox 496 817 550 863; x_wconf 87' lang='lat' dir='ltr'><strong>et</strong></span> <span class='ocrx_word' id='word_1_27' title='bbox 579 808 764 878; x_wconf 87' lang='lat' dir='ltr'><strong>laqueo</strong></span> <span class='ocrx_word' id='word_1_28' title='bbox 802 807 1080 876; x_wconf 68' lang='lat' dir='ltr'><strong>suspendit</strong></span> <span class='ocrx_word' id='word_1_29' title='bbox 1115 823 1194 874; x_wconf 87' lang='lat' dir='ltr'><strong>se,</strong></span> <span class='ocrx_word' id='word_1_30' title='bbox 1237 807 1511 862; x_wconf 80' lang='lat' dir='ltr'><strong>sufl‘ocavit</strong></span> <span class='ocrx_word' id='word_1_31' title='bbox 1548 822 1623 862; x_wconf 89' lang='lat' dir='ltr'><strong>se.</strong></span> <span class='ocrx_word' id='word_1_32' title='bbox 1657 805 1806 873; x_wconf 88' lang='lat' dir='ltr'><strong>Quod</strong></span> <span class='ocrx_word' id='word_1_33' title='bbox 1845 805 1968 859; x_wconf 85' lang='lat' dir='ltr'><strong>fecit</strong></span> <span class='ocrx_word' id='word_1_34' title='bbox 2005 806 2056 859; x_wconf 91' lang='lat' dir='ltr'><strong>in</strong></span> 
     </span>
    </p>
   </div>
   <div class='ocr_carea' id='block_1_6' title="bbox 495 897 2056 968">
    <p class='ocr_par' dir='ltr' id='par_1_6' title="bbox 495 897 2056 968">
     <span class='ocr_line' id='line_1_6' title="bbox 495 897 2056 968; baseline -0.002 -15"><span class='ocrx_word' id='word_1_35' title='bbox 495 914 718 968; x_wconf 91' lang='lat' dir='ltr'><strong>corpore</strong></span> <span class='ocrx_word' id='word_1_36' title='bbox 742 913 859 962; x_wconf 91' lang='lat' dir='ltr'><strong>suo,</strong></span> <span class='ocrx_word' id='word_1_37' title='bbox 890 898 992 955; x_wconf 89' lang='lat' dir='ltr'><strong>hoc</strong></span> <span class='ocrx_word' id='word_1_38' title='bbox 1018 899 1211 953; x_wconf 79' lang='lat' dir='ltr'><strong>factum</strong></span> <span class='ocrx_word' id='word_1_39' title='bbox 1235 907 1316 953; x_wconf 90' lang='lat' dir='ltr'><strong>est</strong></span> <span class='ocrx_word' id='word_1_40' title='bbox 1342 900 1392 953; x_wconf 95' lang='lat' dir='ltr'><strong>in</strong></span> <span class='ocrx_word' id='word_1_41' title='bbox 1416 899 1589 952; x_wconf 90' lang='lat' dir='ltr'><strong>anima</strong></span> <span class='ocrx_word' id='word_1_42' title='bbox 1617 898 1798 966; x_wconf 86' lang='lat' dir='ltr'><strong>ipsius.</strong></span> <span class='ocrx_word' id='word_1_43' title='bbox 1831 897 2056 966; x_wconf 82' lang='lat' dir='ltr'><strong>Spiritus</strong></span> 
     </span>
    </p>
   </div>
   <div class='ocr_carea' id='block_1_7' title="bbox 491 985 2056 1058">
    <p class='ocr_par' dir='ltr' id='par_1_7' title="bbox 491 985 2056 1058">
     <span class='ocr_line' id='line_1_7' title="bbox 491 985 2056 1058; baseline -0.002 -16"><span class='ocrx_word' id='word_1_44' title='bbox 491 989 634 1042; x_wconf 90' lang='lat' dir='ltr'><strong>enim</strong></span> <span class='ocrx_word' id='word_1_45' title='bbox 661 987 852 1043; x_wconf 90' lang='lat' dir='ltr'><strong>dicitur</strong></span> <span class='ocrx_word' id='word_1_46' title='bbox 871 989 1028 1042; x_wconf 89' lang='lat' dir='ltr'><strong>etiam</strong></span> <span class='ocrx_word' id='word_1_47' title='bbox 1059 989 1156 1042; x_wconf 89' lang='lat' dir='ltr'><strong>iste</strong></span> <span class='ocrx_word' id='word_1_48' title='bbox 1187 997 1376 1042; x_wconf 89' lang='lat' dir='ltr'><strong>ventus</strong></span> <span class='ocrx_word' id='word_1_49' title='bbox 1415 988 1552 1043; x_wconf 90' lang='lat' dir='ltr'><strong>aeris</strong></span> <span class='ocrx_word' id='word_1_50' title='bbox 1576 989 1750 1058; x_wconf 86' lang='lat' dir='ltr'><strong>hujus.</strong></span> <span class='ocrx_word' id='word_1_51' title='bbox 1782 985 2056 1054; x_wconf 84' lang='lat' dir='ltr'><strong>Quomodo</strong></span> 
     </span>
    </p>
   </div>
   <div class='ocr_carea' id='block_1_8' title="bbox 494 1077 2055 1149">
    <p class='ocr_par' dir='ltr' id='par_1_8' title="bbox 494 1077 2055 1149">
     <span class='ocr_line' id='line_1_8' title="bbox 494 1077 2055 1149; baseline -0.001 -16"><span class='ocrx_word' id='word_1_52' title='bbox 494 1095 621 1148; x_wconf 87' lang='lat' dir='ltr'><strong>ergo</strong></span> <span class='ocrx_word' id='word_1_53' title='bbox 647 1080 735 1149; x_wconf 90' lang='lat' dir='ltr'><strong>qui</strong></span> <span class='ocrx_word' id='word_1_54' title='bbox 778 1079 876 1132; x_wconf 84' lang='lat' dir='ltr'><strong>sibi</strong></span> <span class='ocrx_word' id='word_1_55' title='bbox 915 1078 1105 1132; x_wconf 94' lang='lat' dir='ltr'><strong>collum</strong></span> <span class='ocrx_word' id='word_1_56' title='bbox 1149 1078 1333 1146; x_wconf 80' lang='lat' dir='ltr'><strong>ligant,</strong></span> <span class='ocrx_word' id='word_1_57' title='bbox 1372 1077 1496 1134; x_wconf 90' lang='lat' dir='ltr'><strong>inde</strong></span> <span class='ocrx_word' id='word_1_58' title='bbox 1541 1094 1598 1133; x_wconf 88' lang='lat' dir='ltr'><strong>sc</strong></span> <span class='ocrx_word' id='word_1_59' title='bbox 1638 1079 1903 1146; x_wconf 90' lang='lat' dir='ltr'><strong>occidunt,</strong></span> <span class='ocrx_word' id='word_1_60' title='bbox 1933 1078 2055 1148; x_wconf 89' lang='lat' dir='ltr'><strong>quia</strong></span> 
     </span>
    </p>
   </div>
   <div class='ocr_carea' id='block_1_9' title="bbox 490 1168 2055 1238">
    <p class='ocr_par' dir='ltr' id='par_1_9' title="bbox 490 1168 2055 1238">
     <span class='ocr_line' id='line_1_9' title="bbox 490 1168 2055 1238; baseline 0 -14"><span class='ocrx_word' id='word_1_61' title='bbox 490 1186 596 1224; x_wconf 88' lang='lat' dir='ltr'><strong>non</strong></span> <span class='ocrx_word' id='word_1_62' title='bbox 627 1170 692 1223; x_wconf 88' lang='lat' dir='ltr'><strong>ad</strong></span> <span class='ocrx_word' id='word_1_63' title='bbox 717 1184 811 1224; x_wconf 89' lang='lat' dir='ltr'><strong>eos</strong></span> <span class='ocrx_word' id='word_1_64' title='bbox 838 1170 996 1223; x_wconf 87' lang='lat' dir='ltr'><strong>intrat</strong></span> <span class='ocrx_word' id='word_1_65' title='bbox 1023 1168 1238 1238; x_wconf 85' lang='lat' dir='ltr'><strong>spiritus</strong></span> <span class='ocrx_word' id='word_1_66' title='bbox 1261 1170 1396 1223; x_wconf 92' lang='lat' dir='ltr'><strong>acris</strong></span> <span class='ocrx_word' id='word_1_67' title='bbox 1419 1169 1572 1237; x_wconf 84' lang='lat' dir='ltr'><strong>huius</strong></span> <span class='ocrx_word' id='word_1_68' title='bbox 1599 1187 1611 1222; x_wconf 91' lang='lat'><strong>:</strong></span> <span class='ocrx_word' id='word_1_69' title='bbox 1643 1169 1720 1225; x_wconf 88' lang='lat' dir='ltr'><strong>sic</strong></span> <span class='ocrx_word' id='word_1_70' title='bbox 1747 1170 1820 1224; x_wconf 89' lang='lat' dir='ltr'><strong>illi</strong></span> <span class='ocrx_word' id='word_1_71' title='bbox 1849 1170 1936 1238; x_wconf 92' lang='lat' dir='ltr'><strong>qui</strong></span> <span class='ocrx_word' id='word_1_72' title='bbox 1962 1168 2055 1224; x_wconf 87' lang='lat' dir='ltr'><strong>de-</strong></span> 
     </span>
    </p>
   </div>
   <div class='ocr_carea' id='block_1_10' title="bbox 489 1259 2056 1330">
    <p class='ocr_par' dir='ltr' id='par_1_10' title="bbox 489 1259 2056 1330">
     <span class='ocr_line' id='line_1_10' title="bbox 489 1259 2056 1330; baseline 0.001 -16"><span class='ocrx_word' id='word_1_73' title='bbox 489 1270 708 1330; x_wconf 84' lang='lat' dir='ltr'><strong>sperant</strong></span> <span class='ocrx_word' id='word_1_74' title='bbox 726 1260 793 1315; x_wconf 93' lang='lat' dir='ltr'><strong>de</strong></span> <span class='ocrx_word' id='word_1_75' title='bbox 819 1261 1139 1330; x_wconf 76' lang='lat' dir='ltr'><strong>indulgentia</strong></span> <span class='ocrx_word' id='word_1_76' title='bbox 1170 1260 1282 1324; x_wconf 91' lang='lat' dir='ltr'><strong>Dei,</strong></span> <span class='ocrx_word' id='word_1_77' title='bbox 1307 1261 1416 1329; x_wconf 91' lang='lat' dir='ltr'><strong>ipsa</strong></span> <span class='ocrx_word' id='word_1_78' title='bbox 1442 1259 1806 1329; x_wconf 89' lang='lat' dir='ltr'><strong>desperatione</strong></span> <span class='ocrx_word' id='word_1_79' title='bbox 1834 1260 1973 1314; x_wconf 90' lang='lat' dir='ltr'><strong>intus</strong></span> <span class='ocrx_word' id='word_1_80' title='bbox 1997 1274 2056 1315; x_wconf 84' lang='lat' dir='ltr'><strong>se</strong></span> 
     </span>
    </p>
   </div>
   <div class='ocr_carea' id='block_1_11' title="bbox 491 1349 2052 1419">
    <p class='ocr_par' dir='ltr' id='par_1_11' title="bbox 491 1349 2052 1419">
     <span class='ocr_line' id='line_1_11' title="bbox 491 1349 2052 1419; baseline -0.001 -15"><span class='ocrx_word' id='word_1_81' title='bbox 491 1351 772 1412; x_wconf 85' lang='lat' dir='ltr'><strong>sutl‘oeant,</strong></span> <span class='ocrx_word' id='word_1_82' title='bbox 806 1360 863 1403; x_wconf 92' lang='lat' dir='ltr'><strong>ut</strong></span> <span class='ocrx_word' id='word_1_83' title='bbox 890 1365 984 1404; x_wconf 89' lang='lat' dir='ltr'><strong>eos</strong></span> <span class='ocrx_word' id='word_1_84' title='bbox 1007 1350 1232 1419; x_wconf 87' lang='lat' dir='ltr'><strong>Spiritus</strong></span> <span class='ocrx_word' id='word_1_85' title='bbox 1258 1360 1469 1404; x_wconf 87' lang='lat' dir='ltr'><strong>sanctus</strong></span> <span class='ocrx_word' id='word_1_86' title='bbox 1497 1349 1708 1404; x_wconf 78' lang='lat' dir='ltr'><strong>visitare</strong></span> <span class='ocrx_word' id='word_1_87' title='bbox 1734 1365 1838 1404; x_wconf 93' lang='lat' dir='ltr'><strong>non</strong></span> <span class='ocrx_word' id='word_1_88' title='bbox 1866 1350 2052 1418; x_wconf 89' lang='lat' dir='ltr'><strong>possit.</strong></span> 
     </span>
    </p>
   </div>
   <div class='ocr_carea' id='block_1_12' title="bbox 561 1439 2056 1512">
    <p class='ocr_par' dir='ltr' id='par_1_12' title="bbox 561 1439 2056 1512">
     <span class='ocr_line' id='line_1_12' title="bbox 561 1439 2056 1512; baseline -0.002 -16"><span class='ocrx_word' id='word_1_89' title='bbox 561 1442 615 1496; x_wconf 90' lang='lat'><strong>9.</strong></span> <span class='ocrx_word' id='word_1_90' title='bbox 656 1440 840 1496; x_wconf 82' lang='lat' dir='ltr'><strong>Contra</strong></span> <span class='ocrx_word' id='word_1_91' title='bbox 881 1439 1117 1511; x_wconf 81' lang='lat' dir='ltr'><strong>Paganos</strong></span> <span class='ocrx_word' id='word_1_92' title='bbox 1146 1441 1443 1511; x_wconf 67' lang='lat' dir='ltr'><strong>paenitentia:</strong></span> <span class='ocrx_word' id='word_1_93' title='bbox 1467 1442 1787 1512; x_wconf 81' lang='lat' dir='ltr'><strong>permissione</strong></span> <span class='ocrx_word' id='word_1_94' title='bbox 1821 1442 2056 1511; x_wconf 78' lang='lat' dir='ltr'><strong>peccandi</strong></span> 
     </span>
    </p>
   </div>
   <div class='ocr_carea' id='block_1_13' title="bbox 489 1530 2055 1601">
    <p class='ocr_par' dir='ltr' id='par_1_13' title="bbox 489 1530 2055 1601">
     <span class='ocr_line' id='line_1_13' title="bbox 489 1530 2055 1601; baseline -0.001 -15"><span class='ocrx_word' id='word_1_95' title='bbox 489 1533 742 1586; x_wconf 78' lang='lat' dir='ltr'><strong>licentiam</strong></span> <span class='ocrx_word' id='word_1_96' title='bbox 766 1531 877 1584; x_wconf 88' lang='lat' dir='ltr'><strong>dari</strong></span> <span class='ocrx_word' id='word_1_97' title='bbox 901 1531 1244 1601; x_wconf 87' lang='lat' dir='ltr'><strong>suggillantes.</strong></span> <span class='ocrx_word' id='word_1_98' title='bbox 1274 1530 1457 1586; x_wconf 88' lang='lat' dir='ltr'><strong>Solent</strong></span> <span class='ocrx_word' id='word_1_99' title='bbox 1477 1532 1598 1586; x_wconf 87' lang='lat' dir='ltr'><strong>inde</strong></span> <span class='ocrx_word' id='word_1_100' title='bbox 1623 1531 1935 1587; x_wconf 84' lang='lat' dir='ltr'><strong>Christianis</strong></span> <span class='ocrx_word' id='word_1_101' title='bbox 1955 1532 2055 1586; x_wconf 84' lang='lat' dir='ltr'><strong>Pa-</strong></span> 
     </span>
    </p>
   </div>
   <div class='ocr_carea' id='block_1_14' title="bbox 487 1621 2052 1693">
    <p class='ocr_par' dir='ltr' id='par_1_14' title="bbox 487 1621 2052 1693">
     <span class='ocr_line' id='line_1_14' title="bbox 487 1621 2052 1693; baseline 0.001 -17"><span class='ocrx_word' id='word_1_102' title='bbox 487 1625 610 1693; x_wconf 86' lang='lat' dir='ltr'><strong>gani</strong></span> <span class='ocrx_word' id='word_1_103' title='bbox 637 1624 887 1678; x_wconf 90' lang='lat' dir='ltr'><strong>insultare</strong></span> <span class='ocrx_word' id='word_1_104' title='bbox 917 1621 982 1677; x_wconf 89' lang='lat' dir='ltr'><strong>de</strong></span> <span class='ocrx_word' id='word_1_105' title='bbox 1009 1623 1315 1692; x_wconf 71' lang='lat' dir='ltr'><strong>pwnitentia</strong></span> <span class='ocrx_word' id='word_1_106' title='bbox 1342 1638 1460 1692; x_wconf 89' lang='lat' dir='ltr'><strong>quae</strong></span> <span class='ocrx_word' id='word_1_107' title='bbox 1490 1624 1725 1677; x_wconf 91' lang='lat' dir='ltr'><strong>instituta</strong></span> <span class='ocrx_word' id='word_1_108' title='bbox 1754 1633 1834 1678; x_wconf 92' lang='lat' dir='ltr'><strong>est</strong></span> <span class='ocrx_word' id='word_1_109' title='bbox 1864 1624 1916 1677; x_wconf 93' lang='lat' dir='ltr'><strong>in</strong></span> <span class='ocrx_word' id='word_1_110' title='bbox 1951 1623 2052 1677; x_wconf 92' lang='lat' dir='ltr'><strong>Ec-</strong></span> 
     </span>
    </p>
   </div>
   <div class='ocr_carea' id='block_1_15' title="bbox 491 1713 2053 1772">
    <p class='ocr_par' dir='ltr' id='par_1_15' title="bbox 491 1713 2053 1772">
     <span class='ocr_line' id='line_1_15' title="bbox 491 1713 2053 1772; baseline -0.001 -2"><span class='ocrx_word' id='word_1_111' title='bbox 491 1717 654 1772; x_wconf 89' lang='lat' dir='ltr'><strong>clesia</strong></span> <span class='ocrx_word' id='word_1_112' title='bbox 690 1734 704 1770; x_wconf 88' lang='lat'><strong>:</strong></span> <span class='ocrx_word' id='word_1_113' title='bbox 732 1725 785 1770; x_wconf 91' lang='lat' dir='ltr'><strong>et</strong></span> <span class='ocrx_word' id='word_1_114' title='bbox 813 1723 995 1769; x_wconf 89' lang='lat' dir='ltr'><strong>contra</strong></span> <span class='ocrx_word' id='word_1_115' title='bbox 1040 1713 1318 1768; x_wconf 89' lang='lat' dir='ltr'><strong>nonnullas</strong></span> <span class='ocrx_word' id='word_1_116' title='bbox 1353 1714 1584 1768; x_wconf 68' lang='lat' dir='ltr'><strong>hmreses</strong></span> <span class='ocrx_word' id='word_1_117' title='bbox 1621 1714 1786 1769; x_wconf 88' lang='lat' dir='ltr'><strong>tenuit</strong></span> <span class='ocrx_word' id='word_1_118' title='bbox 1816 1713 2053 1768; x_wconf 85' lang='lat' dir='ltr'><strong>Ecclesia</strong></span> 
     </span>
    </p>
   </div>
   <div class='ocr_carea' id='block_1_16' title="bbox 489 1803 2053 1874">
    <p class='ocr_par' dir='ltr' id='par_1_16' title="bbox 489 1803 2053 1874">
     <span class='ocr_line' id='line_1_16' title="bbox 489 1803 2053 1874; baseline -0.001 -13"><span class='ocrx_word' id='word_1_119' title='bbox 489 1806 744 1862; x_wconf 90' lang='lat' dir='ltr'><strong>catholica</strong></span> <span class='ocrx_word' id='word_1_120' title='bbox 768 1805 920 1858; x_wconf 89' lang='lat' dir='ltr'><strong>istam</strong></span> <span class='ocrx_word' id='word_1_121' title='bbox 945 1804 1219 1859; x_wconf 87' lang='lat' dir='ltr'><strong>veritatem</strong></span> <span class='ocrx_word' id='word_1_122' title='bbox 1245 1803 1312 1858; x_wconf 91' lang='lat' dir='ltr'><strong>de</strong></span> <span class='ocrx_word' id='word_1_123' title='bbox 1333 1804 1638 1874; x_wconf 75' lang='lat' dir='ltr'><strong>paenitentia</strong></span> <span class='ocrx_word' id='word_1_124' title='bbox 1669 1804 1888 1874; x_wconf 87' lang='lat' dir='ltr'><strong>agenda.</strong></span> <span class='ocrx_word' id='word_1_125' title='bbox 1916 1803 2053 1859; x_wconf 83' lang='lat' dir='ltr'><strong>Fue-</strong></span> 
     </span>
    </p>
   </div>
   <div class='ocr_carea' id='block_1_17' title="bbox 489 1893 2055 1963">
    <p class='ocr_par' dir='ltr' id='par_1_17' title="bbox 489 1893 2055 1963">
     <span class='ocr_line' id='line_1_17' title="bbox 489 1893 2055 1963; baseline -0.003 -12"><span class='ocrx_word' id='word_1_126' title='bbox 489 1904 615 1951; x_wconf 90' lang='lat' dir='ltr'><strong>runt</strong></span> <span class='ocrx_word' id='word_1_127' title='bbox 639 1895 779 1951; x_wconf 87' lang='lat' dir='ltr'><strong>enim</strong></span> <span class='ocrx_word' id='word_1_128' title='bbox 811 1894 898 1963; x_wconf 89' lang='lat' dir='ltr'><strong>qui</strong></span> <span class='ocrx_word' id='word_1_129' title='bbox 920 1894 1179 1959; x_wconf 89' lang='lat' dir='ltr'><strong>dicerent,</strong></span> <span class='ocrx_word' id='word_1_130' title='bbox 1215 1893 1528 1963; x_wconf 90' lang='lat' dir='ltr'><strong>quibusdam</strong></span> <span class='ocrx_word' id='word_1_131' title='bbox 1552 1894 1778 1962; x_wconf 83' lang='lat' dir='ltr'><strong>peccatis</strong></span> <span class='ocrx_word' id='word_1_132' title='bbox 1802 1908 1904 1948; x_wconf 90' lang='lat' dir='ltr'><strong>non</strong></span> <span class='ocrx_word' id='word_1_133' title='bbox 1935 1907 2055 1948; x_wconf 88' lang='lat' dir='ltr'><strong>esse</strong></span> 
     </span>
    </p>
   </div>
   <div class='ocr_carea' id='block_1_18' title="bbox 488 1983 2055 2053">
    <p class='ocr_par' dir='ltr' id='par_1_18' title="bbox 488 1983 2055 2053">
     <span class='ocr_line' id='line_1_18' title="bbox 488 1983 2055 2053; baseline -0.004 -11"><span class='ocrx_word' id='word_1_134' title='bbox 488 1984 716 2042; x_wconf 85' lang='lat' dir='ltr'><strong>dandam</strong></span> <span class='ocrx_word' id='word_1_135' title='bbox 742 1983 1139 2053; x_wconf 71' lang='lat' dir='ltr'><strong>paenitentiam;</strong></span> <span class='ocrx_word' id='word_1_136' title='bbox 1169 1991 1222 2038; x_wconf 91' lang='lat' dir='ltr'><strong>et</strong></span> <span class='ocrx_word' id='word_1_137' title='bbox 1248 1983 1448 2037; x_wconf 81' lang='lat' dir='ltr'><strong>exclusi</strong></span> <span class='ocrx_word' id='word_1_138' title='bbox 1477 1993 1600 2038; x_wconf 91' lang='lat' dir='ltr'><strong>sunt</strong></span> <span class='ocrx_word' id='word_1_139' title='bbox 1622 1984 1688 2038; x_wconf 90' lang='lat' dir='ltr'><strong>de</strong></span> <span class='ocrx_word' id='word_1_140' title='bbox 1717 1983 1972 2046; x_wconf 85' lang='lat' dir='ltr'><strong>Ecclesia,</strong></span> <span class='ocrx_word' id='word_1_141' title='bbox 2002 1990 2055 2036; x_wconf 91' lang='lat' dir='ltr'><strong>et</strong></span> 
     </span>
    </p>
   </div>
   <div class='ocr_carea' id='block_1_19' title="bbox 489 2070 2051 2141">
    <p class='ocr_par' dir='ltr' id='par_1_19' title="bbox 489 2070 2051 2141">
     <span class='ocr_line' id='line_1_19' title="bbox 489 2070 2051 2141; baseline -0.001 -14"><span class='ocrx_word' id='word_1_142' title='bbox 489 2072 726 2127; x_wconf 65' lang='lat' dir='ltr'><strong>haeretici</strong></span> <span class='ocrx_word' id='word_1_143' title='bbox 770 2072 889 2126; x_wconf 89' lang='lat' dir='ltr'><strong>facti</strong></span> <span class='ocrx_word' id='word_1_144' title='bbox 938 2081 1081 2126; x_wconf 86' lang='lat' dir='ltr'><strong>sunt.</strong></span> <span class='ocrx_word' id='word_1_145' title='bbox 1124 2070 1178 2126; x_wconf 90' lang='lat' dir='ltr'><strong>ln</strong></span> <span class='ocrx_word' id='word_1_146' title='bbox 1222 2073 1636 2141; x_wconf 86' lang='lat' dir='ltr'><strong>quibuscumque</strong></span> <span class='ocrx_word' id='word_1_147' title='bbox 1680 2073 1909 2141; x_wconf 81' lang='lat' dir='ltr'><strong>peccatis</strong></span> <span class='ocrx_word' id='word_1_148' title='bbox 1947 2087 2051 2125; x_wconf 91' lang='lat' dir='ltr'><strong>non</strong></span> 
     </span>
    </p>
   </div>
   <div class='ocr_carea' id='block_1_20' title="bbox 490 2150 2051 2233">
    <p class='ocr_par' dir='ltr' id='par_1_20' title="bbox 490 2150 2051 2233">
     <span class='ocr_line' id='line_1_20' title="bbox 490 2150 2051 2233; baseline 0.001 -16"><span class='ocrx_word' id='word_1_149' title='bbox 490 2150 667 2233; x_wconf 83' lang='lat' dir='ltr'><strong>perdit</strong></span> <span class='ocrx_word' id='word_1_150' title='bbox 695 2163 896 2218; x_wconf 88' lang='lat' dir='ltr'><strong>viscera</strong></span> <span class='ocrx_word' id='word_1_151' title='bbox 933 2163 1015 2233; x_wconf 91' lang='lat' dir='ltr'><strong>pia</strong></span> <span class='ocrx_word' id='word_1_152' title='bbox 1059 2173 1227 2218; x_wconf 87' lang='lat' dir='ltr'><strong>mater</strong></span> <span class='ocrx_word' id='word_1_153' title='bbox 1263 2162 1517 2218; x_wconf 83' lang='lat' dir='ltr'><strong>Ecclesia.</strong></span> <span class='ocrx_word' id='word_1_154' title='bbox 1549 2163 1690 2233; x_wconf 90' lang='lat' dir='ltr'><strong>Ergo</strong></span> <span class='ocrx_word' id='word_1_155' title='bbox 1728 2164 1899 2218; x_wconf 92' lang='lat' dir='ltr'><strong>solent</strong></span> <span class='ocrx_word' id='word_1_156' title='bbox 1928 2163 2051 2218; x_wconf 89' lang='lat' dir='ltr'><strong>inde</strong></span> 
     </span>
    </p>
   </div>
   <div class='ocr_carea' id='block_1_21' title="bbox 488 2253 2051 2323">
    <p class='ocr_par' dir='ltr' id='par_1_21' title="bbox 488 2253 2051 2323">
     <span class='ocr_line' id='line_1_21' title="bbox 488 2253 2051 2323; baseline 0.001 -16"><span class='ocrx_word' id='word_1_157' title='bbox 488 2253 650 2307; x_wconf 89' lang='lat' dir='ltr'><strong>etiam</strong></span> <span class='ocrx_word' id='word_1_158' title='bbox 680 2253 874 2323; x_wconf 86' lang='lat' dir='ltr'><strong>Pagani</strong></span> <span class='ocrx_word' id='word_1_159' title='bbox 904 2254 1052 2323; x_wconf 89' lang='lat' dir='ltr'><strong>quasi</strong></span> <span class='ocrx_word' id='word_1_160' title='bbox 1097 2253 1346 2307; x_wconf 90' lang='lat' dir='ltr'><strong>insultare</strong></span> <span class='ocrx_word' id='word_1_161' title='bbox 1388 2254 1559 2318; x_wconf 90' lang='lat' dir='ltr'><strong>nobis,</strong></span> <span class='ocrx_word' id='word_1_162' title='bbox 1591 2255 1888 2309; x_wconf 86' lang='lat' dir='ltr'><strong>nescientes</strong></span> <span class='ocrx_word' id='word_1_163' title='bbox 1926 2254 2051 2322; x_wconf 91' lang='lat' dir='ltr'><strong>quid</strong></span> 
     </span>
    </p>
   </div>
   <div class='ocr_carea' id='block_1_22' title="bbox 487 2341 2049 2414">
    <p class='ocr_par' dir='ltr' id='par_1_22' title="bbox 487 2341 2049 2414">
     <span class='ocr_line' id='line_1_22' title="bbox 487 2341 2049 2414; baseline 0.001 -17"><span class='ocrx_word' id='word_1_164' title='bbox 487 2343 799 2412; x_wconf 82' lang='lat' dir='ltr'><strong>loquantur;</strong></span> <span class='ocrx_word' id='word_1_165' title='bbox 825 2342 944 2412; x_wconf 87' lang='lat' dir='ltr'><strong>quia</strong></span> <span class='ocrx_word' id='word_1_166' title='bbox 974 2341 1039 2396; x_wconf 89' lang='lat' dir='ltr'><strong>ad</strong></span> <span class='ocrx_word' id='word_1_167' title='bbox 1066 2343 1282 2398; x_wconf 88' lang='lat' dir='ltr'><strong>verbum</strong></span> <span class='ocrx_word' id='word_1_168' title='bbox 1313 2344 1428 2410; x_wconf 91' lang='lat' dir='ltr'><strong>Dei,</strong></span> <span class='ocrx_word' id='word_1_169' title='bbox 1457 2343 1596 2413; x_wconf 92' lang='lat' dir='ltr'><strong>quod</strong></span> <span class='ocrx_word' id='word_1_170' title='bbox 1638 2344 1844 2414; x_wconf 84' lang='lat' dir='ltr'><strong>linguas</strong></span> <span class='ocrx_word' id='word_1_171' title='bbox 1876 2344 2049 2399; x_wconf 81' lang='lat' dir='ltr'><strong>infan-</strong></span> 
     </span>
    </p>
   </div>
   <div class='ocr_carea' id='block_1_23' title="bbox 487 2431 2048 2502">
    <p class='ocr_par' dir='ltr' id='par_1_23' title="bbox 487 2431 2048 2502">
     <span class='ocr_line' id='line_1_23' title="bbox 487 2431 2048 2502; baseline 0.001 -15"><span class='ocrx_word' id='word_1_172' title='bbox 487 2434 617 2487; x_wconf 89' lang='lat' dir='ltr'><strong>tium</strong></span> <span class='ocrx_word' id='word_1_173' title='bbox 656 2431 780 2487; x_wconf 81' lang='lat' dir='ltr'><strong>facit</strong></span> <span class='ocrx_word' id='word_1_174' title='bbox 819 2432 1066 2495; x_wconf 86' lang='lat' dir='ltr'><strong>disertas,</strong></span> <span class='ocrx_word' id='word_1_175' title='bbox 1099 2433 1332 2487; x_wconf 89' lang='lat' dir='ltr'><strong>nondum</strong></span> <span class='ocrx_word' id='word_1_176' title='bbox 1373 2443 1743 2502; x_wconf 90' lang='lat' dir='ltr'><strong>pervenerunt.</strong></span> <span class='ocrx_word' id='word_1_177' title='bbox 1791 2433 1916 2500; x_wconf 82' lang='lat' dir='ltr'><strong>Vos,</strong></span> <span class='ocrx_word' id='word_1_178' title='bbox 1965 2435 2048 2488; x_wconf 92' lang='lat' dir='ltr'><strong>in-</strong></span> 
     </span>
    </p>
   </div>
   <div class='ocr_carea' id='block_1_24' title="bbox 485 2522 2046 2594">
    <p class='ocr_par' dir='ltr' id='par_1_24' title="bbox 485 2522 2046 2594">
     <span class='ocr_line' id='line_1_24' title="bbox 485 2522 2046 2594; baseline 0.001 -18"><span class='ocrx_word' id='word_1_179' title='bbox 485 2523 692 2594; x_wconf 87' lang='lat' dir='ltr'><strong>quiunt,</strong></span> <span class='ocrx_word' id='word_1_180' title='bbox 724 2522 898 2578; x_wconf 81' lang='lat' dir='ltr'><strong>facitis</strong></span> <span class='ocrx_word' id='word_1_181' title='bbox 924 2531 980 2576; x_wconf 93' lang='lat' dir='ltr'><strong>ut</strong></span> <span class='ocrx_word' id='word_1_182' title='bbox 1005 2531 1224 2591; x_wconf 88' lang='lat' dir='ltr'><strong>peccent</strong></span> <span class='ocrx_word' id='word_1_183' title='bbox 1251 2522 1511 2588; x_wconf 88' lang='lat' dir='ltr'><strong>homines,</strong></span> <span class='ocrx_word' id='word_1_184' title='bbox 1541 2539 1661 2578; x_wconf 93' lang='lat' dir='ltr'><strong>cum</strong></span> <span class='ocrx_word' id='word_1_185' title='bbox 1691 2524 1795 2578; x_wconf 90' lang='lat' dir='ltr'><strong>illis</strong></span> <span class='ocrx_word' id='word_1_186' title='bbox 1822 2525 2046 2594; x_wconf 83' lang='lat' dir='ltr'><strong>promit-</strong></span> 
     </span>
    </p>
   </div>
   <div class='ocr_carea' id='block_1_25' title="bbox 487 2612 2051 2682">
    <p class='ocr_par' dir='ltr' id='par_1_25' title="bbox 487 2612 2051 2682">
     <span class='ocr_line' id='line_1_25' title="bbox 487 2612 2051 2682; baseline 0 -14"><span class='ocrx_word' id='word_1_187' title='bbox 487 2612 597 2668; x_wconf 85' lang='lat' dir='ltr'><strong>titis</strong></span> <span class='ocrx_word' id='word_1_188' title='bbox 626 2614 857 2680; x_wconf 88' lang='lat' dir='ltr'><strong>veniam,</strong></span> <span class='ocrx_word' id='word_1_189' title='bbox 904 2613 946 2666; x_wconf 84' lang='lat' dir='ltr'><strong>si</strong></span> <span class='ocrx_word' id='word_1_190' title='bbox 993 2613 1194 2682; x_wconf 90' lang='lat' dir='ltr'><strong>egerint</strong></span> <span class='ocrx_word' id='word_1_191' title='bbox 1242 2613 1623 2682; x_wconf 74' lang='lat' dir='ltr'><strong>pteuitentiam.</strong></span> <span class='ocrx_word' id='word_1_192' title='bbox 1658 2613 1941 2669; x_wconf 89' lang='lat' dir='ltr'><strong>Dissolutio</strong></span> <span class='ocrx_word' id='word_1_193' title='bbox 1969 2621 2051 2669; x_wconf 90' lang='lat' dir='ltr'><strong>est</strong></span> 
     </span>
    </p>
   </div>
   <div class='ocr_carea' id='block_1_26' title="bbox 486 2703 2051 2775">
    <p class='ocr_par' dir='ltr' id='par_1_26' title="bbox 486 2703 2051 2775">
     <span class='ocr_line' id='line_1_26' title="bbox 486 2703 2051 2775; baseline 0.001 -17"><span class='ocrx_word' id='word_1_194' title='bbox 486 2704 604 2764; x_wconf 86' lang='lat' dir='ltr'><strong>ista,</strong></span> <span class='ocrx_word' id='word_1_195' title='bbox 640 2718 746 2757; x_wconf 93' lang='lat' dir='ltr'><strong>non</strong></span> <span class='ocrx_word' id='word_1_196' title='bbox 773 2703 1081 2758; x_wconf 90' lang='lat' dir='ltr'><strong>admonitio.</strong></span> <span class='ocrx_word' id='word_1_197' title='bbox 1124 2703 1180 2757; x_wconf 89' lang='lat' dir='ltr'><strong>lu</strong></span> <span class='ocrx_word' id='word_1_198' title='bbox 1210 2703 1346 2759; x_wconf 85' lang='lat' dir='ltr'><strong>hanc</strong></span> <span class='ocrx_word' id='word_1_199' title='bbox 1381 2705 1693 2760; x_wconf 89' lang='lat' dir='ltr'><strong>sententiam</strong></span> <span class='ocrx_word' id='word_1_200' title='bbox 1734 2715 2051 2775; x_wconf 79' lang='lat' dir='ltr'><strong>exaggerant</strong></span> 
     </span>
    </p>
   </div>
   <div class='ocr_carea' id='block_1_27' title="bbox 484 2797 2049 2868">
    <p class='ocr_par' dir='ltr' id='par_1_27' title="bbox 484 2797 2049 2868">
     <span class='ocr_line' id='line_1_27' title="bbox 484 2797 2049 2868; baseline 0 -17"><span class='ocrx_word' id='word_1_201' title='bbox 484 2797 669 2864; x_wconf 84' lang='lat' dir='ltr'><strong>verba,</strong></span> <span class='ocrx_word' id='word_1_202' title='bbox 703 2806 896 2866; x_wconf 89' lang='lat' dir='ltr'><strong>quanta</strong></span> <span class='ocrx_word' id='word_1_203' title='bbox 923 2797 1144 2866; x_wconf 89' lang='lat' dir='ltr'><strong>quisque</strong></span> <span class='ocrx_word' id='word_1_204' title='bbox 1179 2806 1383 2867; x_wconf 88' lang='lat' dir='ltr'><strong>potest;</strong></span> <span class='ocrx_word' id='word_1_205' title='bbox 1415 2797 1588 2868; x_wconf 81' lang='lat' dir='ltr'><strong>lingua</strong></span> <span class='ocrx_word' id='word_1_206' title='bbox 1610 2797 1689 2852; x_wconf 86' lang='lat' dir='ltr'><strong>vel</strong></span> <span class='ocrx_word' id='word_1_207' title='bbox 1714 2797 1939 2862; x_wconf 89' lang='lat' dir='ltr'><strong>sonanti,</strong></span> <span class='ocrx_word' id='word_1_208' title='bbox 1965 2797 2049 2851; x_wconf 86' lang='lat' dir='ltr'><strong>vel</strong></span> 
     </span>
    </p>
   </div>
   <div class='ocr_carea' id='block_1_28' title="bbox 485 2889 2046 2960">
    <p class='ocr_par' dir='ltr' id='par_1_28' title="bbox 485 2889 2046 2960">
     <span class='ocr_line' id='line_1_28' title="bbox 485 2889 2046 2960; baseline 0.001 -18"><span class='ocrx_word' id='word_1_209' title='bbox 485 2889 754 2956; x_wconf 88' lang='lat' dir='ltr'><strong>titubanti,</strong></span> <span class='ocrx_word' id='word_1_210' title='bbox 788 2904 890 2943; x_wconf 93' lang='lat' dir='ltr'><strong>non</strong></span> <span class='ocrx_word' id='word_1_211' title='bbox 917 2897 1091 2944; x_wconf 88' lang='lat' dir='ltr'><strong>tacent</strong></span> <span class='ocrx_word' id='word_1_212' title='bbox 1115 2906 1129 2944; x_wconf 88' lang='lat'><strong>:</strong></span> <span class='ocrx_word' id='word_1_213' title='bbox 1153 2899 1325 2944; x_wconf 91' lang='lat' dir='ltr'><strong>tamen</strong></span> <span class='ocrx_word' id='word_1_214' title='bbox 1356 2899 1408 2944; x_wconf 91' lang='lat' dir='ltr'><strong>et</strong></span> <span class='ocrx_word' id='word_1_215' title='bbox 1427 2889 1636 2960; x_wconf 85' lang='lat' dir='ltr'><strong>quando</strong></span> <span class='ocrx_word' id='word_1_216' title='bbox 1665 2890 1741 2945; x_wconf 89' lang='lat' dir='ltr'><strong>eis</strong></span> <span class='ocrx_word' id='word_1_217' title='bbox 1767 2891 2046 2960; x_wconf 89' lang='lat' dir='ltr'><strong>loquimur,</strong></span> 
     </span>
    </p>
   </div>
   <div class='ocr_carea' id='block_1_29' title="bbox 490 2981 2050 3052">
    <p class='ocr_par' dir='ltr' id='par_1_29' title="bbox 490 2981 2050 3052">
     <span class='ocr_line' id='line_1_29' title="bbox 490 2981 2050 3052; baseline -0.001 -16"><span class='ocrx_word' id='word_1_218' title='bbox 490 2982 590 3037; x_wconf 87' lang='lat' dir='ltr'><strong>etsi</strong></span> <span class='ocrx_word' id='word_1_219' title='bbox 640 2982 934 3045; x_wconf 88' lang='lat' dir='ltr'><strong>vincantur,</strong></span> <span class='ocrx_word' id='word_1_220' title='bbox 981 2996 1086 3036; x_wconf 90' lang='lat' dir='ltr'><strong>non</strong></span> <span class='ocrx_word' id='word_1_221' title='bbox 1124 2983 1479 3037; x_wconf 89' lang='lat' dir='ltr'><strong>consentiunt.</strong></span> <span class='ocrx_word' id='word_1_222' title='bbox 1529 2983 1726 3050; x_wconf 86' lang='lat' dir='ltr'><strong>Tamen</strong></span> <span class='ocrx_word' id='word_1_223' title='bbox 1785 2981 2050 3052; x_wconf 88' lang='lat' dir='ltr'><strong>quomodo</strong></span> 
     </span>
    </p>
   </div>
   <div class='ocr_carea' id='block_1_30' title="bbox 490 3071 2047 3142">
    <p class='ocr_par' dir='ltr' id='par_1_30' title="bbox 490 3071 2047 3142">
     <span class='ocr_line' id='line_1_30' title="bbox 490 3071 2047 3142; baseline 0 -18"><span class='ocrx_word' id='word_1_224' title='bbox 490 3073 784 3136; x_wconf 80' lang='lat' dir='ltr'><strong>vincantur,</strong></span> <span class='ocrx_word' id='word_1_225' title='bbox 812 3071 1042 3127; x_wconf 86' lang='lat' dir='ltr'><strong>breviter</strong></span> <span class='ocrx_word' id='word_1_226' title='bbox 1062 3073 1283 3142; x_wconf 90' lang='lat' dir='ltr'><strong>accipiat</strong></span> <span class='ocrx_word' id='word_1_227' title='bbox 1307 3072 1550 3127; x_wconf 88' lang='lat' dir='ltr'><strong>Charitas</strong></span> <span class='ocrx_word' id='word_1_228' title='bbox 1575 3081 1770 3137; x_wconf 92' lang='lat' dir='ltr'><strong>vestra,</strong></span> <span class='ocrx_word' id='word_1_229' title='bbox 1797 3073 1915 3140; x_wconf 89' lang='lat' dir='ltr'><strong>quia</strong></span> <span class='ocrx_word' id='word_1_230' title='bbox 1941 3072 2047 3124; x_wconf 88' lang='lat' dir='ltr'><strong>Do-</strong></span> 
     </span>
    </p>
   </div>
   <div class='ocr_carea' id='block_1_31' title="bbox 489 3163 2048 3233">
    <p class='ocr_par' dir='ltr' id='par_1_31' title="bbox 489 3163 2048 3233">
     <span class='ocr_line' id='line_1_31' title="bbox 489 3163 2048 3233; baseline 0.001 -17"><span class='ocrx_word' id='word_1_231' title='bbox 489 3164 616 3217; x_wconf 87' lang='lat' dir='ltr'><strong>mini</strong></span> <span class='ocrx_word' id='word_1_232' title='bbox 643 3163 1001 3218; x_wconf 87' lang='lat' dir='ltr'><strong>misericordia</strong></span> <span class='ocrx_word' id='word_1_233' title='bbox 1025 3174 1188 3218; x_wconf 89' lang='lat' dir='ltr'><strong>totum</strong></span> <span class='ocrx_word' id='word_1_234' title='bbox 1213 3165 1411 3233; x_wconf 90' lang='lat' dir='ltr'><strong>optime</strong></span> <span class='ocrx_word' id='word_1_235' title='bbox 1437 3165 1709 3219; x_wconf 90' lang='lat' dir='ltr'><strong>constituit</strong></span> <span class='ocrx_word' id='word_1_236' title='bbox 1737 3166 1788 3219; x_wconf 93' lang='lat' dir='ltr'><strong>in</strong></span> <span class='ocrx_word' id='word_1_237' title='bbox 1812 3164 2048 3219; x_wconf 87' lang='lat' dir='ltr'><strong>Ecclesia</strong></span> 
     </span>
    </p>
   </div>
   <div class='ocr_carea' id='block_1_32' title="bbox 489 3255 2052 3327">
    <p class='ocr_par' dir='ltr' id='par_1_32' title="bbox 489 3255 2052 3327">
     <span class='ocr_line' id='line_1_32' title="bbox 489 3255 2052 3327; baseline 0.001 -18"><span class='ocrx_word' id='word_1_238' title='bbox 489 3270 606 3309; x_wconf 85' lang='lat' dir='ltr'><strong>sua.</strong></span> <span class='ocrx_word' id='word_1_239' title='bbox 651 3255 840 3308; x_wconf 92' lang='lat' dir='ltr'><strong>Dicunt</strong></span> <span class='ocrx_word' id='word_1_240' title='bbox 881 3269 978 3309; x_wconf 91' lang='lat' dir='ltr'><strong>nos</strong></span> <span class='ocrx_word' id='word_1_241' title='bbox 1005 3255 1132 3310; x_wconf 89' lang='lat' dir='ltr'><strong>dare</strong></span> <span class='ocrx_word' id='word_1_242' title='bbox 1174 3257 1405 3324; x_wconf 89' lang='lat' dir='ltr'><strong>peccatis</strong></span> <span class='ocrx_word' id='word_1_243' title='bbox 1449 3256 1733 3323; x_wconf 88' lang='lat' dir='ltr'><strong>licentiam,</strong></span> <span class='ocrx_word' id='word_1_244' title='bbox 1780 3258 1897 3327; x_wconf 88' lang='lat' dir='ltr'><strong>quia</strong></span> <span class='ocrx_word' id='word_1_245' title='bbox 1930 3273 2052 3327; x_wconf 90' lang='lat' dir='ltr'><strong>por-</strong></span> 
     </span>
    </p>
   </div>
   <div class='ocr_carea' id='block_1_33' title="bbox 488 3344 2052 3414">
    <p class='ocr_par' dir='ltr' id='par_1_33' title="bbox 488 3344 2052 3414">
     <span class='ocr_line' id='line_1_33' title="bbox 488 3344 2052 3414; baseline 0.001 -16"><span class='ocrx_word' id='word_1_246' title='bbox 488 3354 598 3398; x_wconf 89' lang='lat' dir='ltr'><strong>tum</strong></span> <span class='ocrx_word' id='word_1_247' title='bbox 622 3344 945 3414; x_wconf 67' lang='lat' dir='ltr'><strong>poenitentiae</strong></span> <span class='ocrx_word' id='word_1_248' title='bbox 971 3344 1296 3413; x_wconf 86' lang='lat' dir='ltr'><strong>pollicemur.</strong></span> <span class='ocrx_word' id='word_1_249' title='bbox 1318 3344 1374 3399; x_wconf 90' lang='lat' dir='ltr'><strong>Si</strong></span> <span class='ocrx_word' id='word_1_250' title='bbox 1398 3344 1728 3400; x_wconf 90' lang='lat' dir='ltr'><strong>clauderetur</strong></span> <span class='ocrx_word' id='word_1_251' title='bbox 1746 3345 1917 3400; x_wconf 87' lang='lat' dir='ltr'><strong>aditus</strong></span> <span class='ocrx_word' id='word_1_252' title='bbox 1941 3361 2052 3414; x_wconf 68' lang='lat' dir='ltr'><strong>poe-</strong></span> 
     </span>
    </p>
   </div>
   <div class='ocr_carea' id='block_1_34' title="bbox 492 3433 2051 3504">
    <p class='ocr_par' dir='ltr' id='par_1_34' title="bbox 492 3433 2051 3504">
     <span class='ocr_line' id='line_1_34' title="bbox 492 3433 2051 3504; baseline -0.001 -15"><span class='ocrx_word' id='word_1_253' title='bbox 492 3435 748 3502; x_wconf 71' lang='lat' dir='ltr'><strong>nitentite,</strong></span> <span class='ocrx_word' id='word_1_254' title='bbox 805 3449 980 3489; x_wconf 85' lang='lat' dir='ltr'><strong>nonne</strong></span> <span class='ocrx_word' id='word_1_255' title='bbox 1015 3433 1104 3489; x_wconf 90' lang='lat' dir='ltr'><strong>ille</strong></span> <span class='ocrx_word' id='word_1_256' title='bbox 1147 3444 1390 3504; x_wconf 89' lang='lat' dir='ltr'><strong>peccator</strong></span> <span class='ocrx_word' id='word_1_257' title='bbox 1435 3443 1581 3489; x_wconf 90' lang='lat' dir='ltr'><strong>tanto</strong></span> <span class='ocrx_word' id='word_1_258' title='bbox 1627 3436 1793 3504; x_wconf 87' lang='lat' dir='ltr'><strong>magis</strong></span> <span class='ocrx_word' id='word_1_259' title='bbox 1833 3435 2051 3489; x_wconf 89' lang='lat' dir='ltr'><strong>adderet</strong></span> 
     </span>
    </p>
   </div>
   <div class='ocr_carea' id='block_1_35' title="bbox 487 3524 2050 3594">
    <p class='ocr_par' dir='ltr' id='par_1_35' title="bbox 487 3524 2050 3594">
     <span class='ocr_line' id='line_1_35' title="bbox 487 3524 2050 3594; baseline -0.001 -16"><span class='ocrx_word' id='word_1_260' title='bbox 487 3534 698 3594; x_wconf 89' lang='lat' dir='ltr'><strong>peccata</strong></span> <span class='ocrx_word' id='word_1_261' title='bbox 726 3525 977 3594; x_wconf 88' lang='lat' dir='ltr'><strong>peccatis,</strong></span> <span class='ocrx_word' id='word_1_262' title='bbox 1017 3534 1212 3594; x_wconf 93' lang='lat' dir='ltr'><strong>quanto</strong></span> <span class='ocrx_word' id='word_1_263' title='bbox 1241 3525 1407 3594; x_wconf 90' lang='lat' dir='ltr'><strong>magis</strong></span> <span class='ocrx_word' id='word_1_264' title='bbox 1433 3524 1531 3578; x_wconf 89' lang='lat' dir='ltr'><strong>sibi</strong></span> <span class='ocrx_word' id='word_1_265' title='bbox 1565 3524 1870 3593; x_wconf 88' lang='lat' dir='ltr'><strong>desperaret</strong></span> <span class='ocrx_word' id='word_1_266' title='bbox 1900 3525 2050 3593; x_wconf 86' lang='lat' dir='ltr'><strong>igno-</strong></span> 
     </span>
    </p>
   </div>
   <div class='ocr_carea' id='block_1_36' title="bbox 488 3613 2053 3684">
    <p class='ocr_par' dir='ltr' id='par_1_36' title="bbox 488 3613 2053 3684">
     <span class='ocr_line' id='line_1_36' title="bbox 488 3613 2053 3684; baseline -0.001 -15"><span class='ocrx_word' id='word_1_267' title='bbox 488 3616 597 3669; x_wconf 89' lang='lat' dir='ltr'><strong>sci?</strong></span> <span class='ocrx_word' id='word_1_268' title='bbox 625 3614 830 3670; x_wconf 84' lang='lat' dir='ltr'><strong>Diceret</strong></span> <span class='ocrx_word' id='word_1_269' title='bbox 855 3615 996 3670; x_wconf 91' lang='lat' dir='ltr'><strong>enim</strong></span> <span class='ocrx_word' id='word_1_270' title='bbox 1022 3615 1120 3670; x_wconf 90' lang='lat' dir='ltr'><strong>sibi</strong></span> <span class='ocrx_word' id='word_1_271' title='bbox 1145 3631 1160 3670; x_wconf 87' lang='lat'>:</span> <span class='ocrx_word' id='word_1_272' title='bbox 1186 3614 1322 3669; x_wconf 89' lang='lat' dir='ltr'><strong>Ecce</strong></span> <span class='ocrx_word' id='word_1_273' title='bbox 1349 3615 1578 3684; x_wconf 84' lang='lat' dir='ltr'><strong>peccavi,</strong></span> <span class='ocrx_word' id='word_1_274' title='bbox 1613 3630 1736 3669; x_wconf 93' lang='lat' dir='ltr'><strong>ecce</strong></span> <span class='ocrx_word' id='word_1_275' title='bbox 1763 3614 1935 3668; x_wconf 91' lang='lat' dir='ltr'><strong>scelus</strong></span> <span class='ocrx_word' id='word_1_276' title='bbox 1959 3613 2053 3668; x_wconf 90' lang='lat' dir='ltr'><strong>ad-</strong></span> 
     </span>
    </p>
   </div>
   <div class='ocr_carea' id='block_1_37' title="bbox 491 3704 2049 3775">
    <p class='ocr_par' dir='ltr' id='par_1_37' title="bbox 491 3704 2049 3775">
     <span class='ocr_line' id='line_1_37' title="bbox 491 3704 2049 3775; baseline -0.001 -17"><span class='ocrx_word' id='word_1_277' title='bbox 491 3705 632 3770; x_wconf 91' lang='lat' dir='ltr'><strong>misi,</strong></span> <span class='ocrx_word' id='word_1_278' title='bbox 651 3706 758 3775; x_wconf 79' lang='lat' dir='ltr'><strong>j&#39;am</strong></span> <span class='ocrx_word' id='word_1_279' title='bbox 780 3704 911 3760; x_wconf 88' lang='lat' dir='ltr'><strong>mihi</strong></span> <span class='ocrx_word' id='word_1_280' title='bbox 931 3705 1099 3760; x_wconf 65' lang='lat' dir='ltr'><strong>venite</strong></span> <span class='ocrx_word' id='word_1_281' title='bbox 1117 3705 1292 3760; x_wconf 90' lang='lat' dir='ltr'><strong>nullus</strong></span> <span class='ocrx_word' id='word_1_282' title='bbox 1315 3713 1397 3759; x_wconf 89' lang='lat' dir='ltr'><strong>est</strong></span> <span class='ocrx_word' id='word_1_283' title='bbox 1416 3705 1562 3759; x_wconf 91' lang='lat' dir='ltr'><strong>locus</strong></span> <span class='ocrx_word' id='word_1_284' title='bbox 1583 3721 1597 3769; x_wconf 93' lang='lat'><strong>;</strong></span> <span class='ocrx_word' id='word_1_285' title='bbox 1631 3704 1937 3774; x_wconf 70' lang='lat' dir='ltr'><strong>pmnilentia</strong></span> <span class='ocrx_word' id='word_1_286' title='bbox 1966 3704 2049 3757; x_wconf 87' lang='lat' dir='ltr'><strong>in-</strong></span> 
     </span>
    </p>
   </div>
   <div class='ocr_carea' id='block_1_38' title="bbox 489 3793 2050 3862">
    <p class='ocr_par' dir='ltr' id='par_1_38' title="bbox 489 3793 2050 3862">
     <span class='ocr_line' id='line_1_38' title="bbox 489 3793 2050 3862; baseline 0.001 -16"><span class='ocrx_word' id='word_1_287' title='bbox 489 3796 754 3849; x_wconf 81' lang='lat' dir='ltr'><strong>fructuosa</strong></span> <span class='ocrx_word' id='word_1_288' title='bbox 795 3803 896 3860; x_wconf 90' lang='lat' dir='ltr'><strong>est,</strong></span> <span class='ocrx_word' id='word_1_289' title='bbox 932 3793 1261 3848; x_wconf 90' lang='lat' dir='ltr'><strong>damnandus</strong></span> <span class='ocrx_word' id='word_1_290' title='bbox 1287 3809 1400 3848; x_wconf 91' lang='lat' dir='ltr'><strong>sum</strong></span> <span class='ocrx_word' id='word_1_291' title='bbox 1429 3809 1625 3862; x_wconf 90' lang='lat' dir='ltr'><strong>:quarc</strong></span> <span class='ocrx_word' id='word_1_292' title='bbox 1644 3794 1752 3862; x_wconf 88' lang='lat' dir='ltr'><strong>jam</strong></span> <span class='ocrx_word' id='word_1_293' title='bbox 1799 3807 1903 3847; x_wconf 90' lang='lat' dir='ltr'><strong>non</strong></span> <span class='ocrx_word' id='word_1_294' title='bbox 1931 3793 2050 3847; x_wconf 88' lang='lat' dir='ltr'><strong>vivo</strong></span> 
     </span>
    </p>
   </div>
   <div class='ocr_carea' id='block_1_39' title="bbox 488 3883 2052 3951">
    <p class='ocr_par' dir='ltr' id='par_1_39' title="bbox 488 3883 2052 3951">
     <span class='ocr_line' id='line_1_39' title="bbox 488 3883 2052 3951; baseline -0.003 -12"><span class='ocrx_word' id='word_1_295' title='bbox 488 3894 546 3939; x_wconf 91' lang='lat' dir='ltr'><strong>ut</strong></span> <span class='ocrx_word' id='word_1_296' title='bbox 573 3885 725 3939; x_wconf 87' lang='lat' dir='ltr'><strong>volo?</strong></span> <span class='ocrx_word' id='word_1_297' title='bbox 751 3884 881 3951; x_wconf 85' lang='lat' dir='ltr'><strong>Quia</strong></span> <span class='ocrx_word' id='word_1_298' title='bbox 915 3883 983 3937; x_wconf 91' lang='lat' dir='ltr'><strong>ibi</strong></span> <span class='ocrx_word' id='word_1_299' title='bbox 1014 3897 1116 3938; x_wconf 90' lang='lat' dir='ltr'><strong>non</strong></span> <span class='ocrx_word' id='word_1_300' title='bbox 1143 3883 1352 3937; x_wconf 91' lang='lat' dir='ltr'><strong>invenio</strong></span> <span class='ocrx_word' id='word_1_301' title='bbox 1377 3883 1705 3946; x_wconf 89' lang='lat' dir='ltr'><strong>charitatem,</strong></span> <span class='ocrx_word' id='word_1_302' title='bbox 1740 3883 1824 3936; x_wconf 87' lang='lat' dir='ltr'><strong>hic</strong></span> <span class='ocrx_word' id='word_1_303' title='bbox 1861 3883 2052 3937; x_wconf 89' lang='lat' dir='ltr'><strong>saltem</strong></span> 
     </span>
    </p>
   </div>
   <div class='ocr_carea' id='block_1_40' title="bbox 488 3973 2051 4048">
    <p class='ocr_par' dir='ltr' id='par_1_40' title="bbox 488 3973 2051 4048">
     <span class='ocr_line' id='line_1_40' title="bbox 488 3973 2051 4048; baseline -0.003 -17"><span class='ocrx_word' id='word_1_304' title='bbox 488 3992 701 4048; x_wconf 90' lang='lat' dir='ltr'><strong>pascam</strong></span> <span class='ocrx_word' id='word_1_305' title='bbox 728 3976 1087 4046; x_wconf 90' lang='lat' dir='ltr'><strong>cupiditatem.</strong></span> <span class='ocrx_word' id='word_1_306' title='bbox 1116 3974 1290 4042; x_wconf 89' lang='lat' dir='ltr'><strong>Quare</strong></span> <span class='ocrx_word' id='word_1_307' title='bbox 1318 3975 1460 4030; x_wconf 91' lang='lat' dir='ltr'><strong>enim</strong></span> <span class='ocrx_word' id='word_1_308' title='bbox 1499 3989 1584 4029; x_wconf 90' lang='lat' dir='ltr'><strong>me</strong></span> <span class='ocrx_word' id='word_1_309' title='bbox 1613 3974 1944 4027; x_wconf 88' lang='lat' dir='ltr'><strong>abstineam?</strong></span> <span class='ocrx_word' id='word_1_310' title='bbox 1977 3973 2051 4027; x_wconf 91' lang='lat' dir='ltr'><strong>lbi</strong></span> 
     </span>
    </p>
   </div>
   <div class='ocr_carea' id='block_1_41' title="bbox 489 4062 2050 4132">
    <p class='ocr_par' dir='ltr' id='par_1_41' title="bbox 489 4062 2050 4132">
     <span class='ocr_line' id='line_1_41' title="bbox 489 4062 2050 4132; baseline -0.003 -11"><span class='ocrx_word' id='word_1_311' title='bbox 489 4067 619 4121; x_wconf 91' lang='lat' dir='ltr'><strong>mihi</strong></span> <span class='ocrx_word' id='word_1_312' title='bbox 659 4067 803 4121; x_wconf 90' lang='lat' dir='ltr'><strong>locus</strong></span> <span class='ocrx_word' id='word_1_313' title='bbox 841 4066 1014 4120; x_wconf 90' lang='lat' dir='ltr'><strong>omnis</strong></span> <span class='ocrx_word' id='word_1_314' title='bbox 1056 4065 1265 4119; x_wconf 88' lang='lat' dir='ltr'><strong>clausus</strong></span> <span class='ocrx_word' id='word_1_315' title='bbox 1305 4073 1407 4131; x_wconf 89' lang='lat' dir='ltr'><strong>est,</strong></span> <span class='ocrx_word' id='word_1_316' title='bbox 1441 4063 1526 4118; x_wconf 91' lang='lat' dir='ltr'><strong>hic</strong></span> <span class='ocrx_word' id='word_1_317' title='bbox 1560 4062 1810 4132; x_wconf 90' lang='lat' dir='ltr'><strong>quidquid</strong></span> <span class='ocrx_word' id='word_1_318' title='bbox 1840 4078 1945 4116; x_wconf 90' lang='lat' dir='ltr'><strong>non</strong></span> <span class='ocrx_word' id='word_1_319' title='bbox 1971 4063 2050 4117; x_wconf 83' lang='lat' dir='ltr'><strong>fe-</strong></span> 
     </span>
    </p>
   </div>
   <div class='ocr_carea' id='block_1_42' title="bbox 492 4153 2050 4226">
    <p class='ocr_par' dir='ltr' id='par_1_42' title="bbox 492 4153 2050 4226">
     <span class='ocr_line' id='line_1_42' title="bbox 492 4153 2050 4226; baseline -0.004 -12"><span class='ocrx_word' id='word_1_320' title='bbox 492 4174 637 4224; x_wconf 90' lang='lat' dir='ltr'><strong>cero,</strong></span> <span class='ocrx_word' id='word_1_321' title='bbox 665 4157 861 4225; x_wconf 89' lang='lat' dir='ltr'><strong>perdo;</strong></span> <span class='ocrx_word' id='word_1_322' title='bbox 889 4157 1009 4226; x_wconf 91' lang='lat' dir='ltr'><strong>quia</strong></span> <span class='ocrx_word' id='word_1_323' title='bbox 1035 4155 1140 4209; x_wconf 88' lang='lat' dir='ltr'><strong>vita</strong></span> <span class='ocrx_word' id='word_1_324' title='bbox 1169 4171 1288 4225; x_wconf 67' lang='lat' dir='ltr'><strong>quae</strong></span> <span class='ocrx_word' id='word_1_325' title='bbox 1315 4164 1431 4224; x_wconf 81' lang='lat' dir='ltr'><strong>post</strong></span> <span class='ocrx_word' id='word_1_326' title='bbox 1466 4156 1598 4208; x_wconf 89' lang='lat' dir='ltr'><strong>hanc</strong></span> <span class='ocrx_word' id='word_1_327' title='bbox 1621 4153 1791 4207; x_wconf 87' lang='lat' dir='ltr'><strong>futura</strong></span> <span class='ocrx_word' id='word_1_328' title='bbox 1821 4162 1922 4219; x_wconf 89' lang='lat' dir='ltr'><strong>est,</strong></span> <span class='ocrx_word' id='word_1_329' title='bbox 1945 4169 2050 4208; x_wconf 91' lang='lat' dir='ltr'><strong>non</strong></span> 
     </span>
    </p>
   </div>
   <div class='ocr_carea' id='block_1_43' title="bbox 490 4243 2048 4315">
    <p class='ocr_par' dir='ltr' id='par_1_43' title="bbox 490 4243 2048 4315">
     <span class='ocr_line' id='line_1_43' title="bbox 490 4243 2048 4315; baseline -0.004 -12"><span class='ocrx_word' id='word_1_330' title='bbox 490 4249 618 4303; x_wconf 91' lang='lat' dir='ltr'><strong>mihi</strong></span> <span class='ocrx_word' id='word_1_331' title='bbox 643 4248 873 4302; x_wconf 89' lang='lat' dir='ltr'><strong>dabitur.</strong></span> <span class='ocrx_word' id='word_1_332' title='bbox 897 4247 1070 4313; x_wconf 87' lang='lat' dir='ltr'><strong>Quare</strong></span> <span class='ocrx_word' id='word_1_333' title='bbox 1091 4260 1216 4315; x_wconf 88' lang='lat' dir='ltr'><strong>ergo</strong></span> <span class='ocrx_word' id='word_1_334' title='bbox 1241 4261 1345 4300; x_wconf 93' lang='lat' dir='ltr'><strong>non</strong></span> <span class='ocrx_word' id='word_1_335' title='bbox 1369 4245 1540 4299; x_wconf 85' lang='lat' dir='ltr'><strong>servio</strong></span> <span class='ocrx_word' id='word_1_336' title='bbox 1563 4243 1864 4298; x_wconf 85' lang='lat' dir='ltr'><strong>libidinibus</strong></span> <span class='ocrx_word' id='word_1_337' title='bbox 1895 4245 2048 4310; x_wconf 89' lang='lat' dir='ltr'><strong>meis,</strong></span> 
     </span>
    </p>
   </div>
   <div class='ocr_carea' id='block_1_44' title="bbox 487 4335 2052 4408">
    <p class='ocr_par' dir='ltr' id='par_1_44' title="bbox 487 4335 2052 4408">
     <span class='ocr_line' id='line_1_44' title="bbox 487 4335 2052 4408; baseline -0.003 -14"><span class='ocrx_word' id='word_1_338' title='bbox 487 4347 546 4394; x_wconf 90' lang='lat' dir='ltr'><strong>nt</strong></span> <span class='ocrx_word' id='word_1_339' title='bbox 572 4354 662 4394; x_wconf 91' lang='lat' dir='ltr'><strong>eas</strong></span> <span class='ocrx_word' id='word_1_340' title='bbox 692 4339 936 4408; x_wconf 91' lang='lat' dir='ltr'><strong>impleam</strong></span> <span class='ocrx_word' id='word_1_341' title='bbox 968 4345 1023 4391; x_wconf 92' lang='lat' dir='ltr'><strong>et</strong></span> <span class='ocrx_word' id='word_1_342' title='bbox 1059 4345 1309 4402; x_wconf 88' lang='lat' dir='ltr'><strong>saturem,</strong></span> <span class='ocrx_word' id='word_1_343' title='bbox 1351 4345 1406 4391; x_wconf 89' lang='lat' dir='ltr'><strong>et</strong></span> <span class='ocrx_word' id='word_1_344' title='bbox 1443 4335 1629 4390; x_wconf 85' lang='lat' dir='ltr'><strong>faciam</strong></span> <span class='ocrx_word' id='word_1_345' title='bbox 1668 4335 1919 4405; x_wconf 90' lang='lat' dir='ltr'><strong>quidquid</strong></span> <span class='ocrx_word' id='word_1_346' title='bbox 1946 4350 2052 4389; x_wconf 92' lang='lat' dir='ltr'><strong>non</strong></span> 
     </span>
    </p>
   </div>
   <div class='ocr_carea' id='block_1_45' title="bbox 487 4423 2050 4490">
    <p class='ocr_par' dir='ltr' id='par_1_45' title="bbox 487 4423 2050 4490">
     <span class='ocr_line' id='line_1_45' title="bbox 487 4423 2050 4490; baseline -0.004 -7"><span class='ocrx_word' id='word_1_347' title='bbox 487 4429 630 4490; x_wconf 87' lang='lat' dir='ltr'><strong>licet,</strong></span> <span class='ocrx_word' id='word_1_348' title='bbox 655 4427 748 4482; x_wconf 89' lang='lat' dir='ltr'><strong>sed</strong></span> <span class='ocrx_word' id='word_1_349' title='bbox 773 4426 933 4480; x_wconf 88' lang='lat' dir='ltr'><strong>libet?</strong></span> <span class='ocrx_word' id='word_1_350' title='bbox 953 4426 1224 4479; x_wconf 89' lang='lat' dir='ltr'><strong>Diceretur</strong></span> <span class='ocrx_word' id='word_1_351' title='bbox 1252 4426 1297 4478; x_wconf 92' lang='lat' dir='ltr'><strong>ei</strong></span> <span class='ocrx_word' id='word_1_352' title='bbox 1329 4424 1568 4478; x_wconf 85' lang='lat' dir='ltr'><strong>fortassis</strong></span> <span class='ocrx_word' id='word_1_353' title='bbox 1598 4443 1610 4478; x_wconf 91' lang='lat'>:</span> <span class='ocrx_word' id='word_1_354' title='bbox 1637 4423 1739 4479; x_wconf 88' lang='lat' dir='ltr'><strong>Sed</strong></span> <span class='ocrx_word' id='word_1_355' title='bbox 1766 4425 1926 4477; x_wconf 86' lang='lat' dir='ltr'><strong>miser</strong></span> <span class='ocrx_word' id='word_1_356' title='bbox 1961 4439 2050 4477; x_wconf 90' lang='lat' dir='ltr'><strong>ea-</strong></span> 
     </span>
    </p>
   </div>
   <div class='ocr_carea' id='block_1_46' title="bbox 489 4513 2051 4586">
    <p class='ocr_par' dir='ltr' id='par_1_46' title="bbox 489 4513 2051 4586">
     <span class='ocr_line' id='line_1_46' title="bbox 489 4513 2051 4586; baseline 0.001 -20"><span class='ocrx_word' id='word_1_357' title='bbox 489 4515 671 4586; x_wconf 84' lang='lat' dir='ltr'><strong>pieris,</strong></span> <span class='ocrx_word' id='word_1_358' title='bbox 697 4515 1056 4581; x_wconf 86' lang='lat' dir='ltr'><strong>accusaberis,</strong></span> <span class='ocrx_word' id='word_1_359' title='bbox 1087 4513 1436 4582; x_wconf 89' lang='lat' dir='ltr'><strong>torqueberis,</strong></span> <span class='ocrx_word' id='word_1_360' title='bbox 1469 4513 1722 4582; x_wconf 88' lang='lat' dir='ltr'><strong>punieris.</strong></span> <span class='ocrx_word' id='word_1_361' title='bbox 1751 4513 1934 4567; x_wconf 88' lang='lat' dir='ltr'><strong>Sciunt</strong></span> <span class='ocrx_word' id='word_1_362' title='bbox 1955 4514 2051 4567; x_wconf 86' lang='lat' dir='ltr'><strong>ista</strong></span> 
     </span>
    </p>
   </div>
   <div class='ocr_carea' id='block_1_47' title="bbox 489 4602 2052 4667">
    <p class='ocr_par' dir='ltr' id='par_1_47' title="bbox 489 4602 2052 4667">
     <span class='ocr_line' id='line_1_47' title="bbox 489 4602 2052 4667; baseline -0.002 -6"><span class='ocrx_word' id='word_1_363' title='bbox 489 4607 731 4661; x_wconf 88' lang='lat' dir='ltr'><strong>homines</strong></span> <span class='ocrx_word' id='word_1_364' title='bbox 761 4604 884 4658; x_wconf 91' lang='lat' dir='ltr'><strong>mali</strong></span> <span class='ocrx_word' id='word_1_365' title='bbox 927 4603 994 4657; x_wconf 92' lang='lat' dir='ltr'><strong>ab</strong></span> <span class='ocrx_word' id='word_1_366' title='bbox 1037 4602 1335 4658; x_wconf 90' lang='lat' dir='ltr'><strong>hominibus</strong></span> <span class='ocrx_word' id='word_1_367' title='bbox 1375 4603 1498 4667; x_wconf 89' lang='lat' dir='ltr'><strong>dici,</strong></span> <span class='ocrx_word' id='word_1_368' title='bbox 1547 4610 1601 4657; x_wconf 92' lang='lat' dir='ltr'><strong>et</strong></span> <span class='ocrx_word' id='word_1_369' title='bbox 1637 4602 1773 4656; x_wconf 89' lang='lat' dir='ltr'><strong>inter</strong></span> <span class='ocrx_word' id='word_1_370' title='bbox 1813 4603 2052 4658; x_wconf 86' lang='lat' dir='ltr'><strong>homines</strong></span> 
     </span>
    </p>
   </div>
   <div class='ocr_carea' id='block_1_48' title="bbox 490 4693 2052 4763">
    <p class='ocr_par' dir='ltr' id='par_1_48' title="bbox 490 4693 2052 4763">
     <span class='ocr_line' id='line_1_48' title="bbox 490 4693 2052 4763; baseline -0.004 -10"><span class='ocrx_word' id='word_1_371' title='bbox 490 4698 720 4763; x_wconf 87' lang='lat' dir='ltr'><strong>servari;</strong></span> <span class='ocrx_word' id='word_1_372' title='bbox 751 4695 1030 4750; x_wconf 87' lang='lat' dir='ltr'><strong>attendunt</strong></span> <span class='ocrx_word' id='word_1_373' title='bbox 1062 4694 1258 4748; x_wconf 91' lang='lat' dir='ltr'><strong>multos</strong></span> <span class='ocrx_word' id='word_1_374' title='bbox 1282 4693 1420 4748; x_wconf 88' lang='lat' dir='ltr'><strong>male</strong></span> <span class='ocrx_word' id='word_1_375' title='bbox 1444 4702 1498 4748; x_wconf 91' lang='lat' dir='ltr'><strong>et</strong></span> <span class='ocrx_word' id='word_1_376' title='bbox 1537 4694 1791 4748; x_wconf 89' lang='lat' dir='ltr'><strong>scelerate</strong></span> <span class='ocrx_word' id='word_1_377' title='bbox 1817 4695 2052 4748; x_wconf 89' lang='lat' dir='ltr'><strong>viventes</strong></span> 
     </span>
    </p>
   </div>
   <div class='ocr_carea' id='block_1_49' title="bbox 487 4785 2051 4859">
    <p class='ocr_par' dir='ltr' id='par_1_49' title="bbox 487 4785 2051 4859">
     <span class='ocr_line' id='line_1_49' title="bbox 487 4785 2051 4859; baseline -0.004 -14"><span class='ocrx_word' id='word_1_378' title='bbox 487 4789 744 4859; x_wconf 86' lang='lat' dir='ltr'><strong>impunita</strong></span> <span class='ocrx_word' id='word_1_379' title='bbox 786 4787 982 4842; x_wconf 86' lang='lat' dir='ltr'><strong>habere</strong></span> <span class='ocrx_word' id='word_1_380' title='bbox 1023 4794 1234 4855; x_wconf 88' lang='lat' dir='ltr'><strong>peccata</strong></span> <span class='ocrx_word' id='word_1_381' title='bbox 1266 4802 1280 4840; x_wconf 90' lang='lat'>:</span> <span class='ocrx_word' id='word_1_382' title='bbox 1308 4785 1573 4840; x_wconf 89' lang='lat' dir='ltr'><strong>occultare</strong></span> <span class='ocrx_word' id='word_1_383' title='bbox 1616 4793 1857 4854; x_wconf 88' lang='lat' dir='ltr'><strong>possunt,</strong></span> <span class='ocrx_word' id='word_1_384' title='bbox 1909 4786 2051 4840; x_wconf 86' lang='lat' dir='ltr'><strong>redi-</strong></span> 
     </span>
    </p>
   </div>
   <div class='ocr_carea' id='block_1_50' title="bbox 484 4875 2052 4947">
    <p class='ocr_par' dir='ltr' id='par_1_50' title="bbox 484 4875 2052 4947">
     <span class='ocr_line' id='line_1_50' title="bbox 484 4875 2052 4947; baseline -0.002 -13"><span class='ocrx_word' id='word_1_385' title='bbox 484 4894 631 4934; x_wconf 89' lang='lat' dir='ltr'><strong>mere</strong></span> <span class='ocrx_word' id='word_1_386' title='bbox 661 4894 777 4947; x_wconf 75' lang='lat' dir='ltr'><strong>quzn</strong></span> <span class='ocrx_word' id='word_1_387' title='bbox 806 4878 1070 4933; x_wconf 87' lang='lat' dir='ltr'><strong>occultare</strong></span> <span class='ocrx_word' id='word_1_388' title='bbox 1108 4892 1212 4931; x_wconf 91' lang='lat' dir='ltr'><strong>non</strong></span> <span class='ocrx_word' id='word_1_389' title='bbox 1240 4885 1489 4945; x_wconf 90' lang='lat' dir='ltr'><strong>possunt;</strong></span> <span class='ocrx_word' id='word_1_390' title='bbox 1519 4875 1781 4931; x_wconf 87' lang='lat' dir='ltr'><strong>redimere</strong></span> <span class='ocrx_word' id='word_1_391' title='bbox 1807 4893 1970 4947; x_wconf 90' lang='lat' dir='ltr'><strong>usque</strong></span> <span class='ocrx_word' id='word_1_392' title='bbox 2001 4878 2052 4931; x_wconf 89' lang='lat' dir='ltr'><strong>in</strong></span> 
     </span>
    </p>
   </div>
   <div class='ocr_carea' id='block_1_51' title="bbox 486 4965 2055 5034">
    <p class='ocr_par' dir='ltr' id='par_1_51' title="bbox 486 4965 2055 5034">
     <span class='ocr_line' id='line_1_51' title="bbox 486 4965 2055 5034; baseline -0.001 -11"><span class='ocrx_word' id='word_1_393' title='bbox 486 4976 813 5023; x_wconf 81' lang='lat' dir='ltr'><strong>senectutem</strong></span> <span class='ocrx_word' id='word_1_394' title='bbox 863 4968 1022 5020; x_wconf 88' lang='lat' dir='ltr'><strong>vitam</strong></span> <span class='ocrx_word' id='word_1_395' title='bbox 1074 4967 1344 5031; x_wconf 87' lang='lat' dir='ltr'><strong>l&#39;aseivam,</strong></span> <span class='ocrx_word' id='word_1_396' title='bbox 1395 4965 1778 5034; x_wconf 79' lang='lat' dir='ltr'><strong>blaSphemam,</strong></span> <span class='ocrx_word' id='word_1_397' title='bbox 1835 4967 2055 5021; x_wconf 81' lang='lat' dir='ltr'><strong>sacrile-</strong></span> 
     </span>
    </p>
   </div>
   <div class='ocr_carea' id='block_1_52' title="bbox 486 5055 2048 5126">
    <p class='ocr_par' dir='ltr' id='par_1_52' title="bbox 486 5055 2048 5126">
     <span class='ocr_line' id='line_1_52' title="bbox 486 5055 2048 5126; baseline 0.001 -18"><span class='ocrx_word' id='word_1_398' title='bbox 486 5073 628 5126; x_wconf 89' lang='lat' dir='ltr'><strong>gam,</strong></span> <span class='ocrx_word' id='word_1_399' title='bbox 655 5055 935 5126; x_wconf 89' lang='lat' dir='ltr'><strong>perditam.</strong></span> <span class='ocrx_word' id='word_1_400' title='bbox 962 5056 1290 5111; x_wconf 74' lang='lat' dir='ltr'><strong>Enumerant‘</strong></span> <span class='ocrx_word' id='word_1_401' title='bbox 1309 5055 1409 5110; x_wconf 88' lang='lat' dir='ltr'><strong>sibi</strong></span> <span class='ocrx_word' id='word_1_402' title='bbox 1438 5073 1450 5108; x_wconf 92' lang='lat'><strong>:</strong></span> <span class='ocrx_word' id='word_1_403' title='bbox 1479 5055 1654 5120; x_wconf 84' lang='lat' dir='ltr'><strong>Quid?</strong></span> <span class='ocrx_word' id='word_1_404' title='bbox 1684 5057 1774 5111; x_wconf 92' lang='lat' dir='ltr'><strong>ille</strong></span> <span class='ocrx_word' id='word_1_405' title='bbox 1795 5057 1882 5125; x_wconf 91' lang='lat' dir='ltr'><strong>qui</strong></span> <span class='ocrx_word' id='word_1_406' title='bbox 1907 5065 2048 5110; x_wconf 86' lang='lat' dir='ltr'><strong>tanta</strong></span> 
     </span>
    </p>
   </div>
   <div class='ocr_carea' id='block_1_53' title="bbox 487 5143 2055 5214">
    <p class='ocr_par' dir='ltr' id='par_1_53' title="bbox 487 5143 2055 5214">
     <span class='ocr_line' id='line_1_53' title="bbox 487 5143 2055 5214; baseline -0.001 -13"><span class='ocrx_word' id='word_1_407' title='bbox 487 5146 633 5206; x_wconf 80' lang='lat' dir='ltr'><strong>fecit,</strong></span> <span class='ocrx_word' id='word_1_408' title='bbox 679 5158 784 5197; x_wconf 92' lang='lat' dir='ltr'><strong>non</strong></span> <span class='ocrx_word' id='word_1_409' title='bbox 823 5157 983 5197; x_wconf 83' lang='lat' dir='ltr'><strong>senex</strong></span> <span class='ocrx_word' id='word_1_410' title='bbox 1039 5155 1275 5199; x_wconf 92' lang='lat' dir='ltr'><strong>mortuus</strong></span> <span class='ocrx_word' id='word_1_411' title='bbox 1319 5143 1476 5199; x_wconf 70' lang='lat' dir='ltr'><strong>est“?</strong></span> <span class='ocrx_word' id='word_1_412' title='bbox 1521 5143 1784 5214; x_wconf 86' lang='lat' dir='ltr'><strong>Numquid</strong></span> <span class='ocrx_word' id='word_1_413' title='bbox 1825 5146 2055 5199; x_wconf 87' lang='lat' dir='ltr'><strong>attendis</strong></span> 
     </span>
    </p>
   </div>
   <div class='ocr_carea' id='block_1_54' title="bbox 486 5235 2050 5301">
    <p class='ocr_par' dir='ltr' id='par_1_54' title="bbox 486 5235 2050 5301">
     <span class='ocr_line' id='line_1_54' title="bbox 486 5235 2050 5301; baseline -0.003 -9"><span class='ocrx_word' id='word_1_414' title='bbox 486 5237 607 5292; x_wconf 85' lang='lat' dir='ltr'><strong>ideo</strong></span> <span class='ocrx_word' id='word_1_415' title='bbox 626 5235 771 5288; x_wconf 91' lang='lat' dir='ltr'><strong>illum</strong></span> <span class='ocrx_word' id='word_1_416' title='bbox 793 5241 1123 5301; x_wconf 87' lang='lat' dir='ltr'><strong>peccatorem</strong></span> <span class='ocrx_word' id='word_1_417' title='bbox 1140 5241 1191 5286; x_wconf 90' lang='lat' dir='ltr'><strong>et</strong></span> <span class='ocrx_word' id='word_1_418' title='bbox 1216 5235 1529 5288; x_wconf 89' lang='lat' dir='ltr'><strong>sceleratum</strong></span> <span class='ocrx_word' id='word_1_419' title='bbox 1552 5248 1731 5289; x_wconf 91' lang='lat' dir='ltr'><strong>senem</strong></span> <span class='ocrx_word' id='word_1_420' title='bbox 1761 5243 2050 5300; x_wconf 91' lang='lat' dir='ltr'><strong>mortuum,</strong></span> 
     </span>
    </p>
   </div>
   <div class='ocr_carea' id='block_1_55' title="bbox 487 5321 2056 5393">
    <p class='ocr_par' dir='ltr' id='par_1_55' title="bbox 487 5321 2056 5393">
     <span class='ocr_line' id='line_1_55' title="bbox 487 5321 2056 5393; baseline 0 -12"><span class='ocrx_word' id='word_1_421' title='bbox 487 5336 546 5382; x_wconf 90' lang='lat' dir='ltr'><strong>ut</strong></span> <span class='ocrx_word' id='word_1_422' title='bbox 572 5324 879 5379; x_wconf 87' lang='lat' dir='ltr'><strong>ostenderet</strong></span> <span class='ocrx_word' id='word_1_423' title='bbox 906 5323 955 5374; x_wconf 90' lang='lat' dir='ltr'><strong>in</strong></span> <span class='ocrx_word' id='word_1_424' title='bbox 985 5322 1072 5375; x_wconf 92' lang='lat' dir='ltr'><strong>illo</strong></span> <span class='ocrx_word' id='word_1_425' title='bbox 1095 5321 1235 5375; x_wconf 85' lang='lat' dir='ltr'><strong>Deus</strong></span> <span class='ocrx_word' id='word_1_426' title='bbox 1260 5325 1586 5391; x_wconf 85' lang='lat' dir='ltr'><strong>patientiam,</strong></span> <span class='ocrx_word' id='word_1_427' title='bbox 1610 5334 1922 5392; x_wconf 80' lang='lat' dir='ltr'><strong>exspectans</strong></span> <span class='ocrx_word' id='word_1_428' title='bbox 1947 5340 2056 5393; x_wconf 68' lang='lat' dir='ltr'><strong>p03-</strong></span> 
     </span>
    </p>
   </div>
   <div class='ocr_carea' id='block_1_56' title="bbox 488 5409 2058 5481">
    <p class='ocr_par' dir='ltr' id='par_1_56' title="bbox 488 5409 2058 5481">
     <span class='ocr_line' id='line_1_56' title="bbox 488 5409 2058 5481; baseline -0.002 -12"><span class='ocrx_word' id='word_1_429' title='bbox 488 5412 806 5469; x_wconf 76' lang='lat' dir='ltr'><strong>nilenliam?</strong></span> <span class='ocrx_word' id='word_1_430' title='bbox 832 5409 981 5466; x_wconf 90' lang='lat' dir='ltr'><strong>Unde</strong></span> <span class='ocrx_word' id='word_1_431' title='bbox 1004 5409 1283 5478; x_wconf 82' lang='lat' dir='ltr'><strong>Apostolus</strong></span> <span class='ocrx_word' id='word_1_432' title='bbox 1307 5411 1433 5464; x_wconf 87' lang='lat' dir='ltr'><strong>dicit</strong></span> <span class='ocrx_word' id='word_1_433' title='bbox 1450 5430 1461 5464; x_wconf 93' lang='lat'><strong>:</strong></span> <span class='ocrx_word' id='word_1_434' title='bbox 1481 5410 1695 5480; x_wconf 86' lang='lat' dir='ltr'><strong>Ignoras</strong></span> <span class='ocrx_word' id='word_1_435' title='bbox 1721 5414 1838 5481; x_wconf 87' lang='lat' dir='ltr'><strong>quia</strong></span> <span class='ocrx_word' id='word_1_436' title='bbox 1865 5415 2058 5481; x_wconf 84' lang='lat' dir='ltr'><strong>patien-</strong></span> 
     </span>
    </p>
   </div>
   <div class='ocr_carea' id='block_1_57' title="bbox 553 5542 2064 5614">
    <p class='ocr_par' dir='ltr' id='par_1_57' title="bbox 553 5542 2064 5614">
     <span class='ocr_line' id='line_1_57' title="bbox 553 5542 2064 5614; baseline -0.009 -17"><span class='ocrx_word' id='word_1_437' title='bbox 553 5550 568 5581; x_wconf 81' lang='grc'>¹</span> <span class='ocrx_word' id='word_1_438' title='bbox 594 5550 665 5614; x_wconf 72' lang='lat' dir='ltr'><strong>sic</strong></span> <span class='ocrx_word' id='word_1_439' title='bbox 688 5547 952 5597; x_wconf 71' lang='lat' dir='ltr'><strong>Victorinus</strong></span> <span class='ocrx_word' id='word_1_440' title='bbox 969 5551 1047 5593; x_wconf 79' lang='lat' dir='ltr'><strong>Ms.</strong></span> <span class='ocrx_word' id='word_1_441' title='bbox 1071 5550 1125 5614; x_wconf 82' lang='lat' dir='ltr'><strong>At.</strong></span> <span class='ocrx_word' id='word_1_442' title='bbox 1147 5551 1247 5614; x_wconf 67' lang='lat' dir='ltr'><strong>Arn.</strong></span> <span class='ocrx_word' id='word_1_443' title='bbox 1269 5549 1319 5591; x_wconf 90' lang='lat' dir='ltr'><strong>et</strong></span> <span class='ocrx_word' id='word_1_444' title='bbox 1340 5542 1696 5614; x_wconf 25' lang='lat' dir='ltr'><strong>Er._,‘occul_tare</strong></span> <span class='ocrx_word' id='word_1_445' title='bbox 1718 5553 1909 5614; x_wconf 70' lang='lat' dir='ltr'><strong>possum</strong></span> <span class='ocrx_word' id='word_1_446' title='bbox 1926 5558 2064 5614; x_wconf 49' lang='lat' dir='ltr'><strong>mum</strong></span> 
     </span>
    </p>
   </div>
   <div class='ocr_carea' id='block_1_58' title="bbox 491 5603 2059 5669">
    <p class='ocr_par' dir='ltr' id='par_1_58' title="bbox 491 5603 2059 5669">
     <span class='ocr_line' id='line_1_58' title="bbox 491 5603 2059 5669; baseline 0 -14"><span class='ocrx_word' id='word_1_447' title='bbox 491 5608 798 5669; x_wconf 83' lang='lat' dir='ltr'><strong>occultavere,</strong></span> <span class='ocrx_word' id='word_1_448' title='bbox 820 5620 912 5656; x_wconf 83' lang='lat' dir='ltr'><strong>non</strong></span> <span class='ocrx_word' id='word_1_449' title='bbox 929 5610 1116 5669; x_wconf 78' lang='lat' dir='ltr'><strong>possunt</strong></span> <span class='ocrx_word' id='word_1_450' title='bbox 1140 5603 1391 5669; x_wconf 65' lang='lat' dir='ltr'><strong>redinaere.</strong></span> <span class='ocrx_word' id='word_1_451' title='bbox 1412 5611 1563 5669; x_wconf 78' lang='lat' dir='ltr'><strong>Usque</strong></span> <span class='ocrx_word' id='word_1_452' title='bbox 1578 5603 1626 5650; x_wconf 84' lang='lat' dir='ltr'><strong>in</strong></span> <span class='ocrx_word' id='word_1_453' title='bbox 1638 5603 1916 5654; x_wconf 83' lang='lat' dir='ltr'><strong>senectutem</strong></span> <span class='ocrx_word' id='word_1_454' title='bbox 1926 5603 2059 5669; x_wconf 62' lang='grc' dir='ltr'><strong>ὐξζίξτ,</strong></span> 
     </span>
    </p>
   </div>
   <div class='ocr_carea' id='block_1_59' title="bbox 493 5661 2059 5729">
    <p class='ocr_par' dir='ltr' id='par_1_59' title="bbox 493 5661 2059 5729">
     <span class='ocr_line' id='line_1_59' title="bbox 493 5661 2059 5729; baseline -0.003 -10"><span class='ocrx_word' id='word_1_455' title='bbox 493 5668 728 5729; x_wconf 79' lang='lat' dir='ltr'><strong>lascivias,</strong></span> <span class='ocrx_word' id='word_1_456' title='bbox 763 5661 1094 5729; x_wconf 59' lang='lat' dir='ltr'><strong>clasis/tentias,</strong></span> <span class='ocrx_word' id='word_1_457' title='bbox 1125 5661 1378 5724; x_wconf 75' lang='lat' dir='ltr'><strong>sacrilegia</strong></span> <span class='ocrx_word' id='word_1_458' title='bbox 1410 5661 1599 5729; x_wconf 72' lang='lat' dir='ltr'><strong>perdita</strong></span> <span class='ocrx_word' id='word_1_459' title='bbox 1635 5673 1909 5729; x_wconf 67' lang='lat' dir='ltr'><strong>enwneijant</strong></span> <span class='ocrx_word' id='word_1_460' title='bbox 1940 5667 2030 5729; x_wconf 79' lang='lat' dir='ltr'><strong>sibi</strong></span> <span class='ocrx_word' id='word_1_461' title='bbox 2045 5661 2059 5725; x_wconf 58' lang='grc' dir='ltr'><strong><em>ζ</em></strong></span> 
     </span>
    </p>
   </div>
   <div class='ocr_carea' id='block_1_60' title="bbox 493 5723 2063 5791">
    <p class='ocr_par' dir='ltr' id='par_1_60' title="bbox 493 5723 2063 5791">
     <span class='ocr_line' id='line_1_60' title="bbox 493 5723 2063 5791; baseline -0.001 -12"><span class='ocrx_word' id='word_1_462' title='bbox 493 5744 581 5779; x_wconf 85' lang='lat' dir='ltr'><strong>cur</strong></span> <span class='ocrx_word' id='word_1_463' title='bbox 603 5727 684 5780; x_wconf 69' lang='lat' dir='ltr'><strong>ille</strong></span> <span class='ocrx_word' id='word_1_464' title='bbox 705 5723 788 5791; x_wconf 77' lang='lat' dir='ltr'><strong>qui</strong></span> <span class='ocrx_word' id='word_1_465' title='bbox 809 5723 936 5778; x_wconf 78' lang='lat' dir='ltr'><strong>tanta</strong></span> <span class='ocrx_word' id='word_1_466' title='bbox 958 5725 1066 5789; x_wconf 80' lang='lat' dir='ltr'><strong>fecit</strong></span> <span class='ocrx_word' id='word_1_467' title='bbox 1084 5735 1229 5776; x_wconf 73' lang='lat' dir='ltr'><strong>senex</strong></span> <span class='ocrx_word' id='word_1_468' title='bbox 1251 5723 1461 5773; x_wconf 71' lang='lat' dir='ltr'><strong>mbrtuits</strong></span> <span class='ocrx_word' id='word_1_469' title='bbox 1483 5723 1590 5774; x_wconf 77' lang='lat' dir='ltr'><strong>est?</strong></span> <span class='ocrx_word' id='word_1_470' title='bbox 1613 5733 1704 5774; x_wconf 70' lang='lat' dir='ltr'><strong>Nec</strong></span> <span class='ocrx_word' id='word_1_471' title='bbox 1728 5725 1874 5774; x_wconf 61' lang='lat' dir='ltr'><strong>multo</strong></span> <span class='ocrx_word' id='word_1_472' title='bbox 1893 5723 2063 5777; x_wconf 80' lang='lat' dir='ltr'><strong>melius</strong></span> 
     </span>
    </p>
   </div>
   <div class='ocr_carea' id='block_1_61' title="bbox 492 5797 599 5841">
    <p class='ocr_par' dir='ltr' id='par_1_61' title="bbox 492 5797 599 5841">
     <span class='ocr_line' id='line_1_61' title="bbox 492 5797 599 5841; baseline 0.009 -1"><span class='ocrx_word' id='word_1_473' title='bbox 492 5797 599 5841; x_wconf 75' lang='grc' dir='ltr'><strong>ων.</strong></span> 
     </span>
    </p>
   </div>
   <div class='ocr_carea' id='block_1_62' title="bbox 1720 407 2508 469">
    <p class='ocr_par' dir='ltr' id='par_1_62' title="bbox 1720 407 2508 469">
     <span class='ocr_line' id='line_1_62' title="bbox 1720 407 2508 469; baseline 0 0"><span class='ocrx_word' id='word_1_474' title='bbox 1720 415 1776 469; x_wconf 90' lang='lat' dir='ltr'><strong>S.</strong></span> <span class='ocrx_word' id='word_1_475' title='bbox 1815 407 2176 468; x_wconf 77' lang='lat' dir='ltr'><strong>AUGUSTINI</strong></span> <span class='ocrx_word' id='word_1_476' title='bbox 2213 410 2508 469; x_wconf 82' lang='lat' dir='ltr'><strong>EPISCOPI</strong></span> 
     </span>
    </p>
   </div>
   <div class='ocr_carea' id='block_1_63' title="bbox 3588 428 3726 483">
    <p class='ocr_par' dir='ltr' id='par_1_63' title="bbox 3588 428 3726 483">
     <span class='ocr_line' id='line_1_63' title="bbox 3588 428 3726 483; baseline 0.022 -3"><span class='ocrx_word' id='word_1_477' title='bbox 3588 428 3726 483; x_wconf 75' lang='lat' dir='ltr'><strong>l560</strong></span> 
     </span>
    </p>
   </div>
   <div class='ocr_carea' id='block_1_64' title="bbox 2173 527 3734 602">
    <p class='ocr_par' dir='ltr' id='par_1_64' title="bbox 2173 527 3734 602">
     <span class='ocr_line' id='line_1_64' title="bbox 2173 527 3734 602; baseline 0.015 -23"><span class='ocrx_word' id='word_1_478' title='bbox 2173 529 2243 581; x_wconf 87' lang='lat' dir='ltr'><strong>tia</strong></span> <span class='ocrx_word' id='word_1_479' title='bbox 2275 527 2371 582; x_wconf 86' lang='lat' dir='ltr'><strong>Dei</strong></span> <span class='ocrx_word' id='word_1_480' title='bbox 2398 530 2466 582; x_wconf 88' lang='lat' dir='ltr'><strong>ad</strong></span> <span class='ocrx_word' id='word_1_481' title='bbox 2492 532 2828 600; x_wconf 76' lang='lat' dir='ltr'><strong>ptenitentiam</strong></span> <span class='ocrx_word' id='word_1_482' title='bbox 2864 544 2910 590; x_wconf 86' lang='lat' dir='ltr'><strong>te</strong></span> <span class='ocrx_word' id='word_1_483' title='bbox 2936 537 3182 594; x_wconf 82' lang='lat' dir='ltr'><strong>adducit?</strong></span> <span class='ocrx_word' id='word_1_484' title='bbox 3211 538 3309 596; x_wconf 80' lang='lat' dir='ltr'><strong>Ille</strong></span> <span class='ocrx_word' id='word_1_485' title='bbox 3344 552 3510 598; x_wconf 85' lang='lat' dir='ltr'><strong>autem</strong></span> <span class='ocrx_word' id='word_1_486' title='bbox 3546 562 3734 602; x_wconf 73' lang='lat' dir='ltr'><strong>sectus-</strong></span> 
     </span>
    </p>
   </div>
   <div class='ocr_carea' id='block_1_65' title="bbox 2165 621 3728 701">
    <p class='ocr_par' dir='ltr' id='par_1_65' title="bbox 2165 621 3728 701">
     <span class='ocr_line' id='line_1_65' title="bbox 2165 621 3728 701; baseline 0.012 -28"><span class='ocrx_word' id='word_1_487' title='bbox 2165 621 2284 674; x_wconf 91' lang='lat' dir='ltr'><strong>dum</strong></span> <span class='ocrx_word' id='word_1_488' title='bbox 2308 623 2546 676; x_wconf 84' lang='lat' dir='ltr'><strong>duritiam</strong></span> <span class='ocrx_word' id='word_1_489' title='bbox 2575 627 2740 680; x_wconf 86' lang='lat' dir='ltr'><strong>cordis</strong></span> <span class='ocrx_word' id='word_1_490' title='bbox 2764 628 2845 680; x_wconf 88' lang='lat' dir='ltr'><strong>sui</strong></span> <span class='ocrx_word' id='word_1_491' title='bbox 2871 638 2917 682; x_wconf 92' lang='lat' dir='ltr'><strong>et</strong></span> <span class='ocrx_word' id='word_1_492' title='bbox 2946 645 3032 683; x_wconf 89' lang='lat' dir='ltr'><strong>cor</strong></span> <span class='ocrx_word' id='word_1_493' title='bbox 3053 633 3381 701; x_wconf 71' lang='lat' dir='ltr'><strong>impaenitens,</strong></span> <span class='ocrx_word' id='word_1_494' title='bbox 3412 637 3728 691; x_wconf 69' lang='lat' dir='ltr'><strong>thesauriza-</strong></span> 
     </span>
    </p>
   </div>
   <div class='ocr_carea' id='block_1_66' title="bbox 2164 713 3727 798">
    <p class='ocr_par' dir='ltr' id='par_1_66' title="bbox 2164 713 3727 798">
     <span class='ocr_line' id='line_1_66' title="bbox 2164 713 3727 798; baseline 0.012 -33"><span class='ocrx_word' id='word_1_495' title='bbox 2164 713 2231 766; x_wconf 80' lang='lat' dir='ltr'><strong>vit</strong></span> <span class='ocrx_word' id='word_1_496' title='bbox 2256 715 2347 768; x_wconf 87' lang='lat' dir='ltr'><strong>sibi</strong></span> <span class='ocrx_word' id='word_1_497' title='bbox 2373 716 2501 769; x_wconf 89' lang='lat' dir='ltr'><strong>iram</strong></span> <span class='ocrx_word' id='word_1_498' title='bbox 2541 721 2592 770; x_wconf 84' lang='lat' dir='ltr'><strong>in</strong></span> <span class='ocrx_word' id='word_1_499' title='bbox 2622 718 2702 772; x_wconf 85' lang='lat' dir='ltr'><strong>die</strong></span> <span class='ocrx_word' id='word_1_500' title='bbox 2728 720 2818 773; x_wconf 75' lang='lat' dir='ltr'><strong>ira:</strong></span> <span class='ocrx_word' id='word_1_501' title='bbox 2840 732 2888 774; x_wconf 87' lang='lat' dir='ltr'><strong>et</strong></span> <span class='ocrx_word' id='word_1_502' title='bbox 2922 723 3231 778; x_wconf 75' lang='lat' dir='ltr'><strong>reuelationis</strong></span> <span class='ocrx_word' id='word_1_503' title='bbox 3248 728 3379 796; x_wconf 90' lang='lat' dir='ltr'><strong>justi</strong></span> <span class='ocrx_word' id='word_1_504' title='bbox 3397 728 3582 798; x_wconf 86' lang='lat' dir='ltr'><strong>judicii</strong></span> <span class='ocrx_word' id='word_1_505' title='bbox 3607 729 3727 795; x_wconf 82' lang='lat' dir='ltr'><strong>Dei,</strong></span> 
     </span>
    </p>
   </div>
   <div class='ocr_carea' id='block_1_67' title="bbox 2163 807 3727 889">
    <p class='ocr_par' dir='ltr' id='par_1_67' title="bbox 2163 807 3727 889">
     <span class='ocr_line' id='line_1_67' title="bbox 2163 807 3727 889; baseline 0.013 -32"><span class='ocrx_word' id='word_1_506' title='bbox 2163 807 2248 874; x_wconf 85' lang='lat' dir='ltr'><strong>qui</strong></span> <span class='ocrx_word' id='word_1_507' title='bbox 2286 808 2457 862; x_wconf 79' lang='lat' dir='ltr'><strong>reddet</strong></span> <span class='ocrx_word' id='word_1_508' title='bbox 2496 811 2762 879; x_wconf 82' lang='lat' dir='ltr'><strong>unicuique</strong></span> <span class='ocrx_word' id='word_1_509' title='bbox 2801 813 3074 868; x_wconf 89' lang='lat' dir='ltr'><strong>secundum</strong></span> <span class='ocrx_word' id='word_1_510' title='bbox 3120 832 3273 887; x_wconf 86' lang='lat' dir='ltr'><strong>apera</strong></span> <span class='ocrx_word' id='word_1_511' title='bbox 3314 835 3406 872; x_wconf 88' lang='lat' dir='ltr'><strong>sua</strong></span> <span class='ocrx_word' id='word_1_512' title='bbox 3445 820 3618 889; x_wconf 79' lang='lat' dir='ltr'><strong>(Rom.</strong></span> <span class='ocrx_word' id='word_1_513' title='bbox 3665 837 3727 886; x_wconf 79' lang='lat' dir='ltr'><strong>tt,</strong></span> 
     </span>
    </p>
   </div>
   <div class='ocr_carea' id='block_1_68' title="bbox 2165 895 3724 978">
    <p class='ocr_par' dir='ltr' id='par_1_68' title="bbox 2165 895 3724 978">
     <span class='ocr_line' id='line_1_68' title="bbox 2165 895 3724 978; baseline 0.012 -29"><span class='ocrx_word' id='word_1_514' title='bbox 2165 895 2309 966; x_wconf 67' lang='lat'><strong>4-6).</strong></span> <span class='ocrx_word' id='word_1_515' title='bbox 2337 896 2478 966; x_wconf 92' lang='lat' dir='ltr'><strong>Opus</strong></span> <span class='ocrx_word' id='word_1_516' title='bbox 2518 908 2602 954; x_wconf 90' lang='lat' dir='ltr'><strong>est</strong></span> <span class='ocrx_word' id='word_1_517' title='bbox 2642 917 2768 971; x_wconf 89' lang='lat' dir='ltr'><strong>ergo</strong></span> <span class='ocrx_word' id='word_1_518' title='bbox 2806 913 2863 957; x_wconf 94' lang='lat' dir='ltr'><strong>ut</strong></span> <span class='ocrx_word' id='word_1_519' title='bbox 2891 903 2976 958; x_wconf 90' lang='lat' dir='ltr'><strong>hic</strong></span> <span class='ocrx_word' id='word_1_520' title='bbox 3020 907 3175 960; x_wconf 92' lang='lat' dir='ltr'><strong>timor</strong></span> <span class='ocrx_word' id='word_1_521' title='bbox 3204 916 3409 963; x_wconf 87' lang='lat' dir='ltr'><strong>mentes</strong></span> <span class='ocrx_word' id='word_1_522' title='bbox 3435 912 3724 978; x_wconf 86' lang='lat' dir='ltr'><strong>possideat.</strong></span> 
     </span>
    </p>
   </div>
   <div class='ocr_carea' id='block_1_69' title="bbox 2163 991 3727 1068">
    <p class='ocr_par' dir='ltr' id='par_1_69' title="bbox 2163 991 3727 1068">
     <span class='ocr_line' id='line_1_69' title="bbox 2163 991 3727 1068; baseline 0.01 -28"><span class='ocrx_word' id='word_1_523' title='bbox 2163 1002 2296 1056; x_wconf 91' lang='lat' dir='ltr'><strong>opus</strong></span> <span class='ocrx_word' id='word_1_524' title='bbox 2333 999 2414 1044; x_wconf 77' lang='lat' dir='ltr'><strong>est</strong></span> <span class='ocrx_word' id='word_1_525' title='bbox 2456 1000 2512 1044; x_wconf 92' lang='lat' dir='ltr'><strong>ut</strong></span> <span class='ocrx_word' id='word_1_526' title='bbox 2554 991 2642 1046; x_wconf 89' lang='lat' dir='ltr'><strong>ille</strong></span> <span class='ocrx_word' id='word_1_527' title='bbox 2684 995 2770 1061; x_wconf 91' lang='lat' dir='ltr'><strong>qui</strong></span> <span class='ocrx_word' id='word_1_528' title='bbox 2811 1008 3032 1064; x_wconf 87' lang='lat' dir='ltr'><strong>peccare</strong></span> <span class='ocrx_word' id='word_1_529' title='bbox 3081 1011 3186 1050; x_wconf 88' lang='lat' dir='ltr'><strong>non</strong></span> <span class='ocrx_word' id='word_1_530' title='bbox 3234 998 3359 1063; x_wconf 92' lang='lat' dir='ltr'><strong>vult,</strong></span> <span class='ocrx_word' id='word_1_531' title='bbox 3407 1011 3727 1068; x_wconf 66' lang='lat' dir='ltr'><strong>prmsentem</strong></span> 
     </span>
    </p>
   </div>
   <div class='ocr_carea' id='block_1_70' title="bbox 2162 1079 3724 1155">
    <p class='ocr_par' dir='ltr' id='par_1_70' title="bbox 2162 1079 3724 1155">
     <span class='ocr_line' id='line_1_70' title="bbox 2162 1079 3724 1155; baseline 0.009 -23"><span class='ocrx_word' id='word_1_532' title='bbox 2162 1079 2326 1134; x_wconf 89' lang='lat' dir='ltr'><strong>Deum</strong></span> <span class='ocrx_word' id='word_1_533' title='bbox 2362 1081 2461 1135; x_wconf 91' lang='lat' dir='ltr'><strong>sibi</strong></span> <span class='ocrx_word' id='word_1_534' title='bbox 2488 1085 2700 1150; x_wconf 81' lang='lat' dir='ltr'><strong>cogitet,</strong></span> <span class='ocrx_word' id='word_1_535' title='bbox 2733 1099 2837 1138; x_wconf 91' lang='lat' dir='ltr'><strong>non</strong></span> <span class='ocrx_word' id='word_1_536' title='bbox 2885 1086 2935 1139; x_wconf 91' lang='lat' dir='ltr'><strong>in</strong></span> <span class='ocrx_word' id='word_1_537' title='bbox 2961 1087 3171 1155; x_wconf 90' lang='lat' dir='ltr'><strong>publico</strong></span> <span class='ocrx_word' id='word_1_538' title='bbox 3200 1089 3392 1155; x_wconf 92' lang='lat' dir='ltr'><strong>solum,</strong></span> <span class='ocrx_word' id='word_1_539' title='bbox 3438 1091 3530 1144; x_wconf 92' lang='lat' dir='ltr'><strong>sed</strong></span> <span class='ocrx_word' id='word_1_540' title='bbox 3560 1093 3724 1147; x_wconf 88' lang='lat' dir='ltr'><strong>etiam</strong></span> 
     </span>
    </p>
   </div>
   <div class='ocr_carea' id='block_1_71' title="bbox 2160 1168 3721 1245">
    <p class='ocr_par' dir='ltr' id='par_1_71' title="bbox 2160 1168 3721 1245">
     <span class='ocr_line' id='line_1_71' title="bbox 2160 1168 3721 1245; baseline 0.008 -24"><span class='ocrx_word' id='word_1_541' title='bbox 2160 1168 2213 1222; x_wconf 89' lang='lat' dir='ltr'><strong>in</strong></span> <span class='ocrx_word' id='word_1_542' title='bbox 2235 1168 2428 1234; x_wconf 92' lang='lat' dir='ltr'><strong>domo;</strong></span> <span class='ocrx_word' id='word_1_543' title='bbox 2461 1186 2564 1224; x_wconf 92' lang='lat' dir='ltr'><strong>non</strong></span> <span class='ocrx_word' id='word_1_544' title='bbox 2590 1172 2639 1224; x_wconf 93' lang='lat' dir='ltr'><strong>in</strong></span> <span class='ocrx_word' id='word_1_545' title='bbox 2668 1172 2826 1226; x_wconf 92' lang='lat' dir='ltr'><strong>domo</strong></span> <span class='ocrx_word' id='word_1_546' title='bbox 2855 1175 3044 1238; x_wconf 89' lang='lat' dir='ltr'><strong>solum,</strong></span> <span class='ocrx_word' id='word_1_547' title='bbox 3076 1176 3169 1230; x_wconf 90' lang='lat' dir='ltr'><strong>sed</strong></span> <span class='ocrx_word' id='word_1_548' title='bbox 3199 1185 3251 1230; x_wconf 92' lang='lat' dir='ltr'><strong>et</strong></span> <span class='ocrx_word' id='word_1_549' title='bbox 3289 1179 3340 1231; x_wconf 91' lang='lat' dir='ltr'><strong>in</strong></span> <span class='ocrx_word' id='word_1_550' title='bbox 3365 1178 3629 1245; x_wconf 90' lang='lat' dir='ltr'><strong>cubiculo,</strong></span> <span class='ocrx_word' id='word_1_551' title='bbox 3663 1181 3721 1234; x_wconf 90' lang='lat' dir='ltr'><strong>in</strong></span> 
     </span>
    </p>
   </div>
   <div class='ocr_carea' id='block_1_72' title="bbox 2159 1261 3725 1338">
    <p class='ocr_par' dir='ltr' id='par_1_72' title="bbox 2159 1261 3725 1338">
     <span class='ocr_line' id='line_1_72' title="bbox 2159 1261 3725 1338; baseline 0.007 -24"><span class='ocrx_word' id='word_1_552' title='bbox 2159 1271 2333 1324; x_wconf 90' lang='lat' dir='ltr'><strong>nocte,</strong></span> <span class='ocrx_word' id='word_1_553' title='bbox 2359 1263 2409 1316; x_wconf 91' lang='lat' dir='ltr'><strong>in</strong></span> <span class='ocrx_word' id='word_1_554' title='bbox 2460 1261 2595 1317; x_wconf 90' lang='lat' dir='ltr'><strong>lecto</strong></span> <span class='ocrx_word' id='word_1_555' title='bbox 2634 1279 2750 1330; x_wconf 92' lang='lat' dir='ltr'><strong>suo,</strong></span> <span class='ocrx_word' id='word_1_556' title='bbox 2800 1265 2851 1318; x_wconf 92' lang='lat' dir='ltr'><strong>in</strong></span> <span class='ocrx_word' id='word_1_557' title='bbox 2899 1265 3057 1321; x_wconf 89' lang='lat' dir='ltr'><strong>corde</strong></span> <span class='ocrx_word' id='word_1_558' title='bbox 3095 1282 3210 1322; x_wconf 92' lang='lat' dir='ltr'><strong>suo.</strong></span> <span class='ocrx_word' id='word_1_559' title='bbox 3255 1268 3392 1338; x_wconf 89' lang='lat' dir='ltr'><strong>Ergo</strong></span> <span class='ocrx_word' id='word_1_560' title='bbox 3441 1270 3482 1323; x_wconf 89' lang='lat' dir='ltr'><strong>si</strong></span> <span class='ocrx_word' id='word_1_561' title='bbox 3537 1271 3725 1325; x_wconf 88' lang='lat' dir='ltr'><strong>tuleris</strong></span> 
     </span>
    </p>
   </div>
   <div class='ocr_carea' id='block_1_73' title="bbox 2161 1353 3724 1428">
    <p class='ocr_par' dir='ltr' id='par_1_73' title="bbox 2161 1353 3724 1428">
     <span class='ocr_line' id='line_1_73' title="bbox 2161 1353 3724 1428; baseline 0.006 -24"><span class='ocrx_word' id='word_1_562' title='bbox 2161 1361 2368 1420; x_wconf 93' lang='lat' dir='ltr'><strong>portum</strong></span> <span class='ocrx_word' id='word_1_563' title='bbox 2431 1353 2791 1421; x_wconf 72' lang='lat' dir='ltr'><strong>paenitentiae,</strong></span> <span class='ocrx_word' id='word_1_564' title='bbox 2837 1354 3202 1423; x_wconf 89' lang='lat' dir='ltr'><strong>desperatione</strong></span> <span class='ocrx_word' id='word_1_565' title='bbox 3269 1358 3534 1426; x_wconf 87' lang='lat' dir='ltr'><strong>augebunt</strong></span> <span class='ocrx_word' id='word_1_566' title='bbox 3596 1375 3724 1428; x_wconf 79' lang='lat' dir='ltr'><strong>pec—</strong></span> 
     </span>
    </p>
   </div>
   <div class='ocr_carea' id='block_1_74' title="bbox 2158 1441 3721 1514">
    <p class='ocr_par' dir='ltr' id='par_1_74' title="bbox 2158 1441 3721 1514">
     <span class='ocr_line' id='line_1_74' title="bbox 2158 1441 3721 1514; baseline 0.006 -21"><span class='ocrx_word' id='word_1_567' title='bbox 2158 1448 2296 1495; x_wconf 83' lang='lat' dir='ltr'><strong>cata.</strong></span> <span class='ocrx_word' id='word_1_568' title='bbox 2341 1441 2477 1496; x_wconf 89' lang='lat' dir='ltr'><strong>Ecce</strong></span> <span class='ocrx_word' id='word_1_569' title='bbox 2511 1442 2640 1495; x_wconf 90' lang='lat' dir='ltr'><strong>nihil</strong></span> <span class='ocrx_word' id='word_1_570' title='bbox 2671 1441 2744 1512; x_wconf 90' lang='lat' dir='ltr'><strong>(a)</strong></span> <span class='ocrx_word' id='word_1_571' title='bbox 2803 1442 2987 1498; x_wconf 85' lang='lat' dir='ltr'><strong>dicunt</strong></span> <span class='ocrx_word' id='word_1_572' title='bbox 3027 1445 3120 1508; x_wconf 90' lang='lat' dir='ltr'><strong>illi,</strong></span> <span class='ocrx_word' id='word_1_573' title='bbox 3152 1446 3240 1514; x_wconf 91' lang='lat' dir='ltr'><strong>qui</strong></span> <span class='ocrx_word' id='word_1_574' title='bbox 3271 1455 3453 1514; x_wconf 89' lang='lat' dir='ltr'><strong>putant</strong></span> <span class='ocrx_word' id='word_1_575' title='bbox 3477 1448 3594 1501; x_wconf 91' lang='lat' dir='ltr'><strong>ideo</strong></span> <span class='ocrx_word' id='word_1_576' title='bbox 3620 1463 3721 1501; x_wconf 85' lang='lat' dir='ltr'><strong>an-</strong></span> 
     </span>
    </p>
   </div>
   <div class='ocr_carea' id='block_1_75' title="bbox 2157 1533 3721 1603">
    <p class='ocr_par' dir='ltr' id='par_1_75' title="bbox 2157 1533 3721 1603">
     <span class='ocr_line' id='line_1_75' title="bbox 2157 1533 3721 1603; baseline 0.003 -17"><span class='ocrx_word' id='word_1_577' title='bbox 2157 1533 2268 1602; x_wconf 90' lang='lat' dir='ltr'><strong>geri</strong></span> <span class='ocrx_word' id='word_1_578' title='bbox 2309 1541 2541 1600; x_wconf 86' lang='lat' dir='ltr'><strong>peccata,</strong></span> <span class='ocrx_word' id='word_1_579' title='bbox 2591 1534 2710 1601; x_wconf 87' lang='lat' dir='ltr'><strong>quia</strong></span> <span class='ocrx_word' id='word_1_580' title='bbox 2757 1543 2936 1601; x_wconf 88' lang='lat' dir='ltr'><strong>portus</strong></span> <span class='ocrx_word' id='word_1_581' title='bbox 2977 1535 3301 1603; x_wconf 65' lang='lat' dir='ltr'><strong>paenitentia:</strong></span> <span class='ocrx_word' id='word_1_582' title='bbox 3338 1537 3390 1590; x_wconf 90' lang='lat' dir='ltr'><strong>in</strong></span> <span class='ocrx_word' id='word_1_583' title='bbox 3433 1537 3721 1591; x_wconf 87' lang='lat' dir='ltr'><strong>christiana</strong></span> 
     </span>
    </p>
   </div>
   <div class='ocr_carea' id='block_1_76' title="bbox 2158 1621 3719 1695">
    <p class='ocr_par' dir='ltr' id='par_1_76' title="bbox 2158 1621 3719 1695">
     <span class='ocr_line' id='line_1_76' title="bbox 2158 1621 3719 1695; baseline 0.004 -21"><span class='ocrx_word' id='word_1_584' title='bbox 2158 1621 2260 1676; x_wconf 87' lang='lat' dir='ltr'><strong>fide</strong></span> <span class='ocrx_word' id='word_1_585' title='bbox 2280 1622 2606 1690; x_wconf 88' lang='lat' dir='ltr'><strong>proponitur.</strong></span> <span class='ocrx_word' id='word_1_586' title='bbox 2640 1621 2775 1688; x_wconf 91' lang='lat' dir='ltr'><strong>Quid</strong></span> <span class='ocrx_word' id='word_1_587' title='bbox 2801 1624 2966 1692; x_wconf 91' lang='lat' dir='ltr'><strong>ergo?</strong></span> <span class='ocrx_word' id='word_1_588' title='bbox 2992 1624 3150 1688; x_wconf 90' lang='lat' dir='ltr'><strong>Deus,</strong></span> <span class='ocrx_word' id='word_1_589' title='bbox 3181 1639 3246 1679; x_wconf 94' lang='lat' dir='ltr'><strong>ne</strong></span> <span class='ocrx_word' id='word_1_590' title='bbox 3275 1640 3368 1694; x_wconf 90' lang='lat' dir='ltr'><strong>per</strong></span> <span class='ocrx_word' id='word_1_591' title='bbox 3396 1625 3539 1680; x_wconf 90' lang='lat' dir='ltr'><strong>illam</strong></span> <span class='ocrx_word' id='word_1_592' title='bbox 3565 1640 3719 1695; x_wconf 76' lang='lat' dir='ltr'><strong>Spem</strong></span> 
     </span>
    </p>
   </div>
   <div class='ocr_carea' id='block_1_77' title="bbox 2158 1713 3720 1784">
    <p class='ocr_par' dir='ltr' id='par_1_77' title="bbox 2158 1713 3720 1784">
     <span class='ocr_line' id='line_1_77' title="bbox 2158 1713 3720 1784; baseline 0.003 -16"><span class='ocrx_word' id='word_1_593' title='bbox 2158 1713 2491 1782; x_wconf 75' lang='lat' dir='ltr'><strong>indulgentia:</strong></span> <span class='ocrx_word' id='word_1_594' title='bbox 2536 1728 2720 1768; x_wconf 86' lang='lat' dir='ltr'><strong>rursus</strong></span> <span class='ocrx_word' id='word_1_595' title='bbox 2758 1723 3075 1782; x_wconf 89' lang='lat' dir='ltr'><strong>augerentur</strong></span> <span class='ocrx_word' id='word_1_596' title='bbox 3103 1725 3335 1784; x_wconf 87' lang='lat' dir='ltr'><strong>peccata,</strong></span> <span class='ocrx_word' id='word_1_597' title='bbox 3380 1730 3482 1769; x_wconf 93' lang='lat' dir='ltr'><strong>non</strong></span> <span class='ocrx_word' id='word_1_598' title='bbox 3524 1715 3720 1772; x_wconf 90' lang='lat' dir='ltr'><strong>dehinc</strong></span> 
     </span>
    </p>
   </div>
   <div class='ocr_carea' id='block_1_78' title="bbox 2158 1803 3721 1875">
    <p class='ocr_par' dir='ltr' id='par_1_78' title="bbox 2158 1803 3721 1875">
     <span class='ocr_line' id='line_1_78' title="bbox 2158 1803 3721 1875; baseline 0.001 -19"><span class='ocrx_word' id='word_1_599' title='bbox 2158 1803 2431 1873; x_wconf 88' lang='lat' dir='ltr'><strong>providere</strong></span> <span class='ocrx_word' id='word_1_600' title='bbox 2459 1803 2671 1858; x_wconf 87' lang='lat' dir='ltr'><strong>debuit?</strong></span> <span class='ocrx_word' id='word_1_601' title='bbox 2697 1803 2971 1870; x_wconf 89' lang='lat' dir='ltr'><strong>Quomodo</strong></span> <span class='ocrx_word' id='word_1_602' title='bbox 2997 1804 3137 1859; x_wconf 92' lang='lat' dir='ltr'><strong>enim</strong></span> <span class='ocrx_word' id='word_1_603' title='bbox 3175 1805 3400 1872; x_wconf 87' lang='lat' dir='ltr'><strong>providit</strong></span> <span class='ocrx_word' id='word_1_604' title='bbox 3435 1820 3502 1859; x_wconf 89' lang='lat' dir='ltr'><strong>ne</strong></span> <span class='ocrx_word' id='word_1_605' title='bbox 3528 1805 3721 1875; x_wconf 81' lang='lat' dir='ltr'><strong>despe-</strong></span> 
     </span>
    </p>
   </div>
   <div class='ocr_carea' id='block_1_79' title="bbox 2157 1894 3722 1965">
    <p class='ocr_par' dir='ltr' id='par_1_79' title="bbox 2157 1894 3722 1965">
     <span class='ocr_line' id='line_1_79' title="bbox 2157 1894 3722 1965; baseline 0.001 -17"><span class='ocrx_word' id='word_1_606' title='bbox 2157 1895 2322 1949; x_wconf 90' lang='lat' dir='ltr'><strong>rando</strong></span> <span class='ocrx_word' id='word_1_607' title='bbox 2360 1903 2666 1964; x_wconf 88' lang='lat' dir='ltr'><strong>augeantur,</strong></span> <span class='ocrx_word' id='word_1_608' title='bbox 2707 1896 2784 1948; x_wconf 91' lang='lat' dir='ltr'><strong>sic</strong></span> <span class='ocrx_word' id='word_1_609' title='bbox 2817 1894 3094 1964; x_wconf 89' lang='lat' dir='ltr'><strong>providere</strong></span> <span class='ocrx_word' id='word_1_610' title='bbox 3130 1895 3310 1949; x_wconf 91' lang='lat' dir='ltr'><strong>debuit</strong></span> <span class='ocrx_word' id='word_1_611' title='bbox 3345 1911 3413 1950; x_wconf 90' lang='lat' dir='ltr'><strong>ne</strong></span> <span class='ocrx_word' id='word_1_612' title='bbox 3454 1897 3722 1965; x_wconf 88' lang='lat' dir='ltr'><strong>sperando</strong></span> 
     </span>
    </p>
   </div>
   <div class='ocr_carea' id='block_1_80' title="bbox 2155 1983 3719 2056">
    <p class='ocr_par' dir='ltr' id='par_1_80' title="bbox 2155 1983 3719 2056">
     <span class='ocr_line' id='line_1_80' title="bbox 2155 1983 3719 2056; baseline 0.003 -20"><span class='ocrx_word' id='word_1_613' title='bbox 2155 1993 2463 2052; x_wconf 88' lang='lat' dir='ltr'><strong>augeantur.</strong></span> <span class='ocrx_word' id='word_1_614' title='bbox 2489 1983 2767 2049; x_wconf 89' lang='lat' dir='ltr'><strong>Quomodo</strong></span> <span class='ocrx_word' id='word_1_615' title='bbox 2793 1983 2934 2038; x_wconf 91' lang='lat' dir='ltr'><strong>enim</strong></span> <span class='ocrx_word' id='word_1_616' title='bbox 2965 1999 3148 2039; x_wconf 88' lang='lat' dir='ltr'><strong>revera</strong></span> <span class='ocrx_word' id='word_1_617' title='bbox 3192 1995 3346 2054; x_wconf 86' lang='lat' dir='ltr'><strong>auget</strong></span> <span class='ocrx_word' id='word_1_618' title='bbox 3385 1996 3599 2054; x_wconf 79' lang='lat' dir='ltr'><strong>peccata</strong></span> <span class='ocrx_word' id='word_1_619' title='bbox 3627 1989 3719 2056; x_wconf 91' lang='lat' dir='ltr'><strong>qui</strong></span> 
     </span>
    </p>
   </div>
   <div class='ocr_carea' id='block_1_81' title="bbox 2156 2072 3717 2144">
    <p class='ocr_par' dir='ltr' id='par_1_81' title="bbox 2156 2072 3717 2144">
     <span class='ocr_line' id='line_1_81' title="bbox 2156 2072 3717 2144; baseline 0.002 -17"><span class='ocrx_word' id='word_1_620' title='bbox 2156 2072 2536 2142; x_wconf 88' lang='lat' dir='ltr'><strong>desperaverit,</strong></span> <span class='ocrx_word' id='word_1_621' title='bbox 2565 2074 2643 2128; x_wconf 90' lang='lat' dir='ltr'><strong>sic</strong></span> <span class='ocrx_word' id='word_1_622' title='bbox 2670 2083 2841 2142; x_wconf 87' lang='lat' dir='ltr'><strong>potest</strong></span> <span class='ocrx_word' id='word_1_623' title='bbox 2865 2089 3058 2143; x_wconf 91' lang='lat' dir='ltr'><strong>augere</strong></span> <span class='ocrx_word' id='word_1_624' title='bbox 3082 2084 3293 2143; x_wconf 85' lang='lat' dir='ltr'><strong>peccata</strong></span> <span class='ocrx_word' id='word_1_625' title='bbox 3319 2085 3372 2129; x_wconf 91' lang='lat' dir='ltr'><strong>et</strong></span> <span class='ocrx_word' id='word_1_626' title='bbox 3394 2077 3483 2144; x_wconf 90' lang='lat' dir='ltr'><strong>qui</strong></span> <span class='ocrx_word' id='word_1_627' title='bbox 3511 2077 3717 2131; x_wconf 89' lang='lat' dir='ltr'><strong>veniam</strong></span> 
     </span>
    </p>
   </div>
   <div class='ocr_carea' id='block_1_82' title="bbox 2155 2163 3717 2233">
    <p class='ocr_par' dir='ltr' id='par_1_82' title="bbox 2155 2163 3717 2233">
     <span class='ocr_line' id='line_1_82' title="bbox 2155 2163 3717 2233; baseline 0.003 -15"><span class='ocrx_word' id='word_1_628' title='bbox 2155 2164 2445 2232; x_wconf 77' lang='lat' dir='ltr'><strong>Speraverit</strong></span> <span class='ocrx_word' id='word_1_629' title='bbox 2478 2181 2490 2216; x_wconf 90' lang='lat'><strong>:</strong></span> <span class='ocrx_word' id='word_1_630' title='bbox 2524 2172 2583 2218; x_wconf 90' lang='lat' dir='ltr'><strong>ut</strong></span> <span class='ocrx_word' id='word_1_631' title='bbox 2621 2164 2759 2217; x_wconf 88' lang='lat' dir='ltr'><strong>dicat</strong></span> <span class='ocrx_word' id='word_1_632' title='bbox 2797 2164 2916 2228; x_wconf 90' lang='lat' dir='ltr'><strong>sibi,</strong></span> <span class='ocrx_word' id='word_1_633' title='bbox 2966 2163 3172 2232; x_wconf 69' lang='lat' dir='ltr'><strong>Faciam</strong></span> <span class='ocrx_word' id='word_1_634' title='bbox 3211 2165 3350 2233; x_wconf 91' lang='lat' dir='ltr'><strong>quod</strong></span> <span class='ocrx_word' id='word_1_635' title='bbox 3390 2166 3530 2228; x_wconf 86' lang='lat' dir='ltr'><strong>volo.</strong></span> <span class='ocrx_word' id='word_1_636' title='bbox 3577 2167 3717 2222; x_wconf 84' lang='lat' dir='ltr'><strong>Deus</strong></span> 
     </span>
    </p>
   </div>
   <div class='ocr_carea' id='block_1_83' title="bbox 2154 2253 3715 2323">
    <p class='ocr_par' dir='ltr' id='par_1_83' title="bbox 2154 2253 3715 2323">
     <span class='ocr_line' id='line_1_83' title="bbox 2154 2253 3715 2323; baseline -0.001 -16"><span class='ocrx_word' id='word_1_637' title='bbox 2154 2254 2325 2308; x_wconf 84' lang='lat' dir='ltr'><strong>bonus</strong></span> <span class='ocrx_word' id='word_1_638' title='bbox 2351 2261 2449 2317; x_wconf 88' lang='lat' dir='ltr'><strong>est,</strong></span> <span class='ocrx_word' id='word_1_639' title='bbox 2481 2253 2690 2323; x_wconf 82' lang='lat' dir='ltr'><strong>quando</strong></span> <span class='ocrx_word' id='word_1_640' title='bbox 2719 2269 2804 2308; x_wconf 90' lang='lat' dir='ltr'><strong>me</strong></span> <span class='ocrx_word' id='word_1_641' title='bbox 2827 2263 3160 2319; x_wconf 75' lang='lat' dir='ltr'><strong>convertere,</strong></span> <span class='ocrx_word' id='word_1_642' title='bbox 3192 2254 3428 2323; x_wconf 84' lang='lat' dir='ltr'><strong>ignoscet</strong></span> <span class='ocrx_word' id='word_1_643' title='bbox 3456 2254 3603 2308; x_wconf 89' lang='lat' dir='ltr'><strong>mihi.</strong></span> <span class='ocrx_word' id='word_1_644' title='bbox 3641 2254 3715 2307; x_wconf 90' lang='lat' dir='ltr'><strong>lta</strong></span> 
     </span>
    </p>
   </div>
   <div class='ocr_carea' id='block_1_84' title="bbox 2156 2344 3720 2415">
    <p class='ocr_par' dir='ltr' id='par_1_84' title="bbox 2156 2344 3720 2415">
     <span class='ocr_line' id='line_1_84' title="bbox 2156 2344 3720 2415; baseline -0.001 -15"><span class='ocrx_word' id='word_1_645' title='bbox 2156 2347 2309 2415; x_wconf 82' lang='lat' dir='ltr'><strong>plane</strong></span> <span class='ocrx_word' id='word_1_646' title='bbox 2333 2345 2416 2399; x_wconf 90' lang='lat' dir='ltr'><strong>dic</strong></span> <span class='ocrx_word' id='word_1_647' title='bbox 2444 2346 2555 2410; x_wconf 90' lang='lat' dir='ltr'><strong>tibi,</strong></span> <span class='ocrx_word' id='word_1_648' title='bbox 2583 2344 2803 2410; x_wconf 89' lang='lat' dir='ltr'><strong>Quando</strong></span> <span class='ocrx_word' id='word_1_649' title='bbox 2835 2360 2918 2398; x_wconf 91' lang='lat' dir='ltr'><strong>me</strong></span> <span class='ocrx_word' id='word_1_650' title='bbox 2942 2353 3272 2410; x_wconf 87' lang='lat' dir='ltr'><strong>convertero,</strong></span> <span class='ocrx_word' id='word_1_651' title='bbox 3303 2346 3535 2414; x_wconf 83' lang='lat' dir='ltr'><strong>ignoscet</strong></span> <span class='ocrx_word' id='word_1_652' title='bbox 3556 2345 3720 2410; x_wconf 90' lang='lat' dir='ltr'><strong>mihi;</strong></span> 
     </span>
    </p>
   </div>
   <div class='ocr_carea' id='block_1_85' title="bbox 2155 2433 3719 2491">
    <p class='ocr_par' dir='ltr' id='par_1_85' title="bbox 2155 2433 3719 2491">
     <span class='ocr_line' id='line_1_85' title="bbox 2155 2433 3719 2491; baseline -0.001 0"><span class='ocrx_word' id='word_1_653' title='bbox 2155 2437 2198 2491; x_wconf 89' lang='lat' dir='ltr'><strong>si</strong></span> <span class='ocrx_word' id='word_1_654' title='bbox 2226 2434 2488 2490; x_wconf 90' lang='lat' dir='ltr'><strong>crastinus</strong></span> <span class='ocrx_word' id='word_1_655' title='bbox 2525 2433 2641 2488; x_wconf 89' lang='lat' dir='ltr'><strong>dies</strong></span> <span class='ocrx_word' id='word_1_656' title='bbox 2665 2447 2841 2488; x_wconf 88' lang='lat' dir='ltr'><strong>certus</strong></span> <span class='ocrx_word' id='word_1_657' title='bbox 2869 2434 3084 2488; x_wconf 88' lang='lat' dir='ltr'><strong>esttibi.</strong></span> <span class='ocrx_word' id='word_1_658' title='bbox 3114 2433 3297 2488; x_wconf 84' lang='lat' dir='ltr'><strong>Nonne</strong></span> <span class='ocrx_word' id='word_1_659' title='bbox 3327 2435 3391 2488; x_wconf 92' lang='lat' dir='ltr'><strong>ad</strong></span> <span class='ocrx_word' id='word_1_660' title='bbox 3421 2435 3518 2489; x_wconf 94' lang='lat' dir='ltr'><strong>hoc</strong></span> <span class='ocrx_word' id='word_1_661' title='bbox 3548 2444 3596 2489; x_wconf 90' lang='lat' dir='ltr'><strong>te</strong></span> <span class='ocrx_word' id='word_1_662' title='bbox 3623 2439 3719 2489; x_wconf 88' lang='lat' dir='ltr'><strong>ad-</strong></span> 
     </span>
    </p>
   </div>
   <div class='ocr_carea' id='block_1_86' title="bbox 2129 2522 3703 2593">
    <p class='ocr_par' dir='ltr' id='par_1_86' title="bbox 2129 2522 3703 2593">
     <span class='ocr_line' id='line_1_86' title="bbox 2129 2522 3703 2593; baseline -0.002 -14"><span class='ocrx_word' id='word_1_663' title='bbox 2129 2533 2332 2580; x_wconf 24' lang='lat' dir='ltr'><strong>.monet</strong></span> <span class='ocrx_word' id='word_1_664' title='bbox 2360 2524 2650 2593; x_wconf 88' lang='lat' dir='ltr'><strong>Scriptura,</strong></span> <span class='ocrx_word' id='word_1_665' title='bbox 2693 2523 2873 2578; x_wconf 88' lang='lat' dir='ltr'><strong>dicens</strong></span> <span class='ocrx_word' id='word_1_666' title='bbox 2901 2541 2914 2577; x_wconf 92' lang='lat'>:</span> <span class='ocrx_word' id='word_1_667' title='bbox 2941 2522 3022 2578; x_wconf 87' lang='lat' dir='ltr'><strong>Ne</strong></span> <span class='ocrx_word' id='word_1_668' title='bbox 3050 2523 3214 2576; x_wconf 83' lang='lat' dir='ltr'><strong>tardes</strong></span> <span class='ocrx_word' id='word_1_669' title='bbox 3253 2526 3465 2577; x_wconf 87' lang='lat' dir='ltr'><strong>converti</strong></span> <span class='ocrx_word' id='word_1_670' title='bbox 3495 2527 3561 2577; x_wconf 83' lang='lat' dir='ltr'><strong>ad</strong></span> <span class='ocrx_word' id='word_1_671' title='bbox 3593 2525 3703 2576; x_wconf 90' lang='lat' dir='ltr'><strong>Do-</strong></span> 
     </span>
    </p>
   </div>
   <div class='ocr_carea' id='block_1_87' title="bbox 2152 2614 3712 2685">
    <p class='ocr_par' dir='ltr' id='par_1_87' title="bbox 2152 2614 3712 2685">
     <span class='ocr_line' id='line_1_87' title="bbox 2152 2614 3712 2685; baseline 0.001 -16"><span class='ocrx_word' id='word_1_672' title='bbox 2152 2618 2362 2680; x_wconf 88' lang='lat' dir='ltr'><strong>minum,</strong></span> <span class='ocrx_word' id='word_1_673' title='bbox 2395 2633 2552 2685; x_wconf 85' lang='lat' dir='ltr'><strong>neque</strong></span> <span class='ocrx_word' id='word_1_674' title='bbox 2575 2614 2782 2681; x_wconf 76' lang='lat' dir='ltr'><strong>di/feras</strong></span> <span class='ocrx_word' id='word_1_675' title='bbox 2811 2615 2870 2666; x_wconf 88' lang='lat' dir='ltr'><strong>de</strong></span> <span class='ocrx_word' id='word_1_676' title='bbox 2905 2615 2984 2668; x_wconf 90' lang='lat' dir='ltr'><strong>die</strong></span> <span class='ocrx_word' id='word_1_677' title='bbox 3012 2615 3063 2667; x_wconf 90' lang='lat' dir='ltr'><strong>in</strong></span> <span class='ocrx_word' id='word_1_678' title='bbox 3094 2615 3222 2668; x_wconf 86' lang='lat' dir='ltr'><strong>diem</strong></span> <span class='ocrx_word' id='word_1_679' title='bbox 3241 2633 3260 2680; x_wconf 87' lang='lat'><strong>;</strong></span> <span class='ocrx_word' id='word_1_680' title='bbox 3282 2615 3440 2669; x_wconf 87' lang='lat' dir='ltr'><strong>subito</strong></span> <span class='ocrx_word' id='word_1_681' title='bbox 3465 2617 3593 2669; x_wconf 89' lang='lat' dir='ltr'><strong>enim</strong></span> <span class='ocrx_word' id='word_1_682' title='bbox 3622 2632 3712 2670; x_wconf 73' lang='lat' dir='ltr'><strong>tte-</strong></span> 
     </span>
    </p>
   </div>
   <div class='ocr_carea' id='block_1_88' title="bbox 2154 2705 3717 2776">
    <p class='ocr_par' dir='ltr' id='par_1_88' title="bbox 2154 2705 3717 2776">
     <span class='ocr_line' id='line_1_88' title="bbox 2154 2705 3717 2776; baseline -0.001 -16"><span class='ocrx_word' id='word_1_683' title='bbox 2154 2709 2259 2762; x_wconf 87' lang='lat' dir='ltr'><strong>niet</strong></span> <span class='ocrx_word' id='word_1_684' title='bbox 2295 2707 2372 2760; x_wconf 89' lang='lat' dir='ltr'><strong>ira</strong></span> <span class='ocrx_word' id='word_1_685' title='bbox 2401 2707 2525 2776; x_wconf 83' lang='lat' dir='ltr'><strong>ejus,</strong></span> <span class='ocrx_word' id='word_1_686' title='bbox 2567 2715 2611 2759; x_wconf 90' lang='lat' dir='ltr'><strong>et</strong></span> <span class='ocrx_word' id='word_1_687' title='bbox 2639 2708 2690 2759; x_wconf 90' lang='lat' dir='ltr'><strong>in</strong></span> <span class='ocrx_word' id='word_1_688' title='bbox 2719 2716 2939 2775; x_wconf 85' lang='lat' dir='ltr'><strong>tempore</strong></span> <span class='ocrx_word' id='word_1_689' title='bbox 2964 2705 3193 2758; x_wconf 66' lang='lat' dir='ltr'><strong>vindictae</strong></span> <span class='ocrx_word' id='word_1_690' title='bbox 3229 2706 3476 2775; x_wconf 88' lang='lat' dir='ltr'><strong>disperdet</strong></span> <span class='ocrx_word' id='word_1_691' title='bbox 3503 2716 3548 2760; x_wconf 88' lang='lat' dir='ltr'><strong>te</strong></span> <span class='ocrx_word' id='word_1_692' title='bbox 3589 2706 3717 2776; x_wconf 85' lang='lat' dir='ltr'><strong>(Ec-</strong></span> 
     </span>
    </p>
   </div>
   <div class='ocr_carea' id='block_1_89' title="bbox 2153 2794 3719 2868">
    <p class='ocr_par' dir='ltr' id='par_1_89' title="bbox 2153 2794 3719 2868">
     <span class='ocr_line' id='line_1_89' title="bbox 2153 2794 3719 2868; baseline -0.001 -16"><span class='ocrx_word' id='word_1_693' title='bbox 2153 2799 2237 2853; x_wconf 87' lang='lat' dir='ltr'><strong>cli.</strong></span> <span class='ocrx_word' id='word_1_694' title='bbox 2265 2815 2317 2865; x_wconf 87' lang='lat' dir='ltr'><strong>v,</strong></span> <span class='ocrx_word' id='word_1_695' title='bbox 2345 2797 2379 2852; x_wconf 90' lang='lat'><strong>8</strong></span> <span class='ocrx_word' id='word_1_696' title='bbox 2404 2806 2450 2850; x_wconf 91' lang='lat' dir='ltr'><strong>et</strong></span> <span class='ocrx_word' id='word_1_697' title='bbox 2470 2794 2564 2868; x_wconf 84' lang='lat'><strong>9)?</strong></span> <span class='ocrx_word' id='word_1_698' title='bbox 2604 2796 2740 2851; x_wconf 90' lang='lat' dir='ltr'><strong>Ecce</strong></span> <span class='ocrx_word' id='word_1_699' title='bbox 2766 2796 2830 2850; x_wconf 91' lang='lat' dir='ltr'><strong>ad</strong></span> <span class='ocrx_word' id='word_1_700' title='bbox 2868 2805 3150 2865; x_wconf 89' lang='lat' dir='ltr'><strong>utrumque</strong></span> <span class='ocrx_word' id='word_1_701' title='bbox 3173 2796 3404 2863; x_wconf 86' lang='lat' dir='ltr'><strong>vigilavit</strong></span> <span class='ocrx_word' id='word_1_702' title='bbox 3430 2812 3522 2864; x_wconf 89' lang='lat' dir='ltr'><strong>pro</strong></span> <span class='ocrx_word' id='word_1_703' title='bbox 3564 2798 3719 2852; x_wconf 89' lang='lat' dir='ltr'><strong>nobis</strong></span> 
     </span>
    </p>
   </div>
   <div class='ocr_carea' id='block_1_90' title="bbox 2152 2888 3715 2961">
    <p class='ocr_par' dir='ltr' id='par_1_90' title="bbox 2152 2888 3715 2961">
     <span class='ocr_line' id='line_1_90' title="bbox 2152 2888 3715 2961; baseline -0.001 -18"><span class='ocrx_word' id='word_1_704' title='bbox 2152 2889 2482 2961; x_wconf 84' lang='lat' dir='ltr'><strong>providentia</strong></span> <span class='ocrx_word' id='word_1_705' title='bbox 2527 2890 2639 2943; x_wconf 92' lang='lat' dir='ltr'><strong>Dei.</strong></span> <span class='ocrx_word' id='word_1_706' title='bbox 2683 2889 2757 2942; x_wconf 75' lang='lat' dir='ltr'><strong>Ne</strong></span> <span class='ocrx_word' id='word_1_707' title='bbox 2786 2888 3115 2957; x_wconf 90' lang='lat' dir='ltr'><strong>desperando</strong></span> <span class='ocrx_word' id='word_1_708' title='bbox 3151 2904 3436 2957; x_wconf 80' lang='lat' dir='ltr'><strong>augeamus</strong></span> <span class='ocrx_word' id='word_1_709' title='bbox 3477 2897 3715 2957; x_wconf 89' lang='lat' dir='ltr'><strong>peccata,</strong></span> 
     </span>
    </p>
   </div>
   <div class='ocr_carea' id='block_1_91' title="bbox 2152 2977 3719 3050">
    <p class='ocr_par' dir='ltr' id='par_1_91' title="bbox 2152 2977 3719 3050">
     <span class='ocr_line' id='line_1_91' title="bbox 2152 2977 3719 3050; baseline 0.001 -18"><span class='ocrx_word' id='word_1_710' title='bbox 2152 2979 2453 3050; x_wconf 89' lang='lat' dir='ltr'><strong>pr0positus</strong></span> <span class='ocrx_word' id='word_1_711' title='bbox 2499 2986 2580 3032; x_wconf 89' lang='lat' dir='ltr'><strong>est</strong></span> <span class='ocrx_word' id='word_1_712' title='bbox 2626 2977 2949 3047; x_wconf 66' lang='lat' dir='ltr'><strong>poenitentia:</strong></span> <span class='ocrx_word' id='word_1_713' title='bbox 2999 2985 3180 3045; x_wconf 90' lang='lat' dir='ltr'><strong>portus</strong></span> <span class='ocrx_word' id='word_1_714' title='bbox 3208 2996 3221 3030; x_wconf 89' lang='lat'><strong>:</strong></span> <span class='ocrx_word' id='word_1_715' title='bbox 3250 2993 3434 3032; x_wconf 91' lang='lat' dir='ltr'><strong>rursus</strong></span> <span class='ocrx_word' id='word_1_716' title='bbox 3479 2993 3546 3034; x_wconf 88' lang='lat' dir='ltr'><strong>ne</strong></span> <span class='ocrx_word' id='word_1_717' title='bbox 3591 2993 3719 3048; x_wconf 86' lang='lat' dir='ltr'><strong>spe-</strong></span> 
     </span>
    </p>
   </div>
   <div class='ocr_carea' id='block_1_92' title="bbox 2155 3068 3553 3140">
    <p class='ocr_par' dir='ltr' id='par_1_92' title="bbox 2155 3068 3553 3140">
     <span class='ocr_line' id='line_1_92' title="bbox 2155 3068 3553 3140; baseline -0.003 -14"><span class='ocrx_word' id='word_1_718' title='bbox 2155 3069 2320 3126; x_wconf 88' lang='lat' dir='ltr'><strong>rando</strong></span> <span class='ocrx_word' id='word_1_719' title='bbox 2340 3084 2643 3140; x_wconf 86' lang='lat' dir='ltr'><strong>augeamus.</strong></span> <span class='ocrx_word' id='word_1_720' title='bbox 2668 3069 2820 3122; x_wconf 91' lang='lat' dir='ltr'><strong>datus</strong></span> <span class='ocrx_word' id='word_1_721' title='bbox 2849 3074 2928 3123; x_wconf 85' lang='lat' dir='ltr'><strong>est</strong></span> <span class='ocrx_word' id='word_1_722' title='bbox 2953 3068 3066 3123; x_wconf 86' lang='lat' dir='ltr'><strong>dies</strong></span> <span class='ocrx_word' id='word_1_723' title='bbox 3087 3068 3274 3123; x_wconf 90' lang='lat' dir='ltr'><strong>mortis</strong></span> <span class='ocrx_word' id='word_1_724' title='bbox 3302 3069 3553 3124; x_wconf 89' lang='lat' dir='ltr'><strong>incertus.</strong></span> 
     </span>
    </p>
   </div>
   <div class='ocr_carea' id='block_1_93' title="bbox 2597 3177 3266 3250">
    <p class='ocr_par' dir='ltr' id='par_1_93' title="bbox 2597 3177 3266 3250">
     <span class='ocr_line' id='line_1_93' title="bbox 2597 3177 3266 3250; baseline -0.007 -14"><span class='ocrx_word' id='word_1_725' title='bbox 2597 3177 2823 3236; x_wconf 80' lang='lat' dir='ltr'><strong>SERMO</strong></span> <span class='ocrx_word' id='word_1_726' title='bbox 2859 3177 3092 3234; x_wconf 78' lang='lat' dir='ltr'><strong>cccun</strong></span> <span class='ocrx_word' id='word_1_727' title='bbox 3125 3181 3146 3202; x_wconf 70' lang='grc' dir='ltr'><strong><em>ο</em></strong></span> <span class='ocrx_word' id='word_1_728' title='bbox 3172 3178 3266 3250; x_wconf 86' lang='lat' dir='ltr'><strong>(b).</strong></span> 
     </span>
    </p>
   </div>
   <div class='ocr_carea' id='block_1_94' title="bbox 2155 3269 3722 3339">
    <p class='ocr_par' dir='ltr' id='par_1_94' title="bbox 2155 3269 3722 3339">
     <span class='ocr_line' id='line_1_94' title="bbox 2155 3269 3722 3339; baseline 0 -14"><span class='ocrx_word' id='word_1_729' title='bbox 2155 3272 2222 3326; x_wconf 85' lang='lat' dir='ltr'><strong>In</strong></span> <span class='ocrx_word' id='word_1_730' title='bbox 2265 3271 2346 3326; x_wconf 89' lang='lat' dir='ltr'><strong>die</strong></span> <span class='ocrx_word' id='word_1_731' title='bbox 2392 3281 2679 3325; x_wconf 85' lang='lat' dir='ltr'><strong>octavarum</strong></span> <span class='ocrx_word' id='word_1_732' title='bbox 2728 3269 3012 3339; x_wconf 79' lang='lat' dir='ltr'><strong>Infantiam</strong></span> <span class='ocrx_word' id='word_1_733' title='bbox 3036 3285 3055 3322; x_wconf 94' lang='lat'><strong><em>:</em></strong></span> <span class='ocrx_word' id='word_1_734' title='bbox 3078 3286 3201 3338; x_wconf 89' lang='lat' dir='ltr'><strong>quos</strong></span> <span class='ocrx_word' id='word_1_735' title='bbox 3230 3269 3520 3323; x_wconf 78' lang='lat' dir='ltr'><strong>exhortatur</strong></span> <span class='ocrx_word' id='word_1_736' title='bbox 3560 3270 3722 3325; x_wconf 81' lang='lat' dir='ltr'><strong>verbis</strong></span> 
     </span>
    </p>
   </div>
   <div class='ocr_carea' id='block_1_95' title="bbox 2194 3359 3680 3430">
    <p class='ocr_par' dir='ltr' id='par_1_95' title="bbox 2194 3359 3680 3430">
     <span class='ocr_line' id='line_1_95' title="bbox 2194 3359 3680 3430; baseline -0.003 -14"><span class='ocrx_word' id='word_1_737' title='bbox 2194 3362 2333 3416; x_wconf 87' lang='lat' dir='ltr'><strong>Petri</strong></span> <span class='ocrx_word' id='word_1_738' title='bbox 2356 3363 2589 3430; x_wconf 87' lang='lat' dir='ltr'><strong>apostoli,</strong></span> <span class='ocrx_word' id='word_1_739' title='bbox 2610 3360 2856 3428; x_wconf 84' lang='lat' dir='ltr'><strong>Deposita</strong></span> <span class='ocrx_word' id='word_1_740' title='bbox 2887 3374 3012 3429; x_wconf 83' lang='lat' dir='ltr'><strong>ergo</strong></span> <span class='ocrx_word' id='word_1_741' title='bbox 3054 3360 3198 3414; x_wconf 91' lang='lat' dir='ltr'><strong>omni</strong></span> <span class='ocrx_word' id='word_1_742' title='bbox 3225 3359 3444 3423; x_wconf 88' lang='lat' dir='ltr'><strong>malitia,</strong></span> <span class='ocrx_word' id='word_1_743' title='bbox 3473 3369 3566 3412; x_wconf 87' lang='lat' dir='ltr'><strong>etc.</strong></span> <span class='ocrx_word' id='word_1_744' title='bbox 3588 3359 3680 3430; x_wconf 89' lang='lat' dir='ltr'><strong>(c).</strong></span> 
     </span>
    </p>
   </div>
   <div class='ocr_carea' id='block_1_96' title="bbox 2225 3449 3722 3517">
    <p class='ocr_par' dir='ltr' id='par_1_96' title="bbox 2225 3449 3722 3517">
     <span class='ocr_line' id='line_1_96' title="bbox 2225 3449 3722 3517; baseline -0.004 -8"><span class='ocrx_word' id='word_1_745' title='bbox 2225 3453 2446 3510; x_wconf 78' lang='lat' dir='ltr'><strong>CAPUT</strong></span> <span class='ocrx_word' id='word_1_746' title='bbox 2485 3451 2763 3507; x_wconf 75' lang='lat' dir='ltr'><strong>PRIMUM.</strong></span> <span class='ocrx_word' id='word_1_747' title='bbox 2799 3481 2863 3491; x_wconf 92' lang='lat'><strong>—-</strong></span> <span class='ocrx_word' id='word_1_748' title='bbox 2888 3452 2936 3504; x_wconf 79' lang='lat' dir='ltr'><strong>l.</strong></span> <span class='ocrx_word' id='word_1_749' title='bbox 2968 3449 3258 3517; x_wconf 73' lang='lat' dir='ltr'><strong>Baptizatos</strong></span> <span class='ocrx_word' id='word_1_750' title='bbox 3285 3452 3593 3504; x_wconf 69' lang='lat' dir='ltr'><strong>exhortatur.</strong></span> <span class='ocrx_word' id='word_1_751' title='bbox 3627 3449 3722 3503; x_wconf 81' lang='lat' dir='ltr'><strong>ln-</strong></span> 
     </span>
    </p>
   </div>
   <div class='ocr_carea' id='block_1_97' title="bbox 2154 3539 3720 3599">
    <p class='ocr_par' dir='ltr' id='par_1_97' title="bbox 2154 3539 3720 3599">
     <span class='ocr_line' id='line_1_97' title="bbox 2154 3539 3720 3599; baseline -0.004 1"><span class='ocrx_word' id='word_1_752' title='bbox 2154 3546 2381 3599; x_wconf 85' lang='lat' dir='ltr'><strong>nocentia</strong></span> <span class='ocrx_word' id='word_1_753' title='bbox 2409 3559 2602 3597; x_wconf 86' lang='lat' dir='ltr'><strong>morum</strong></span> <span class='ocrx_word' id='word_1_754' title='bbox 2619 3543 2893 3596; x_wconf 85' lang='lat' dir='ltr'><strong>retinenda.</strong></span> <span class='ocrx_word' id='word_1_755' title='bbox 2918 3540 3191 3594; x_wconf 85' lang='lat' dir='ltr'><strong>Humilitas</strong></span> <span class='ocrx_word' id='word_1_756' title='bbox 3206 3540 3458 3593; x_wconf 87' lang='lat' dir='ltr'><strong>sectanda.</strong></span> <span class='ocrx_word' id='word_1_757' title='bbox 3473 3539 3720 3594; x_wconf 87' lang='lat' dir='ltr'><strong>Omnium</strong></span> 
     </span>
    </p>
   </div>
   <div class='ocr_carea' id='block_1_98' title="bbox 2154 3631 3722 3708">
    <p class='ocr_par' dir='ltr' id='par_1_98' title="bbox 2154 3631 3722 3708">
     <span class='ocr_line' id='line_1_98' title="bbox 2154 3631 3722 3708; baseline -0.006 -14"><span class='ocrx_word' id='word_1_758' title='bbox 2154 3637 2364 3708; x_wconf 91' lang='lat' dir='ltr'><strong>quidem</strong></span> <span class='ocrx_word' id='word_1_759' title='bbox 2391 3651 2544 3690; x_wconf 91' lang='lat' dir='ltr'><strong>aures</strong></span> <span class='ocrx_word' id='word_1_760' title='bbox 2573 3644 2628 3690; x_wconf 93' lang='lat' dir='ltr'><strong>et</strong></span> <span class='ocrx_word' id='word_1_761' title='bbox 2656 3645 2879 3697; x_wconf 88' lang='lat' dir='ltr'><strong>mentes,</strong></span> <span class='ocrx_word' id='word_1_762' title='bbox 2907 3649 3038 3702; x_wconf 90' lang='lat' dir='ltr'><strong>quos</strong></span> <span class='ocrx_word' id='word_1_763' title='bbox 3064 3647 3186 3686; x_wconf 93' lang='lat' dir='ltr'><strong>cura</strong></span> <span class='ocrx_word' id='word_1_764' title='bbox 3216 3640 3391 3686; x_wconf 91' lang='lat' dir='ltr'><strong>nostra</strong></span> <span class='ocrx_word' id='word_1_765' title='bbox 3415 3631 3722 3698; x_wconf 85' lang='lat' dir='ltr'><strong>complecti-</strong></span> 
     </span>
    </p>
   </div>
   <div class='ocr_carea' id='block_1_99' title="bbox 2157 3723 3720 3795">
    <p class='ocr_par' dir='ltr' id='par_1_99' title="bbox 2157 3723 3720 3795">
     <span class='ocr_line' id='line_1_99' title="bbox 2157 3723 3720 3795; baseline -0.005 -13"><span class='ocrx_word' id='word_1_766' title='bbox 2157 3737 2260 3794; x_wconf 92' lang='lat' dir='ltr'><strong>tur,</strong></span> <span class='ocrx_word' id='word_1_767' title='bbox 2289 3726 2497 3781; x_wconf 87' lang='lat' dir='ltr'><strong>solliciti</strong></span> <span class='ocrx_word' id='word_1_768' title='bbox 2525 3725 2752 3795; x_wconf 82' lang='lat' dir='ltr'><strong>pastoris</strong></span> <span class='ocrx_word' id='word_1_769' title='bbox 2781 3738 2957 3778; x_wconf 86' lang='lat' dir='ltr'><strong>sermo</strong></span> <span class='ocrx_word' id='word_1_770' title='bbox 2999 3723 3282 3790; x_wconf 89' lang='lat' dir='ltr'><strong>compellat</strong></span> <span class='ocrx_word' id='word_1_771' title='bbox 3315 3740 3327 3774; x_wconf 93' lang='lat'>:</span> <span class='ocrx_word' id='word_1_772' title='bbox 3357 3732 3720 3776; x_wconf 87' lang='lat' dir='ltr'><strong>verumtamen</strong></span> 
     </span>
    </p>
   </div>
   <div class='ocr_carea' id='block_1_100' title="bbox 2156 3813 3717 3886">
    <p class='ocr_par' dir='ltr' id='par_1_100' title="bbox 2156 3813 3717 3886">
     <span class='ocr_line' id='line_1_100' title="bbox 2156 3813 3717 3886; baseline -0.003 -14"><span class='ocrx_word' id='word_1_773' title='bbox 2156 3819 2221 3873; x_wconf 89' lang='lat' dir='ltr'><strong>ad</strong></span> <span class='ocrx_word' id='word_1_774' title='bbox 2246 3833 2339 3872; x_wconf 91' lang='lat' dir='ltr'><strong>vos</strong></span> <span class='ocrx_word' id='word_1_775' title='bbox 2365 3817 2577 3886; x_wconf 89' lang='lat' dir='ltr'><strong>proprie</strong></span> <span class='ocrx_word' id='word_1_776' title='bbox 2608 3832 2748 3870; x_wconf 90' lang='lat' dir='ltr'><strong>nunc</strong></span> <span class='ocrx_word' id='word_1_777' title='bbox 2772 3815 3268 3884; x_wconf 85' lang='lat' dir='ltr'><strong>dirigitur,quorum</strong></span> <span class='ocrx_word' id='word_1_778' title='bbox 3293 3829 3479 3868; x_wconf 90' lang='lat' dir='ltr'><strong>recens</strong></span> <span class='ocrx_word' id='word_1_779' title='bbox 3503 3813 3717 3868; x_wconf 85' lang='lat' dir='ltr'><strong>infantia</strong></span> 
     </span>
    </p>
   </div>
   <div class='ocr_carea' id='block_1_101' title="bbox 2155 3903 3723 3978">
    <p class='ocr_par' dir='ltr' id='par_1_101' title="bbox 2155 3903 3723 3978">
     <span class='ocr_line' id='line_1_101' title="bbox 2155 3903 3723 3978; baseline -0.005 -14"><span class='ocrx_word' id='word_1_780' title='bbox 2155 3908 2442 3978; x_wconf 87' lang='lat' dir='ltr'><strong>spiritualis</strong></span> <span class='ocrx_word' id='word_1_781' title='bbox 2468 3907 2824 3976; x_wconf 86' lang='lat' dir='ltr'><strong>generationis</strong></span> <span class='ocrx_word' id='word_1_782' title='bbox 2854 3905 3311 3959; x_wconf 87' lang='lat' dir='ltr'><strong>Sacramentorum</strong></span> <span class='ocrx_word' id='word_1_783' title='bbox 3339 3903 3612 3956; x_wconf 83' lang='lat' dir='ltr'><strong>cunabulis</strong></span> <span class='ocrx_word' id='word_1_784' title='bbox 3641 3903 3723 3956; x_wconf 91' lang='lat' dir='ltr'><strong>in-</strong></span> 
     </span>
    </p>
   </div>
   <div class='ocr_carea' id='block_1_102' title="bbox 2156 3992 3720 4067">
    <p class='ocr_par' dir='ltr' id='par_1_102' title="bbox 2156 3992 3720 4067">
     <span class='ocr_line' id='line_1_102' title="bbox 2156 3992 3720 4067; baseline -0.006 -14"><span class='ocrx_word' id='word_1_785' title='bbox 2156 3998 2397 4067; x_wconf 88' lang='lat' dir='ltr'><strong>signitur.</strong></span> <span class='ocrx_word' id='word_1_786' title='bbox 2421 3996 2585 4050; x_wconf 80' lang='lat' dir='ltr'><strong>Vobis</strong></span> <span class='ocrx_word' id='word_1_787' title='bbox 2609 3996 2749 4050; x_wconf 90' lang='lat' dir='ltr'><strong>enim</strong></span> <span class='ocrx_word' id='word_1_788' title='bbox 2780 3995 3009 4048; x_wconf 81' lang='lat' dir='ltr'><strong>maxime</strong></span> <span class='ocrx_word' id='word_1_789' title='bbox 3047 4008 3141 4061; x_wconf 93' lang='lat' dir='ltr'><strong>per</strong></span> <span class='ocrx_word' id='word_1_790' title='bbox 3182 3992 3476 4062; x_wconf 89' lang='lat' dir='ltr'><strong>apostolum</strong></span> <span class='ocrx_word' id='word_1_791' title='bbox 3503 3993 3720 4046; x_wconf 85' lang='lat' dir='ltr'><strong>Petrum</strong></span> 
     </span>
    </p>
   </div>
   <div class='ocr_carea' id='block_1_103' title="bbox 2155 4083 3718 4153">
    <p class='ocr_par' dir='ltr' id='par_1_103' title="bbox 2155 4083 3718 4153">
     <span class='ocr_line' id='line_1_103' title="bbox 2155 4083 3718 4153; baseline -0.006 -9"><span class='ocrx_word' id='word_1_792' title='bbox 2155 4091 2232 4144; x_wconf 85' lang='lat' dir='ltr'><strong>sic</strong></span> <span class='ocrx_word' id='word_1_793' title='bbox 2247 4090 2482 4143; x_wconf 91' lang='lat' dir='ltr'><strong>divinum</strong></span> <span class='ocrx_word' id='word_1_794' title='bbox 2499 4087 2767 4142; x_wconf 89' lang='lat' dir='ltr'><strong>blanditur</strong></span> <span class='ocrx_word' id='word_1_795' title='bbox 2785 4086 3049 4153; x_wconf 86' lang='lat' dir='ltr'><strong>eloquium</strong></span> <span class='ocrx_word' id='word_1_796' title='bbox 3075 4101 3088 4136; x_wconf 88' lang='lat'><strong>:</strong></span> <span class='ocrx_word' id='word_1_797' title='bbox 3113 4083 3352 4152; x_wconf 87' lang='lat' dir='ltr'><strong>Deposita</strong></span> <span class='ocrx_word' id='word_1_798' title='bbox 3373 4100 3506 4153; x_wconf 85' lang='lat' dir='ltr'><strong>ergo,</strong></span> <span class='ocrx_word' id='word_1_799' title='bbox 3529 4083 3718 4151; x_wconf 83' lang='lat' dir='ltr'><strong>inquit,</strong></span> 
     </span>
    </p>
   </div>
   <div class='ocr_carea' id='block_1_104' title="bbox 2157 4173 3722 4235">
    <p class='ocr_par' dir='ltr' id='par_1_104' title="bbox 2157 4173 3722 4235">
     <span class='ocr_line' id='line_1_104' title="bbox 2157 4173 3722 4235; baseline -0.006 1"><span class='ocrx_word' id='word_1_800' title='bbox 2157 4181 2292 4235; x_wconf 88' lang='lat' dir='ltr'><strong>omni</strong></span> <span class='ocrx_word' id='word_1_801' title='bbox 2321 4178 2513 4232; x_wconf 82' lang='lat' dir='ltr'><strong>malitia</strong></span> <span class='ocrx_word' id='word_1_802' title='bbox 2547 4188 2595 4232; x_wconf 88' lang='lat' dir='ltr'><strong>et</strong></span> <span class='ocrx_word' id='word_1_803' title='bbox 2631 4177 2766 4230; x_wconf 88' lang='lat' dir='ltr'><strong>omni</strong></span> <span class='ocrx_word' id='word_1_804' title='bbox 2796 4176 2912 4228; x_wconf 86' lang='lat' dir='ltr'><strong>dolo</strong></span> <span class='ocrx_word' id='word_1_805' title='bbox 2946 4185 2992 4227; x_wconf 90' lang='lat' dir='ltr'><strong>et</strong></span> <span class='ocrx_word' id='word_1_806' title='bbox 3024 4174 3314 4226; x_wconf 85' lang='lat' dir='ltr'><strong>adulatione</strong></span> <span class='ocrx_word' id='word_1_807' title='bbox 3359 4183 3406 4226; x_wconf 88' lang='lat' dir='ltr'><strong>et</strong></span> <span class='ocrx_word' id='word_1_808' title='bbox 3449 4173 3634 4226; x_wconf 79' lang='lat' dir='ltr'><strong>invidia</strong></span> <span class='ocrx_word' id='word_1_809' title='bbox 3678 4181 3722 4227; x_wconf 82' lang='lat' dir='ltr'><strong>et</strong></span> 
     </span>
    </p>
   </div>
   <div class='ocr_carea' id='block_1_105' title="bbox 2157 4263 3723 4337">
    <p class='ocr_par' dir='ltr' id='par_1_105' title="bbox 2157 4263 3723 4337">
     <span class='ocr_line' id='line_1_105' title="bbox 2157 4263 3723 4337; baseline -0.006 -12"><span class='ocrx_word' id='word_1_810' title='bbox 2157 4272 2479 4335; x_wconf 86' lang='lat' dir='ltr'><strong>detractione,</strong></span> <span class='ocrx_word' id='word_1_811' title='bbox 2514 4279 2749 4337; x_wconf 87' lang='lat' dir='ltr'><strong>tanquam</strong></span> <span class='ocrx_word' id='word_1_812' title='bbox 2795 4266 2942 4318; x_wconf 89' lang='lat' dir='ltr'><strong>modo</strong></span> <span class='ocrx_word' id='word_1_813' title='bbox 2978 4265 3081 4317; x_wconf 87' lang='lat' dir='ltr'><strong>nati</strong></span> <span class='ocrx_word' id='word_1_814' title='bbox 3109 4265 3325 4332; x_wconf 78' lang='lat' dir='ltr'><strong>infantes</strong></span> <span class='ocrx_word' id='word_1_815' title='bbox 3353 4263 3647 4316; x_wconf 83' lang='lat' dir='ltr'><strong>rationabile</strong></span> <span class='ocrx_word' id='word_1_816' title='bbox 3674 4274 3723 4316; x_wconf 86' lang='lat' dir='ltr'><strong>et</strong></span> 
     </span>
    </p>
   </div>
   <div class='ocr_carea' id='block_1_106' title="bbox 2156 4354 3722 4426">
    <p class='ocr_par' dir='ltr' id='par_1_106' title="bbox 2156 4354 3722 4426">
     <span class='ocr_line' id='line_1_106' title="bbox 2156 4354 3722 4426; baseline -0.009 -7"><span class='ocrx_word' id='word_1_817' title='bbox 2156 4365 2390 4419; x_wconf 79' lang='lat' dir='ltr'><strong>inuocem</strong></span> <span class='ocrx_word' id='word_1_818' title='bbox 2434 4363 2511 4415; x_wconf 86' lang='lat' dir='ltr'><strong>Iac</strong></span> <span class='ocrx_word' id='word_1_819' title='bbox 2552 4357 2918 4426; x_wconf 88' lang='lat' dir='ltr'><strong>concupiscite;</strong></span> <span class='ocrx_word' id='word_1_820' title='bbox 2942 4365 2995 4408; x_wconf 90' lang='lat' dir='ltr'><strong>ut</strong></span> <span class='ocrx_word' id='word_1_821' title='bbox 3023 4356 3075 4408; x_wconf 91' lang='lat' dir='ltr'><strong>in</strong></span> <span class='ocrx_word' id='word_1_822' title='bbox 3102 4356 3189 4407; x_wconf 87' lang='lat' dir='ltr'><strong>illo</strong></span> <span class='ocrx_word' id='word_1_823' title='bbox 3219 4354 3448 4408; x_wconf 74' lang='lat' dir='ltr'><strong>crescetis</strong></span> <span class='ocrx_word' id='word_1_824' title='bbox 3491 4355 3541 4406; x_wconf 91' lang='lat' dir='ltr'><strong>in</strong></span> <span class='ocrx_word' id='word_1_825' title='bbox 3579 4354 3722 4406; x_wconf 83' lang='lat' dir='ltr'><strong>salu-</strong></span> 
     </span>
    </p>
   </div>
   <div class='ocr_carea' id='block_1_107' title="bbox 2157 4444 3719 4523">
    <p class='ocr_par' dir='ltr' id='par_1_107' title="bbox 2157 4444 3719 4523">
     <span class='ocr_line' id='line_1_107' title="bbox 2157 4444 3719 4523; baseline -0.006 -15"><span class='ocrx_word' id='word_1_826' title='bbox 2157 4463 2274 4520; x_wconf 76' lang='lat' dir='ltr'><strong>tem,</strong></span> <span class='ocrx_word' id='word_1_827' title='bbox 2291 4455 2334 4507; x_wconf 86' lang='lat' dir='ltr'><strong>si</strong></span> <span class='ocrx_word' id='word_1_828' title='bbox 2347 4452 2579 4523; x_wconf 84' lang='lat' dir='ltr'><strong>gustastis</strong></span> <span class='ocrx_word' id='word_1_829' title='bbox 2599 4449 2832 4517; x_wconf 87' lang='lat' dir='ltr'><strong>quoniam</strong></span> <span class='ocrx_word' id='word_1_830' title='bbox 2851 4447 3012 4499; x_wconf 84' lang='lat' dir='ltr'><strong>dulcis</strong></span> <span class='ocrx_word' id='word_1_831' title='bbox 3032 4455 3104 4499; x_wconf 86' lang='lat' dir='ltr'><strong>est</strong></span> <span class='ocrx_word' id='word_1_832' title='bbox 3135 4445 3379 4498; x_wconf 89' lang='lat' dir='ltr'><strong>Dominus</strong></span> <span class='ocrx_word' id='word_1_833' title='bbox 3405 4445 3422 4514; x_wconf 94' lang='lat'>(</span> <span class='ocrx_word' id='word_1_834' title='bbox 3449 4445 3464 4497; x_wconf 94' lang='grc' dir='ltr'><strong>Ι</strong></span> <span class='ocrx_word' id='word_1_835' title='bbox 3497 4444 3634 4498; x_wconf 83' lang='lat' dir='ltr'><strong>Pctr.</strong></span> <span class='ocrx_word' id='word_1_836' title='bbox 3659 4461 3719 4504; x_wconf 87' lang='lat' dir='ltr'><strong>tt.</strong></span> 
     </span>
    </p>
   </div>
   <div class='ocr_carea' id='block_1_108' title="bbox 2159 4536 3725 4612">
    <p class='ocr_par' dir='ltr' id='par_1_108' title="bbox 2159 4536 3725 4612">
     <span class='ocr_line' id='line_1_108' title="bbox 2159 4536 3725 4612; baseline -0.004 -17"><span class='ocrx_word' id='word_1_837' title='bbox 2159 4546 2296 4612; x_wconf 74' lang='grc'><strong>1-5).</strong></span> <span class='ocrx_word' id='word_1_838' title='bbox 2337 4540 2564 4596; x_wconf 89' lang='lat' dir='ltr'><strong>Proinde</strong></span> <span class='ocrx_word' id='word_1_839' title='bbox 2603 4539 2722 4608; x_wconf 89' lang='lat' dir='ltr'><strong>quia</strong></span> <span class='ocrx_word' id='word_1_840' title='bbox 2756 4536 3032 4606; x_wconf 76' lang='lat' dir='ltr'><strong>gustasns,</strong></span> <span class='ocrx_word' id='word_1_841' title='bbox 3065 4549 3162 4588; x_wconf 90' lang='lat' dir='ltr'><strong>nos</strong></span> <span class='ocrx_word' id='word_1_842' title='bbox 3192 4543 3353 4589; x_wconf 89' lang='lat' dir='ltr'><strong>testes</strong></span> <span class='ocrx_word' id='word_1_843' title='bbox 3381 4550 3598 4588; x_wconf 91' lang='lat' dir='ltr'><strong>sumus:</strong></span> <span class='ocrx_word' id='word_1_844' title='bbox 3626 4549 3725 4588; x_wconf 89' lang='lat' dir='ltr'><strong>nos</strong></span> 
     </span>
    </p>
   </div>
   <div class='ocr_carea' id='block_1_109' title="bbox 2157 4625 3720 4688">
    <p class='ocr_par' dir='ltr' id='par_1_109' title="bbox 2157 4625 3720 4688">
     <span class='ocr_line' id='line_1_109' title="bbox 2157 4625 3720 4688; baseline -0.006 0"><span class='ocrx_word' id='word_1_845' title='bbox 2157 4633 2308 4688; x_wconf 90' lang='lat' dir='ltr'><strong>vobis</strong></span> <span class='ocrx_word' id='word_1_846' title='bbox 2331 4632 2468 4684; x_wconf 91' lang='lat' dir='ltr'><strong>hanc</strong></span> <span class='ocrx_word' id='word_1_847' title='bbox 2494 4629 2804 4684; x_wconf 88' lang='lat' dir='ltr'><strong>suavitatem</strong></span> <span class='ocrx_word' id='word_1_848' title='bbox 2834 4626 3048 4680; x_wconf 90' lang='lat' dir='ltr'><strong>nutricis</strong></span> <span class='ocrx_word' id='word_1_849' title='bbox 3086 4625 3260 4678; x_wconf 83' lang='lat' dir='ltr'><strong>ofﬁcio</strong></span> <span class='ocrx_word' id='word_1_850' title='bbox 3286 4626 3720 4680; x_wconf 87' lang='lat' dir='ltr'><strong>ministravimus.</strong></span> 
     </span>
    </p>
   </div>
   <div class='ocr_carea' id='block_1_110' title="bbox 2158 4713 3726 4791">
    <p class='ocr_par' dir='ltr' id='par_1_110' title="bbox 2158 4713 3726 4791">
     <span class='ocr_line' id='line_1_110' title="bbox 2158 4713 3726 4791; baseline -0.006 -15"><span class='ocrx_word' id='word_1_851' title='bbox 2158 4722 2309 4791; x_wconf 89' lang='lat' dir='ltr'><strong>Agite</strong></span> <span class='ocrx_word' id='word_1_852' title='bbox 2343 4721 2515 4787; x_wconf 90' lang='lat' dir='ltr'><strong>itaque</strong></span> <span class='ocrx_word' id='word_1_853' title='bbox 2559 4715 2811 4769; x_wconf 90' lang='lat' dir='ltr'><strong>admoniti</strong></span> <span class='ocrx_word' id='word_1_854' title='bbox 2837 4723 3032 4768; x_wconf 76' lang='lat' dir='ltr'><strong>sancta:</strong></span> <span class='ocrx_word' id='word_1_855' title='bbox 3063 4714 3228 4768; x_wconf 88' lang='lat' dir='ltr'><strong>instar</strong></span> <span class='ocrx_word' id='word_1_856' title='bbox 3254 4713 3486 4768; x_wconf 73' lang='lat' dir='ltr'><strong>infantiae</strong></span> <span class='ocrx_word' id='word_1_857' title='bbox 3507 4754 3521 4776; x_wconf 88' lang='lat'><strong>,</strong></span> <span class='ocrx_word' id='word_1_858' title='bbox 3562 4715 3726 4783; x_wconf 87' lang='lat' dir='ltr'><strong>depo-</strong></span> 
     </span>
    </p>
   </div>
   <div class='ocr_carea' id='block_1_111' title="bbox 2159 4805 3727 4871">
    <p class='ocr_par' dir='ltr' id='par_1_111' title="bbox 2159 4805 3727 4871">
     <span class='ocr_line' id='line_1_111' title="bbox 2159 4805 3727 4871; baseline -0.003 -5"><span class='ocrx_word' id='word_1_859' title='bbox 2159 4813 2269 4866; x_wconf 89' lang='lat' dir='ltr'><strong>nite</strong></span> <span class='ocrx_word' id='word_1_860' title='bbox 2317 4809 2600 4870; x_wconf 90' lang='lat' dir='ltr'><strong>malitiam,</strong></span> <span class='ocrx_word' id='word_1_861' title='bbox 2643 4807 2852 4871; x_wconf 91' lang='lat' dir='ltr'><strong>dolum,</strong></span> <span class='ocrx_word' id='word_1_862' title='bbox 2894 4805 3249 4859; x_wconf 89' lang='lat' dir='ltr'><strong>adulationem</strong></span> <span class='ocrx_word' id='word_1_863' title='bbox 3291 4814 3344 4859; x_wconf 90' lang='lat' dir='ltr'><strong>et</strong></span> <span class='ocrx_word' id='word_1_864' title='bbox 3379 4806 3623 4858; x_wconf 82' lang='lat' dir='ltr'><strong>invidiam</strong></span> <span class='ocrx_word' id='word_1_865' title='bbox 3670 4817 3727 4861; x_wconf 89' lang='lat' dir='ltr'><strong>et</strong></span> 
     </span>
    </p>
   </div>
   <div class='ocr_carea' id='block_1_112' title="bbox 2159 4893 3722 4963">
    <p class='ocr_par' dir='ltr' id='par_1_112' title="bbox 2159 4893 3722 4963">
     <span class='ocr_line' id='line_1_112' title="bbox 2159 4893 3722 4963; baseline -0.006 -7"><span class='ocrx_word' id='word_1_866' title='bbox 2159 4900 2556 4956; x_wconf 86' lang='lat' dir='ltr'><strong>detractionem.</strong></span> <span class='ocrx_word' id='word_1_867' title='bbox 2586 4896 2733 4949; x_wconf 79' lang='lat' dir='ltr'><strong>lianc</strong></span> <span class='ocrx_word' id='word_1_868' title='bbox 2776 4895 3129 4949; x_wconf 90' lang='lat' dir='ltr'><strong>innocentiam</strong></span> <span class='ocrx_word' id='word_1_869' title='bbox 3168 4893 3246 4947; x_wconf 87' lang='lat' dir='ltr'><strong>sic</strong></span> <span class='ocrx_word' id='word_1_870' title='bbox 3273 4903 3452 4948; x_wconf 89' lang='lat' dir='ltr'><strong>tenere</strong></span> <span class='ocrx_word' id='word_1_871' title='bbox 3477 4895 3682 4948; x_wconf 88' lang='lat' dir='ltr'><strong>debetis</strong></span> <span class='ocrx_word' id='word_1_872' title='bbox 3707 4938 3722 4963; x_wconf 88' lang='lat'><strong>,</strong></span> 
     </span>
    </p>
   </div>
   <div class='ocr_carea' id='block_1_113' title="bbox 2159 4985 3724 5054">
    <p class='ocr_par' dir='ltr' id='par_1_113' title="bbox 2159 4985 3724 5054">
     <span class='ocr_line' id='line_1_113' title="bbox 2159 4985 3724 5054; baseline -0.004 -7"><span class='ocrx_word' id='word_1_873' title='bbox 2159 5001 2217 5047; x_wconf 93' lang='lat' dir='ltr'><strong>ut</strong></span> <span class='ocrx_word' id='word_1_874' title='bbox 2241 5005 2358 5046; x_wconf 88' lang='lat' dir='ltr'><strong>eam</strong></span> <span class='ocrx_word' id='word_1_875' title='bbox 2397 4986 2689 5044; x_wconf 89' lang='lat' dir='ltr'><strong>crescendo</strong></span> <span class='ocrx_word' id='word_1_876' title='bbox 2729 5000 2837 5041; x_wconf 88' lang='lat' dir='ltr'><strong>non</strong></span> <span class='ocrx_word' id='word_1_877' title='bbox 2877 4985 3147 5040; x_wconf 87' lang='lat' dir='ltr'><strong>amittatis.</strong></span> <span class='ocrx_word' id='word_1_878' title='bbox 3187 4985 3324 5051; x_wconf 89' lang='lat' dir='ltr'><strong>Quid</strong></span> <span class='ocrx_word' id='word_1_879' title='bbox 3365 4995 3446 5041; x_wconf 88' lang='lat' dir='ltr'><strong>est</strong></span> <span class='ocrx_word' id='word_1_880' title='bbox 3485 4986 3724 5054; x_wconf 89' lang='lat' dir='ltr'><strong>malitia,</strong></span> 
     </span>
    </p>
   </div>
   <div class='ocr_carea' id='block_1_114' title="bbox 2219 5115 3725 5184">
    <p class='ocr_par' dir='ltr' id='par_1_114' title="bbox 2219 5115 3725 5184">
     <span class='ocr_line' id='line_1_114' title="bbox 2219 5115 3725 5184; baseline -0.003 -12"><span class='ocrx_word' id='word_1_881' title='bbox 2219 5125 2239 5145; x_wconf 82' lang='grc'>⁶</span> <span class='ocrx_word' id='word_1_882' title='bbox 2263 5117 2620 5184; x_wconf 74' lang='lat' dir='ltr'><strong>Recognitusad</strong></span> <span class='ocrx_word' id='word_1_883' title='bbox 2639 5118 2760 5169; x_wconf 83' lang='lat' dir='ltr'><strong>duos</strong></span> <span class='ocrx_word' id='word_1_884' title='bbox 2777 5115 2840 5168; x_wconf 90' lang='lat' dir='ltr'><strong>cl.</strong></span> <span class='ocrx_word' id='word_1_885' title='bbox 2859 5121 2911 5168; x_wconf 87' lang='lat' dir='ltr'><strong>et</strong></span> <span class='ocrx_word' id='word_1_886' title='bbox 2920 5116 3041 5167; x_wconf 86' lang='lat' dir='ltr'><strong>duos</strong></span> <span class='ocrx_word' id='word_1_887' title='bbox 3059 5131 3102 5168; x_wconf 91' lang='lat' dir='ltr'><strong>r.</strong></span> <span class='ocrx_word' id='word_1_888' title='bbox 3117 5118 3177 5169; x_wconf 86' lang='lat' dir='ltr'><strong>ad</strong></span> <span class='ocrx_word' id='word_1_889' title='bbox 3197 5130 3271 5181; x_wconf 84' lang='lat' dir='ltr'><strong>gr.</strong></span> <span class='ocrx_word' id='word_1_890' title='bbox 3290 5130 3382 5168; x_wconf 86' lang='lat' dir='ltr'><strong>rm.</strong></span> <span class='ocrx_word' id='word_1_891' title='bbox 3403 5123 3505 5168; x_wconf 81' lang='lat' dir='ltr'><strong>Am.</strong></span> <span class='ocrx_word' id='word_1_892' title='bbox 3527 5123 3600 5169; x_wconf 76' lang='lat' dir='ltr'><strong>Br.</strong></span> <span class='ocrx_word' id='word_1_893' title='bbox 3617 5124 3725 5168; x_wconf 77' lang='lat' dir='ltr'><strong>Par.</strong></span> 
     </span>
    </p>
   </div>
   <div class='ocr_carea' id='block_1_115' title="bbox 2243 5240 2629 5302">
    <p class='ocr_par' dir='ltr' id='par_1_115' title="bbox 2243 5240 2629 5302">
     <span class='ocr_line' id='line_1_115' title="bbox 2243 5240 2629 5302; baseline -0.008 -10"><span class='ocrx_word' id='word_1_894' title='bbox 2243 5244 2293 5302; x_wconf 92' lang='lat' dir='ltr'><strong>a)</strong></span> <span class='ocrx_word' id='word_1_895' title='bbox 2317 5243 2472 5302; x_wconf 83' lang='lat' dir='ltr'><strong>Forte,</strong></span> <span class='ocrx_word' id='word_1_896' title='bbox 2495 5240 2629 5292; x_wconf 82' lang='lat' dir='ltr'><strong>mihi.</strong></span> 
     </span>
    </p>
   </div>
   <div class='ocr_carea' id='block_1_116' title="bbox 2246 5299 3034 5361">
    <p class='ocr_par' dir='ltr' id='par_1_116' title="bbox 2246 5299 3034 5361">
     <span class='ocr_line' id='line_1_116' title="bbox 2246 5299 3034 5361; baseline -0.004 -9"><span class='ocrx_word' id='word_1_897' title='bbox 2246 5299 2295 5361; x_wconf 75' lang='lat' dir='ltr'><strong>b)</strong></span> <span class='ocrx_word' id='word_1_898' title='bbox 2319 5299 2540 5361; x_wconf 55' lang='lat' dir='ltr'><strong>Alias,&#39;20</strong></span> <span class='ocrx_word' id='word_1_899' title='bbox 2566 5305 2692 5350; x_wconf 89' lang='lat' dir='ltr'><strong>inter</strong></span> <span class='ocrx_word' id='word_1_900' title='bbox 2713 5301 2934 5349; x_wconf 81' lang='lat' dir='ltr'><strong>llomilias</strong></span> <span class='ocrx_word' id='word_1_901' title='bbox 2955 5299 3034 5350; x_wconf 82' lang='grc'><strong>50.</strong></span> 
     </span>
    </p>
   </div>
   <div class='ocr_carea' id='block_1_117' title="bbox 2247 5361 3723 5422">
    <p class='ocr_par' dir='ltr' id='par_1_117' title="bbox 2247 5361 3723 5422">
     <span class='ocr_line' id='line_1_117' title="bbox 2247 5361 3723 5422; baseline -0.001 -8"><span class='ocrx_word' id='word_1_902' title='bbox 2247 5361 2294 5422; x_wconf 76' lang='lat' dir='ltr'><strong>c)</strong></span> <span class='ocrx_word' id='word_1_903' title='bbox 2316 5371 2364 5412; x_wconf 90' lang='lat' dir='ltr'><strong>tn</strong></span> <span class='ocrx_word' id='word_1_904' title='bbox 2389 5364 2579 5412; x_wconf 84' lang='lat' dir='ltr'><strong>Possidii</strong></span> <span class='ocrx_word' id='word_1_905' title='bbox 2624 5362 2846 5418; x_wconf 83' lang='lat' dir='ltr'><strong>lndiculo,</strong></span> <span class='ocrx_word' id='word_1_906' title='bbox 2878 5375 2981 5422; x_wconf 90' lang='lat' dir='ltr'><strong>cap.</strong></span> <span class='ocrx_word' id='word_1_907' title='bbox 3022 5361 3072 5420; x_wconf 92' lang='lat'><strong>8,</strong></span> <span class='ocrx_word' id='word_1_908' title='bbox 3095 5368 3318 5412; x_wconf 87' lang='lat' dir='ltr'><strong>notantur</strong></span> <span class='ocrx_word' id='word_1_909' title='bbox 3339 5373 3591 5422; x_wconf 83' lang='lat' dir='ltr'><strong>sermones</strong></span> <span class='ocrx_word' id='word_1_910' title='bbox 3617 5377 3640 5406; x_wconf 73' lang='grc' dir='ltr'>ι</span> <span class='ocrx_word' id='word_1_911' title='bbox 3657 5363 3723 5412; x_wconf 88' lang='lat' dir='ltr'><strong>de</strong></span> 
     </span>
    </p>
   </div>
   <div class='ocr_carea' id='block_1_118' title="bbox 2170 5421 3728 5494">
    <p class='ocr_par' dir='ltr' id='par_1_118' title="bbox 2170 5421 3728 5494">
     <span class='ocr_line' id='line_1_118' title="bbox 2170 5421 3728 5494; baseline -0.001 -22"><span class='ocrx_word' id='word_1_912' title='bbox 2170 5445 2192 5472; x_wconf 76' lang='grc' dir='ltr'>κ</span> <span class='ocrx_word' id='word_1_913' title='bbox 2208 5421 2288 5494; x_wconf 71' lang='lat' dir='ltr'><strong>die</strong></span> <span class='ocrx_word' id='word_1_914' title='bbox 2310 5432 2580 5494; x_wconf 63' lang='lat' dir='ltr'><strong>octavarurn</strong></span> <span class='ocrx_word' id='word_1_915' title='bbox 2604 5423 2849 5494; x_wconf 76' lang='lat' dir='ltr'><strong>Infantiam</strong></span> <span class='ocrx_word' id='word_1_916' title='bbox 2871 5421 2966 5494; x_wconf 76' lang='lat' dir='ltr'><strong>duo</strong></span> <span class='ocrx_word' id='word_1_917' title='bbox 2988 5436 2998 5469; x_wconf 93' lang='lat'><strong>:</strong></span> <span class='ocrx_word' id='word_1_918' title='bbox 3025 5438 3046 5464; x_wconf 75' lang='grc' dir='ltr'><strong>ι</strong></span> <span class='ocrx_word' id='word_1_919' title='bbox 3071 5435 3143 5494; x_wconf 78' lang='lat' dir='ltr'><strong>ae_</strong></span> <span class='ocrx_word' id='word_1_920' title='bbox 3159 5435 3494 5494; x_wconf 45' lang='lat' dir='ltr'><strong>rtu&#39;s&#39;um,‘eap.</strong></span> <span class='ocrx_word' id='word_1_921' title='bbox 3521 5421 3599 5492; x_wconf 78' lang='lat' dir='ltr'><strong>tQ.</strong></span> <span class='ocrx_word' id='word_1_922' title='bbox 3623 5439 3646 5466; x_wconf 72' lang='grc' dir='ltr'><strong>α</strong></span> <span class='ocrx_word' id='word_1_923' title='bbox 3663 5423 3728 5494; x_wconf 64' lang='lat' dir='ltr'><strong>de</strong></span> 
     </span>
    </p>
   </div>
   <div class='ocr_carea' id='block_1_119' title="bbox 2172 5483 3732 5541">
    <p class='ocr_par' dir='ltr' id='par_1_119' title="bbox 2172 5483 3732 5541">
     <span class='ocr_line' id='line_1_119' title="bbox 2172 5483 3732 5541; baseline 0 -9"><span class='ocrx_word' id='word_1_924' title='bbox 2172 5503 2202 5532; x_wconf 64' lang='grc' dir='ltr'><strong>ε</strong></span> <span class='ocrx_word' id='word_1_925' title='bbox 2216 5487 2397 5534; x_wconf 70' lang='lat' dir='ltr'><strong>octavis</strong></span> <span class='ocrx_word' id='word_1_926' title='bbox 2419 5484 2665 5532; x_wconf 77' lang='lat' dir='ltr'><strong>Infantium</strong></span> <span class='ocrx_word' id='word_1_927' title='bbox 2683 5489 2909 5530; x_wconf 88' lang='lat' dir='ltr'><strong>tractatus</strong></span> <span class='ocrx_word' id='word_1_928' title='bbox 2928 5483 3038 5530; x_wconf 90' lang='lat' dir='ltr'><strong>duo.</strong></span> <span class='ocrx_word' id='word_1_929' title='bbox 3059 5499 3082 5526; x_wconf 74' lang='grc' dir='ltr'><strong>ι</strong></span> <span class='ocrx_word' id='word_1_930' title='bbox 3109 5492 3242 5531; x_wconf 86' lang='lat' dir='ltr'><strong>Hunc</strong></span> <span class='ocrx_word' id='word_1_931' title='bbox 3261 5483 3340 5531; x_wconf 84' lang='lat' dir='ltr'><strong>isti</strong></span> <span class='ocrx_word' id='word_1_932' title='bbox 3362 5483 3460 5530; x_wconf 90' lang='lat' dir='ltr'><strong>diei</strong></span> <span class='ocrx_word' id='word_1_933' title='bbox 3481 5483 3732 5541; x_wconf 78' lang='lat' dir='ltr'><strong>assignant</strong></span> 
     </span>
    </p>
   </div>
   <div class='ocr_carea' id='block_1_120' title="bbox 2165 5542 3732 5605">
    <p class='ocr_par' dir='ltr' id='par_1_120' title="bbox 2165 5542 3732 5605">
     <span class='ocr_line' id='line_1_120' title="bbox 2165 5542 3732 5605; baseline -0.005 -9"><span class='ocrx_word' id='word_1_934' title='bbox 2165 5546 2470 5605; x_wconf 82' lang='lat' dir='ltr'><strong>manuscripti</strong></span> <span class='ocrx_word' id='word_1_935' title='bbox 2506 5556 2690 5593; x_wconf 89' lang='lat' dir='ltr'><strong>omnes.</strong></span> <span class='ocrx_word' id='word_1_936' title='bbox 2729 5545 2943 5605; x_wconf 83' lang='lat' dir='ltr'><strong>Pertinet</strong></span> <span class='ocrx_word' id='word_1_937' title='bbox 2979 5543 3039 5590; x_wconf 87' lang='lat' dir='ltr'><strong>ad</strong></span> <span class='ocrx_word' id='word_1_938' title='bbox 3081 5545 3268 5605; x_wconf 88' lang='lat' dir='ltr'><strong>priores</strong></span> <span class='ocrx_word' id='word_1_939' title='bbox 3289 5555 3442 5605; x_wconf 13' lang='lat' dir='ltr'><strong>annos,</strong></span> <span class='ocrx_word' id='word_1_940' title='bbox 3461 5542 3732 5605; x_wconf 69' lang='lat' dir='ltr'><strong>Augustini.</strong></span> 
     </span>
    </p>
   </div>
   <div class='ocr_carea' id='block_1_121' title="bbox 2165 5601 3731 5666">
    <p class='ocr_par' dir='ltr' id='par_1_121' title="bbox 2165 5601 3731 5666">
     <span class='ocr_line' id='line_1_121' title="bbox 2165 5601 3731 5666; baseline -0.005 -10"><span class='ocrx_word' id='word_1_941' title='bbox 2165 5616 2220 5656; x_wconf 89' lang='lat' dir='ltr'><strong>ut</strong></span> <span class='ocrx_word' id='word_1_942' title='bbox 2245 5621 2306 5655; x_wconf 81' lang='lat' dir='ltr'><strong>ex</strong></span> <span class='ocrx_word' id='word_1_943' title='bbox 2327 5601 2436 5654; x_wconf 81' lang='lat' dir='ltr'><strong>stilo</strong></span> <span class='ocrx_word' id='word_1_944' title='bbox 2459 5611 2610 5666; x_wconf 88' lang='lat' dir='ltr'><strong>patet,</strong></span> <span class='ocrx_word' id='word_1_945' title='bbox 2635 5605 2714 5664; x_wconf 92' lang='lat' dir='ltr'><strong>qui</strong></span> <span class='ocrx_word' id='word_1_946' title='bbox 2738 5603 2880 5665; x_wconf 79' lang='lat' dir='ltr'><strong>plane</strong></span> <span class='ocrx_word' id='word_1_947' title='bbox 2903 5604 3028 5666; x_wconf 85' lang='lat' dir='ltr'><strong>idem</strong></span> <span class='ocrx_word' id='word_1_948' title='bbox 3053 5601 3128 5652; x_wconf 78' lang='lat' dir='ltr'><strong>est</strong></span> <span class='ocrx_word' id='word_1_949' title='bbox 3150 5617 3206 5652; x_wconf 90' lang='lat' dir='ltr'><strong>ac</strong></span> <span class='ocrx_word' id='word_1_950' title='bbox 3241 5604 3476 5651; x_wconf 86' lang='lat' dir='ltr'><strong>sermonis</strong></span> <span class='ocrx_word' id='word_1_951' title='bbox 3510 5601 3618 5660; x_wconf 54' lang='lat'><strong>2&#39;16,</strong></span> <span class='ocrx_word' id='word_1_952' title='bbox 3643 5602 3731 5666; x_wconf 43' lang='lat' dir='ltr'><strong>has</strong></span> 
     </span>
    </p>
   </div>
   <div class='ocr_carea' id='block_1_122' title="bbox 2167 5662 3730 5735">
    <p class='ocr_par' dir='ltr' id='par_1_122' title="bbox 2167 5662 3730 5735">
     <span class='ocr_line' id='line_1_122' title="bbox 2167 5662 3730 5735; baseline -0.003 -21"><span class='ocrx_word' id='word_1_953' title='bbox 2167 5669 2252 5735; x_wconf 74' lang='lat' dir='ltr'><strong>bitj</strong></span> <span class='ocrx_word' id='word_1_954' title='bbox 2284 5666 2424 5735; x_wconf 86' lang='lat' dir='ltr'><strong>paulo</strong></span> <span class='ocrx_word' id='word_1_955' title='bbox 2462 5662 2568 5735; x_wconf 75' lang='lat' dir='ltr'><strong>post</strong></span> <span class='ocrx_word' id='word_1_956' title='bbox 2605 5662 2896 5735; x_wconf 38' lang='lat' dir='ltr'><strong>susee&#39;pttnn.</strong></span> <span class='ocrx_word' id='word_1_957' title='bbox 2916 5666 2977 5712; x_wconf 89' lang='lat' dir='ltr'><strong>ab</strong></span> <span class='ocrx_word' id='word_1_958' title='bbox 3009 5665 3550 5735; x_wconf 37' lang='lat' dir='ltr'><strong>ipso..pre_sbyteratum.</strong></span> <span class='ocrx_word' id='word_1_959' title='bbox 3586 5662 3730 5722; x_wconf 75' lang='lat' dir='ltr'><strong>Rejici</strong></span> 
     </span>
    </p>
   </div>
   <div class='ocr_carea' id='block_1_123' title="bbox 2166 5725 3725 5790">
    <p class='ocr_par' dir='ltr' id='par_1_123' title="bbox 2166 5725 3725 5790">
     <span class='ocr_line' id='line_1_123' title="bbox 2166 5725 3725 5790; baseline -0.003 -14"><span class='ocrx_word' id='word_1_960' title='bbox 2166 5725 2423 5776; x_wconf 77' lang='lat' dir='ltr'><strong>voluerunt</strong></span> <span class='ocrx_word' id='word_1_961' title='bbox 2446 5725 2734 5790; x_wconf 29' lang='lat' dir='ltr'><strong>Yerlinus‘et</strong></span> <span class='ocrx_word' id='word_1_962' title='bbox 2750 5725 3051 5790; x_wconf 42' lang='lat' dir='ltr'><strong>’\’indingus,</strong></span> <span class='ocrx_word' id='word_1_963' title='bbox 3076 5725 3171 5776; x_wconf 81' lang='lat' dir='ltr'><strong>stili</strong></span> <span class='ocrx_word' id='word_1_964' title='bbox 3200 5725 3565 5786; x_wconf 67' lang='lat' dir='ltr'><strong>discrepantiam</strong></span> <span class='ocrx_word' id='word_1_965' title='bbox 3587 5735 3725 5784; x_wconf 89' lang='lat' dir='ltr'><strong>oppo-</strong></span> 
     </span>
    </p>
   </div>
   <div class='ocr_carea' id='block_1_124' title="bbox 2171 5786 2753 5845">
    <p class='ocr_par' dir='ltr' id='par_1_124' title="bbox 2171 5786 2753 5845">
     <span class='ocr_line' id='line_1_124' title="bbox 2171 5786 2753 5845; baseline -0.003 -10"><span class='ocrx_word' id='word_1_966' title='bbox 2171 5797 2365 5845; x_wconf 84' lang='lat' dir='ltr'><strong>nentes,</strong></span> <span class='ocrx_word' id='word_1_967' title='bbox 2391 5786 2475 5834; x_wconf 83' lang='lat' dir='ltr'><strong>sed</strong></span> <span class='ocrx_word' id='word_1_968' title='bbox 2499 5786 2753 5833; x_wconf 84' lang='lat' dir='ltr'><strong>immerito.</strong></span> 
     </span>
    </p>
   </div>
  </div>
