3996 6460
165 472 168 474 ~
251 443 380 494 i561

250 551 350 606 nisi
381 547 602 603 nocendi
631 545 812 601 amor?
845 543 979 614 Quid
1020 550 1100 597 est
1128 539 1279 594 dolus
1301 577 1316 603 ,
1351 535 1448 589 nisi
1478 529 1616 586 aliud
1645 541 1801 597 agere

246 651 301 696 et
327 639 466 695 aliud
491 635 775 694 simulare?
794 633 927 702 Quid
950 641 1030 687 est
1054 630 1301 691 adulatio,
1330 625 1426 679 nisi
1450 619 1625 676 fallaci
1650 617 1804 672 laude

247 731 519 788 seductio?
569 729 704 796 Quid
754 737 837 783 est
883 725 1071 780 invidia
1101 763 1115 787 ,
1169 721 1268 776 nisi
1311 718 1491 774 odium
1541 711 1804 770 felicitatis

246 821 473 878 alienat?
495 819 631 889 Quid
662 828 746 875 est
763 815 1036 880 detractio,
1062 812 1159 867 nisi
1184 809 1496 869 mordacior,
1522 818 1677 874 quam
1705 815 1800 856 ve-

246 913 421 968 racior
446 909 817 981 reprehensio?
845 906 1036 961 Malitia
1077 903 1213 957 malo
1250 899 1539 954 delectatur
1585 892 1799 946 alieno:

246 1004 532 1062 invidentia
561 1011 616 1058 et
651 1003 792 1057 bono
830 999 1090 1054 cruciatur
1127 994 1297 1047 alieno
1337 1006 1350 1039 :
1380 987 1530 1042 dolus
1572 983 1805 1052 duplicat

244 1111 342 1153 cor
367 1113 380 1149 :
408 1092 640 1150 adulatio
666 1089 897 1160 duplicat
941 1087 1166 1155 linguam
1213 1099 1224 1132 :
1266 1077 1520 1134 detractio
1559 1074 1805 1128 vulnerat

246 1184 465 1241 famam.
507 1181 675 1250 Hujus
699 1188 872 1234 autem
898 1186 1086 1230 vestra:
1129 1169 1422 1226 innocentia
1471 1162 1760 1220 sanctitatis
1780 1200 1801 1230 ,

245 1277 494 1349 quoniam
521 1273 623 1328 ﬁlia
653 1279 734 1326 est
770 1267 1057 1327 charitatis,
1088 1280 1186 1317 non
1217 1260 1398 1331 gaudet
1434 1273 1585 1327 super
1621 1253 1806 1320 iniqui-

246 1343 367 1430 tate,
395 1362 673 1436 congaudet
695 1369 860 1412 autem
884 1354 1078 1410 veritati
1107 1352 1156 1424 (Ι
1180 1351 1296 1406 Cor.
1325 1364 1436 1410 xm,
1464 1347 1539 1415 6).
1569 1343 1803 1410 Simplex

249 1465 308 1510 ut
345 1430 587 1510 columba
613 1491 627 1517 ,
659 1457 712 1502 et
737 1446 812 1500 sic
835 1453 1004 1500 astuta
1034 1450 1089 1496 ut
1114 1453 1330 1510 serpens
1359 1434 1568 1509 (Matth.
1592 1449 1644 1498 x,
1675 1430 1762 1500 16)
1786 1469 1803 1495 ,

249 1560 352 1598 non
383 1541 558 1596 studio
591 1536 834 1602 nocendi,
863 1533 956 1590 sed
983 1539 1259 1587 nocentem
1286 1524 1523 1582 cavendi.
1621 1541 1624 1546 ·

318 1630 539 1688 CAPUT
559 1626 776 1684 l|.—Ad
797 1625 934 1681 hanc
953 1637 1047 1678 vos
1067 1620 1333 1676 exhortor.
1362 1615 1561 1668 Talium
1585 1620 1655 1664 est
1675 1608 1806 1662 enim

247 1736 455 1793 regnum
476 1718 710 1773 caelorum
749 1713 956 1786 (Matth.
984 1725 1097 1772 ιιι,
1133 1708 1244 1778 ll),
1268 1703 1542 1760 humilium
1583 1699 1803 1762 scilicet,

250 1811 352 1866 hoc
377 1815 478 1875 est,
519 1804 860 1876 spiritualiter
886 1799 1242 1871 parvulorum.
1277 1793 1390 1850 Non
1415 1787 1762 1847 contemnatis
1781 1822 1802 1856 ,

251 1916 356 1956 non
379 1896 728 1954 abhorreatis.
755 1892 1058 1972 Magnorum
1083 1896 1164 1943 est
1188 1887 1284 1940 ista
1307 1881 1584 1954 pusillitas.
1612 1876 1809 1972 Super-

251 1992 339 2046 bia
367 2004 491 2044 vero
520 1987 676 2043 fallax
711 1963 1035 2038 inﬁrmorum
1074 1988 1157 2034 est
1190 1971 1527 2045 magnitudo;
1565 1981 1684 2039 quas
1718 1963 1809 2020 ubi

251 2089 482 2137 mentem
523 2074 850 2150 possederit,
881 2067 1130 2140 erigendo
1168 2065 1374 2135 dejicit,
1417 2057 1646 2117 inﬂando
1681 2069 1808 2111 eva-

251 2179 374 2228 cuat
394 2210 414 2239 ,
456 2163 806 2225 distendendo
849 2161 1084 2230 dissipat.
1112 2155 1336 2212 Humilis
1364 2168 1482 2209 esse
1505 2165 1611 2206 non
1625 2153 1812 2239 potest

255 2235 452 2314 nocens
474 2299 490 2325 ,
517 2255 775 2326 superbus
809 2265 926 2308 esse
964 2265 1068 2304 non
1106 2255 1282 2317 potest
1307 2244 1580 2298 innocens.
1623 2235 1810 2294 Humi-

254 2350 453 2404 litatem
485 2325 624 2401 illam
656 2344 870 2412 loquor,
911 2353 1028 2409 quae
1071 2352 1175 2390 non
1216 2333 1330 2388 vult
1373 2328 1618 2401 perituris
1653 2325 1814 2382 rebus

245 2428 511 2494 excellere
531 2477 545 2502 ,
575 2434 666 2490 sed
693 2442 946 2487 aeternum
972 2427 1165 2497 aliquid
1190 2425 1446 2479 veraciter
1469 2421 1682 2490 cogitat,
1709 2431 1814 2488 quo

254 2544 361 2584 non
394 2527 504 2582 suis
531 2525 750 2590 viribus,
791 2520 882 2577 sed
909 2519 1081 2588 adjuta
1110 2516 1377 2587 perveniat
1405 2515 1442 2566 ³.
1470 2513 1594 2567 Haec
1622 2509 1815 2564 malum

255 2620 564 2688 cujusquam
589 2614 726 2670 velle
754 2627 857 2667 non
879 2618 1080 2681 potest,
1119 2623 1223 2679 quo
1249 2617 1576 2676 nequaquam
1619 2600 1816 2656 bonum

259 2712 374 2782 ejus
399 2717 636 2779 augetur.
681 2705 849 2760 Porro
889 2710 1063 2756 autem
1104 2697 1348 2768 superbia
1392 2695 1645 2749 continuo
1680 2690 1819 2760 parit

258 2802 528 2859 invidiam.
559 2798 687 2867 Quis
715 2809 840 2851 vero
881 2794 949 2848 sit
989 2790 1218 2857 invidus,
1247 2789 1333 2860 qui
1382 2801 1486 2841 non
1531 2784 1580 2840 ei
1621 2783 1816 2837 malum

257 2894 403 2958 velit,
433 2890 582 2961 cujus
604 2889 743 2944 bono
767 2881 1067 2942 cruciatur?
1088 2882 1225 2951 Ergo
1245 2889 1298 2935 et
1324 2877 1514 2932 invidia
1536 2875 1671 2945 parit
1689 2888 1816 2927 con-

259 2991 542 3054 sequenter
568 2978 819 3035 malitiam
851 2993 865 3029 :
892 2973 1030 3028 unde
1060 2971 1297 3041 procedit
1324 2977 1379 3023 et
1405 2967 1560 3022 dolus
1597 2974 1650 3020 et
1687 2963 1820 3017 adu-

260 3052 386 3129 latio
421 3080 473 3128 et
501 3068 755 3125 detractio
778 3107 792 3134 ,
834 3073 888 3120 et
931 3078 1088 3118 omne
1131 3075 1264 3130 opus
1311 3059 1525 3121 malum,
1552 3054 1691 3125 quod
1717 3052 1820 3121 pati

261 3162 398 3217 nolis
422 3159 489 3214 ab
517 3159 639 3213 alio.
672 3157 763 3211 Pia
790 3155 965 3223 itaque
1007 3151 1302 3206 humilitate
1345 3153 1574 3209 servata,
1614 3157 1731 3212 quae
1768 3141 1820 3194 in

263 3250 549 3321 Scripturis
597 3247 791 3302 sanctis
827 3251 1006 3297 sancta
1052 3239 1303 3310 probatur
1352 3235 1605 3299 infantia,
1649 3230 1821 3286 securi

261 3320 411 3396 eritis
437 3339 504 3393 de
531 3333 922 3392 immortalitate
961 3331 1234 3387 beatorum
1264 3330 1284 3359 ’
1323 3345 1337 3381 :
1369 3325 1570 3378 Talium
1597 3331 1669 3376 est
1694 3320 1825 3374 enim

263 3445 471 3502 regnum
494 3429 754 3482 caelorum.

337 3521 392 3575 2.
425 3520 563 3590 Erga
599 3517 759 3572 Deum
797 3513 953 3569 multo
993 3513 1211 3568 maxime
1253 3508 1495 3566 servanda
1519 3504 1820 3560 innocentia.

266 3613 334 3666 In
387 3610 633 3665 lsraelitis
674 3608 795 3661 data
846 3604 1109 3674 baptizatis
1153 3602 1317 3671 ﬁgura
1365 3599 1476 3651 vita:
1519 3595 1820 3650 christianos.

266 3703 432 3758 Porro
450 3700 538 3771 qui
559 3699 820 3769 superbus
834 3697 885 3751 in
904 3693 1147 3749 homines
1173 3706 1276 3746 non
1293 3699 1392 3754 est,
1413 3687 1578 3742 multo
1598 3683 1826 3740 maxime

265 3793 517 3848 adversus
540 3791 704 3846 Deum
733 3798 1015 3845 contumax
1042 3799 1159 3840 esse
1187 3797 1289 3837 non
1317 3781 1473 3835 debet
1517 3795 1532 3832 :
1578 3775 1826 3846 quoniam

266 3884 312 3939 si
341 3898 444 3938 non
471 3890 551 3936 est
573 3879 726 3934 alicui
757 3875 1052 3933 faciendum
1079 3872 1217 3943 quod
1241 3872 1463 3940 quisque
1494 3868 1561 3921 ab
1589 3867 1694 3919 alio
1719 3863 1826 3934 pati

267 3987 373 4027 non
402 3970 530 4034 vult,
563 3977 615 4023 et
641 3967 815 4022 nullus
847 3964 1119 4018 hominum
1148 3961 1261 4014 vult
1302 3955 1688 4012 inobedientem
1721 3953 1827 4021 pati

267 4076 390 4116 eum
429 4059 517 4129 qui
561 4072 656 4111 suo
683 4055 787 4125 juri
813 4053 1052 4109 subditus
1091 4049 1245 4104 fuerit
1272 4063 1288 4112 ;
1318 4055 1516 4116 quanto
1543 4044 1708 4113 magis
1735 4057 1826 4096 ca-

268 4149 496 4205 vendum
522 4155 622 4211 est,
648 4161 716 4200 ne
742 4145 792 4197 in
817 4143 983 4198 Deum
1008 4140 1282 4210 quisquam
1307 4137 1421 4191 talis
1444 4135 1634 4190 existat
1652 4175 1665 4198 ,
1695 4146 1826 4202 qna-

268 4245 372 4300 lem
401 4243 452 4296 in
482 4255 541 4296 se
564 4239 792 4294 existere
818 4235 1082 4290 hominem
1108 4248 1210 4288 non
1235 4231 1380 4286 vult?

341 4331 564 4389 CAPUT
598 4331 686 4386 lll.
729 4357 802 4371 --
831 4327 1038 4382 Fallunt
1077 4322 1297 4395 proinde
1342 4324 1543 4378 animas
1583 4334 1704 4375 suas
1741 4319 1830 4388 qui

274 4424 517 4481 sufficere
543 4421 878 4484 existimant,
907 4418 951 4472 si
980 4414 1119 4486 quod
1154 4413 1252 4468 sibi
1297 4413 1409 4468 ﬁcri
1453 4410 1656 4474 nolunt,
1702 4408 1832 4462 nulli

277 4515 548 4569 hominum
577 4510 784 4576 faciant,
811 4522 1035 4577 seseque
1067 4506 1170 4558 vita
1200 4503 1467 4558 luxuriosa
1495 4502 1564 4555 ita
1591 4513 1840 4572 corrum-i

278 4612 428 4674 punt,
467 4610 524 4656 ut
558 4601 667 4654 Deo
705 4598 875 4652 facere
902 4602 1161 4652 conentur
1193 4592 1334 4664 quod
1372 4591 1470 4647 sibi
1513 4590 1580 4644 ab
1621 4588 1836 4644 homine

281 4693 391 4748 licri
419 4691 620 4746 nolunt.
650 4687 829 4757 Neque
857 4687 996 4741 enim
1025 4683 1206 4738 volunt
1247 4697 1276 4736 a
1313 4681 1575 4752 quoquam
1606 4677 1836 4749 perverti

280 4785 495 4837 domum
520 4793 691 4843 suam,
715 4775 803 4845 qui
833 4776 885 4829 in
921 4790 978 4829 se
1007 4774 1133 4842 ipsis
1171 4773 1383 4827 domum
1424 4770 1515 4826 Dei
1551 4767 1838 4823 miserabili

280 4873 517 4930 caecitate
557 4875 897 4940 pervertunt,
927 4863 1073 4918 surdi
1117 4863 1367 4918 adversus
1404 4859 1711 4932 Apostolum
1731 4857 1840 4912 cla-

281 4972 534 5027 mantem,
565 4959 782 5014 Nescitis
810 4956 928 5022 quia
960 4953 1197 5023 templum
1226 4951 1317 5004 Dei
1353 4951 1469 5005 estis
1488 4992 1503 5016 ,
1534 4959 1580 5002 et
1616 4948 1841 5017 Spiritus

283 5055 380 5110 Dei
425 5053 613 5106 habitat
648 5051 700 5102 in
736 5045 911 5101 vobis?
937 5043 998 5099 Si
1022 5043 1131 5113 quis
1155 5050 1318 5094 autem
1345 5040 1582 5108 templum
1611 5037 1706 5090 Dei
1732 5053 1844 5090 cor-

283 5145 507 5214 rumpit,
552 5147 833 5207 corrumpet
873 5135 1015 5189 illum
1067 5131 1222 5185 Deus.
1278 5129 1539 5199 Templum
1581 5129 1712 5181 enim
1749 5125 1844 5180 Dei

285 5243 514 5291 sanctum
536 5237 628 5295 est,
653 5228 784 5299 quod
808 5226 924 5280 estis
947 5239 1033 5277 vos
1060 5221 1115 5293 (l
1140 5221 1256 5276 Cor.
1281 5235 1358 5284 ιιι,
1387 5219 1454 5274 16
1471 5229 1519 5272 et
1539 5219 1649 5288 l7).
1678 5215 1845 5272 Nemo

287 5343 348 5382 se
387 5324 551 5381 fallat.
581 5319 716 5388 Quid
745 5333 870 5388 ergo
895 5331 953 5371 se
977 5323 1163 5385 putant
1185 5325 1397 5367 servare
1421 5310 1560 5364 circa
1585 5308 1719 5362 alios
1751 5305 1846 5361 ho-

290 5417 463 5473 mines
499 5410 849 5468 innocentiam
890 5421 1070 5469 suam,
1099 5417 1218 5459 cum
1263 5400 1362 5456 sibi
1405 5400 1474 5454 ita
1501 5406 1761 5459 noceant.
1790 5406 1848 5450 ut

292 5518 402 5598 Deo
439 5515 656 5567 careant
686 5506 996 5568 habitatore,
1045 5510 1098 5558 et
1143 5500 1422 5571 puniantur
1465 5498 1673 5554 ultore?
1717 5495 1850 5578 Hinc

357 5663 540 5733 'Edlti',
562 5659 662 5733 sed
693 5655 860 5709 alienis
891 5656 956 5708 ad
979 5656 1120 5706 vitam
1151 5655 1403 5720 perveniat.
1439 5653 1754 5703 Emendantur
1793 5651 1849 5702 ad

291 5729 648 5784 manuscriptos.

356 5791 375 5818 ί
400 5782 540 5844 κει,
557 5782 795 5832 bonorum.

1661 395 1886 464 sanato
1923 398 2176 465 CCCLItt.

3330 408 3459 474 15ὓῖ

1906 523 2064 578 etiam
2099 525 2154 579 lit
2197 537 2251 582 ut
2294 543 2390 600 per
2426 529 2608 585 noxias
2649 533 2943 602 voluptates
2979 531 3110 605 lapsi
3163 541 3218 588 et
3261 531 3413 588 effusi
3439 573 3460 599 .

1906 633 2009 673 non
2050 621 2219 674 solum
2259 622 2447 692 templa
2495 622 2584 676 Dei
2630 637 2749 680 esse
2789 624 3049 692 desinant,
3083 641 3260 679 verum
3298 625 3458 681 etiam

1905 711 2071 764 ruina:
2127 711 2293 774 liant,
2351 713 2403 766 in
2446 713 2635 782 quibus
2676 712 2911 768 habitant
2955 715 3090 769 mala
3147 714 3450 782 daemonia,

1905 800 2094 870 quibus
2133 801 2428 870 supplicare
2450 843 2466 870 ,
2493 811 2548 857 et
2569 818 2686 872 quae
2709 803 2884 858 colere
2908 803 3163 873 incipiunt
3190 823 3203 858 :
3228 805 3453 873 fiuntque

1904 892 2027 956 illis,
2047 900 2106 946 ιιι
2131 891 2324 947 dictum
2343 902 2444 959 est,
2471 895 2744 963 posteriora
2762 895 3005 949 deteriora
3029 895 3276 964 prioribus
3303 897 3452 967 (Luc.

1903 997 1977 1045 XI,
1999 980 2114 1052 26).
2138 981 2288 1037 Unde
2308 998 2400 1038 vos
2421 984 2623 1038 semine
2645 985 2923 1039 immortali
2945 997 3303 1056 regeneratos,
3323 988 3458 1041 sicut

1903 1073 2146 1141 superius
2179 1083 2394 1142 propter
2431 1072 2717 1129 malitiosa:
2739 1077 2960 1131 nocendi
2984 1077 3314 1145 cupiditates,
3342 1080 3458 1147 qui-

1903 1160 2002 1216 bus
2043 1162 2103 1216 llt
2143 1163 2439 1218 hominibus
2480 1165 2619 1235 quod
2649 1164 2890 1229 oderunt,
2933 1166 3004 1221 ita
3033 1177 3212 1235 postea
3241 1179 3456 1236 propter

1905 1266 2084 1326 turpes
2109 1269 2162 1314 et
2186 1259 2394 1314 illicitas
2420 1260 2595 1314 carnis
2621 1259 2995 1316 delectationes
3031 1269 3085 1316 et
3120 1260 3317 1316 nefaria
3368 1275 3456 1315 sa-

1904 1349 2151 1418 crilegia,
2193 1349 2381 1420 quibus
2424 1349 2666 1406 homines
2701 1366 2892 1406 nocere
2916 1351 3217 1406 hominibus
3242 1367 3344 1404 non
3374 1352 3448 1404 vi.

1905 1441 2126 1505 dentur,
2158 1454 2262 1494 non
2302 1439 2382 1494 eis
2418 1439 2660 1495 faciendo
2685 1441 2823 1510 quod
2854 1441 3063 1503 nolunt,
3095 1441 3188 1495 sed
3222 1441 3327 1494 Deo
3355 1455 3457 1495 non
3561 1469 3568 1476 -

1905 1530 2197 1586 obediendo
2226 1533 2310 1588 cui
2348 1541 2533 1588 cuncta
2565 1541 2689 1589 sunt
2724 1535 2960 1600 subdita,
3005 1536 3100 1605 ipsi
3128 1536 3459 1591 dominorum

1903 1619 2130 1676 Domino
2150 1619 2346 1676 faciunt
2367 1622 2508 1692 quod
2534 1622 2634 1677 sibi
2662 1637 2692 1677 a
2721 1625 2944 1679 servulis
2979 1625 3090 1680 suis
3113 1624 3224 1680 fieri
3253 1626 3459 1686 nolunt,

1907 1707 2044 1764 idem
2075 1710 2186 1778 ipse
2209 1710 2480 1781 apostolus
2509 1711 2695 1767 Petrus
2727 1712 3038 1782 alloquitur,
3063 1712 3246 1768 dicens
3272 1731 3286 1766 :
3316 1713 3464 1768 Clari—

1905 1807 1982 1852 sto
2026 1814 2142 1904 ergo
2159 1815 2330 1903 .passo
2371 1816 2462 1871 per
2496 1815 2724 1868 carnem,
2772 1811 2820 1856 et
2859 1818 2944 1858 nos
2970 1803 3143 1858 eadem
3167 1805 3466 1876 cogitatione

1906 1890 2190 1942 armamini.
3064 1888 3076 1898 ’

1977 1977 2202 2035 CAPUT
2238 1979 2327 2034 IV.
2351 2009 2424 2022 —
2457 1980 2588 2045 Quia
2609 1983 2696 2051 qui
2719 1991 2942 2037 mortuus
2977 1993 3050 2038 est
3087 1999 3238 2038 carne
3262 2023 3278 2049 ,
3315 1981 3461 2036 desiit

1911 2085 2136 2140 peccare,
2163 2078 2216 2122 ut
2233 2071 2348 2140 jam
2372 2085 2473 2125 non
2507 2070 2765 2124 hominum
2789 2072 3064 2138 desideriis,
3098 2071 3186 2126 sed
3209 2071 3464 2125 uoluntate

1911 2160 2008 2215 Dei
2030 2162 2274 2230 reliquum
2303 2163 2356 2215 in
2391 2177 2542 2215 carne
2569 2165 2719 2216 uiuat.
2753 2160 2946 2232 Sumsit
2991 2162 3123 2216 enim
3159 2161 3462 2231 prater-ilum

1915 2261 2107 2320 tempus
2143 2250 2417 2304 voluntates
2441 2253 2663 2321 gentium
2698 2267 3064 2306 consummasse
3082 2252 3135 2306 in
3156 2251 3460 2314 libidinibus.

1914 2348 1963 2395 et
1991 2339 2340 2408 voluptatibus,
2367 2348 2414 2394 et
2430 2342 2881 2408 commotionibus,
2898 2345 3148 2412 potatione
3165 2353 3211 2397 et
3237 2342 3466 2413 nefandis

1914 2429 2164 2484 idolorum
2198 2431 2513 2485 servitutibus
2548 2433 2568 2501 (
2585 2431 2603 2484 ι
2629 2431 2769 2486 Petr.
2809 2447 2880 2499 tv,
2930 2432 3070 2503 1-5).
3100 2434 3302 2490 Sufﬁcit
3327 2437 3467 2490 enim

1917 2520 2238 2589 praeteritum
2269 2529 2473 2590 tempus
2501 2521 2654 2576 luteis
2681 2522 2925 2589 operibus
2953 2532 3286 2592 peccatorum
3304 2565 3319 2589 ,
3347 2533 3466 2579 tan-

1918 2624 2071 2680 quam
2103 2609 2468 2680 Egyptiorutn
2502 2610 2842 2666 dominationi
2880 2614 3124 2668 servisse.
3169 2613 3284 2670 Jam
3326 2630 3472 2669 mare

1918 2700 2178 2766 Rubrum,
2207 2700 2471 2770 Baptisma
2517 2701 2718 2756 scilicet
2757 2701 2952 2757 Christi
2989 2705 3243 2774 sanguine
3287 2720 3474 2760 conse-

1920 2800 2142 2854 cratum,
2176 2805 2358 2845 verum
2397 2791 2586 2861 dejecit
2612 2791 2961 2859 Pharaonem,
2989 2792 3265 2864 Egyptios
3311 2794 3478 2850 inter-

1922 2883 2052 2936 emit
2073 2883 2122 2934 ‘2
2151 2881 2276 2937 nihil
2316 2882 2384 2938 de
2412 2883 2641 2953 peccatis
2664 2883 2940 2953 praeteritis
2971 2891 3218 2954 tanquam
3243 2883 3311 2939 de
3337 2884 3480 2939 inse-

1922 2972 2202 3041 quentibus
2225 2987 2255 3026 a
2285 2981 2432 3041 tergo
2457 2972 2696 3028 hostibus
2724 2971 3032 3028 formidetis.
3061 2973 3135 3027 De
3161 2981 3354 3028 caatero
3379 2987 3477 3028 co-

1923 3061 2086 3130 gitate
2125 3062 2244 3116 vita:
2287 3061 2443 3130 hujus
2472 3077 2707 3117 eremum
2746 3075 3037 3132 permeare.
3084 3070 3138 3117 et
3177 3062 3243 3116 ad
3284 3069 3478 3116 terram

1924 3152 2309 3222 promissionis,
2341 3167 2621 3221 supernam
2638 3152 3161 3219 Jerusalem,terram
3187 3152 3480 3207 viventium

1924 3244 2200 3312 pervenire
2227 3262 2240 3296 :
2268 3259 2336 3299 ne
2374 3244 2518 3299 verbi
2549 3245 2640 3299 Dei
2669 3252 2970 3315 contemptu
3002 3253 3246 3315 tanquam
3277 3258 3484 3299 manna:

1927 3335 2154 3397 fastidio,
2196 3335 2354 3389 corda
2384 3343 2558 3390 vestra
2594 3335 2734 3390 velut
2768 3351 2861 3391 ora
2899 3336 3148 3391 interiora
3184 3334 3483 3404 desipiant;

1925 3446 1994 3486 ne
2035 3432 2181 3486 cibos
2223 3433 2654 3500 concupiscentes
2691 3431 2970 3502 Egyptios
2992 3431 3060 3485 de
3081 3427 3346 3484 alimentis
3371 3441 3484 3483 cm-

1927 3522 2144 3578 lestibus
2191 3522 2530 3577 murmuretis
2560 3540 2572 3575 :
2600 3535 2669 3576 ne
2706 3520 3068 3586 fornicemini,
3115 3519 3251 3574 sicut
3272 3517 3482 3587 quidam

1929 3615 2136 3669 illorum
2176 3613 2414 3667 fornicati
2444 3620 2600 3676 sunt;
2625 3619 2680 3667 et
2702 3626 2769 3666 ne
2790 3610 3004 3666 tentetis
3039 3607 3327 3672 Christum,
3351 3607 3486 3660 sicut

1929 3705 2139 3775 quidam
2169 3704 2376 3757 illorum
2399 3708 2751 3756 tentaverunt.
2776 3700 2830 3754 Si
2851 3699 2998 3753 vobis
3023 3698 3178 3754 ﬁdem
3195 3697 3483 3752 Gentilium

1931 3796 2226 3852 sitientibus
2250 3793 2544 3848 amaritudo
2562 3791 2734 3861 aliqua
2757 3790 3134 3855 resistentium,
3153 3789 3294 3843 velut
3316 3802 3483 3857 aqua-

1933 3905 2046 3944 rum
2097 3888 2301 3942 illarum
2345 3899 2475 3954 quas
2521 3883 2681 3939 Israel
2709 3897 2813 3937 non
2845 3881 3014 3953 potuit
3047 3881 3260 3946 bibere,
3300 3894 3487 3936 occur-

1932 3983 2086 4046 rerit;
2121 3979 2322 4034 imitata
2369 3976 2573 4032 Domini
2612 3975 2877 4045 patientia,
2918 3974 3062 4029 velut
3097 3972 3291 4042 injecto
3313 3969 3488 4026 crucis

1931 4072 2072 4141 ligno
2119 4069 2440 4125 dulcescant.
2487 4066 2544 4122 Si
2589 4066 2806 4122 tcntatio
2849 4065 3147 4134 serpentina
3191 4061 3488 4118 momorde-

1934 4164 2028 4226 rit;
2069 4167 2352 4229 conspccta
2405 4157 2545 4212 illius
2591 4156 2906 4212 exaltatione
2928 4153 3205 4223 serpentis,
3238 4161 3495 4221 tanquam

1933 4252 2118 4310 mortis
2162 4251 2218 4304 in
2261 4262 2418 4302 carne
2459 4245 2666 4301 Domini
2711 4246 2860 4298 victae
2904 4254 3060 4313 atque
3109 4240 3480 4308 triumphatae.

1932 4342 2121 4400 eodem
2163 4339 2335 4395 crucis
2369 4336 2752 4392 medicamento
2788 4341 3021 4388 sanetur.
3059 4330 3116 4385 Si
3155 4327 3498 4382 adversarius

1934 4432 2262 4492 Amalechita
2282 4431 2384 4485 iter
2407 4425 2757 4483 intercludere
2793 4433 2950 4494 atque
2991 4420 3244 4491 impedire
3275 4415 3498 4473 conabi-~

1937 4535 2025 4580 tur
2045 4566 2061 4589 ,
2097 4519 2620 4594 perseverantissima
2646 4515 2954 4572 extensione
2981 4511 3316 4568 brachiorum
3341 4508 3492 4578 ejus-

1937 4615 2055 4670 dem
2082 4612 2256 4668 crucis
2280 4609 2474 4664 indicio
2501 4616 2795 4678 superetur.
2827 4604 2949 4659 Veri
2983 4611 3036 4659 et
3059 4599 3294 4671 germani
3323 4606 3509 4653 estote

1939 4702 2210 4760 christiani
2241 4717 2255 4753 :
2284 4698 2448 4754 nolite
2489 4695 2681 4750 imitari
2717 4693 2930 4749 nomine
2971 4690 3302 4752 christianos,
3330 4701 3512 4756 opere-

1939 4805 2134 4848 vacuos
2158 4792 2199 4844 ’.
2230 4789 2421 4844 lterum
2443 4787 2582 4850 dico,
2613 4793 2666 4840 et
2690 4798 2831 4854 saape
2863 4779 3142 4836 dicendum
3163 4784 3245 4831 est
3266 4794 3280 4830 :
3305 4774 3507 4846 Sit/ﬁcit

1943 4881 2246 4953 prateritum
2288 4887 2480 4948 tempus
2517 4877 2792 4930 voluntates
2844 4871 3062 4944 gentium
3106 4880 3498 4923 consummasse.

1947 4971 2286 5030 Detestamini
2329 4979 2382 5025 et
2410 4967 2724 5024 aversamini
2748 4978 2906 5021 canes
2933 4975 3218 5016 conversos
3241 4957 3310 5014 ad
3328 4956 3512 5013 vomi~

1946 5082 2054 5126 tum
2096 5084 2247 5125 suum
2281 5085 2294 5121 :
2326 5063 2657 5122 detestamini
2685 5069 2738 5116 et
2764 5054 3078 5114 aversamini
3105 5053 3407 5109 mundatam
3447 5059 3504 5105 et

1947 5170 2217 5216 vacantem
2239 5159 2472 5222 domum,
2496 5169 2602 5226 quo
2648 5151 2928 5221 nequiores
2955 5147 3041 5202 alii
3063 5146 3277 5216 spiritus
3302 5151 3504 5213 septem

1947 5251 2296 5314 adducuntur,
2319 5255 2378 5302 ut
2405 5247 2510 5301 sint
2533 5243 2816 5299 novissima
2855 5239 3083 5294 hominis
3121 5235 3320 5306 pejora,
3347 5245 3507 5302 quam

1949 5350 2101 5398 erant
2137 5341 2322 5410 prima.
2355 5337 2462 5392 Vos
2496 5343 2729 5390 vestrum
2764 5329 3128 5386 mundatarem
3157 5330 3332 5380 tenete
3359 5319 3509 5374 habi-

1952 5442 2191 5487 latorem.
2236 5427 2590 5495 Precipientes
2633 5425 2774 5480 enim
2819 5435 3053 5492 rogamus
3101 5434 3164 5471 ne
3196 5407 3254 5468 in
3295 5427 3510 5466 vacuum

1951 5524 2164 5595 gratiam
2188 5521 2284 5575 Dei
2302 5519 2551 5588 recipiatis
2573 5514 2648 5586 (ll
2673 5514 2790 5570 Cor.
2811 5529 2883 5580 γι,
2907 5513 2984 5582 l).
3008 5508 3203 5580 Suﬂlcit
3222 5508 3352 5560 enim
3378 5518 3511 5576 prc-

2018 5658 2032 5685 ¹
2059 5654 2130 5702 sic
2169 5659 2274 5700 Mss.
2317 5657 2370 5699 At
2417 5647 2569 5705 editi,
2609 5647 2930 5694 cmsecratum
2985 5651 3062 5690 vos
3100 5633 3290 5698 trajecit
3313 5669 3344 5697 ,.
3378 5641 3513 5699 digg-

1953 5721 2373 5826 ranos.
2401 5778 2452 5819 At
2473 5777 2592 5823 Μαι..
2612 5777 2798 5818 υασιιοεν
