1984 3228
59 198 131 225 1555

58 254 130 281 {acie
147 253 321 288 superiorem
332 254 452 288 corporis
470 259 572 288 partem
586 256 797 286 occupaverunt;
814 251 861 279 scd

59 300 111 327 nisi
125 299 375 334 pedesportareut,
387 299 513 334 quidquid
528 299 639 326 sublime
653 304 693 325 est
706 299 731 325 in
746 304 813 326 terra
825 299 862 332 ja-

59 350 145 372 ωηι.
165 344 245 372 Unde
267 346 408 380 Apostolus
427 345 512 372 dicit:
528 344 560 371 Et
573 353 628 378 qmu
648 344 780 371 inhonesta
803 347 861 370 sunt

59 396 165 422 nostra,
181 391 265 426 magis
279 391 418 418 necessaria
429 395 496 417 sunt.
514 390 581 417 Deus
594 390 738 425 temperavit
751 397 842 424 corpus
851 409 859 421 ,

59 442 86 462 at
98 445 153 462 non
169 441 256 462 nam
273 437 390 462 scissum
406 435 431 461 in
450 443 555 469 corpore
575 434 596 469 (Ι
608 434 666 461 Cor.
686 442 722 461 xu
733 454 740 464 .
755 434 861 469 ‘25-‘25).

60 481 196 508 iuvimus
221 485 311 507 autem
336 479 454 506 membra
476 479 592 512 Christi,
616 487 674 514 qua:
697 478 861 513 conjugalem

61 530 144 560 agunt
154 525 255 556 v'tam,
270 525 292 551 si
306 525 422 552 membra
433 523 531 552 Christi
545 527 616 555 sunt,
633 524 659 550 id
673 528 723 555 est,
734 524 756 550 si
770 523 863 550 ﬁdeles

61 575 144 602 sunt,
168 571 193 596 si
219 569 336 597 futurum
361 570 484 596 saxulum
501 569 540 595 vel
564 574 690 603 sperant,
713 569 752 595 vel
768 577 860 603 exspe-

61 617 154 646 ctam,
171 611 198 639 si
214 616 312 638 norunt
323 619 404 646 quare
423 612 526 643 signum
542 611 637 637 Chriin
659 616 759 644 pm‘lettl
773 631 779 642 ,
796 611 861 636 sicut

62 658 192 684 novimus
200 657 272 691 quod
285 658 411 683 honorem
422 656 544 683 deferunt
558 657 641 686 vobis;
656 656 777 682 novimus
792 655 860 689 quod

62 702 197 729 meliores
206 709 267 728 esse
280 701 463 734 vosjndieant,
473 709 551 735 quam
567 701 614 735 ipsi
630 706 699 726 sunt.
717 701 766 726 Sed
780 708 863 734 quan<

62 753 118 774 tam
128 754 185 774 vos
194 747 232 774 illi
246 748 391 778 honorant,
408 751 507 773 tantum
522 752 548 773 et
562 754 610 772 vos
622 751 737 772 mutuam
755 746 862 771 honori-

62 793 201 820 ﬁcentiam
216 793 258 820 eis
277 798 404 827 pra-stare
419 792 530 818 debetis.
551 791 578 818 Si
595 793 665 817 enim
681 796 721 817 est
741 792 765 817 in
788 791 861 817 vobis

61 838 213 869 sanctitas,
229 838 320 864 timete
336 845 369 864 ne
383 837 497 871 perdatis
511 845 580 863 eaut.
598 837 690 864 Unde?
707 837 755 863 Per
770 844 861 870 supcr-

61 884 145 910 biam.
162 883 252 910 Aliter
266 884 334 918 perit
354 883 481 909 sanctitas
502 883 565 909 casti
578 904 584 913 ,
604 883 625 909 si
641 883 744 908 adulter
764 882 859 913 fuerit;

62 931 142 957 aliter
157 930 242 964 perit,
256 929 278 956 si
294 929 423 962 superbus
440 929 494 955 flat.
513 930 544 955 Et
554 929 638 955 audeo
652 929 755 960 dicere,
771 929 862 962 coriju—

61 976 150 1007 salem
166 979 280 1009 agentes
292 974 383 1006 vitam,
400 974 421 1000 si
439 979 527 1000 tenent
541 974 726 1002 humilitatem
742 973 861 1007 superbis

63 1021 145 1046 castis
159 1019 291 1046 meliores
302 1024 372 1045 sunt.
387 1018 542 1045 Considerct
555 1020 623 1045 cuitu
639 1019 759 1045 Charitas
774 1024 860 1044 vestra

63 1065 134 1099 quod
149 1064 213 1092 dico
225 1074 233 1091 :
245 1064 380 1091 diabolum
394 1065 529 1095 attendite,
543 1065 668 1100 numquid
684 1065 707 1091 ei
725 1065 748 1090 in
762 1065 861 1098 judicio

65 1112 111 1139 Dei
125 1110 309 1146 obiiciendum
332 1115 373 1138 cst
391 1111 548 1137 adulterium
563 1117 605 1136 aut
622 1111 778 1137 fornicatio?
792 1110 860 1137 Nihil

65 1157 160 1183 horum
183 1156 258 1188 facit,
273 1155 317 1191 qui
331 1163 382 1182 non
398 1155 475 1183 habet
491 1164 607 1183 carnem.
624 1156 683 1182 Sola
697 1164 755 1182 eum
770 1163 861 1189 snper-

66 1203 107 1229 bia
119 1206 148 1228 et
163 1201 264 1228 invidia
276 1201 356 1228 mittit
367 1200 393 1228 in
408 1201 494 1235 ignem
509 1206 647 1227 a‘ternntn.

98 1245 218 1274 CAPUT
234 1245 266 1273 Υ.
288 1261 322 1266 —
344 1246 370 1273 5.
396 1246 520 1281 Superbia
544 1246 645 1272 invidia:
667 1252 754 1271 mater.
780 1246 861 1280 Agim

66 1294 134 1328 virgo
143 1297 169 1319 τι
181 1291 301 1326 Crispina
316 1292 415 1323 mulier,
430 1291 510 1318 amba?
524 1297 655 1326 martyres.
672 1292 804 1319 Contincns
820 1301 861 1317 ro-

66 1337 198 1372 gitdquid
220 1337 270 1363 sibi
292 1336 371 1370 desit,
389 1346 438 1364 non
451 1338 510 1371 quid
526 1338 599 1364 adsil.
622 1338 705 1364 Servo
728 1346 790 1371 ergo
816 1338 860 1364 fici

67 1384 106 1410 cui
118 1382 290 1417 subrepserit
301 1382 425 1416 superbia
435 1404 441 1416 ,
461 1383 586 1409 continuo
600 1383 633 1409 ibi
653 1387 694 1409 est
714 1387 739 1409 et
754 1384 859 1409 invidia.

67 1430 121 1456 Non
140 1432 232 1464 potest
253 1428 384 1463 superbus
398 1435 455 1455 esse
472 1436 521 1455 non
546 1429 658 1454 invidus.
685 1429 781 1455 Invidia
808 1428 861 1455 lilia

68 1479 107 1501 est
119 1473 257 1508 superbire
273 1481 280 1499 τ
295 1472 341 1500 sed
357 1473 405 1499 ista
421 1477 505 1499 mater
516 1474 598 1500 nescit
612 1481 670 1499 esse
688 1473 803 1504 sterilis;
818 1473 861 1499 ubi

68 1518 160 1550 fuerit,
175 1518 304 1545 continuo
317 1518 393 1552 parit.
408 1517 441 1544 llt
454 1522 541 1544 autem
556 1526 607 1544 non
621 1519 654 1544 sit
670 1519 694 1545 in
709 1518 795 1549 vobis,
813 1518 863 1545 hoc

68 1564 201 1598 cogitate.
225 1563 419 1597 persecutionis
444 1567 563 1597 tempore
590 1571 641 1589 non
667 1564 747 1590 solam
771 1563 862 1597 Agnen

69 1608 149 1635 fuisse
163 1611 319 1634 Coronatam
341 1607 467 1642 virginem
479 1629 485 1639 ,
507 1608 551 1634 sed
568 1613 594 1635 et
607 1608 754 1642 Crispinam
771 1608 863 1635 mulie—

70 1660 124 1679 rem
140 1661 146 1678 :
163 1656 192 1678 et
211 1651 297 1684 forte,
314 1651 383 1686 quod
402 1660 454 1679 non
474 1652 626 1684 dubitatur,
648 1653 727 1686 aliqui
749 1657 810 1679 tunc
831 1653 863 1679 dc

70 1697 270 1724 continentibus
284 1697 437 1724 defecerunt
450 1720 456 1730 ,
471 1703 496 1725 et
509 1699 582 1725 multi
605 1699 636 1725 de
652 1699 798 1733 conjugatis
815 1708 863 1733 pu-

71 1748 230 1778 gnaverunt,
243 1748 322 1779 atque
333 1744 543 1771 vicerunt.Undc
555 1752 604 1771 non
620 1746 715 1771 frustra
727 1746 788 1771 dicit
799 1746 865 1778 Apo-

70 1790 155 1816 stolus
166 1789 290 1816 omnibus
303 1790 429 1816 membris
442 1789 538 1817 Christi
554 1799 560 1816 ς
577 1790 646 1816 ΑῘΙΒΙ·
660 1791 766 1816 alterum
780 1791 864 1816 aristi-

71 1840 169 1861 mmltes
186 1835 340 1869 superiorem
361 1835 417 1866 sibi,
434 1840 457 1862 et
471 1835 565 1861 [tortore
585 1841 670 1861 mutuo
690 1836 864 1869 prrrt'rnirntrs

73 1879 205 1914 (Philipp.
218 1886 249 1912 ιι,
264 1879 292 1907 3.
303 1884 327 1905 ct
343 1879 417 1906 Rom.
441 1888 487 1912 xu,
503 1880 553 1914 l0).
572 1880 632 1906 llmc
645 1880 742 1907 ctenim
755 1881 775 1906 si
792 1881 863 1913 ρυεῖ-

73 1924 144 1956 telis,
162 1931 217 1950 non
229 1924 306 1951 eritis
319 1924 388 1958 apud
403 1932 448 1950 vos
460 1925 557 1958 magni.
573 1925 651 1958 Magis
668 1925 736 1950 cuitu
749 1925 864 1958 cogitare

74 1969 178 1996 debetis
191 1968 254 2003 quid
266 1968 341 1995 vobis
352 1969 429 2001 desit,
445 1977 522 2003 quam
538 1970 599 2003 quid
612 1970 685 1995 vobis
696 1970 774 1995 adsit.
790 1969 864 2002 Quod

76 2014 169 2046 babes,
179 2020 244 2041 cave
257 2021 292 2040 ne
305 2014 400 2048 perdas
414 2023 420 2041 :
434 2014 503 2048 quod
514 2014 629 2040 nondum
646 2015 735 2046 habes,
748 2014 864 2048 supplica

76 2064 101 2085 ut
118 2059 227 2086 habeas.
242 2058 270 2086 In
285 2060 388 2094 quantis
402 2060 437 2086 sis
450 2060 546 2093 minor,
564 2060 609 2087 tibi
622 2059 789 2093 cogitandum
805 2065 843 2086 cst
856 2069 862 2091 ;

76 2112 127 2129 non
152 2103 179 2130 in
193 2103 300 2138 quantis
320 2104 357 2131 sis
379 2104 473 2138 major.
492 2105 520 2131 Si
534 2105 602 2131 enim
626 2105 724 2139 cogitas
740 2108 864 2138 quantum

77 2149 237 2182 prmecssisti
258 2149 370 2177 alterum
384 2171 391 2183 ,
407 2150 470 2177 time
493 2155 632 2177 tumorem.
649 2150 675 2176 Si
692 2158 753 2176 vero
766 2150 865 2183 cogitas

77 2198 203 2228 quantum
217 2193 264 2220 tibi
279 2194 366 2221 adhuc
380 2194 472 2227 deest,
488 2195 654 2229 ingemiscis;
669 2199 694 2221 ct
716 2203 774 2222 cum
791 2195 863 2229 inge-

78 2240 167 2266 miscis
179 2259 186 2271 ,
200 2239 318 2273 curaris,
333 2240 440 2267 humilis
454 2242 507 2268 eris
517 2262 524 2273 ,
541 2242 620 2269 tutior
634 2241 779 2269 ambulabis
790 2262 796 2273 ,
813 2249 865 2267 non

76 2284 294 2318 pmeipitabcris,
308 2292 360 2311 non
372 2285 514 2314 inﬂabcris.

111 2329 227 2357 CAPUT
242 2329 324 2356 VL—
331 2330 356 2357 6.
366 2331 481 2358 Charitas
490 2333 617 2363 sectanda,
625 2338 652 2359 ut
661 2334 748 2359 t'iletttr
757 2334 864 2367 inﬂatio.

78 2375 204 2405 Superbia
222 2375 282 2410 quid
297 2380 350 2410 nl,
366 2382 388 2402 et
404 2385 449 2403 cur
463 2378 529 2412 parit
546 2379 678 2405 invidiam.
694 2380 730 2405 Λιι
747 2380 867 2413 fugienda

76 2421 197 2453 scientia,
214 2421 338 2455 Min/let.
358 2422 391 2448 Et
410 2423 507 2449 utinam
532 2424 631 2458 possint
648 2432 739 2451 omnes
762 2425 795 2451 de
815 2433 865 2450 una

77 2467 205 2493 chantate
220 2467 347 2502 cogitare.
362 2467 423 2495 Sola
438 2474 478 2495 cst
490 2470 559 2496 enim
570 2478 628 2504 qua:
638 2474 665 2498 et
678 2471 756 2497 vincit
766 2472 865 2503 onuiia,

77 2516 103 2538 et
116 2512 175 2538 sine
189 2519 242 2546 qua
261 2513 328 2540 nihil
347 2513 438 2541 valent
458 2516 560 2545 omnia,
584 2519 611 2541 et
629 2524 687 2550 qua!
708 2517 866 2551 ubicumque

79 2557 156 2584 fuerit
170 2557 253 2584 trahit
263 2558 296 2584 ad
309 2566 341 2586 se
353 2559 452 2586 omnia.
465 2560 522 2594 Ipsa
535 2567 575 2586 est
588 2568 646 2594 quae
658 2570 706 2588 non
718 2562 862 2588 mntulutur.

78 2603 181 2636 uinaria
191 2610 300 2630 causam
311 2604 323 2630 τ
333 2605 447 2632 Attende
457 2605 527 2639 quod
539 2606 658 2640 sequitur
672 2615 678 2632 :
693 2606 750 2633 Non
764 2608 867 2641 inﬂatur

81 2648 107 2682 (l
121 2647 182 2674 Cor.
197 2655 254 2681 xtu,
268 2649 308 2684 4).
326 2648 402 2676 Prior
413 2655 454 2676 est
464 2650 489 2676 iu
504 2650 574 2677 vitiis
584 2651 705 2686 Superbia
716 2672 722 2681 ,
737 2657 763 2678 ut
776 2652 867 2680 dicere

78 2701 212 2728 eruperant
223 2714 232 2726 ,
254 2694 350 2722 deinde
368 2695 474 2722 invidia.
495 2696 552 2723 Non
568 2698 637 2724 enim
653 2698 748 2725 invidia
764 2700 866 2733 peperit

79 2738 242 2773 superbiam,
257 2739 304 2766 sed
315 2742 438 2774 superbia
458 2743 559 2776 peperit
573 2743 707 2770 invidiam.
724 2744 781 2770 Non
795 2745 864 2771 enim

79 2784 189 2814 invidet,
203 2784 254 2811 nisi
265 2792 341 2811 amor
353 2785 526 2813 excellentiae.
539 2788 620 2814 Antor
631 2789 803 2821 excellentim,
819 2799 866 2816 su-

80 2828 169 2863 perbia
181 2833 300 2856 vocatur.
313 2830 378 2857 Cum
389 2837 453 2866 ergo
463 2830 488 2858 in
500 2832 592 2859 ordine
605 2833 677 2867 prior
687 2834 721 2860 sit
731 2835 862 2868 superbia,

80 2878 207 2909 aequatur
222 2879 308 2902 autem
321 2875 437 2909 invidia;
450 2878 590 2913 Apostolus
602 2878 626 2904 in
640 2878 759 2906 laudibus
777 2880 863 2906 chari-

755 194 865 221 δείδω
883 193 1016 222 CtICLlV.

1634 199 1702 228 1566

914 252 975 280 tatis
986 252 1070 279 noluit
1083 252 1170 279 dicere
1181 253 1262 287 prius,
1276 253 1336 282 Non
1348 254 1455 290 inﬂatur
1466 264 1475 286 ,-
1486 258 1513 282 et
1526 259 1626 290 postea,
1642 255 1703 282 Non

914 298 1050 325 aemulatur
1065 305 1074 324 :
1087 297 1132 325 sed
1151 299 1222 332 prius
1236 299 1319 333 dixit,
1339 299 1399 326 Non
1417 300 1570 332 tumulatur,-
1592 306 1702 335 postea,

916 343 976 370 Non
997 344 1110 378 inflatur.
1134 344 1220 376 Quare
1243 344 1308 371 hoc?
1327 345 1392 377 Quia
1415 352 1475 372 cum
1496 345 1628 377 dixisset,
1644 345 1703 372 Non

915 389 1062 422 aemulatur,
1076 390 1148 424 quasi
1167 390 1325 423 quwsiturus
1336 398 1395 417 cras
1409 398 1515 417 causam
1527 411 1534 424 ,
1550 398 1632 425 quare
1648 398 1701 418 non

914 436 1069 469 tumulatur;
1085 437 1218 470 subdidit,
1239 437 1298 464 Non
1313 438 1427 472 inﬂatur.
1450 438 1518 472 Ergo
1532 438 1553 464 si
1573 438 1632 465 ideo
1649 445 1702 464 non

915 483 1063 516 tumulatur,
1079 484 1140 518 quia
1158 491 1211 510 non
1227 483 1348 515 inﬂatur;
1362 484 1383 510 si
1396 483 1531 510 inﬂaretur
1541 504 1548 516 ,
1560 483 1701 510 :emulare-

916 532 967 556 tur.
984 529 1040 556 Hoc
1053 528 1080 556 in
1096 529 1172 556 vobis
1190 534 1308 561 crescat,
1327 534 1354 557 et
1374 529 1459 556 anima
1480 529 1625 562 solidatur,
1640 529 1701 563 quia

915 582 967 600 non
989 573 1105 601 inﬂatur.
1129 574 1244 601 Scientia
1257 595 1264 606 ,
1280 574 1318 601 ait
1337 576 1479 608 Apostolus
1492 594 1499 605 ,
1524 575 1608 608 mﬂat.
1634 573 1701 607 Quid

914 619 998 653 ergo?
1011 619 1150 646 scientiam
1165 619 1255 653 fugere
1270 619 1382 651 debetis,
1394 624 1420 647 et
1432 619 1539 646 eiecturi
1554 619 1617 646 estis
1636 618 1702 646 nihil

915 665 983 692 scire
998 665 1085 699 potius
1099 673 1178 700 quam
1197 665 1303 692 inﬂari?
1324 665 1422 700 thuid
1435 665 1509 691 vobis
1522 665 1665 697 loquimur,
1680 663 1702 691 sl

914 710 1008 737 melior
1031 714 1073 737 est
1099 710 1245 745 ignorantia
1265 718 1344 745 quam
1367 710 1494 737 scientia?
1515 710 1605 744 utquid
1628 710 1703 736 vobis

914 755 1096 790 disputamus?
1117 756 1209 791 utquid
1231 757 1280 784 ista
1298 756 1504 792 distinguimus?
1525 756 1618 791 utquid
1633 755 1702 791 quod

914 802 997 829 nostis
1020 801 1209 834 admonemus,
1230 801 1300 837 quod
1324 810 1376 829 non
1399 803 1483 829 nostis
1505 802 1658 834 inferimus,
1679 802 1703 829 si

913 847 1022 873 scientia
1032 847 1149 874 cavenda
1161 852 1213 881 est,
1225 855 1258 874 ne
1270 847 1362 875 irritet?
1372 847 1443 883 Ergo
1452 852 1540 875 amate
1550 847 1701 879 scientiam,

913 891 960 918 sed
974 892 1126 925 anteponite
1140 892 1306 919 charitatcm.
1323 892 1438 920 Scientia
1453 893 1475 920 si
1486 893 1541 919 sola
1556 892 1600 924 sit,
1617 891 1700 918 inﬂat.

913 937 979 971 Quia
992 945 1055 965 vero
1063 938 1173 966 c/tarita:
1181 939 1291 974 mli/ica!
1302 940 1324 975 (l
1333 939 1391 967 Car.
1400 947 1456 971 \‘III,
1466 939 1504 975 l),
1512 948 1564 966 non
1573 939 1702 975 permittit

913 984 1053 1011 scientiam
1068 985 1164 1011 inflari.
1181 985 1217 1012 lbi
1232 993 1294 1021 ergo
1308 985 1381 1012 inﬂat
1395 986 1515 1018 scientia,
1530 986 1573 1013 ubi
1584 985 1701 1012 charitas

914 1036 966 1055 non
981 1028 1094 1056 mditicat
1108 1039 1113 1056 :
1131 1030 1174 1056 ubi
1188 1035 1276 1057 autem
1296 1030 1427 1064 aedificat,
1446 1031 1559 1058 solidata
1575 1035 1626 1057 est.
1644 1030 1701 1057 Non

913 1080 953 1102 est
967 1074 1002 1102 ibi
1018 1075 1128 1109 inﬂatio,
1145 1076 1187 1103 ubi
1206 1081 1279 1111 petra
1294 1081 1335 1104 est
1350 1077 1561 1105 fundamentum.

948 1122 1059 1150 CAPUT
1071 1122 1128 1150 Vll.
1141 1138 1178 1143 —
1190 1123 1216 1150 7.
1234 1123 1359 1151 Stimula;
1373 1125 1456 1151 carnis
1469 1123 1590 1159 Apostolo
1609 1123 1700 1155 datus,

912 1176 944 1194 ne
952 1167 1098 1203 superbit-et.
1109 1168 1234 1196 Eamudiri
1244 1174 1368 1204 optemm,
1380 1178 1429 1196 non
1439 1170 1473 1196 ad
1483 1170 1644 1201 voluntatem,
1657 1169 1700 1196 sed

912 1213 947 1240 ad
958 1214 1100 1241 sanitatem.
1115 1213 1152 1241 ίΕ
1155 1219 1225 1241 terna
1234 1215 1358 1250 quomodo
1368 1215 1484 1250 petenda,
1500 1214 1623 1250 quomodo
1639 1219 1701 1241 tem-

913 1260 1021 1295 porafia.
1047 1259 1180 1293 Quantum
1204 1266 1292 1288 autem
1319 1265 1403 1288 teutat
1428 1261 1548 1294 inﬂatio,
1571 1261 1621 1289 hoc
1640 1266 1697 1293 est,

912 1305 1003 1338 elatio,
1018 1310 1046 1333 ut
1057 1310 1165 1341 propter
1176 1305 1226 1333 hoc
1242 1307 1334 1333 vitium
1351 1307 1359 1322 ί
1374 1306 1453 1334 etiam
1468 1311 1557 1334 tantus
1572 1307 1616 1334 ille
1628 1307 1701 1341 Apo-

913 1351 998 1378 stolus
1015 1352 1165 1386 appositum
1181 1352 1230 1380 sibi
1245 1360 1305 1379 esse
1323 1352 1425 1380 diceret
1437 1352 1573 1380 stimulum
1592 1352 1680 1379 carnis
1692 1372 1700 1384 ,

913 1396 1036 1431 angelum
1049 1401 1159 1430 satanze,
1175 1405 1190 1425 a
1205 1405 1258 1433 quo
1272 1397 1504 1433 colaphizaretur?
1518 1398 1568 1432 Qui
1582 1397 1702 1432 colaphi-

914 1445 1006 1475 zatur,
1022 1446 1102 1477 caput
1118 1443 1175 1477 ejus
1195 1442 1330 1476 tunditur,
1347 1451 1382 1471 ne
1396 1444 1512 1478 erigatur
1528 1452 1535 1470 :
1551 1451 1611 1470 nam
1624 1448 1652 1471 et
1665 1442 1702 1470 ibi

914 1486 948 1514 de
962 1487 1071 1514 scientia
1086 1492 1173 1515 metus
1188 1493 1245 1515 erat
1264 1488 1422 1521 inﬂationis,
1442 1489 1492 1516 hoc
1508 1494 1550 1517 est
1567 1489 1701 1517 elationis.

915 1531 960 1558 Ait
974 1532 1044 1559 enim
1068 1530 1074 1558 Ξ
1097 1532 1131 1559 In
1151 1534 1324 1568 magnitudine
1345 1534 1524 1561 revelationum
1537 1540 1649 1561 arearum
1671 1542 1702 1561 ne

915 1577 1031 1604 extollar.
1044 1577 1081 1605 lbi
1091 1585 1155 1613 ergo
1168 1579 1308 1606 metuenda
1318 1584 1376 1607 erat
1388 1579 1478 1613 elatio,
1490 1579 1534 1607 ubi
1547 1586 1701 1614 magnarum

916 1629 1004 1649 rerum
1016 1626 1073 1650 crat
1083 1624 1211 1651 revelatio
1226 1633 1232 1650 ε
1252 1633 1260 1650 ι
1275 1622 1303 1650 In
1319 1624 1499 1660 magnitudine
1509 1625 1702 1652 rcvclationum

920 1675 929 1691 α
948 1674 1065 1695 mearum
1078 1676 1111 1695 ne
1125 1669 1248 1702 extollar,
1259 1669 1336 1696 datus
1349 1674 1389 1698 est
1402 1670 1468 1697 mihi
1481 1670 1602 1697 stimulus
1612 1670 1701 1697 carnis

919 1720 928 1736 ι
948 1719 1028 1743 mem,
1045 1712 1155 1747 angelus
1169 1719 1279 1746 satatue,
1292 1715 1337 1749 qui
1351 1722 1393 1742 me
1411 1713 1567 1749 Colaphizet.
1588 1714 1700 1750 Propter

919 1766 929 1783 ε
947 1758 1017 1792 quod
1032 1762 1073 1784 ter
1087 1759 1226 1785 Dominum
1241 1761 1340 1795 rogavi,
1357 1766 1386 1787 ut
1398 1760 1512 1788 auferret
1526 1768 1587 1787 eum
1604 1768 1619 1788 a
1636 1768 1679 1788 me
1694 1768 1702 1787 τ

920 1812 930 1828 ε
946 1807 973 1830 et
984 1802 1051 1830 dixit
1063 1803 1138 1837 mihi,
1151 1804 1253 1831 Sufficit
1265 1805 1310 1832 tibi
1322 1806 1403 1839 gratia
1413 1813 1489 1836 mea;
1504 1813 1564 1833 nam
1581 1806 1662 1833 virtus
1674 1806 1702 1832 in

920 1858 929 1874 ε
947 1848 1098 1877 inﬁrmitate
1111 1849 1245 1884 perficitur
1261 1860 1271 1876 ι
1283 1850 1319 1886 (ΙΙ
1330 1850 1390 1878 Car.
1402 1859 1448 1883 xu,
1463 1851 1530 1886 7—9).
1544 1851 1701 1886 Petitzeger,

917 1897 945 1920 ut
962 1893 1031 1928 quod
1051 1894 1084 1920 ad
1106 1894 1217 1921 salutem
1237 1896 1345 1930 apponit
1364 1896 1500 1930 medicus,
1516 1904 1577 1923 eum
1591 1897 1705 1924 voluerit

917 1945 1032 1974 :t‘grutus
1044 1940 1188 1967 auferatur.
1204 1940 1320 1968 Medicus
1332 1941 1396 1969 dicit
1412 1951 1418 1969 :
1432 1942 1505 1973 Non;
1519 1942 1640 1975 mordet,
1654 1943 1704 1971 sed

917 1989 1003 2011 sanat.
1017 1984 1055 2011 Tu
1073 1984 1140 2012 dicis
1156 1993 1163 2011 :
1180 1985 1254 2012 Tolle
1270 1986 1340 2020 quod
1358 1986 1472 2014 mordet.
1488 1987 1604 2014 Medicus
1617 1987 1703 2015 dicit:

917 2028 975 2055 Non
992 2028 1065 2061 tollo,
1081 2029 1140 2064 quia
1155 2034 1239 2056 sanat.
1256 2029 1295 2056 Tu
1310 2030 1343 2057 ad
1354 2025 1485 2058 medicum
1496 2039 1578 2066 quare
1589 2032 1705 2059 venisti?

918 2074 1022 2108 Sanari,
1038 2082 1070 2102 an
1090 2075 1238 2102 molestiam
1259 2083 1311 2103 non
1333 2076 1402 2110 pati?
1414 2076 1472 2104 Non
1492 2084 1555 2112 ergo
1569 2078 1707 2106 exaudivit

919 2121 1046 2148 Dominus
1061 2121 1171 2148 Paulum
1188 2121 1222 2148 ad
1243 2121 1419 2155 voluntatem,
1440 2123 1501 2157 quia
1521 2124 1654 2150 exaudivit
1667 2123 1704 2151 ad

919 2165 1070 2193 sanitatem.
1083 2165 1148 2192 Nam
1167 2173 1220 2193 non
1232 2170 1273 2193 est
1286 2173 1421 2201 magnum,
1435 2167 1554 2194 exaudiri
1572 2174 1588 2194 a
1601 2167 1657 2195 Deo
1671 2167 1707 2194 ad

919 2212 1099 2243 voluntatem;
1122 2219 1173 2238 nou
1195 2215 1237 2238 est
1256 2218 1391 2246 magnum.
1409 2211 1447 2239 Ne
1463 2213 1560 2247 putetis
1581 2220 1709 2248 magnum

919 2265 979 2286 esse
994 2258 1056 2291 hoc,
1070 2258 1176 2293 quando
1190 2258 1302 2293 quisque
1317 2262 1384 2290 orat,
1400 2265 1449 2293 pro
1465 2266 1571 2294 magno,
1587 2259 1609 2287 si
1623 2267 1707 2287 exau-

920 2304 1000 2331 ditur.
1021 2304 1116 2337 Quterc
1135 2303 1198 2339 quid
1219 2308 1296 2337 orat,
1310 2311 1399 2339 quare
1419 2304 1447 2331 in
1467 2311 1519 2338 quo
1538 2305 1706 2332 exaudiatur.

919 2350 984 2377 Nam
1002 2358 1054 2377 non
1078 2350 1197 2379 habeatis
1218 2357 1266 2384 pro
1285 2358 1397 2385 magno,
1420 2351 1539 2377 exaudiri
1558 2351 1591 2377 ad
1611 2351 1706 2378 volun-

921 2401 1000 2424 tatem
1021 2404 1027 2422 :
1049 2396 1142 2423 habete
1163 2403 1211 2430 pro
1231 2403 1343 2435 magno,
1364 2396 1482 2424 exaudiri
1496 2396 1528 2423 ad
1551 2396 1704 2425 utilitatem.

919 2442 960 2471 Ad
984 2442 1145 2469 voluntatem
1163 2442 1242 2468 etiam
1257 2441 1392 2469 dznmones
1403 2442 1518 2469 exauditi
1541 2448 1620 2474 sunt.
1635 2447 1662 2470 et
1673 2443 1708 2471 ad

920 2495 1016 2522 porcos
1029 2494 1096 2521 quos
1108 2486 1248 2522 petierant,
1262 2487 1301 2514 ire
1313 2487 1433 2522 permissi
1447 2491 1510 2514 sunt
1521 2486 1626 2523 (Matth.
1643 2496 1687 2516 vtu
1698 2508 1707 2522 ,

921 2533 964 2565 5|,
981 2532 1036 2568 52).
1052 2531 1091 2559 Ad
1105 2532 1265 2560 voluntatem
1286 2532 1364 2560 etiam
1381 2532 1502 2567 princeps
1521 2540 1614 2561 eorum
1628 2541 1711 2561 exan-

920 2578 990 2606 ditus
1009 2583 1051 2606 est
1071 2578 1205 2610 diabolus;
1226 2586 1242 2606 a
1259 2586 1313 2613 quo
1325 2579 1422 2613 petitus
1436 2578 1486 2606 Job
1501 2580 1642 2608 tentandus
1656 2587 1709 2615 non

921 2630 962 2652 est
974 2630 1094 2660 negatus,
1106 2628 1136 2652 ut
1149 2629 1219 2652 esset
1235 2625 1279 2653 ille
1294 2625 1427 2659 probatus,
1442 2625 1492 2652 istc
1506 2626 1633 2653 confusus
1649 2625 1709 2662 (Jul:

921 2677 930 2697 ι
945 2674 967 2697 et
980 2678 997 2697 ιι
1009 2670 1028 2704 ).
1043 2670 1083 2698 Ad
1097 2670 1257 2698 voluntatem
1271 2670 1352 2698 etiam
1366 2670 1491 2698 Israelita:
1505 2671 1618 2699 exauditi
1631 2675 1708 2701 sunt;

923 2719 1018 2744 etcum
1034 2715 1121 2743 adhuc
1138 2715 1213 2744 cibus
1226 2720 1298 2744 esset
1310 2716 1337 2744 in
1351 2723 1398 2747 ore
1412 2716 1541 2751 ipsorum.
1557 2716 1640 2746 nostis
1650 2721 1710 2748 qua:

953 2793 1126 2826 ‘_Sic_melioris
1137 2798 1198 2820 nota!
1208 2799 1260 2819 Mss.
1275 2799 1301 2820 Λι
1312 2798 1376 2821 t.ov.:
1388 2796 1485 2826 Quando
1501 2797 1578 2826 autem
1590 2796 1662 2819 tanta!
1674 2794 1710 2818 in-

920 2824 995 2857 ﬂatio,
1008 2824 1052 2849 hoc
1063 2828 1097 2849 est
1105 2826 1184 2857 elatio
1193 2826 1205 2850 ."
1226 2831 1234 2849 t
1245 2826 1308 2857 tit/mi
1320 2826 1360 2850 ubi
1377 2824 1400 2850 et
1411 2826 1506 2856 mundo
1517 2825 1622 2850 (Iturium
1635 2826 1709 2849 dett-'1.

922 2859 982 2880 n‘aut
992 2859 1087 2886 propter
1100 2855 1143 2881 hoc
1154 2856 1244 2884 tilitun,
1255 2855 1301 2881 ac.
1315 2857 1372 2881 Nili
1388 2858 1470 2881 (τι-ιιψί
1480 2857 1568 2880 nostris
1579 2863 1711 2883 IUJIltllSt‘l'k

921 2886 969 2917 ptis
980 2888 1141 2917 consentiunt,
1154 2888 1197 2911 nisi
1207 2888 1269 2919 quiod
1286 2895 1338 2917 pm,
1349 2892 1480 2916 Qttulttttm,’
1493 2887 1591 2916 habent,
1603 2886 1712 2915 ριωηιίο.
