3968 6466
552 368 574 424 Ι
585 368 687 425 567

551 477 818 535 consecuti
837 486 959 535 sunt
976 475 1159 551 (Num.
1179 476 1277 546 xi).
1294 473 1467 530 Nolite
1486 487 1612 545 ergo
1632 486 1726 541 pro
1742 485 1929 541 magno
1950 469 2118 524 habe—

550 585 631 636 re,
653 569 887 625 exaudiri
906 569 971 624 ad
992 570 1335 623 voluntatem.
1359 564 1655 633 Aliquando
1678 563 1816 617 Deus
1839 563 2001 615 iratus
2027 560 2116 613 dat

549 657 691 729 quod
721 658 873 727 petis,
900 664 953 711 et
981 658 1123 711 Deus
1145 655 1404 724 propitius
1429 662 1585 722 negat
1612 651 1752 720 quod
1784 650 1937 719 petis.
1979 648 2110 703 Cum

547 763 675 804 vero
698 763 759 803 ea
790 762 905 817 quae
942 745 1080 800 Deus
1106 746 1315 810 laudat,
1346 760 1465 813 qua:
1509 744 1648 797 Deus
1678 742 1916 809 przecipit
1938 780 1954 805 ,
1995 754 2113 809 qua:

545 837 687 892 Deus
732 838 785 892 in
831 836 1007 892 futuro
1057 837 1252 891 saeculo
1292 834 1587 904 promittit,
1644 832 1710 886 ab
1752 832 1840 885 illo
1895 831 2109 899 petitis;

546 927 718 981 securi
748 928 926 998 petite,
952 936 1003 981 et
1024 928 1331 989 incumbite,
1359 933 1612 995 quantum
1649 923 1887 992 potestis,
1916 923 2111 975 oratio-

544 1017 722 1082 nibus,
750 1028 807 1072 ιιι
835 1019 1073 1074 sumatis.
1105 1019 1191 1071 Illa
1221 1018 1362 1072 enim
1398 1015 1625 1085 propitio
1649 1015 1759 1068 Deo
1801 1012 2108 1067 concedun-

544 1114 669 1162 tur:
702 1108 789 1163 illa
818 1108 932 1178 ejus
958 1124 1062 1163 non
1099 1109 1172 1162 ira
1198 1151 1213 1172 ,
1254 1107 1347 1163 sed
1391 1104 1749 1161 misericordia
1794 1104 2106 1174 largiuntur.

542 1199 765 1265 Quando
789 1209 963 1255 autem
1002 1201 1178 1269 petitis
1203 1198 1533 1267 temporalia,
1565 1212 1684 1251 cum
1728 1195 1886 1249 modo
1923 1196 2105 1263 petite,

541 1303 662 1340 cum
693 1288 879 1342 timore
895 1290 1056 1357 petite
1079 1307 1092 1342 :
1114 1288 1187 1342 illi
1214 1287 1546 1349 committite,
1573 1296 1630 1339 ut
1657 1287 1701 1339 si
1729 1292 1969 1353 prosunt,
1997 1283 2105 1349 det;

542 1376 584 1429 si
615 1375 717 1431 scit
742 1377 961 1441 obesse,
994 1394 1098 1432 non
1128 1377 1236 1432 det.
1268 1376 1404 1443 Quid
1436 1384 1610 1430 autem
1633 1374 1804 1438 obsit,
1836 1372 1958 1443 quid
1988 1386 2109 1441 pro-

542 1465 630 1530 sit,
658 1465 893 1521 medicus
919 1468 1081 1531 novit,
1116 1482 1219 1521 non
1249 1475 1497 1537 aegrotus.

612 1553 835 1611 CAPUT
877 1556 1003 1609 VIII.
1052 1588 1122 1597 ——
1155 1556 1207 1611 8.
1258 1554 1445 1611 Contra
1497 1555 1799 1608 continentes
1844 1552 2103 1617 superbos.

539 1642 675 1700 Sunt
701 1660 829 1715 ergo
866 1647 1199 1702 continentes
1248 1646 1473 1701 humiles
1497 1688 1511 1711 ,
1557 1654 1681 1700 sunt
1722 1643 1955 1711 superbi.
1988 1641 2103 1695 Non

538 1732 639 1787 sibi
666 1733 970 1802 promittant
994 1734 1204 1803 superbi
1244 1749 1461 1802 regnum
1490 1733 1602 1787 Dei.
1634 1730 1992 1787 Excellentior
2021 1730 2104 1783 Io-

537 1838 633 1877 cus
661 1832 763 1889 est,
791 1839 898 1895 quo
917 1823 1058 1878 ducit
1082 1824 1401 1877 continentia
1425 1840 1438 1876 :
1465 1822 1559 1878 sed
1580 1823 1666 1893 qui
1689 1839 1742 1877 se
1769 1822 1977 1886 exultat,
2011 1821 2105 1874 Im-

536 1913 812 1968 miliabitur
825 1912 976 1984 (Luc.
997 1930 1109 1981 xiv,
1130 1912 1237 1986 Il).
1257 1913 1391 1981 Quid
1412 1915 1605 1985 quaeris
1630 1912 1908 1968 celsiorem
1927 1913 2102 1967 locum

535 2004 769 2073 appetitu
812 2005 1161 2069 celsitudinis,
1197 2021 1354 2075 quem
1398 2014 1549 2075 potes
1591 2003 1993 2073 apprehendere
2019 2019 2105 2057 re-

536 2096 774 2151 tentione
798 2095 1144 2151 humilitatis?
1166 2096 1220 2151 Si
1245 2097 1454 2150 extollis
1480 2104 1551 2160 te,
1580 2096 1719 2149 Deus
1747 2095 1924 2164 dejicit
1946 2104 1997 2149 te
2020 2112 2034 2148 :
2057 2096 2103 2148 si

537 2192 594 2237 tu
618 2184 802 2253 dejicis
821 2191 891 2248 te,
915 2186 1053 2241 Deus
1072 2186 1241 2241 elevat
1256 2197 1325 2241 te.
1350 2186 1621 2241 Sententia
1643 2186 1850 2239 Domini
1871 2194 1954 2240 est
1973 2203 1985 2238 :
2004 2200 2103 2241 nec

533 2275 655 2329 addi
698 2275 894 2345 aliquid
915 2318 928 2341 ,
961 2291 1060 2332 nec
1082 2276 1285 2330 detrahi
1314 2284 1503 2345 potest.
1558 2275 1733 2345 Usque
1758 2275 1892 2330 adeo
1924 2283 2101 2330 autem

534 2368 866 2422 continentes
900 2367 1143 2423 homines
1186 2368 1495 2437 plerumque
1524 2368 1871 2437 superhiunt,
1902 2377 1959 2422 ut
1996 2383 2099 2422 non

532 2457 701 2513 solum
735 2457 1153 2527 quibuscumque
1180 2457 1481 2511 hominibus
1501 2498 1516 2522 ,
1552 2456 1646 2511 sed
1677 2458 1835 2511 etiam
1864 2457 2100 2525 parenti-

532 2545 630 2600 bus
668 2547 856 2615 ingrati
895 2547 1029 2612 sint,
1074 2554 1129 2600 et
1177 2546 1432 2601 adversus
1465 2552 1709 2615 parentes
1751 2546 2095 2601 extollantur.

532 2635 745 2701 Quare?
770 2635 901 2704 Quia
938 2637 1009 2691 illi
1048 2646 1378 2707 genuerunt,
1412 2636 1497 2692 isti
1526 2638 1735 2708 nuptias
1758 2646 2100 2708 contempse-

532 2734 677 2780 runt.
709 2725 865 2782 Unde
893 2727 1079 2798 ingrati
1096 2737 1274 2784 essent
1292 2730 1379 2799 qui
1399 2730 1607 2799 nuptias
1628 2731 2095 2800 contempsissent,

532 2818 635 2872 nisi
680 2818 753 2873 illi
792 2819 1133 2889 genuissent?
1168 2820 1271 2877 Sed
1312 2822 1500 2876 melior
1526 2829 1608 2876 est
1646 2820 1784 2876 filius
1820 2832 1969 2891 patre
1999 2837 2098 2878 suo

532 2908 832 2977 conjugato,
860 2910 979 2977 quia
1010 2910 1123 2979 ipse
1152 2925 1255 2965 non
1282 2910 1431 2964 duxit
1449 2925 1664 2965 uxorem
1690 2918 1775 2965 :et
1801 2913 1989 2965 melior
2018 2920 2102 2967 est

533 2996 637 3051 filia
668 3007 836 3071 matre
875 3013 967 3055 sua
1007 3000 1248 3055 maritata
1272 3042 1288 3068 ,
1322 3001 1443 3070 quia
1465 3001 1576 3071 ipsa
1620 3016 1727 3056 non
1756 3002 1997 3071 qumsivit
2021 3002 2099 3056 vi-

531 3101 670 3141 rum.
712 3088 766 3143 Si
808 3070 1105 3159 superbior,
1132 3091 1279 3145 nullo
1309 3090 1466 3144 modo
1492 3070 1694 3146 melior
1736 3070 1833 3145 :isi
1880 3092 2096 3155 melior,

531 3179 646 3233 sine
683 3179 1007 3236 dubitatione
1038 3181 1304 3237 humilior.
1350 3180 1405 3235 Si
1444 3181 1520 3235 vis
1565 3190 1616 3236 te
1642 3183 1876 3237 invenire
1914 3182 2101 3236 melio-

532 3283 667 3333 rem,
698 3270 959 3341 interroga
979 3271 1205 3326 animam
1230 3282 1395 3337 tuam,
1416 3271 1461 3325 si
1485 3271 1632 3325 vides
1654 3271 1723 3324 ibi
1748 3271 2093 3326 inflationem.

532 3357 636 3413 Ubi
663 3360 862 3415 inflatio
886 3371 987 3429 est,
1015 3363 1237 3417 inanitas
1257 3372 1357 3419 est.
1382 3363 1631 3418 Diabolus
1659 3363 1746 3419 ubi
1772 3363 1927 3419 inane
1953 3364 2099 3419 inve-

534 3450 694 3514 nerit,
726 3449 903 3503 nidum
938 3450 1107 3505 facere
1129 3453 1359 3506 molitur.

599 3536 823 3593 CAPUT
862 3537 953 3594 IX.
975 3568 1048 3581 —
1082 3541 1135 3596 9.
1165 3540 1538 3597 Continentibus
1579 3560 1727 3613 quam
1766 3544 1979 3598 maxime
2009 3562 2095 3598 ca-

530 3628 689 3680 venda
735 3626 984 3697 superbia.
1029 3628 1339 3703 Conjugatus
1384 3633 1585 3686 humilis
1632 3643 1871 3704 quantum
1923 3636 2098 3689 melior

531 3718 810 3773 continente
845 3720 1074 3790 superbo.
1106 3722 1373 3777 Continens
1408 3723 1649 3793 superbus
1677 3725 1843 3778 locant
1873 3742 1971 3779 non
1998 3727 2095 3779 Ita-

533 3809 608 3859 bet
633 3809 684 3861 in
707 3826 858 3880 regno
884 3811 993 3865 Dei.
1027 3812 1281 3882 Denique,
1322 3814 1508 3868 fratres
1539 3814 1662 3879 mei,
1690 3817 1860 3871 audeo
1893 3816 2093 3883 dicere,

532 3901 771 3968 superbis
798 3903 1191 3957 continentibus
1215 3905 1427 3974 expedit
1462 3906 1681 3969 cadere,
1727 3916 1785 3960 ut
1814 3909 1865 3960 in
1892 3923 1957 3962 eo
1983 3909 2097 3976 ipso

532 3989 586 4043 in
625 4006 730 4060 quo
768 4006 825 4047 se
861 3993 1119 4047 extollunt
1145 3994 1507 4050 humilientur.
1535 3995 1670 4063 Quid
1710 3997 1851 4051 enim
1882 3996 2095 4065 prodest

533 4080 616 4133 cui
664 4082 798 4135 inest
836 4083 1178 4150 continentia,
1212 4084 1254 4137 si
1285 4083 1586 4138 dominatur
1628 4085 1910 4153 superbia?
1952 4085 2089 4139 Con-

535 4171 749 4239 tempsit
782 4171 921 4225 unde
942 4180 1095 4227 natus
1123 4180 1203 4227 est
1232 4172 1408 4237 homo,
1442 4182 1495 4228 et
1523 4175 1722 4243 appetit
1748 4174 1885 4229 unde
1907 4175 2098 4229 cecidit

532 4260 791 4315 diabolus.
826 4260 1045 4332 Nuptias
1074 4264 1470 4332 contempsisti,
1500 4263 1636 4319 bene
1661 4264 1865 4329 fecisti;
1898 4265 2096 4336 aliquid

536 4351 723 4403 melius
744 4352 945 4420 elegisti
977 4370 991 4405 :
1018 4352 1110 4405 sed
1141 4353 1247 4406 noli
1278 4352 1573 4422 superbire.
1616 4353 1691 4408 De
1717 4354 1912 4423 nuptiis
1938 4354 2097 4409 homo

535 4448 689 4493 natus
729 4449 807 4494 est
828 4482 844 4505 ,
871 4440 938 4494 de
975 4442 1223 4510 superbia
1252 4442 1420 4511 angeli
1447 4442 1771 4497 ceciderunt.
1804 4443 1860 4499 Si
1891 4444 2096 4514 singula

534 4538 712 4584 vestra
754 4529 890 4584 bona
929 4532 1294 4598 considerem,
1328 4535 1517 4588 melior
1554 4548 1613 4589 es
1655 4545 1804 4603 patre
1842 4546 1961 4604 tuo,
2007 4537 2097 4607 qui

536 4621 743 4689 nuptias
776 4620 1177 4691 contempsisti;
1216 4630 1271 4677 et
1306 4630 1363 4676 tu
1402 4623 1590 4677 melior
1628 4634 1797 4679 matre
1828 4633 1911 4679 tua
1933 4666 1950 4691 ,
1981 4640 2097 4695 quae

536 4713 744 4781 nuptias
781 4712 1168 4782 contempsisti.
1214 4711 1423 4767 Etenim
1470 4714 1660 4769 melior
1704 4724 1785 4769 est
1830 4716 2097 4787 virginalis

535 4805 820 4871 sanctitas,
855 4820 1013 4891 quam
1050 4802 1299 4874 pudicitia
1335 4804 1646 4875 conjugalis.
1682 4804 1784 4861 Ista
1809 4806 1914 4861 duo
1940 4806 2097 4861 simul

536 4893 579 4941 si
601 4901 989 4959 comparentur,
1018 4893 1207 4947 melius
1226 4902 1305 4947 est
1326 4892 1454 4947 illud
1474 4909 1628 4963 quam
1656 4894 1781 4948 illud
1814 4912 1829 4949 :
1856 4896 1973 4964 quis
1996 4895 2098 4949 du-

537 4979 704 5032 bitat?
731 4980 834 5034 Sed
858 4981 1099 5038 addendo
1124 4981 1225 5039 alia
1249 4981 1377 5044 duo.
1405 4982 1706 5052 superbiam
1735 4993 1791 5040 et
1830 4984 2097 5039 humilita-

541 5078 681 5132 tem;
710 5070 761 5123 in
792 5070 906 5124 istis
925 5071 1131 5127 duobus
1157 5074 1428 5143 interrogo
1446 5088 1562 5140 vos,
1592 5082 1645 5128 et
1671 5073 1740 5129 de
1768 5075 1850 5129 his
1879 5090 2100 5144 respon-

539 5159 661 5216 dete
684 5159 810 5212 mihi
843 5160 1014 5226 :Qnid
1033 5172 1115 5217 est
1140 5164 1360 5229 melius,
1391 5164 1635 5234 superbia
1656 5205 1672 5230 ,
1700 5179 1766 5219 an
1798 5165 2101 5221 humilitas?

543 5248 887 5318 Respondes,
920 5250 1217 5305 llumilitas.
1260 5253 1431 5323 Iunge
1457 5253 1600 5308 illam
1624 5252 1866 5324 virginali
1908 5256 2105 5309 sancti-

542 5340 655 5393 tati.
687 5340 941 5408 Superbia
977 5355 1104 5395 vero
1132 5356 1235 5395 non
1262 5342 1434 5397 solum
1467 5359 1573 5398 non
1612 5343 1681 5398 sit
1717 5344 1770 5398 in
1804 5344 2104 5414 virginitate

544 5442 630 5485 tua
651 5472 665 5493 ,
700 5431 793 5486 sed
825 5445 928 5486 non
956 5439 1226 5487 remaneat
1252 5447 1351 5487 nec
1376 5433 1427 5487 in
1454 5442 1622 5489 matre
1651 5443 1759 5489 tua.
1791 5433 1849 5491 Si
1877 5435 2017 5490 enim
2048 5445 2101 5490 tu

542 5524 773 5578 tenueris
815 5521 1113 5592 superbiam
1134 5562 1147 5584 ,
1177 5528 1229 5575 et
1256 5530 1340 5575 tua
1370 5533 1538 5577 mater
1567 5523 1913 5579 humilitatem
1936 5566 1951 5592 ,
1992 5542 2104 5582 me-

541 5612 644 5666 lior
683 5616 783 5669 erit
823 5624 989 5670 mater
1030 5629 1183 5684 quam
1228 5614 1353 5669 lilia.
1395 5613 1586 5669 Iterum
1631 5619 1949 5687 comparabo
1984 5635 2098 5673 vos.

542 5702 661 5759 lam
703 5706 896 5762 dudum
938 5707 1141 5776 singula
1183 5721 1302 5761 cum
1346 5706 1705 5772 intenderem,
1749 5710 2018 5765 meliorem
2052 5720 2101 5765 te

1759 356 1828 411 S.’
1855 355 2216 411 AUCUSTINI
2258 353 2557 410 EPISCOPI

3650 362 3790 413 1Ξίύό

2223 468 2524 522 inveneram
2553 486 2565 522 :
2591 463 2748 523 modo
2768 469 2885 523 bina
2907 484 3024 523 cum
3050 470 3283 535 intendo,
3309 485 3413 525 non
3433 471 3615 527 dubito
3640 488 3783 542 prte-

2220 557 2357 613 ferre
2396 559 2644 612 humilem
2689 558 2964 613 mulierem
3010 559 3195 627 virgini
3235 560 3497 628 superbae.
3542 561 3606 615 Et
3644 576 3787 632 quo.

2216 648 2375 701 modo
2396 649 2678 717 prmferre?
2698 650 2883 703 Videte
2903 650 3167 719 quomodo
3189 650 3410 717 prmfero
3432 653 3593 716 illam,
3620 669 3788 722 quam

2218 738 2374 790 modo
2418 738 2804 807 comparabam.
2855 740 2997 792 Bona
3038 740 3284 808 pudicitia
3327 741 3616 810 conjugalis
3654 754 3737 797 est
3763 784 3784 807 ,

2217 828 2404 881 melior
2434 828 2706 898 integritas
2727 830 3015 897 virginalis.
3052 831 3161 882 Duo
3200 830 3336 884 bona
3365 834 3735 901 comparaham
3758 876 3778 899 ,

2216 934 2319 971 non
2347 919 2539 971 malum
2581 929 2633 973 et
2670 920 2891 983 bonum;
2937 920 3031 973 sed
3072 921 3267 976 bonum
3294 932 3345 975 et
3372 924 3558 977 melius
3584 923 3780 978 distin-

2212 1006 2457 1074 guebam.
2489 1005 2655 1060 Porro
2688 1017 2861 1061 autem
2902 1007 3005 1061 duo
3035 1008 3122 1061 illa
3153 1025 3272 1063 cum
3302 1025 3560 1078 posuero,
3589 1026 3783 1081 super-

2214 1093 2352 1147 biam
2398 1105 2451 1149 et
2494 1095 2840 1149 humilitatem
2868 1138 2881 1159 ,
2929 1098 3178 1166 numquid
3227 1113 3508 1167 possumus
3549 1099 3730 1155 dicere
3758 1142 3775 1162 .

2212 1183 2415 1238 Bonum
2444 1192 2527 1239 est
2562 1185 2803 1255 superbia
2827 1228 2840 1249 ,
2873 1186 2965 1241 sed
3006 1188 3195 1240 melior
3222 1196 3305 1241 est
3334 1187 3638 1243 humilitas?
3665 1190 3777 1244 Sed

2211 1274 2336 1344 quid
2356 1276 2612 1331 dicimus?
2631 1276 2886 1347 Superbia
2911 1277 3103 1331 malum
3126 1286 3226 1340 est,
3250 1277 3522 1333 humilitas
3541 1279 3737 1335 bonum
3761 1300 3776 1333 :

2212 1372 2267 1419 et
2300 1367 2542 1434 superbia
2569 1381 2815 1435 magnum
2848 1366 3041 1418 malum
3061 1407 3075 1428 ,
3110 1366 3377 1421 humilitas
3406 1382 3650 1436 magnum
3680 1368 3780 1423 bo-

2210 1468 2356 1506 num.
2388 1452 2442 1507 Si
2473 1469 2598 1523 ergo
2641 1454 2827 1507 horum
2868 1453 3090 1508 duorum
3132 1470 3292 1509 unum
3333 1464 3415 1511 est
3456 1458 3680 1522 malum,
3722 1468 3781 1512 et

2209 1541 2432 1596 alterum
2479 1543 2674 1597 bonum
2719 1560 2734 1599 :
2775 1543 3017 1613 jungitur
3063 1545 3259 1599 malum
3300 1546 3367 1600 ad
3405 1548 3578 1615 majus
3623 1560 3777 1603 tuum

2210 1630 2428 1693 bonum.
2450 1642 2503 1687 et
2531 1634 2584 1687 tit
2613 1642 2781 1687 totum
2808 1635 3002 1688 malum
3036 1652 3051 1690 :
3076 1634 3315 1704 jungitur
3340 1637 3534 1692 bonum
3564 1639 3627 1692 ad
3656 1656 3777 1692 ma-

2209 1723 2304 1775 tris
2332 1734 2433 1776 tua:
2462 1724 2635 1778 minus
2662 1725 2888 1787 bonum,
2920 1734 2973 1779 et
3003 1724 3061 1777 fit
3091 1739 3337 1794 magnum
3366 1726 3579 1781 bonum.
3608 1728 3780 1783 Mino-

2208 1829 2319 1869 rem
2341 1814 2511 1868 locum
2541 1814 2752 1870 habebit
2772 1822 2948 1870 mater
2968 1815 3020 1869 in
3049 1829 3211 1885 regno
3228 1817 3504 1881 caelorum,
3523 1819 3776 1884 quoniam

2207 1904 2448 1957 maritata
2471 1913 2571 1965 est,
2601 1919 2757 1972 quam
2790 1904 2916 1971 tilia,
2938 1904 3185 1973 quoniam
3218 1903 3365 1973 virgo
3384 1913 3486 1958 est.
3515 1905 3776 1972 Majorem

2208 1992 2347 2045 enim
2376 1991 2549 2046 locum
2579 1992 2681 2045 filia
2713 1992 2860 2061 virgo
2878 2034 2894 2056 ,
2923 1992 3179 2045 minorem
3208 1991 3380 2045 locum
3408 2002 3576 2046 mater
3608 1994 3775 2046 mari-
3840 2000 3843 2003 '

2208 2089 2335 2148 tata,
2349 2083 2517 2137 amba:
2534 2091 2706 2137 tamen
2738 2083 2808 2137 ibi
2833 2100 2847 2138 :
2866 2082 3131 2154 quomodo
3146 2081 3339 2151 fulgida
3357 2082 3528 2145 stella,
3546 2083 3777 2139 obscura

2204 2170 2377 2233 stella,
2395 2156 2565 2225 amba:
2586 2179 2762 2226 tamen
2791 2170 2844 2226 in
2876 2171 3035 2227 ctelo.
3071 2169 3129 2226 Si
3154 2185 3279 2225 vero
3306 2178 3475 2225 mater
3496 2179 3582 2225 tua
3613 2170 3779 2227 fuerit

2206 2257 2440 2326 humilis,
2459 2270 2513 2313 tu
2530 2260 2785 2328 superba:
2803 2260 2890 2313 illa
2906 2258 3556 2328 habebitqualemcumque
3572 2259 3773 2327 locum,

2206 2356 2262 2402 tu
2278 2357 2453 2403 autem
2471 2349 2672 2402 nullum
2693 2349 2888 2403 locum.
2907 2349 2974 2403 Et
2987 2349 3105 2417 quis
3130 2349 3330 2403 invenit
3349 2348 3572 2403 alterum
3592 2349 3774 2403 locum

2205 2438 2295 2506 qui
2312 2438 2380 2492 ibi
2399 2452 2504 2492 non
2522 2438 2763 2493 habuerit
2784 2438 2976 2503 locum,
2996 2436 3095 2492 nisi
3119 2451 3238 2491 cum
3260 2437 3353 2492 illo
3377 2438 3466 2507 qui
3489 2437 3609 2493 inde
3630 2439 3770 2493 ceci-

2203 2527 2314 2592 dit,
2341 2536 2674 2598 stantemque
2703 2527 2938 2597 dejecit?
2960 2526 3088 2583 Inde
3110 2527 3300 2583 cecidit
3330 2528 3569 2583 diabolus
3589 2570 3603 2594 ,
3629 2528 3776 2584 unde

2203 2626 2428 2672 stantem
2455 2617 2645 2688 dejecit
2668 2619 2955 2674 hominem.
2976 2618 3177 2689 Dejecit
3192 2627 3417 2675 stantem
3451 2638 3465 2674 :
3498 2620 3592 2675 sed
3612 2622 3773 2676 Chri-

2204 2715 2316 2760 stus
2332 2706 2660 2763 descendens
2686 2708 3147 2779 erexitjacentem.
3166 2707 3319 2765 Unde
3343 2718 3393 2764 te
3411 2717 3583 2763 tamen
3601 2716 3776 2767 erexit

2204 2798 2457 2855 Dominus
2486 2808 2623 2863 tuus,
2650 2800 2882 2855 attende.
2910 2799 3217 2855 Humilitate
3240 2800 3429 2868 erexit,
3451 2799 3618 2856 factus
3633 2802 3770 2857 obe-

2203 2889 2353 2944 diens
2368 2906 2531 2961 usque
2546 2890 2611 2945 ad
2626 2900 2869 2955 mortem,
2885 2890 3693 2964 humiliavitsemetipsum(Phit.
3706 2908 3769 2962 ιι,

2202 2979 2280 3051 8).
2296 2980 2550 3050 Princeps
2564 2989 2685 3036 tuus
2700 2982 3061 3046 humilis,ettu
3076 2982 3355 3051 superbus?
3366 2982 3531 3053 Caput
3547 2982 3768 3049 humile,

2201 3078 2257 3125 et
2282 3072 2578 3126 membrum
2607 3072 2927 3142 superbum?
2963 3072 3130 3127 Absit.
3156 3072 3269 3127 Non
3288 3073 3529 3127 vultesse
3547 3073 3615 3128 de
3638 3090 3765 3129 cor-

2201 3175 2334 3229 pore
2372 3161 2558 3230 capitis
2585 3161 2820 3227 humilis,
2849 3162 2935 3231 qui
2974 3171 3115 3217 amat
3138 3162 3458 3231 superbiam.
3493 3161 3549 3218 SI
3586 3172 3764 3219 autem

2201 3266 2305 3304 non
2336 3249 2513 3317 fuerit,
2542 3251 2717 3305 videat
2758 3253 2843 3306 ubi
2869 3251 2991 3307 erit.
3020 3252 3133 3321 Ego
3156 3252 3279 3306 nolo
3298 3252 3475 3307 dicere
3499 3292 3515 3319 ,
3554 3268 3621 3307 ne
3653 3268 3768 3306 am-

2202 3340 2340 3408 plius
2364 3339 2544 3393 videar
2569 3341 2841 3395 terruisse.
2870 3341 2984 3395 lmo
3012 3342 3209 3395 utinam
3236 3341 3512 3395 terruerim
3536 3381 3553 3406 ,
3585 3350 3638 3396 et
3661 3344 3763 3396 ali-

2200 3430 2324 3500 quid
2350 3432 2569 3500 egerim.
2594 3430 2806 3487 Utinam
2832 3433 2920 3501 qui
2957 3433 3034 3486 sic
3058 3430 3228 3486 fuerat
3248 3470 3266 3497 ,
3297 3432 3377 3485 vel
3403 3446 3520 3501 quae
3545 3432 3623 3488 sic
3650 3432 3766 3489 fue-

2201 3529 2302 3585 rat,
2332 3537 2432 3573 non
2460 3521 2528 3574 sit
2559 3521 2800 3575 ulterius.
2831 3521 3039 3576 Utinam
3075 3521 3233 3575 verba
3256 3522 3354 3575 ista
3385 3521 3682 3583 infuderim,
3709 3532 3768 3577 ct

2200 3625 2304 3663 non
2332 3610 2629 3665 eﬂbderim.
2657 3611 2847 3665 Totum
2871 3610 3188 3680 sperandum
3208 3609 3369 3666 estde
3394 3611 3762 3667 misericordia

2202 3699 2293 3754 Dei
2327 3719 2340 3753 :
2384 3701 2501 3768 quia
2545 3702 2633 3769 qui
2656 3708 2836 3763 terret,
2858 3701 3165 3764 contristat;
3189 3699 3280 3769 qui
3314 3700 3611 3767 contristat,
3639 3715 3767 3757 con-

2200 3789 2428 3855 solatur;
2452 3789 2543 3844 sed
2572 3790 2617 3844 si
2649 3791 2738 3859 qui
2762 3790 3102 3844 contristatus
3128 3800 3229 3855 est,
3258 3790 3587 3846 emendatur.

2655 3898 2881 3953 SERMO
2925 3896 3141 3953 ccccv
3167 3898 3303 3969 ‘(a).

2343 4009 2416 4062 De
2451 4008 2560 4062 Vita
2582 4018 2627 4062 et
2654 4008 2878 4064 Moribus
2902 4010 3194 4064 clericorum
3217 4026 3442 4078 suorum,
3480 4026 3498 4066 ι
3522 4012 3619 4083 (li).

2270 4118 2492 4173 CAPUT
2532 4119 2808 4177 PRIMUM.
2836 4152 2908 4162 —
2934 4122 2985 4175 I.
3017 4120 3305 4177 Curandum
3333 4133 3387 4177 ut
3412 4122 3541 4177 bona
3564 4123 3628 4179 sit
3654 4142 3756 4179 non

2199 4208 2362 4262 solum
2384 4211 2703 4274 conscientia,
2726 4210 2815 4265 sed
2860 4213 3007 4265 etiam
3034 4216 3190 4283 fama.
3215 4213 3435 4283 Propter
3458 4215 3596 4283 quod
3619 4217 3762 4273 volui

2199 4305 2254 4352 et
2281 4299 2458 4367 rogavi
2486 4299 2737 4354 hesterno
2762 4300 2867 4364 die,
2890 4310 2946 4355 ut
2975 4301 3131 4357 hodie
3158 4301 3484 4371 frequentius
3509 4308 3765 4361 conveni-

2200 4390 2351 4455 retis,
2384 4389 2484 4444 hoc
2509 4399 2591 4444 est
2614 4390 2754 4459 quod
2781 4390 3016 4445 dicturus
3041 4408 3179 4447 sum.
3205 4393 3483 4449 Vobiscum
3520 4394 3605 4449 hic
3629 4397 3763 4450 vivi-

2200 4494 2338 4544 mus,
2375 4489 2429 4533 et
2462 4488 2679 4549 propter
2714 4495 2807 4534 vos
2843 4481 3106 4535 vivimus:
3132 4490 3186 4537 et
3229 4484 3448 4538 intentio
3480 4491 3766 4554 votumque

2201 4570 2438 4623 nostrum
2482 4579 2582 4635 est,
2622 4579 2677 4623 ut
2718 4571 2854 4639 apud
2882 4570 3144 4626 Christum
3190 4574 3459 4628 vobiscum
3499 4575 3614 4631 sine
3656 4577 3765 4632 lino

2259 4698 2668 4763 ‘__Emendatusgadr
2678 4700 2739 4763 cl.
2756 4714 2912 4763 grim.
2930 4707 2982 4752 et
2995 4701 3053 4751 ad
3075 4702 3204 4753 Ulim.
3222 4710 3323 4763 Par.
3338 4708 3449 4751 ιον.
3467 4702 3527 4753 ad
3540 4710 3765 4755 veterem

2199 4758 2412 4832 codicem
2452 4767 2496 4808 s.
2520 4760 2723 4832 Quintini
2746 4758 3110 4825 Eellovacensls,
3136 4771 3187 4813 et
3221 4762 3281 4811 ad
3303 4762 3541 4814 editiones
3574 4767 3761 4817 concilii

2201 4827 2614 4882 Aquisgranensis.

2265 4879 2337 4953 ςᾳ)
2358 4879 2501 4953 alias,
2533 4880 2597 4929 de
2620 4880 2825 4953 Diversis
2842 4882 2937 4953 49._
3058 4952 3061 4953 ν
3204 4942 3236 4953 __
3276 4943 3287 4953 .

2287 4939 2611 5015 ωὲἕπιοηρε
2645 4942 3004 5015 ερὺξθίηιειιιω
3044 4942 3317 5015 Aegaeum:
3351 4954 3473 5015 ques
3492 4943 3634 5015 ,δι’μά
3659 4943 3760 5015 ρεθ-

2200 4998 2467 5066 beip'uixjt,
2492 5019 2515 5047 ι
2535 5002 2650 5051 dum
2673 5002 2796 5053 forte
2812 4998 2881 5053 'de
2903 4998 3468 5066 possessionibusginv'idia
3492 4998 3639 5066 ipsius
3659 4998 3762 5055 'cle.

2209 5061 2367 5126 ¢_ric_is
2388 5060 2568 5126 fieret,
2591 5079 2614 5107 ι
2648 5060 3153 5126 memoratrossizlius
3172 5065 3226 5126 in»
3253 5063 3360 5126 ejus
3381 5065 3479 5126 vita
3489 5060 3523 5126 ,'
3533 5078 3637 5126 cap.
3678 5066 3756 5115 25.

2202 5098 2476 5187 ὀὶἆῖἴριῖιῖἰ
2488 5098 3155 5187 ἴιῖᾷγῖιιὶἰ’ἴιῗοῖἄὲιιὲίέἕί’
3161 5098 3754 5187 ἑέιπέἲῖἔίε’ἁιτῖμιόἶίέἱῖι›ἷι“ἑξ

2202 5181 2442 5244 secundus
2470 5184 2665 5244 quidem
2686 5190 2799 5244 ante
2829 5182 2961 5231 mille
2983 5189 3035 5231 et
3072 5192 3267 5244 centum
3299 5181 3501 5234 annos'a
3523 5194 3662 5235 Petro
3677 5181 3758 5234 ab;

2204 5240 2319 5289 bate
2342 5241 2390 5289 in
2412 5240 2590 5305 synodo
2610 5243 3141 5305 Carthaginensikanno
3161 5243 3271 5305 525,
3305 5250 3435 5294 torno
3464 5246 3497 5294 4
3538 5246 3759 5305 Concilio-

2204 5311 2311 5364 rtlm
2327 5302 2471 5364 nova:
2508 5304 2744 5360 editionis,
2765 5302 2874 5364 pag.
2912 5302 3058 5364 16η
3080 5304 3286 5353 Subinde
3319 5318 3435 5354 vero
3475 5304 3619 5355 simul
3651 5319 3760 5355 cum

2207 5360 2429 5437 913³99ιέ
2451 5360 3170 5437 ξγροάίμεῐιᾳὸῖὶῖεξιειειυάξηιιβ
3191 5372 3267 5413 εει
3289 5366 3338 5413 in
3362 5366 3614 5437 eumue
3636 5373 3760 5437 μη-

2205 5420 2653 5486 derici‘tfari'siensis
2666 5423 2873 5486 episcopi
2896 5426 3183 5486 Dionysianis
3198 5426 3456 5484 monachis,
3475 5434 3524 5474 et
3535 5420 3590 5474 in
3607 5426 3762 5475 altero

2207 5481 2456 5531 Bertefridi
2480 5481 2801 5531 Ambianeitsis
2818 5481 3182 5533 Corbeiehsibus
3196 5498 3425 5535 concesso
3444 5481 3635 5535 circiter
3658 5500 3761 5535 me-

2206 5541 2559 5611 diumiseptiml
2587 5540 2775 5611 saeculi,
2797 5550 2925 5611 tomo
2955 5545 2986 5593 6
3022 5545 3368 5611 Conciliorumg,
3407 5558 3548 5611 pagg.
3586 5547 3678 5595 487
3712 5555 3763 5611 et

2207 5600 2315 5650 5‘27.
2328 5600 2549 5669 titerque
2570 5602 2792 5669 deorum,
2806 5603 3057 5669 primuset
3070 5607 3309 5656 secundus
3327 5600 3375 5669 in
3398 5600 3765 5669 Aqtﬁsgmnena

2209 5662 2422 5715 concilio.
2444 5662 2568 5712 anno
2598 5662 2693 5713 8l6
2715 5662 2957 5715 exhibitus
2980 5665 3079 5716 fuit.
3106 5669 3306 5717 Primum
3336 5662 3631 5716 citat'Florus
3651 5666 3707 5715 ad
3731 5672 3767 5714 Il

2209 5728 2311 5772 Cor.
2328 5736 2422 5771 vlu.
