3996 6468
157 264 293 323 1569

155 379 410 433 vivamus.
434 375 608 434 Credo
639 383 816 432 autem
851 382 976 430 ante
1001 371 1188 430 oculos
1212 380 1418 427 vestros
1446 385 1567 427 esse
1592 386 1723 426 con-

153 469 507 524 versationem
555 477 828 534 nostram;
857 478 914 522 ut
951 475 1005 521 et
1037 478 1136 520 nos
1161 463 1341 520 dicere
1368 463 1608 518 fortassis
1633 477 1727 516 au-

151 558 395 626 deamus,
438 558 680 628 quamvis
724 557 798 614 illi
840 557 1062 612 multum
1107 555 1357 626 impares,
1404 553 1547 626 quod
1593 554 1728 608 dixit

154 648 469 718 Apostolus,
495 646 782 703 lmitatores
815 647 911 702 mei
946 654 1124 714 estote,
1160 647 1290 700 sicut
1325 655 1372 700 et
1426 662 1516 717 ego
1541 643 1727 699 Christi

152 741 175 810 (
201 739 217 792 Ι
242 738 360 796 Cor.
388 755 461 804 tv,
488 738 554 794 16
578 741 618 809 ).
643 739 708 793 Et
734 739 854 793 ideo
879 737 1004 792 nolo
1030 745 1088 791 ut
1111 737 1299 806 aliquis
1317 735 1383 790 de
1403 735 1558 790 nobis
1581 735 1727 789 inve-

150 828 262 883 niat
285 829 426 884 male
444 827 652 883 vivendi
677 828 1032 884 occasionem.
1059 825 1390 880 Providemus
1415 826 1545 878 enim
1571 824 1720 888 bona,

150 929 208 974 ut
231 921 305 973 ait
331 920 466 974 idem
493 920 784 990 apostolus,
811 935 913 973 non
939 919 1104 974 solum
1129 932 1298 972 coram
1319 915 1446 982 Deo,
1468 915 1555 969 sed
1573 915 1723 968 etiam

149 1019 320 1056 coram
343 1003 624 1057 hominibus
649 1005 668 1074 (
694 1003 738 1058 ll
761 1001 878 1058 Cor.
905 1018 1020 1068 vm,
1046 999 1110 1054 21
1137 998 1176 1072 ).
1203 1000 1424 1068 Propter
1447 1012 1566 1065 nos,
1597 1012 1724 1052 con.

147 1095 369 1150 scientia
398 1103 580 1149 nostra
610 1093 804 1148 sufﬁcit
830 1093 984 1148 nobis
1010 1112 1024 1145 :
1053 1101 1265 1161 pr0pter
1299 1105 1412 1155 vos,
1449 1086 1586 1142 fatua
1627 1101 1723 1140 uo-

146 1193 257 1238 stra
299 1199 404 1238 non
445 1184 629 1254 pollui,
668 1183 760 1237 sed
797 1182 997 1252 pollere
1035 1180 1192 1235 debet
1233 1181 1285 1232 in
1323 1178 1492 1234 vobis.
1522 1177 1722 1232 Tenete

145 1275 290 1344 quod
316 1275 447 1340 dixi,
469 1283 626 1345 atque
647 1272 970 1342 distinguite.
995 1272 1121 1326 Dua:
1147 1285 1234 1326 res
1259 1278 1382 1325 sunt
1399 1267 1721 1324 conscientia

142 1374 201 1419 et
247 1364 406 1418 fama.
450 1364 785 1419 Conscientia
834 1364 960 1426 tibi,
1007 1361 1147 1416 fama
1195 1360 1438 1430 proximo
1481 1369 1588 1413 tuo.
1620 1358 1721 1424 Qui

146 1455 318 1509 fidens
345 1453 680 1508 conscientia:
709 1469 820 1507 suae
845 1452 1061 1522 negligit
1099 1450 1294 1506 famam
1329 1464 1500 1516 suam,
1529 1447 1721 1503 crude-

144 1545 212 1599 lis
255 1556 337 1600 est
369 1563 381 1598 :
415 1546 643 1600 maxime
685 1544 739 1598 in
784 1544 902 1598 loco
942 1545 1044 1598 isto
1086 1544 1309 1613 positus,
1347 1541 1415 1596 de
1453 1556 1559 1611 quo
1595 1540 1724 1594 dicit

143 1635 432 1704 Apostolus
472 1635 709 1689 scribens
746 1633 812 1688 ad
839 1633 1157 1703 discipulum
1185 1647 1359 1699 suum,
1383 1630 1527 1686 Circa
1552 1647 1723 1684 omnes

140 1735 190 1777 te
232 1727 397 1794 ipsum
440 1726 682 1780 bonorum
728 1741 935 1797 operum
985 1725 1210 1796 prabens
1251 1725 1532 1794 exemplum
1573 1721 1718 1797 (Tit.

139 1831 201 1882 ιι,
248 1819 348 1888 7).

215 1907 267 1960 ἓ.
324 1906 435 1960 Vita
464 1909 762 1974 communis,
791 1910 936 1978 cujus
961 1909 1246 1979 exemplum
1285 1909 1338 1962 in
1377 1908 1551 1978 primis
1587 1909 1722 1962 chri-

139 1999 340 2054 stianis.
369 1999 732 2054 Monasterium
752 2002 815 2055 ab
841 2001 1142 2072 Augustino,
1168 2001 1384 2071 primum
1407 2002 1461 2055 in
1487 2001 1653 2068 horto,
1675 2011 1727 2054 et

141 2101 258 2158 post
288 2093 342 2144 in
363 2093 604 2161 episcopii
629 2093 778 2145 domo
806 2093 1108 2146 institutum.
1134 2091 1202 2145 In
1229 2091 1337 2146 loco
1359 2091 1536 2145 humili
1560 2092 1718 2159 salus,

136 2183 194 2235 in
229 2185 332 2236 alto
369 2183 665 2254 periculum.
705 2183 819 2236 Vita
847 2184 1122 2237 communis
1155 2184 1208 2236 in
1242 2183 1563 2236 monasterio.
1592 2181 1726 2234 Pro-

138 2275 312 2344 prium
339 2275 532 2344 aliquid
559 2275 738 2328 habere
764 2290 1062 2344 quemquam
1082 2274 1194 2327 vita:
1217 2272 1356 2326 illius
1376 2274 1483 2343 lege
1501 2275 1721 2328 uetitum.

142 2364 215 2419 Ut
240 2381 367 2435 ergo
401 2382 504 2418 nou
536 2379 631 2420 vos
663 2364 754 2418 diu
783 2374 1011 2430 teneam,
1039 2363 1334 2433 prmsertim
1359 2364 1480 2432 quia
1509 2378 1608 2433 ego
1635 2380 1724 2417 se-

142 2455 282 2510 dens
311 2457 521 2524 loquor,
550 2459 646 2508 ves
673 2454 864 2508 stando
894 2453 1146 2510 laboratis
1171 2471 1186 2508 :
1211 2453 1379 2507 nostis
1402 2467 1608 2519 omnes,
1635 2463 1728 2508 aut

145 2563 288 2616 pene
329 2562 538 2614 omnes,
565 2547 642 2601 sic
667 2561 766 2601 nos
793 2546 974 2600 vivere
1013 2546 1069 2599 in
1097 2559 1160 2600 ea
1191 2544 1352 2599 domo
1378 2560 1495 2614 qua:
1530 2544 1727 2600 dicitur

140 2638 339 2692 domus
367 2636 621 2707 episc0pii
651 2637 690 2703 ⁸,
719 2645 808 2702 ut,
835 2644 1088 2705 quantum
1120 2649 1423 2704 possumus,
1455 2635 1726 2690 imitemur

140 2747 241 2788 eos
267 2741 500 2798 sanctos,
529 2732 596 2786 de
620 2731 810 2801 quibus
835 2731 1068 2801 loquitur
1093 2730 1229 2786 liber
1255 2731 1481 2785 Aetuum
1506 2730 1726 2799 Aposto-

140 2821 344 2888 lorum,
377 2821 539 2875 Nemo
568 2821 760 2875 dicebat
793 2820 987 2891 aliquid
1027 2823 1310 2891 praprium,
1339 2819 1428 2874 sed
1455 2829 1597 2873 eram
1625 2820 1727 2874 illis

141 2915 318 2966 omnia
345 2914 629 2967 communia
655 2913 790 2985 (Act.
821 2928 894 2980 tv,
923 2912 1037 2984 5:2).
1076 2913 1209 2980 Quia
1253 2912 1390 2967 forte
1431 2912 1592 2982 aliqui
1631 2925 1726 2964 ve-

142 3015 318 3060 strum
345 3019 450 3058 non
478 3012 602 3059 sunt
631 3013 738 3058 tam
772 3002 1053 3073 diligentes
1091 3004 1212 3057 vita:
1237 3010 1435 3057 nostra:
1463 3010 1727 3056 scrutato-

142 3109 261 3162 res,
290 3103 348 3151 ut
375 3096 478 3150 hoc
519 3096 597 3150 sic
635 3095 899 3160 noverint,
935 3094 1202 3165 quomodo
1240 3095 1362 3149 volo
1396 3109 1492 3149 vos
1531 3107 1725 3159 nosse;

140 3193 274 3248 dico
295 3191 419 3263 quid
439 3191 531 3257 sit,
554 3190 694 3261 quod
717 3189 944 3244 breviter
969 3189 1100 3243 dixi.
1127 3189 1259 3257 Ego,
1285 3201 1441 3257 quem
1470 3187 1579 3242 Deo
1608 3201 1730 3256 pro-

144 3284 284 3353 pitio
330 3283 518 3338 videtis
564 3281 876 3351 episcopum
921 3291 1194 3345 vestrmn,
1237 3279 1448 3348 juvenis
1495 3277 1615 3333 veni
1662 3278 1731 3333 ad

140 3375 306 3430 istam
332 3375 619 3439 civitatem,
653 3385 711 3428 ut
747 3372 898 3427 multi
935 3382 1171 3427 vestrum
1208 3379 1487 3425 noverunt.
1509 3372 1731 3437 Quaare-

141 3466 273 3520 bam
300 3465 388 3520 ubi
421 3465 805 3520 constituerem
841 3462 1242 3527 monasterium,
1268 3470 1322 3516 et
1345 3461 1577 3516 viverem
1609 3476 1730 3516 cum

141 3556 404 3611 fratribus
428 3556 584 3611 meis.
609 3553 770 3624 Spem
803 3554 1000 3625 quippe
1036 3568 1250 3608 omnem
1289 3553 1470 3608 saeculi
1505 3554 1734 3626 relique-

142 3661 290 3712 ram,
319 3655 374 3700 et
405 3643 546 3715 quod
571 3658 693 3700 esse
718 3644 884 3714 potui,
907 3657 1034 3712 esse,
1055 3642 1200 3697 nolui
1225 3660 1238 3697 :
1264 3658 1364 3699 nec
1386 3651 1564 3698 tamen
1591 3659 1736 3714 qua:-

141 3736 248 3790 sivi
293 3749 413 3790 esse
451 3734 591 3805 quod
631 3749 771 3789 sum.
809 3733 956 3805 Elegi
997 3733 1051 3786 in
1092 3733 1240 3786 domo
1269 3731 1364 3787 Dei
1389 3733 1488 3787 mei
1510 3734 1733 3805 abjectus

140 3841 276 3889 esse,
304 3824 466 3895 magis
497 3839 651 3896 quam
694 3822 920 3877 habitare
957 3823 1012 3876 in
1055 3821 1390 3878 tabernaculis
1415 3833 1734 3893 peccatorum

147 3916 326 3989 (Psal.
351 3930 567 3980 Lxxxut,
587 3913 702 3985 ll).
726 3914 809 3969 Ab
827 3914 906 3969 eis
926 3914 1015 3984 qui
1030 3913 1737 3983 diliguutsteculum,segre-

140 4007 269 4078 gavi
306 4019 392 4060 me
417 4021 431 4058 :
452 4004 547 4061 sed
575 4004 654 4059 eis
677 4003 768 4074 qui
804 4010 1038 4072 praesunt
1071 4002 1309 4072 populis,
1341 4016 1446 4057 non
1483 4017 1570 4057 me
1595 4017 1736 4057 coze-

143 4097 330 4168 quavi.
357 4094 469 4151 Nec
493 4096 545 4149 in
570 4093 813 4149 convivio
837 4092 1043 4146 Domini
1073 4092 1177 4147 mei
1207 4092 1534 4162 superiorem
1559 4093 1734 4147 locum

142 4193 320 4262 elegi,
354 4190 448 4245 sed
490 4189 793 4244 inferiorem
822 4197 876 4243 et
903 4186 1164 4258 abiectum
1191 4195 1279 4243 :et
1307 4187 1503 4258 placuit
1539 4188 1616 4242 illi
1653 4188 1737 4244 di-

145 4299 278 4341 cere
302 4282 452 4348 mihi,
477 4281 721 4335 Ascende
755 4295 988 4335 sursum.
1015 4279 1194 4350 Usque
1222 4279 1357 4335 adeo
1376 4290 1552 4338 autem
1581 4279 1734 4335 time-

147 4376 278 4431 bum
308 4375 688 4444 episcopatum,
721 4381 776 4426 ut
805 4372 1054 4442 quoniam
1085 4379 1322 4442 coeperat
1357 4387 1475 4428 esse
1503 4373 1614 4443 jam
1641 4373 1737 4428 ali-

147 4466 306 4536 cujus
347 4463 602 4518 momenti
649 4463 790 4517 iuter
827 4463 918 4517 Dei
967 4477 1150 4518 servos
1194 4463 1330 4516 fama
1373 4478 1516 4530 mea,
1547 4464 1599 4518 in
1630 4478 1737 4536 quo

150 4559 276 4613 loco
305 4555 536 4610 sciebam
567 4569 675 4609 non
709 4567 829 4609 esse
862 4553 1204 4624 episcopum,
1233 4569 1340 4608 non
1385 4553 1475 4608 illo
1516 4554 1738 4610 accede-

150 4664 294 4706 rem.
323 4647 584 4704 Cavebam
615 4645 736 4712 hoc,
773 4655 828 4702 et
863 4649 1085 4716 agebam
1111 4655 1363 4717 quantum
1393 4655 1653 4717 poteram,
1680 4655 1739 4702 ut

150 4743 209 4796 in
241 4742 360 4796 loco
384 4741 572 4796 humili
610 4739 866 4807 salvarer,
897 4754 965 4794 ne
1004 4739 1059 4793 in
1096 4739 1204 4794 alto
1230 4740 1579 4810 periclitarer.
1607 4740 1734 4807 Sed,

151 4845 216 4891 ut
241 4833 374 4899 dixi,
397 4833 615 4888 domino
642 4846 831 4887 servus
862 4830 1226 4885 contradicere
1261 4845 1365 4886 non
1398 4831 1575 4886 debet.
1609 4831 1738 4886 Veni

153 4925 223 4982 ad
257 4926 412 4979 istam
452 4924 718 4978 civitatem
750 4930 967 4993 propter
991 4920 1274 4975 videndum
1304 4922 1554 4988 amicum,
1579 4938 1739 4992 quem

153 5015 408 5087 putabam
441 5029 528 5069 me
556 5013 750 5068 lucrari
782 5026 941 5082 posse
964 5010 1094 5075 Deo,
1120 5018 1180 5064 ut
1212 5010 1485 5066 nobiscum
1514 5024 1658 5069 esset
1687 5014 1738 5070 in

156 5088 524 5172 monasterio;
553 5106 704 5175 quasi
747 5117 996 5170 securus,
1025 5103 1147 5173 quia
1191 5102 1339 5157 locus
1369 5103 1596 5159 habebat
1623 5105 1740 5176 epi-

158 5214 408 5268 scopum.
439 5197 838 5266 Apprehensus,
876 5194 1154 5266 presbyter
1188 5193 1357 5248 factus
1391 5210 1532 5261 sum,
1561 5205 1616 5250 et
1651 5212 1744 5265 per

166 5291 311 5344 hunc
331 5289 551 5360 gradum
583 5287 799 5358 perveni
829 5285 895 5340 ad
924 5286 1308 5355 episcopatum.
1336 5283 1449 5338 Non
1476 5287 1624 5340 attuli
1649 5289 1745 5340 ali-

162 5381 316 5452 quid,
342 5396 447 5435 non
475 5379 596 5436 veni
621 5379 686 5432 ad
715 5379 853 5433 hanc
878 5377 1191 5441 Ecclesiam,
1223 5375 1326 5430 nisi
1350 5390 1470 5430 cum
1505 5377 1566 5430 iis
1594 5376 1745 5432 indu-

167 5473 365 5529 mentis
406 5471 599 5542 quibus
644 5469 735 5524 illo
781 5477 1022 5538 tempore
1062 5467 1348 5522 vestiebar.
1385 5466 1454 5521 Et
1489 5467 1611 5536 quia
1646 5467 1746 5522 hoc

230 5609 246 5639 ⁸
271 5605 412 5663 aditi,
431 5604 600 5654 domus
635 5598 862 5714 episcopi.
886 5607 944 5650 At
972 5600 1275 5673 Colbertinus
1304 5609 1418 5674 ante
1441 5601 1748 5664 octingentos

230 5680 316 5714 nos
335 5667 607 5714 timuimus
629 5663 662 5714 ιι
729 5677 755 5714 r
769 5663 937 5714 habet.
961 5662 1130 5714 domus
1150 5677 1392 5714 emsconu.

165 5680 316 5720 mnos
335 5662 607 5730 demptus
629 5662 755 5715 liber
769 5662 937 5726 habet,
961 5662 1130 5716 domus
1150 5664 1392 5728 episcopii.

1549 258 1781 319 SERLIO
1815 256 2056 316 CCCLV.

3279 267 3418 325 {570

1836 370 2204 441 disponebam,
2236 372 2288 428 in
2324 373 2646 430 monasterio
2673 389 2795 433 esse
2820 389 2942 434 cum
2970 370 3220 428 fratribus
3242 371 3286 440 ‘,
3314 387 3411 430 eo-

1835 462 1984 530 guito
2017 461 2256 516 instituto
2289 471 2344 517 et
2373 463 2642 520 voluntate
2668 480 2808 532 mea,
2833 465 3003 522 beaue
3023 462 3295 522 memoria
3321 479 3410 521 so-

1837 567 1940 606 nex
1973 551 2214 608 Valerius
2253 553 2402 609 dedit
2444 556 2573 610 mihi
2605 556 2812 612 hortum
2843 557 3022 625 illum,
3054 560 3106 614 in
3132 570 3241 628 quo
3267 571 3409 614 nunc

1835 651 1916 697 est
1936 643 2337 698 monasterium.
2351 643 2502 715 Carpi
2517 645 2641 702 boni
2658 647 2912 717 propositi
2929 648 3118 703 fratres
3135 648 3406 718 colligere,

1834 748 2115 804 compares
2143 750 2313 803 meos,
2345 736 2478 791 nihil
2510 738 2786 804 habentes,
2814 739 2951 794 sicut
2975 740 3102 795 nihil
3129 740 3407 806 habebam,

1834 831 1888 878 et
1925 824 2196 880 imitantes
2232 841 2318 886 me
2343 844 2356 881 :
2380 835 2440 881 ut
2465 826 2733 897 quomodo
2765 843 2864 899 ego
2893 817 3414 900 tenuem'pauperta-

1835 915 1999 969 tulam
2037 931 2213 971 meam
2241 916 2455 972 vendidi
2482 925 2538 972 et
2566 917 2885 988 pauperibus
2905 919 3138 988 erogavi,
3158 921 3237 975 sic
3263 919 3408 974 face-

1832 1015 1948 1061 rent
1976 1016 2030 1062 et
2055 1008 2130 1062 illi
2153 1009 2242 1079 qui
2262 1024 2472 1064 mecum
2493 1024 2612 1065 esse
2632 1011 2942 1078 voluissent,
2969 1022 3026 1067 ut
3047 1012 3114 1068 de
3136 1015 3408 1069 communi

1833 1097 2168 1164 viveremus;
2196 1114 2482 1155 commune
2515 1109 2690 1156 autem
2725 1102 2877 1156 nobis
2903 1113 3044 1158 esset
3072 1118 3318 1174 maguum
3355 1113 3411 1160 et

1830 1187 2156 1244 uberrimum
2183 1191 2440 1260 prazdium
2471 1192 2584 1261 ipse
2609 1192 2770 1246 Deus.
2794 1193 3015 1248 Perveni
3043 1194 3110 1248 ad
3137 1196 3411 1265 episcopa-

1833 1287 1942 1331 tum
1974 1295 1987 1332 :
2016 1279 2121 1333 vidi
2150 1295 2371 1337 necesse
2398 1281 2596 1336 habere
2619 1282 2924 1351 episcopum
2949 1284 3200 1339 exhibere
3223 1289 3410 1338 huma-

1829 1367 2049 1446 nitatem
2090 1370 2358 1426 assiduam
2389 1372 2686 1442 quibusque
2720 1374 3052 1428 venientibus
3077 1375 3190 1429 sive
3235 1385 3410 1431 trans-

1830 1460 2262 1532 euntibus:quod
2288 1464 2334 1518 si
2361 1477 2467 1518 non
2496 1463 2712 1520 fecisset
2759 1466 3060 1536 episcopus,
3087 1466 3408 1523 inhumanus

1828 1547 2114 1606 diceretur.
2148 1552 2204 1609 Si
2241 1561 2420 1608 autem
2468 1555 2568 1608 ista
2609 1555 2938 1610 consuetudo
2986 1557 3039 1610 in
3084 1558 3407 1613 monasterio

1829 1641 2088 1708 permissa
2111 1650 2256 1697 esset
2277 1645 2323 1709 ',
2347 1643 2601 1700 indecens
2626 1653 2787 1700 esset.
2812 1646 2879 1700 Et
2905 1645 3023 1700 ideo
3047 1646 3186 1700 volui
3211 1645 3409 1702 habere

1829 1731 1882 1785 in
1926 1731 2024 1786 ista
2068 1731 2230 1788 domo
2272 1735 2528 1805 episcopii
2575 1751 2786 1791 mecum
2829 1739 3208 1792 monasterium
3251 1739 3408 1792 cleri-

1827 1835 2010 1876 eorum
2019 1861 2032 1874 .

1899 1911 2121 1969 CAPUT
2161 1914 2224 1969 ll.
2252 1945 2326 1956 —
2354 1917 2493 1973 Ecce
2526 1917 2795 1987 quomodo
2824 1918 3077 1974 vivimus.
3104 1918 3243 1974 Nulli
3284 1919 3409 1975 licet

1828 2001 1881 2056 in
1931 2003 2186 2058 societate
2229 2016 2410 2060 nostra
2457 2006 2652 2061 habere
2691 2006 2890 2076 aliquid
2937 2010 3210 2078 proprium
3252 2025 3268 2062 :
3309 2009 3406 2064 sed

1828 2093 1966 2148 forte
1993 2095 2152 2164 aliqui
2181 2095 2395 2150 habent.
2421 2097 2559 2152 Nulli
2589 2099 2711 2153 licet
2739 2116 2752 2152 :
2781 2100 2823 2153 si
2848 2101 2937 2170 qui
2967 2100 3182 2165 habent,
3209 2101 3410 2157 faciunt

1829 2185 1969 2252 quod
1999 2200 2105 2240 non
2138 2187 2281 2242 licet.
2306 2187 2450 2242 Bene
2474 2197 2650 2243 autem
2676 2189 2849 2244 sentio
2877 2189 2945 2244 de
2972 2189 3221 2246 fratribus
3247 2193 3404 2259 meis,

1829 2282 1884 2329 et
1919 2290 2131 2344 semper
2158 2277 2295 2332 bene
2321 2277 2546 2334 credens
2570 2279 2638 2333 ab
2667 2279 2767 2334 hac
2796 2281 3137 2350 inquisitione
3161 2283 3408 2338 dissimu-

1829 2363 1931 2418 lavi
1963 2382 1975 2418 :
2003 2367 2124 2436 quia
2153 2377 2207 2421 et
2243 2368 2342 2421 ista
2369 2384 2631 2438 quaerere,
2667 2371 2818 2440 quasi
2862 2373 3001 2427 male
3043 2376 3240 2430 sentire
3277 2377 3409 2432 mihi

1833 2454 2130 2510 videbatur.
2154 2457 2414 2512 Noveram
2439 2461 2603 2525 enim,
2630 2469 2686 2515 et
2711 2462 2834 2516 novi
2862 2479 3070 2530 omnes,
3093 2467 3180 2536 qui
3201 2482 3410 2523 mecum

1833 2544 2103 2612 viverent,
2148 2561 2307 2603 nosse
2353 2550 2680 2618 propositum
2721 2561 2990 2619 nostrum,
3034 2570 3192 2612 nosse
3237 2558 3409 2628 legem

1831 2635 1952 2688 vitae
1978 2645 2193 2691 nostra).

1905 2725 1957 2778 ὅ.
1997 2723 2278 2782 Januarius
2316 2727 2572 2800 presbyter
2609 2732 2870 2802 proprium
2910 2744 3086 2790 contra
3123 2741 3414 2794 monasterii
3464 2781 3472 2787 ρ

1835 2814 1992 2884 legem
2021 2816 2245 2870 retinuit.
2276 2817 2650 2874 Testamentum
2689 2824 2825 2893 fecit.
2854 2823 3215 2882 Hmcditatem
3251 2829 3416 2900 ipsius

1833 2919 1926 2970 pro
1970 2904 2192 2959 Ecclesia
2231 2910 2484 2980 suscipere
2517 2925 2620 2965 non
2659 2914 2767 2967 vult
2800 2915 3132 2986 Augustinus.
3161 2917 3247 2974 Lis
3286 2919 3416 2975 inter
3475 2945 3477 2947 ί

1832 2990 2073 3046 Januarii
2099 2995 2236 3064 ﬁlios
2264 2997 2329 3051 de
2353 3000 2462 3069 ejus
2489 2998 2800 3057 haereditate.
2827 3003 2988 3060 Venit
3021 3007 3088 3061 ad
3122 3023 3219 3062 nos
3253 3011 3415 3065 etiam

1833 3083 2114 3154 presbyter
2140 3083 2450 3154 Januarius,
2488 3091 2578 3158 qui
2605 3091 2886 3148 videbatur
2921 3111 3016 3150 sua
3047 3097 3269 3155 honeste
3297 3115 3418 3156 ero-

1833 3172 2006 3242 gando
2027 3173 2176 3244 quasi
2202 3179 2617 3248 consumpsisse,
2641 3182 2736 3236 sed
2765 3198 2871 3237 non
2891 3190 3221 3257 consumpsit
3245 3188 3287 3243 ³.
3311 3190 3418 3246 Re-

1839 3263 2038 3318 mansit
2067 3265 2140 3319 illi
2170 3267 2411 3336 quaedam
2441 3271 2681 3338 pecunia,
2723 3271 2777 3326 id
2811 3282 2913 3339 est,
2943 3286 3245 3346 argentum,
3275 3281 3417 3350 quod

1837 3351 2042 3409 diceret
2077 3369 2198 3409 esse
2245 3356 2370 3412 ﬁliae
2406 3372 2536 3414 sute.
2566 3359 2701 3416 Filia
2729 3360 2915 3430 ipsius,
2944 3364 3054 3420 Deo
3090 3368 3338 3436 prepitio,
3365 3369 3418 3424 in

1835 3444 2162 3500 monasterio
2203 3445 2547 3515 feminarum,
2583 3459 2638 3504 et
2676 3450 2830 3506 bona:
2864 3454 2979 3523 spei
3017 3464 3118 3510 est.
3148 3457 3421 3515 Gubernet

1837 3531 1984 3585 illam
2017 3533 2293 3599 Dominus,
2330 3544 2389 3590 ut
2424 3537 2640 3606 impleat
2665 3555 2785 3608 qua:
2818 3540 2886 3596 de
2913 3543 3000 3596 illa
3040 3559 3337 3614 speramus,
3364 3549 3420 3604 in

1838 3617 1981 3675 illius
2011 3622 2394 3690 misericordia,
2424 3640 2532 3680 non
2562 3627 2614 3681 in
2646 3628 2762 3699 ejus
2784 3631 3007 3686 meritis.
3038 3632 3102 3688 Et
3131 3635 3252 3704 quia
3284 3636 3420 3693 infra

1838 3722 2010 3763 annos
2036 3719 2170 3777 erat,
2216 3719 2272 3766 et
2313 3712 2381 3767 de
2420 3727 2515 3768 sua
2555 3717 2778 3784 pecunia
2822 3717 2953 3772 nihil
2999 3718 3176 3778 facere
3215 3733 3424 3793 poterat

1841 3798 2105 3871 (quamvis
2139 3802 2280 3856 enim
2307 3803 2610 3860 videremus
2649 3805 2910 3877 fulgorem
2946 3810 3309 3880 professionis,
3337 3825 3422 3871 ta-

1838 3903 1962 3944 men
2013 3889 2276 3946 lubricum
2330 3893 2646 3951 timebamus
2693 3897 2943 3971 aetatis);
2988 3900 3183 3958 factum
3233 3915 3317 3962 est
3367 3915 3424 3962 ut

1840 3978 2012 4049 ipsum
2043 3991 2322 4053 argentum
2357 3987 2505 4056 quasi
2548 3987 2737 4056 puellae
2776 4002 3099 4062 servaretur,
3123 4004 3180 4050 ut
3203 4013 3323 4053 cum
3355 3999 3424 4055 ad
3485 4020 3489 4024 ·

1839 4073 2109 4145 legitimos
2151 4092 2321 4132 annos
2359 4080 2586 4148 veniret,
2617 4080 2815 4138 faceret
2844 4083 2966 4140 inde
2994 4087 3135 4157 quod
3160 4090 3418 4161 virginem

1839 4165 2036 4220 Christi
2083 4165 2318 4234 deceret,
2358 4170 2572 4238 quando
2615 4173 2818 4242 optime
2855 4173 2964 4242 jam
3007 4176 3180 4234 facere
3216 4190 3418 4249 posset.

1841 4254 1976 4310 Dum
1999 4255 2115 4311 hazc
2134 4267 2528 4327 exspectantur,
2554 4262 2717 4332 erepit
2740 4263 2830 4318 ille
2849 4267 3006 4319 morti
3031 4269 3385 4339 propinquare
3405 4290 3418 4327 :

1843 4348 1934 4420 qui
1955 4348 2045 4403 diu
2073 4358 2322 4420 tanquam
2345 4349 2412 4404 de
2438 4366 2536 4405 suo
2551 4350 2592 4413 ‘,
2611 4352 2796 4421 jurans
2815 4355 2936 4424 quia
2966 4355 3130 4426 ipsius
3155 4369 3288 4427 erat,
3312 4375 3418 4416 non

1843 4437 1982 4504 ﬁlim,
2013 4447 2386 4494 testamentum
2413 4439 2556 4494 fecit.
2581 4441 3002 4513 Testamentum,
3033 4445 3270 4517 inquam,
3296 4449 3420 4507 fecit

1842 4530 2122 4602 presbyter
2146 4541 2200 4587 et
2221 4532 2400 4588 socius
2426 4542 2627 4598 noster,
2653 4534 2930 4591 nobiseum
2962 4553 3202 4606 manens,
3229 4540 3296 4596 de
3321 4542 3423 4597 Ec-

1842 4621 2002 4676 clesia
2032 4623 2237 4688 vivens,
2266 4637 2602 4678 communem
2630 4626 2788 4680 vitam
2819 4629 3106 4696 proﬁtens;
3137 4640 3426 4693 testamen-

1846 4720 1956 4767 tum
1987 4711 2130 4779 fecit,
2155 4712 2396 4767 hazredes
2421 4714 2670 4768 instituit.
2694 4713 2738 4771 0
2760 4715 2916 4771 dolor
2943 4719 3083 4774 illius
3120 4720 3422 4780 societatis!

1845 4817 1879 4858 o
1903 4802 2105 4858 fructus
2132 4813 2305 4870 natus,
2335 4819 2441 4859 non
2470 4803 2538 4860 de
2565 4806 2756 4862 arbore
2785 4823 2941 4878 quam
2968 4810 3222 4879 plantavit
3243 4813 3425 4871 Domi-

1883 4997 1925 5074 ,ξ
1949 4994 2957 5074 ἓὶίὶὲξε;ιεὲηλεὶιίξξιέρεξξξςεφυοίιίιιξηο
2972 5069 2982 5074 -
2997 5009 3053 5074 At
3077 5004 3214 5067 editi.
3236 5013 3295 5060 ει
3316 5013 3426 5074 quia

1845 5053 1929 5128 hic
1947 5054 2258 5128 disponebam
2277 5053 2441 5128 essein
2457 5059 2740 5128 monasterio
2763 5074 2872 5110 cum
2885 5061 3134 5128 fratribus.

2211 5117 2498 5192 mgnaster'io
2519 5117 2843 5192 naissqesset.
2885 5117 2961 5172 Sic
3003 5127 3146 5192 etiam
3170 5141 3219 5177 ll]
3250 5134 3430 5192 squis-

1847 5179 2076 5252 granem-i
2115 5177 2342 5252 concilio”
2360 5180 2565 5252 ttiuiante
2603 5182 2845 5252 editionis.
2892 5193 2979 5252 A_n,
3019 5186 3221 5252 missu,_
3245 5177 3429 5252 ihi'pt‘,

1847 5236 1991 5286 situm
2007 5252 2113 5304 pro.
2123 5239 2298 5304 gndssa
2318 5236 2342 5288 ?
2364 5240 2440 5304 vel
2463 5241 2585 5304 forte
2609 5240 2890 5304 legendum,
2906 5245 2954 5295 in
2967 5236 3309 5300 ὴιωιὰὲιὲιῗίιλῆί
3319 5236 3432 5301 niis-

1846 5312 1920 5365 δᾳ,
1943 5298 2335 5365 υιῖςηθιιίςθιωυ,
2353 5303 2476 5365 siita
2498 5298 3047 5365 ﬁeretfiudecenslorc,
3074 5298 3168 5359 non
3193 5298 3432 5361 nionaste-

1848 5361 1940 5432 rio,
2077 5361 2318 5432 episcopo.
2355 5363 2475 5412 Dicit
2498 5376 2626 5432 sane
2661 5367 2726 5414 de
2766 5361 3116 5432 consuetudine
3138 5375 3431 5432 suscigiendi

1849 5420 2083 5494 hospites,
2101 5420 2211 5484 quae
2228 5420 2342 5472 tunc
2383 5426 2599 5494 nmxime
2617 5428 2662 5474 in
2687 5431 2989 5494 monasteriis
3013 5433 3191 5494 ubique
3216 5420 3431 5493 vigebat.

1850 5483 1971 5552 Vide
1987 5483 2345 5552 VltierOuymtup,
2373 5484 2566 5552 ξψοιοεζἶ
2588 5488 2633 5552 in
2654 5488 2799 5552 Ruﬁn.
2827 5489 2908 5538 lib.
2935 5492 2982 5546 5,
3008 5483 3178 5552 eapfl.

1915 5543 2509 5622 :‘ats‘slguodtﬁlebatur
2519 5543 2736 5622 'ltabere,
2764 5550 2955 5600 honeste
2973 5543 2979 5546 ⁷
2995 5543 3252 5615 eroganda,
3287 5550 3433 5622 quasi

1852 5611 2161 5670 consumpsit,
2180 5613 2330 5670 etnon
2348 5611 2650 5670 consumpsit.

1916 5664 1938 5697 ⁵
1960 5665 2033 5715 Sic
2052 5664 2158 5717 Mss.
2185 5668 2299 5719 Editi
2325 5682 2460 5729 vero,
2479 5664 2702 5733 tanquam
2717 5671 2777 5720 dc
2797 5679 2883 5718 suo.
2897 5681 3075 5721 utrm,
