3968 6452
561 219 687 274 1571

555 327 818 382 nusTSed
849 325 1136 382 Ecclesiam
1172 330 1384 398 scripsit
1419 331 1710 385 hacredem?
1731 331 1863 385 Nolo
1893 345 2119 386 munera

555 417 678 481 ista,
707 429 810 473 non
843 434 969 472 amo
1002 418 1367 473 amaritudinis
1405 419 1630 484 fructum
1693 422 1799 486 Ege
1829 422 1974 475 illum
2013 423 2117 476 Deo

555 509 876 578 quierebam,
913 510 1213 564 societatem
1251 508 1522 577 professus
1556 519 1688 574 erat,
1729 511 1866 566 hanc
1895 521 2116 576 teneret,

556 600 689 652 hanc
718 599 1006 663 exhiberet,
1035 598 1158 650 nihil
1180 599 1416 663 haberet,
1439 609 1812 656 testamentum
1845 617 1947 656 non
1983 602 2122 656 face-

555 697 655 741 ret.
685 688 915 742 Habebat
953 687 1310 755 aliquid?nen
1355 703 1413 743 se
1457 699 1692 743 uestrum
1735 693 1934 745 socium
1971 692 2119 761 quasi

557 781 649 834 Dei
693 796 971 849 pauperem
1005 781 1244 851 fingeret.
1269 783 1483 852 Magnus
1519 786 1640 840 inde
1669 788 1800 840 mihi
1836 789 1986 841 dolor
2017 797 2117 852 est,

553 871 758 923 fratres.
787 871 913 923 Dico
936 872 1192 927 Charitati
1229 882 1436 936 vestrm,
1471 887 1688 944 propter
1711 877 1852 931 hunc
1880 878 2120 933 dolorem

552 960 708 1011 statui
738 958 1100 1015 hrcreditatem
1132 962 1296 1030 ipsam
1331 965 1380 1016 in
1409 965 1642 1020 Ecclesia
1684 983 1789 1022 non
1827 970 2115 1037 suscipere.

549 1048 804 1104 Filiorum
853 1053 1015 1119 ipsius
1054 1054 1123 1107 sit
1161 1055 1302 1123 quod
1346 1057 1574 1126 reliquit.
1621 1059 1717 1128 ipsi
1759 1059 1881 1126 inde
1925 1059 2120 1114 faciant.

547 1142 684 1208 quod
711 1144 990 1196 voluerint.
1019 1145 1234 1200 Videtur
1260 1149 1398 1202 enim
1426 1151 1553 1204 mihi
1581 1154 1699 1220 quia
1726 1155 1770 1208 si
1795 1169 1908 1207 eam
1939 1169 2118 1208 susce-

548 1244 698 1297 pere,
734 1232 784 1284 in
817 1232 918 1286 isto
944 1233 1102 1298 facto,
1126 1237 1264 1305 quod
1292 1239 1419 1291 mihi
1447 1239 1680 1308 displicet
1704 1253 1756 1297 et
1775 1245 1912 1312 quod
1929 1245 2114 1307 .dnleo,

545 1319 660 1387 ejus
701 1323 960 1390 particeps
999 1338 1112 1379 ero.
1141 1325 1250 1380 Hoc
1277 1328 1416 1382 volui
1452 1343 1554 1383 non
1603 1332 1766 1388 latere
1793 1332 2114 1387 Charitatem

545 1419 794 1464 vestram.
831 1413 961 1466 Filia
1003 1415 1164 1482 ipsius
1200 1417 1250 1469 in
1290 1421 1612 1475 monasterio
1654 1422 1964 1477 feminarum
1995 1433 2110 1477 est:

545 1498 686 1552 filius
713 1500 874 1569 ipsius
899 1503 949 1556 in
977 1508 1298 1563 monasterio
1327 1509 1561 1565 virorum
1585 1521 1686 1566 est.
1714 1513 1912 1566 Ambos
1939 1513 2115 1567 exine-

544 1589 747 1644 redavit
771 1609 783 1644 :
809 1592 949 1645 illam
993 1609 1111 1648 cum
1157 1597 1330 1663 laude,
1373 1601 1530 1654 istum
1557 1616 1675 1656 cum
1707 1603 1896 1671 elogio,
1929 1604 1976 1657 id
2008 1613 2108 1671 est,

542 1696 662 1736 cum
691 1684 1095 1752 vituperatione.
1134 1687 1504 1746 Cemmendavi
1531 1693 1548 1722 ¹
1569 1703 1742 1747 autem
1771 1694 2022 1748 Ecclesia:
2055 1703 2113 1749 ut

542 1787 646 1824 non
693 1775 952 1842 accipiant
995 1777 1133 1841 ipsas
1177 1781 1556 1846 portiunculas,
1588 1799 1704 1850 qua:
1741 1785 2006 1852 pertinent
2043 1785 2111 1838 ad

540 1862 923 1927 ethredatos,
949 1866 1050 1920 nisi
1077 1882 1195 1922 cum
1223 1869 1288 1922 ad
1315 1870 1597 1937 legitimam
1621 1881 1827 1926 aetatem
1854 1889 2111 1940 pervene-

540 1952 664 2004 rint.
701 1953 812 2006 Hoc
840 1954 916 2006 eis
944 1966 1179 2010 reservat
1207 1958 1464 2012 Ecclesia.
1494 1961 1692 2015 Deinde
1723 1961 1872 2016 litem
1911 1963 2110 2018 dimisit

541 2040 678 2094 inter
715 2041 848 2096 filios
887 2059 1034 2109 suos,
1075 2046 1126 2098 in
1172 2063 1271 2115 qna
1313 2049 1513 2103 laboro.
1543 2051 1720 2105 Puella
1747 2052 1910 2106 dicit:
1935 2055 2105 2108 Meum

537 2140 639 2196 est,
673 2133 837 2185 nostis
867 2135 984 2202 quia
1018 2134 1118 2190 hoc
1137 2137 1344 2191 dicebat
1368 2154 1578 2208 semper
1604 2151 1752 2208 pater
1781 2157 1951 2200 meus.
1972 2143 2108 2196 Puer

538 2220 702 2275 dicit:
728 2222 983 2277 Credalur
1013 2227 1144 2294 patri
1184 2243 1323 2293 meo,
1353 2230 1470 2296 quia
1504 2231 1736 2286 moriens
1762 2233 1972 2286 mentiri
2001 2249 2106 2287 non

534 2311 722 2378 potuit.
765 2311 831 2364 Et
875 2313 970 2367 ista
1012 2317 1279 2369 contentio
1320 2319 1475 2386 quale
1515 2320 1713 2373 malum
1758 2321 1874 2375 est?
1912 2322 2013 2376 Sed
2059 2324 2104 2377 si

534 2405 680 2469 pueri
725 2404 808 2458 isti
851 2407 988 2460 servi
1037 2409 1125 2463 Dei
1163 2421 1309 2476 sunt,
1337 2412 1481 2466 litem
1515 2413 1652 2469 hanc
1691 2416 1829 2470 inter
1859 2418 1976 2471 illos
2000 2419 2104 2472 cito

533 2490 768 2547 ﬁnimus.
798 2497 968 2550 Audio
999 2498 1119 2552 illos
1148 2508 1208 2553 ut
1238 2511 1403 2568 pater,
1445 2511 1500 2558 et
1545 2505 1678 2559 forte
1718 2507 1905 2560 melius
1946 2523 2104 2577 quam

533 2591 682 2646 pater
722 2583 974 2651 ipsarum.
1001 2586 1203 2641 Videbo
1233 2591 1354 2657 quid
1386 2592 1629 2660 sitjuris,
1667 2595 1803 2648 sicut
1839 2597 1974 2650 Deus
2007 2614 2102 2650 ve-

535 2669 722 2736 lnerit,
751 2688 869 2726 cum
905 2676 1082 2742 paucis
1115 2675 1364 2732 fratribus
1397 2679 1640 2734 fidelibus
1672 2683 1962 2750 honoratis,
1993 2685 2102 2740 Deo

533 2759 779 2827 propitio,
827 2762 891 2816 de
940 2779 1160 2820 numero
1203 2775 1399 2833 vestro,
1445 2768 1498 2821 id
1539 2778 1640 2836 est,
1683 2770 1748 2825 de
1787 2772 1938 2840 plebe
1981 2773 2099 2828 ista.

533 2847 706 2902 Audio
738 2851 874 2906 inter
903 2853 1024 2910 illos
1051 2870 1302 2922 causam;
1329 2865 1382 2912 et
1408 2859 1545 2914 sicut
1575 2860 1828 2917 Dominus
1859 2863 2101 2919 donave-

529 2937 627 3004 rit,
657 2937 802 2992 finio.

597 3029 649 3081 4.
697 3028 1052 3086 [hereditatem
1093 3035 1409 3104 cujusquam,
1449 3038 1781 3093 exharedatis
1818 3041 1958 3107 ﬁliis,
1999 3058 2100 3096 non

525 3119 730 3186 suscipit
751 3119 1078 3191 Augustinus.
1105 3124 1305 3179 Tamen
1333 3143 1460 3196 rogo
1487 3143 1601 3190 vos,
1633 3145 1793 3184 nemo
1817 3147 1902 3185 me
1926 3147 2102 3200 repre-

528 3207 740 3271 hendat,
771 3211 890 3278 Quia
930 3212 1044 3280 ejus
1080 3213 1439 3270 luereditatem
1476 3219 1598 3272 nolo
1627 3221 1880 3289 suscipiat
1912 3222 2098 3277 Eccle-

527 3299 624 3349 sia.
659 3300 856 3364 l’rimo,
891 3302 1010 3370 quia
1046 3303 1235 3357 factum
1264 3306 1402 3360 illius
1425 3306 1662 3362 detestor
1693 3326 1707 3363 :
1737 3309 1948 3376 deinde,
1976 3311 2099 3381 quia

529 3385 822 3441 institutum
870 3407 1044 3445 meum
1094 3403 1192 3446 est.
1238 3395 1380 3449 Multi
1425 3397 1638 3451 laudant
1679 3399 1818 3468 quod
1863 3400 2099 3458 dicturus

527 3492 662 3542 sum,
685 3479 776 3532 sed
800 3481 958 3547 aliqui
983 3491 1031 3534 et
1060 3484 1473 3552 reprehendunt.
1501 3486 1748 3557 Utrisque
1774 3487 1948 3544 facere
1969 3493 2097 3546 satis

527 3569 674 3622 valde
702 3569 914 3624 difﬁcile
942 3584 1042 3625 est.

592 3659 816 3715 CAPL’T
856 3662 940 3716 lll.
964 3693 1036 3702 —
1061 3665 1295 3719 Audistis
1317 3667 1476 3722 modo
1501 3685 1620 3723 cum
1646 3670 1990 3742 Evangelium
2017 3675 2095 3730 le-

522 3760 753 3818 geretur,
780 3752 1099 3807 Cantavimus
1127 3757 1282 3824 vobis,
1303 3768 1346 3810 et
1374 3776 1474 3812 non
1501 3762 1755 3826 saltastis;
1782 3763 2091 3833 planximus,

521 3851 567 3893 et
595 3858 694 3895 non
723 3841 938 3897 luxistis.
966 3842 1108 3897 Venit
1137 3844 1360 3900 Joannes
1388 3865 1486 3901 non
1513 3851 1823 3905 manducans
1843 3871 1997 3923 neque
2022 3856 2097 3909 bi-

522 3931 660 3996 bens,
691 3940 736 3985 et
767 3933 956 3998 dicunt,
983 3933 1300 3989 Daztnonium
1331 3938 1473 3991 habet
1497 3955 1514 3992 :
1535 3942 1663 3994 venit
1685 3941 1852 3996 Filius
1879 3946 2094 4003 hominis

522 4021 833 4074 manducans
861 4032 906 4074 et
932 4023 1120 4088 bibens,
1159 4035 1206 4078 et
1234 4026 1424 4090 dicunt,
1463 4028 1592 4082 Ecce
1621 4032 1768 4085 Iconio
1797 4049 1969 4099 vorax,
2001 4053 2093 4105 po-

517 4118 651 4163 tator
676 4109 805 4172 vini,
837 4120 882 4163 et
909 4113 1096 4165 amicus
1125 4115 1501 4182 publicanorum
1531 4117 1741 4188 (Matt/1.
1771 4137 1844 4186 xl,
1880 4124 2087 4195 17-19).

519 4195 654 4264 Quid
681 4213 778 4268 ego
807 4198 937 4254 facie
968 4201 1104 4254 inter
1132 4202 1272 4269 illos,
1298 4203 1386 4272 qui
1414 4215 1597 4273 parant
1623 4223 1708 4262 me
1736 4209 2092 4278 reprehende-

520 4305 600 4356 re,
626 4299 680 4344 et
713 4291 900 4346 dentes
942 4293 992 4345 in
1022 4309 1107 4348 me
1133 4293 1343 4356 ducere,
1373 4296 1415 4350 si
1445 4311 1728 4366 suscepere
1755 4301 2091 4360 haereditatcs

519 4395 703 4434 eorum
746 4380 834 4450 qui
875 4381 1008 4435 filios
1046 4396 1171 4436 suos
1198 4384 1315 4436 irati
1345 4385 1721 4442 exhzeredant?
1740 4387 1934 4446 Iterum
1965 4393 2089 4462 quid

520 4485 638 4525 sum
670 4470 903 4525 facturus
929 4472 1006 4526 eis
1035 4474 1224 4542 quibus
1253 4484 1429 4542 canto,
1461 4485 1514 4531 et
1541 4478 1724 4533 nolunt
1754 4481 1979 4536 saltare?
2000 4485 2088 4553 qui

518 4562 722 4628 dictint,
756 4562 892 4616 Ecce
919 4578 1081 4632 quare
1110 4579 1266 4619 nemo
1294 4565 1456 4620 donat
1483 4567 1734 4622 Ecclesiae
1763 4570 2086 4640 Hipponensi

514 4652 711 4721 aliquid
737 4669 748 4703 :
773 4666 895 4706 ecce
926 4668 1088 4722 quare
1125 4668 1227 4707 non
1274 4670 1389 4709 eam
1432 4655 1633 4711 faciunt
1666 4659 1753 4728 qui
1791 4662 2088 4718 moriuntur

517 4740 814 4804 heri-edem;
843 4742 964 4812 quia
997 4742 1275 4812 episcopus
1303 4746 1626 4815 Augustinus
1645 4749 1711 4804 de
1734 4750 1970 4808 bonitate
1993 4768 2086 4810 sua

516 4835 800 4902 (laudando
839 4836 980 4889 enim
1025 4836 1288 4903 mordent,
1320 4837 1472 4892 labiis
1509 4841 1758 4907 mulcent,
1788 4842 2000 4898 dentem
2028 4845 2087 4898 li-

518 4923 666 4991 gant)
694 4924 854 4976 donat
885 4933 1073 4992 totum,
1100 4941 1202 4978 non
1232 4928 1470 4997 suscipit.
1499 4930 1658 4985 Plane
1681 4933 1931 5002 suscipio,
1961 4950 2084 5004 pro-

516 5015 669 5068 fiteor
697 5031 780 5069 me
809 5019 1076 5086 suscipere
1106 5018 1399 5074 oblationes
1429 5022 1613 5088 bonas,
1639 5023 1936 5080 oblationes
1960 5041 2088 5081 sano

515 5116 647 5159 ctas.
673 5104 726 5159 Si
750 5107 866 5174 quis
883 5117 1055 5160 autem
1081 5110 1324 5164 irascitur
1344 5111 1394 5164 in
1412 5111 1580 5166 tilium
1605 5129 1755 5168 suum
1778 5125 1831 5170 et
1853 5118 2086 5174 moriens

514 5194 818 5248 exlueredat
857 5211 999 5258 eum,
1036 5198 1078 5249 si
1111 5199 1330 5265 viveret,
1364 5217 1469 5256 non
1501 5218 1621 5258 eum
1653 5205 1954 5271 placarem?
1980 5224 2084 5264 non

513 5285 564 5338 ei
595 5284 758 5336 lilium
787 5299 937 5338 suum
972 5289 1315 5345 reconciliare
1345 5290 1632 5348 deberem?
1657 5293 1935 5362 Quomodo
1958 5313 2084 5369 ergo

515 5386 633 5427 cum
667 5373 773 5428 ﬁlio
795 5389 891 5428 suo
912 5375 1028 5431 velo
1056 5385 1112 5432 ut
1133 5377 1324 5434 habeat
1353 5396 1556 5452 pacem,
1580 5385 1731 5455 cujus
1757 5397 1952 5456 appeto
1976 5388 2086 5444 ha:-

519 5525 758 5632 nu'lgsmsh,
797 5529 1165 5580 conmdavit.
1205 5537 1344 5584 Forte
1374 5533 1575 5598 melius,
1614 5538 1875 5592 referendo
1911 5541 1970 5592 ad
2008 5549 2082 5594 Ja-

1785 222 1840 275 s.
1885 180 2238 278 .xueusrm
2279 221 2572 278 EPISCOPI

3664 245 3808 300 i572

2229 332 2540 387 reditatem?
2577 334 2681 389 Sed
2713 337 2885 405 plane,
2924 340 2972 394 si
3011 339 3167 397 faciat
3206 348 3343 416 quod
3381 363 3523 420 saepe
3555 352 3806 413 hortatus

2225 434 2376 502 sum;
2414 439 2577 479 unum
2625 426 2788 481 filium
2833 429 3010 498 habet,
3051 443 3196 502 putet
3230 438 3498 496 Christum
3527 445 3798 512 alterum;

2224 499 2358 568 duos
2401 513 2587 580 habet,
2636 527 2781 585 putet
2823 499 3090 576 Christum
3134 528 3374 594 tertium;
3401 531 3584 588 decem
3613 499 3795 600 habet:

2224 603 2486 657 Christum
2531 605 2864 662 undecimum
2909 609 3091 678 faciat,
3131 625 3182 669 et
3228 619 3476 688 suscipio.
3506 623 3635 689 Quia
3665 643 3804 695 ergo

2223 691 2320 747 feci
2368 695 2470 750 hoc
2516 697 2565 750 in
2606 699 2919 766 quibusdam
2952 705 3128 770 rebus,
3155 708 3264 776 jam
3291 712 3473 766 volunt
3504 691 3798 773 bonitate—In

2223 799 2394 840 meam
2427 786 2509 840 vel
2537 791 3048 847 commendationem
3088 796 3239 850 fama:
3264 816 3395 855 mea:
3425 803 3474 856 in
3507 806 3644 859 aliud
3676 823 3802 862 ver—

2225 880 2355 934 tere,
2385 884 2441 928 ut
2466 876 2574 931 alio
2606 879 2762 933 modo
2794 896 2878 935 me
2907 884 3317 952 reprehendant,
3348 892 3469 959 quia
3499 895 3800 953 oblationes

2222 963 2532 1020 devoterum
2595 967 2868 1024 hominum
2922 973 3044 1026 nolo
3099 978 3393 1046 suscipere.
3444 983 3799 1042 Considerent

2219 1069 2374 1122 quam
2408 1057 2568 1110 multa
2599 1062 2942 1128 susceperim.
2962 1063 3096 1129 Quid
3127 1082 3259 1135 opus
3287 1081 3368 1124 est
3392 1086 3452 1126 ea
3480 1081 3798 1133 numerare?

2220 1142 2358 1197 Ecce
2397 1161 2556 1199 unum
2589 1148 2726 1214 dice,
2769 1149 2858 1202 lilii
2888 1151 3081 1207 Iuliani
3107 1156 3118 1184 ¹
3147 1156 3508 1214 hatreditatem
3554 1168 3789 1234 suscepi.

2218 1232 2424 1300 Quare?
2446 1235 2575 1302 Quia
2603 1237 2716 1291 sine
2745 1240 2863 1294 filiis
2887 1242 3163 1300 defunctus
3191 1259 3292 1302 est.

2287 1323 2509 1379 CAPUT
2536 1326 2623 1380 iV.
2653 1356 2722 1367 -—
2744 1329 2795 1382 5.
2824 1327 3078 1394 Bonifacii
3117 1337 3456 1393 lzwreditatem
3488 1358 3644 1412 quare
3686 1362 3794 1400 non

2220 1414 2512 1481 susceperit.
2562 1416 2816 1471 Bonifaeii
2875 1420 3238 1478 ha-rcditatem
3293 1432 3562 1498 suscipere
3595 1437 3788 1490 nolui:

2217 1515 2324 1554 non
2364 1503 2756 1572 misericordia,
2802 1508 2894 1562 sed
2939 1511 3147 1568 timere.
3203 1515 3584 1575 Navicnlariam
3637 1525 3788 1580 nolui

2215 1605 2334 1647 esse
2361 1593 2653 1650 Ecclesiam
2679 1597 2893 1652 Christi.
2918 1601 3065 1656 Multi
3103 1615 3226 1660 sunt
3254 1610 3488 1678 quidem,
3513 1615 3599 1682 qui
3624 1617 3790 1672 etiam

2213 1684 2280 1737 de
2306 1686 2523 1740 navibus
2549 1689 2842 1758 acquirunt.
2869 1691 3068 1749 Tamen
3105 1712 3206 1750 una
3237 1703 3457 1757 tentatio
3482 1715 3645 1771 esset,
3678 1709 3784 1763 iret

2214 1776 2382 1840 navis,
2413 1785 2465 1829 et
2513 1777 2849 1847 naufragarct
2876 1799 2890 1830 ι
2920 1782 3158 1840 homines
3206 1789 3271 1842 ad
3306 1798 3567 1848 tormenta
3607 1796 3785 1854 daturi

2213 1878 2444 1929 eramus,
2472 1875 2526 1919 ut
2554 1866 2619 1920 de
2648 1870 3018 1927 submersiene
3049 1876 3197 1930 navis
3229 1881 3518 1936 secundum
3556 1899 3789 1942 censue-

2213 1954 2445 2007 tudinem
2489 1967 2834 2047 quaereretur,
2881 1973 2936 2016 et
2983 1973 3354 2033 torquerentur
3395 1987 3425 2027 a
3471 1974 3647 2044 judice
3693 1981 3788 2047 qui

2215 2052 2396 2096 essent
2416 2042 2480 2097 de
2511 2035 2752 2100 fluctibus
2782 2049 3027 2106 liberati?
3065 2053 3168 2109 Sed
3216 2073 3319 2111 non
3365 2035 3488 2114 eos?
3509 2035 3785 2122 daremds.

2210 2130 2366 2187 Nullo
2395 2144 2546 2201 pacto
2571 2138 2710 2191 enim
2743 2139 2843 2194 hoc
2861 2141 3036 2199 facere
3063 2145 3278 2203 deceret
3299 2151 3608 2208 Ecclesiam.
3633 2157 3790 2214 Onus

2211 2236 2337 2291 ergo
2365 2223 2542 2281 tiscale
2579 2231 2939 2297 persolveret?
2968 2234 3071 2289 Sed
3116 2239 3258 2293 unde
3286 2244 3646 2309 persolveret?
3674 2251 3790 2303 En-

2209 2312 2414 2368 thecam
2468 2316 2546 2386 (a)
2591 2319 2743 2374 nobis
2789 2321 2982 2379 habere
3025 2342 3126 2381 non
3162 2329 3304 2386 licet.
3351 2333 3466 2390 Non
3512 2348 3592 2392 est
3637 2343 3784 2397 enim

2209 2404 2439 2472 episcopi
2468 2422 2681 2462 servare
2716 2425 2922 2478 aurum,
2952 2424 3004 2468 et
3030 2433 3276 2475 revocare
3299 2437 3326 2475 a
3355 2439 3411 2478 se
3437 2429 3789 2490 mendicantis

2207 2509 2440 2549 manum.
2463 2496 2707 2565 Quotidie
2728 2512 2830 2556 tam
2857 2506 3006 2560 multi
3027 2519 3225 2576 petunt,
3243 2521 3345 2568 tam
3368 2519 3516 2573 multi
3541 2532 3786 2591 gemunt.

2210 2591 2314 2637 tam
2342 2586 2489 2640 multi
2525 2603 2622 2643 nos
2673 2592 2860 2662 inopes
2889 2595 3262 2668 interpellant;
3316 2615 3370 2660 ut
3407 2586 3582 2676 plures
3603 2586 3784 2674 tristes

2205 2675 2586 2746 relinquamus,
2609 2683 2729 2749 quia
2755 2685 2896 2752 quod
2934 2690 3198 2756 possimus
3223 2693 3350 2751 dare
3369 2675 3630 2766 omnibus,
3670 2721 3782 2762 non

2208 2765 2485 2822 habemus.
2554 2769 2670 2825 Non
2720 2772 2974 2831 habemus
3036 2795 3162 2850 ergo
3213 2786 3509 2846 enthecam.
3557 2795 3787 2866 Propter

2207 2856 2537 2944 naufragium
2591 2877 2736 2932 ergo,
2792 2864 2894 2922 hoc
2942 2869 3160 2925 vitando
3203 2873 3322 2943 feci,
3367 2896 3471 2935 non
3503 2856 3774 2944 donando.

2204 2943 2372 2999 Nemo
2397 2947 2467 3002 ibi
2490 2964 2574 3004 me
2606 2950 2802 3018 laudet,
2825 2955 2920 3010 sed
2952 2973 3106 3013 nemo
3132 2963 3287 3019 etiam
3313 2970 3589 3039 vituperet.
3615 2943 3783 3036 Plane

2204 3033 2414 3100 quando
2440 3036 2633 3092 donavi
2661 3041 2784 3107 lilio,
2814 3045 2952 3112 quod
2978 3047 3142 3104 iratus
3163 3061 3311 3122 pater
3337 3033 3568 3114 moriens
3592 3033 3780 3120 abst";

2206 3121 2284 3187 lit,
2308 3124 2443 3180 bene
2469 3127 2588 3182 feci.
2619 3131 2855 3189 Laudent
2879 3139 2967 3206 qui
2991 3139 3190 3209 volunt,
3214 3158 3431 3212 parcant
3450 3153 3536 3220 qui
3561 3155 3781 3215 laudare

2205 3216 2412 3270 nolunt.
2443 3219 2576 3286 Quid
2630 3222 2798 3290 plura,
2857 3225 3050 3284 fratres
3094 3233 3238 3286 mei?
3285 3216 3613 3312 Quicumque
3663 3249 3782 3304 velt

2206 3306 2543 3365 ethredate
2574 3313 2683 3368 ﬁlio
2711 3314 2975 3374 haercdem
3007 3322 3179 3379 facere
3207 3306 3542 3400 Ecclesiam;
3574 3351 3780 3406 quara-t

2207 3397 2430 3451 alterum
2461 3401 2550 3469 qui
2601 3403 2875 3475 suscipiat,
2922 3424 3026 3465 non
3068 3411 3417 3485 Augustinum
3456 3437 3471 3476 :
3508 3397 3614 3480 imo
3663 3428 3777 3484 Deo

2206 3487 2434 3554 propitio
2479 3492 2743 3546 neminem
2790 3496 3040 3553 inveniat.
3071 3501 3236 3568 Quam
3279 3506 3536 3567 laudabile
3580 3515 3774 3573 factum

2203 3577 2370 3629 sancti
2398 3587 2452 3632 et
2483 3584 2769 3637 venerandi
2808 3587 3042 3658 epiSCOpi
3086 3594 3282 3648 Aurelii
3323 3599 3773 3676 Carthaginensis,

2203 3668 2471 3733 quomodo
2516 3671 2748 3740 implevit
2774 3677 3022 3734 omnibus
3051 3683 3138 3750 qui
3189 3687 3381 3756 sciunt,
3431 3707 3493 3746 es
3518 3668 3774 3756 laudibus

2203 3755 2331 3809 Dei?
2361 3758 2582 3822 Quidam
2607 3777 2725 3816 cum
2751 3765 2886 3820 ﬁlios
2909 3784 3012 3823 non
3037 3770 3273 3841 haberet,
3317 3755 3488 3849 neque
3511 3797 3768 3854 speraret,

2201 3860 2288 3899 res
2314 3861 2439 3902 suas
2465 3863 2650 3904 omnes
2672 3862 2881 3910 retento
2910 3858 3010 3913 sibi
3031 3862 3304 3920 usufructu
3334 3869 3550 3927 donavit
3579 3875 3767 3932 Eccle-

2201 3935 2312 3988 siae.
2343 3936 2461 3990 Nati
2484 3949 2607 3993 sunt
2637 3941 2710 3995 illi
2741 3943 2856 4010 ﬁlii,
2889 3956 2942 4001 et
2966 3950 3196 4007 reddidit
3231 3957 3509 4030 episcopus
3537 3981 3635 4020 nec
3655 3969 3771 4036 opi-

2199 4026 2345 4077 nanti
2377 4041 2492 4094 qua:
2523 4027 2610 4082 ille
2638 4030 2946 4090 donaverat.
2970 4037 3025 4092 In
3046 4026 3307 4109 potestate
3327 4026 3553 4107 habebat
3573 4026 3772 4124 episce-

2199 4128 2297 4182 pus
2327 4130 2430 4169 non
2457 4118 2716 4187 reddere;
2749 4126 2840 4178 sed
2865 4127 2986 4195 jure
3012 4129 3130 4199 feri,
3164 4151 3268 4191 non
3294 4139 3413 4206 jure
3439 4145 3541 4211 poli
3571 4118 3612 4200 ’λ

2268 4203 2320 4257 6.
2342 4204 2557 4307 ‘Clericis
2584 4213 2688 4264 sais
2734 4218 2978 4285 pracipit,
3022 4231 3074 4274 ut
3101 4225 3146 4276 si
3170 4229 3254 4291 qui
3281 4203 3459 4284 habent
3483 4237 3766 4307 proprium,

2196 4293 2292 4346 cito
2319 4295 2590 4351 dimittant.
2625 4301 2947 4373 Clericatum,
2973 4311 3017 4362 si
3044 4314 3125 4365 cui
3160 4333 3191 4368 a
3232 4334 3326 4371 sua
3351 4293 3770 4386 socieiate'disce:

2195 4383 2312 4438 dere
2337 4388 2599 4454 placuerit,
2630 4395 2861 4460 proponit
2884 4413 2983 4451 non
3008 4405 3223 4472 auferre.
3256 4407 3511 4466 Simulare
3537 4419 3770 4484 proposi-

2195 4481 2302 4526 tum
2355 4479 2632 4533 sanctitatis
2682 4484 2826 4550 pejus
2871 4495 2962 4552 est,
3010 4506 3161 4558 quam
3205 4496 3383 4552 cadere
3422 4516 3453 4553 a
3484 4479 3766 4574 proposito.

2198 4563 2476 4620 Clericatus
2515 4571 2677 4639 magis
2704 4585 2830 4626 onus
2879 4591 3028 4644 quam
3075 4581 3254 4638 honor.
3295 4587 3432 4644 Sane
3479 4563 3634 4649 etiam
3665 4595 3772 4656 hoc

2195 4657 2402 4708 noverit
2421 4656 2665 4714 Charitas
2697 4673 2866 4719 vestra
2893 4666 3088 4726 dixisse
3118 4689 3202 4730 me
3223 4676 3472 4736 fratribus
3493 4685 3643 4750 meis,
3674 4691 3768 4758 qui

2194 4759 2401 4799 mecum
2423 4758 2658 4812 manent.
2686 4760 2744 4805 ut
2767 4755 3084 4829 quicumque
3103 4764 3260 4819 habet
3283 4768 3500 4840 aliquid,
3526 4784 3613 4829 aut
3637 4755 3772 4832 ven-

2195 4833 2288 4888 dat
2315 4844 2370 4889 et
2411 4847 2610 4907 eroget,
2640 4851 2730 4895 aut
2780 4843 2943 4901 donet
2991 4858 3046 4904 et
3087 4833 3384 4911 commune.
3408 4833 3538 4915 illud
3589 4862 3780 4924 faciat.

2204 4924 2496 4980 Ecclesiam
2528 4928 2706 4998 habet,
2741 4950 2832 5003 per
2859 4952 3014 5006 quam
3043 4956 3139 4996 nos
3167 4943 3304 5000 Deus
3330 4952 3513 5015 pascit.
3547 4951 3616 5009 Et
3641 4955 3770 5016 dedi

2200 5013 2506 5070 dilationem
2539 5035 2702 5090 usque
2731 5025 2796 5078 ad
2823 5026 3188 5096 Epiphaniam,
3215 5013 3432 5104 propter
3451 5055 3544 5096 eos
3564 5046 3653 5116 qui
3682 5013 3770 5106 vel

2196 5117 2315 5157 cum
2346 5105 2592 5164 fratribus
2614 5113 2724 5166 suis
2743 5123 2847 5168 nen
2871 5115 3181 5188 diviserunt,
3213 5132 3268 5178 et
3291 5105 3602 5189 dimiserunt
3625 5141 3768 5207 quod

2195 5194 2390 5251 habent
2417 5200 2555 5267 apud
2583 5201 2769 5258 fratres
2795 5220 2940 5274 suos,
2971 5210 3052 5264 vel
3082 5216 3313 5271 nondum
3345 5220 3410 5276 de
3449 5239 3507 5280 re
3545 5194 3768 5284 sua-alis

2194 5285 2319 5354 quid
2333 5299 2572 5356 egerunt,
2587 5293 2705 5361 quia
2723 5299 3127 5362 exspectabatur
3141 5313 3270 5362 aetas
3286 5308 3536 5381 legitima.
3551 5317 3770 5375 Faciant

2196 5375 2319 5430 inde
2344 5378 2484 5446 quod
2513 5381 2695 5435 volunt
2723 5383 2888 5438 :'dum
2915 5395 3091 5446 tamen
3113 5393 3219 5450 sint
3247 5375 3503 5471 pau'peres
3529 5422 3762 5479 mecum,

2255 5488 2272 5516 ι
2293 5486 2385 5546 AL,
2413 5486 2627 5538 Juniam'.

2255 5548 2277 5613 ξ
2293 5554 2343 5613 tn
2360 5555 2484 5613 Mss,
2508 5563 2598 5598 non
2605 5551 2721 5613 jure
2737 5553 2860 5604 (arti.

2259 5605 2331 5666 la)
2365 5605 2568 5659 mittieca
2601 5605 2676 5661 est
2695 5627 2822 5676 gum»
2843 5622 3193 5681 reposrtorium.

3961 233 3968 286 i
