3996 6460
221 275 363 332 15⁸73

215 390 376 442 simul
402 393 768 458 exspectantes
799 377 1211 436 misericordiam
1263 377 1377 432 Dei.
1413 377 1469 432 Si
1492 386 1666 430 autem
1691 390 1786 430 no-

216 482 352 546 lunt,
379 479 465 549 qui
494 481 626 532 forte
653 476 834 529 nolunt
860 480 1036 527 :certe
1062 475 1076 500 ‘
1106 485 1206 538 ego
1218 484 1333 522 sum
1361 469 1448 538 qui
1475 475 1786 532 statueram,

217 572 356 624 sicut
395 569 592 632 nostis,
621 567 826 620 nullum
857 562 1103 618 ordinare
1129 560 1402 622 clericum,
1429 556 1526 612 nisi
1553 556 1641 626 qui
1673 570 1785 618 me-

217 677 336 714 cum
359 659 518 712 vellet
543 671 786 720 manere;
810 661 866 708 ut
891 653 935 706 si
959 651 1118 706 vellet
1143 648 1418 704 discedere
1445 663 1472 700 a
1501 645 1790 716 proposito,

221 759 365 804 recte
395 749 472 802 illi
518 747 760 802 tollerem
785 745 1112 806 clericatum,
1143 741 1263 810 quia
1289 740 1558 794 desereret
1598 747 1794 792 sancta:

217 838 486 894 societatis
541 837 858 906 promissum
907 841 1245 902 ereptumque
1282 829 1626 884 consortium.
1657 827 1794 880 Ecce

215 930 274 982 in
301 937 588 998 conspectu
613 925 709 982 Dei
729 934 785 980 et
811 933 1010 988 vestro,
1039 931 1185 976 muto
1208 919 1488 974 consilium
1523 937 1537 972 :
1579 917 1668 987 qui
1699 931 1793 970 vo-

216 1019 336 1074 lunt
381 1019 580 1072 habere
626 1016 824 1086 aliquid
867 1013 1159 1084 proprium,
1212 1011 1402 1079 quibus
1451 1023 1554 1062 non
1601 1005 1796 1061 sufficit

219 1113 366 1167 Deus
390 1120 444 1164 et
475 1109 716 1164 Ecclesia
745 1108 886 1176 ejus,
939 1110 1188 1160 nianeant
1227 1102 1314 1156 ubi
1351 1101 1553 1164 volunt,
1599 1107 1654 1154 et
1705 1097 1795 1152 ubi

217 1207 460 1269 possunt,
493 1213 600 1252 non
627 1198 706 1252 eis
733 1195 915 1250 aufero
939 1193 1268 1249 clericatum.
1295 1189 1430 1244 Nolo
1473 1189 1668 1243 habere
1697 1187 1795 1257 hy-

217 1289 469 1357 pocritas.
498 1286 688 1340 Malum
729 1285 868 1340 enim
907 1290 1010 1344 est,
1047 1281 1166 1351 quis
1206 1277 1449 1344 nesciat?
1491 1278 1686 1331 malum
1715 1285 1797 1332 est

216 1375 410 1430 cadere
435 1391 464 1428 a
495 1375 796 1446 proposito;
829 1371 920 1426 sed
949 1367 1099 1440 pejus
1147 1378 1230 1424 est
1259 1369 1508 1422 simulare
1549 1369 1793 1437 proposi-

222 1473 356 1518 tum.
391 1465 528 1520 Ecce
569 1463 710 1528 dico,
763 1460 942 1515 audite
973 1477 986 1512 :
1015 1459 1106 1529 qui
1153 1459 1464 1514 societatem
1494 1457 1794 1510 communis

217 1557 341 1610 vitae
363 1555 467 1624 iam
496 1561 818 1622 susceptam,
846 1566 966 1620 qua:
985 1549 1230 1604 laudatur
1252 1549 1304 1602 in
1328 1547 1546 1601 Actibus
1569 1549 1796 1614 Aposto-

219 1645 428 1711 lorum,
475 1645 712 1710 deserit,
761 1658 792 1696 a
817 1652 940 1696 voto
963 1655 1060 1696 soo
1089 1640 1248 1704 cadit,
1303 1649 1358 1692 et
1407 1653 1434 1690 a
1471 1638 1796 1707 professione

219 1744 402 1788 sancta
429 1733 587 1787 cadit.
618 1731 874 1786 Observet
896 1729 1152 1799 jndicem,
1204 1727 1298 1782 sed
1327 1729 1516 1792 Deum,
1555 1743 1660 1780 non
1689 1741 1792 1781 me.

219 1823 338 1892 Ego
367 1823 414 1876 ci
443 1837 548 1875 non
577 1819 766 1875 aufero
809 1819 1138 1874 clericatum.
1189 1817 1454 1885 Quantum
1481 1817 1552 1868 sit
1585 1816 1795 1884 pericu-

219 1913 352 1980 luto,
381 1921 505 1966 ante
535 1913 719 1966 oculos
748 1911 863 1980 ejus
891 1909 1040 1979 posui
1066 1926 1078 1961 :
1103 1907 1256 1962 faciat
1296 1906 1436 1977 quod
1484 1907 1614 1960 vult.
1663 1906 1795 1960 Novi

219 2005 360 2058 enim
393 2005 512 2073 quia
539 2005 582 2056 si
609 2003 838 2070 aliquem
870 2000 968 2054 hoc
989 1999 1266 2053 facientem
1293 1996 1582 2068 degradarc
1612 1997 1794 2052 volue—

219 2111 303 2158 ro,
329 2110 434 2148 non
461 2095 508 2148 ei
539 2093 766 2146 deerunt
793 2091 1021 2160 patroni,
1053 2105 1160 2144 non
1211 2089 1259 2142 ei
1283 2088 1507 2143 deerunt
1537 2088 1795 2156 suifraga-

221 2195 389 2250 tores,
421 2195 476 2238 et
507 2183 590 2238 hic
622 2193 673 2236 et
699 2181 836 2250 apud
863 2181 1140 2248 episcopos
1169 2179 1258 2246 qui
1289 2177 1486 2241 dicant,
1517 2177 1650 2243 Quid
1675 2177 1794 2230 mali

222 2277 382 2331 fecit?
429 2275 544 2330 Non
577 2281 754 2342 potest
783 2281 954 2326 tecum
984 2271 1209 2324 tolerare
1231 2269 1385 2322 istam
1413 2269 1572 2320 vitam
1603 2285 1616 2320 :
1647 2275 1796 2321 extra

219 2369 546 2438 episcopium
576 2366 686 2418 vult
709 2377 948 2427 manere,
981 2369 1038 2416 et
1059 2359 1128 2414 de
1145 2360 1358 2428 preprio
1384 2359 1579 2422 vivere,
1609 2357 1797 2412 ideone

169 2475 172 2477 ·
219 2457 380 2512 debet
407 2455 629 2526 perdere
653 2453 957 2507 clericatum
979 2451 1001 2504 ?
1023 2451 1134 2519 Ego
1153 2450 1264 2504 scio
1293 2457 1546 2517 quantum
1578 2448 1700 2500 mali
1729 2447 1801 2502 sit

219 2546 458 2617 profiteri
481 2553 720 2599 sanctum
746 2541 964 2612 aliquid,
988 2555 1086 2594 nec
1103 2539 1345 2608 implere.
1387 2537 1580 2602 Vovete,
1607 2537 1795 2606 inquit,

219 2648 268 2692 et
295 2636 484 2690 reddite
503 2635 722 2688 Domino
751 2633 858 2686 Deo
887 2641 1045 2686 vestra
1067 2629 1240 2703 (Paul.
1263 2644 1420 2695 Lxxv,
1449 2629 1538 2698 1‘2)
1559 2645 1572 2679 :
1591 2638 1666 2696 et,
1697 2627 1801 2682 Me-

223 2728 325 2782 lius
351 2738 420 2782 est
449 2741 548 2780 non
573 2739 764 2790 vovere,
791 2741 942 2792 quam
967 2739 1140 2776 vovere
1161 2731 1208 2775 et
1243 2737 1343 2776 non
1369 2720 1575 2777 reddere
1604 2719 1796 2790 (Eccle.

221 2835 279 2886 v,
307 2818 388 2891 ι).
419 2819 580 2889 Virgo
603 2817 703 2872 etsi
731 2829 1000 2884 nunquam
1027 2812 1131 2870 fuit
1153 2813 1208 2870 in
1239 2812 1582 2878 monasterio,
1613 2820 1667 2865 et
1692 2811 1799 2866 vir~

221 2925 292 2982 go
318 2924 468 2964 sacra
511 2919 614 2968 est.
639 2907 717 2962 illi
747 2907 950 2966 nubere
995 2924 1100 2964 non
1153 2907 1297 2970 licet,
1337 2904 1578 2975 quamvis
1599 2901 1800 2960 essein

219 3001 546 3056 monasterio
569 3013 676 3058 non
701 2999 1036 3072 compellitur
1055 3001 1100 3050 ³.
1123 2998 1180 3054 Si
1209 3007 1387 3051 autem
1409 2995 1572 3063 coepit
1593 3007 1715 3048 esse
1744 2993 1798 3046 in

221 3097 570 3161 monasterio,
598 3104 654 3149 et
674 3092 931 3156 deseruit,
960 3101 1012 3145 et
1043 3098 1220 3143 tamen
1255 3087 1404 3155 virgo
1430 3093 1550 3149 est;
1581 3081 1798 3138 dimidia

223 3189 350 3243 ruit.
385 3187 474 3242 Sic
492 3193 548 3241 et
573 3185 799 3240 clericus
823 3182 958 3236 duas
980 3195 1066 3235 res
1095 3177 1364 3248 professus
1393 3185 1494 3238 est,
1525 3183 1578 3229 et
1601 3173 1800 3227 sancti-

223 3287 408 3342 tatem,
447 3283 501 3332 ct
545 3275 850 3330 clericatum
889 3287 902 3324 :
934 3270 1155 3324 interius
1183 3267 1206 3298 ⁸
1259 3265 1626 3328 sanctitatem;
1675 3275 1798 3316 nam

225 3370 534 3422 clericatum
563 3373 778 3435 prepter
798 3363 1044 3432 populum
1068 3373 1222 3414 suum
1249 3357 1388 3410 Deus
1417 3353 1666 3423 imposuit
1685 3367 1802 3406 cer-

223 3462 432 3516 vicibus
463 3459 649 3527 ipsius,
697 3455 784 3510 cui
807 3454 971 3522 magis
997 3465 1132 3504 οιιιιε
1159 3457 1242 3502 est
1275 3461 1432 3516 quam
1461 3445 1630 3498 honor
1659 3460 1672 3496 :
1705 3442 1800 3496 sed

223 3555 339 3624 quis
383 3553 582 3620 sapiens
631 3557 677 3602 et
727 3547 968 3615 intelliget
1007 3543 1114 3595 haec
1157 3539 1324 3610 (Psal.
1357 3551 1464 3602 cvt,
1503 3535 1634 3604 45)?
1665 3535 1800 3624 Ergo

226 3623 500 3714 professus
525 3649 606 3694 est
625 3637 993 3699 sanctitatem,
1033 3633 1300 3701 professus
1339 3637 1420 3682 est
1447 3623 1801 3680 communiter

225 3733 436 3788 vivendi
463 3733 799 3790 societatem;
825 3726 1092 3796 professus
1107 3731 1356 3791 estquam
1377 3718 1560 3772 bonum
1581 3725 1625 3769 et
1651 3731 1802 3786 quam

218 3825 525 3897 jucundum,
555 3821 779 3874 habitare
803 3821 984 3890 fratres
1003 3817 1054 3868 in
1079 3829 1236 3867 unum
1265 3811 1433 3884 (Psal.
1467 3821 1673 3868 cum,
1703 3806 1754 3874 l)
1785 3821 1798 3856 :

226 3919 272 3970 si
303 3915 368 3968 ab
399 3915 498 3967 hoc
529 3912 797 3982 proposito
839 3907 1110 3969 ceciderit,
1143 3913 1196 3959 et
1223 3911 1369 3958 extra
1391 3915 1611 3954 manens
1649 3897 1802 3953 cleri-

225 4019 326 4060 cus
349 4003 536 4066 fuerit;
556 4001 804 4056 dimidius
823 4007 872 4053 et
891 3999 1006 4067 ipse
1033 3995 1239 4050 cecidit.
1265 3991 1402 4060 Quid
1427 3991 1494 4046 ad
1515 3991 1640 4044 me?
1683 3989 1802 4044 Non

226 4109 354 4150 etim
379 4093 580 4162 judico.
613 4091 668 4144 Si
691 4089 820 4144 foris
841 4096 1019 4142 servat
1045 4084 1401 4148 sanctitatem,
1439 4080 1690 4135 dimidius
1713 4093 1803 4135 ce-

227 4183 362 4239 cidit
395 4183 475 4236 :si
509 4195 634 4235 vero
657 4181 798 4233 intus
819 4177 1064 4231 habuerit
1099 4173 1510 4236 simulationem,
1544 4179 1684 4230 totus
1710 4183 1801 4224 ce-

227 4273 378 4328 cidit.
439 4269 574 4324 Nolo
634 4268 826 4322 habeat
886 4265 1255 4320 necessitatem
1315 4261 1618 4316 simulandi.
1680 4259 1802 4315 Scio

227 4361 498 4434 quomodo
549 4361 793 4414 homines
830 4365 1010 4413 ament
1058 4355 1360 4410 clericatum
1393 4371 1405 4406 :
1437 4353 1632 4406 nemini
1679 4366 1800 4406 eum

229 4453 357 4509 tollo
375 4451 572 4506 nolenti
601 4464 806 4505 mecum
831 4448 1186 4503 communiter
1205 4445 1400 4499 vivere.
1425 4442 1592 4497 liabet
1615 4443 1796 4509 Deum,

227 4547 318 4617 qui
349 4559 556 4598 mecum
601 4555 816 4596 manere
851 4539 981 4596 vult.
1021 4537 1077 4594 Si
1117 4547 1330 4608 paratus
1362 4544 1444 4590 est
1468 4536 1608 4605 pasci
1637 4549 1666 4588 a
1695 4535 1802 4590 Deo

228 4651 328 4705 per
353 4633 642 4687 Ecclesiam
681 4631 867 4699 ipsius,
905 4643 1012 4682 non
1043 4627 1240 4681 habere
1272 4623 1468 4692 aliquid
1510 4624 1800 4693 preprium,

226 4724 324 4779 sed
351 4733 440 4778 aut
467 4737 688 4792 erogare
719 4719 1055 4790 pauperibus,
1087 4726 1179 4772 aut
1221 4717 1274 4771 in
1311 4730 1594 4770 commune
1621 4716 1799 4770 mitte-

229 4831 311 4882 re,
344 4823 557 4870 maueat
581 4827 810 4867 mecum.
853 4809 952 4876 Qui
985 4811 1084 4862 hoc
1109 4821 1214 4862 non
1243 4806 1374 4872 vult,
1409 4806 1597 4860 haheat
1635 4806 1800 4860 liber-

227 4917 392 4962 tatem
428 4923 440 4958 :
489 4905 583 4961 sed
633 4901 811 4960 videat
853 4899 1034 4958 utrum
1079 4897 1276 4954 habere
1321 4897 1487 4968 possit
1537 4897 1804 4952 felicitatis

227 4999 599 5053 aeternitatem.

307 5087 363 5142 7.
389 5085 662 5140 Pollicetur
681 5089 956 5140 sermonem
979 5081 1369 5150 subsequentem.
1395 5075 1670 5132 Sufli’ciant
1691 5077 1806 5132 lucc

231 5193 376 5234 nunc
417 5178 623 5232 interim
649 5173 904 5229 Charitati
929 5179 1138 5227 vestrm.
1162 5168 1315 5238 Quod
1354 5181 1513 5237 egero
1541 5183 1659 5220 cum
1701 5165 1809 5220 fra-

231 5271 402 5324 tribus
449 5269 602 5334 meis,
649 5263 972 5320 animntiabo
1026 5261 1194 5316 vobis.
1255 5259 1424 5327 Spero
1462 5257 1602 5310 enim
1645 5257 1802 5311 bona.

232 5361 433 5416 Omnes
463 5357 592 5413 mihi
619 5357 846 5412 libenter
871 5352 1129 5409 obediunt
1161 5367 1175 5405 :
1203 5363 1302 5404 nec
1341 5347 1646 5402 inventurus
1689 5359 1805 5400 sum

297 5470 316 5500 ‘
339 5471 412 5519 sic
432 5475 624 5530 Loan
655 5474 734 5528 3.,
775 5477 906 5530 ergo.
971 5471 1028 5512 tt.

296 5532 316 5562 ¹
507 5516 654 5598 fit-go
693 5516 794 5598 est,
829 5516 880 5576 ’ἃ
915 5519 1264 5598 nunquamﬁdt
1295 5519 1345 5571 in
1367 5516 1676 5576 monasterio,
1717 5528 1810 5565 non

233 5585 548 5658 compellitur.
571 5585 618 5639 ἐξ
635 5585 800 5658 ,σηιεηι
822 5585 964 5650 coepit
985 5597 1102 5646 esse,
1133 5592 1227 5633 etc.

297 5654 319 5684 ³
341 5651 476 5712 las,
501 5651 710 5702 interim.

1591 261 1814 318 SERMU
1853 260 2112 316 CCCLVI.

3338 266 3476 326 1574

1903 375 2107 444 aliquos
2133 375 2327 430 habere
2352 375 2566 444 aliquid,
2595 375 2694 430 nisi
2720 375 2890 449 aliqua
2919 377 3231 434 necessitate
3259 379 3472 450 religio.

1903 468 2003 530 nis,
2033 483 2137 520 non
2169 469 2445 522 occasione
2469 467 2788 537 cupiditatis.
2834 467 2982 536 Quod
3009 483 3134 538 ergo
3167 484 3326 538 egero
3353 479 3472 538 post

1901 559 2274 631 Epiphaniam,
2329 561 2588 614 Charitati
2625 571 2816 616 vestra:
2859 562 2912 615 in
2961 562 3166 616 Domini
3208 563 3473 616 voluntate

1901 652 2189 716 nuntiabo;
2215 663 2264 706 et
2287 653 2552 720 quomodo
2579 653 2724 707 litem
2749 653 2936 708 liniero
2955 653 3093 708 inter
3113 654 3244 708 duos
3261 654 3471 720 fratres,

1903 741 2042 794 filios
2073 741 2369 811 presbyteri
2410 739 2667 806 Januarii,
2721 759 2824 796 non
2865 743 3015 797 vobis
3061 743 3267 798 tacebo.
3317 743 3474 798 Multa

1901 831 2106 886 locutus
2122 847 2256 892 sum,
2281 833 2404 887 date
2425 834 2632 888 veniam
2653 835 2854 904 loquaci
2872 837 3148 902 senectuti,
3165 837 3258 890 sed
3278 837 3474 892 timida}

1905 921 2220 976 infirmitati.
2240 921 2369 990 Ego,
2391 924 2528 976 sicut
2551 922 2874 994 videtis,per
2897 934 3104 980 aetatem
3125 926 3279 979 modo
3299 927 3471 986 senui,

1903 1011 1994 1064 sed
2027 1026 2118 1078 per
2156 1011 2515 1065 infirmitatem
2565 1014 2802 1081 corporis
2851 1014 2978 1067 olim
3007 1031 3122 1068 sum
3155 1030 3336 1070 senex.
3366 1015 3470 1070 Ta-

1903 1117 2024 1156 men
2069 1103 2116 1156 si
2163 1103 2276 1158 Deo
2323 1102 2516 1172 placet,
2547 1104 2686 1172 quod
2719 1104 2828 1158 dixi
2849 1105 3027 1172 modo,
3055 1107 3168 1175 ipse
3195 1106 3283 1160 det
3311 1107 3472 1168 vires,

1900 1209 2008 1248 non
2029 1209 2126 1248 vos
2143 1194 2357 1250 desero.
2381 1194 2542 1250 Orate
2567 1209 2664 1264 pro
2692 1210 2800 1264 me,
2823 1204 2882 1250 ut
2909 1205 3162 1266 quantum
3193 1198 3328 1252 inest
3355 1199 3472 1252 ani-

1899 1299 1986 1338 ma
2011 1285 2064 1338 in
2088 1283 2191 1338 hoc
2215 1299 2460 1352 corpore,
2487 1294 2544 1340 et
2571 1285 2984 1355 qualescumque
3005 1287 3146 1342 vires
3167 1297 3470 1357 suppetunt,

1901 1374 1954 1430 in
1973 1374 2138 1430 verbo
2165 1374 2258 1430 Dei
2283 1373 2510 1430 serviam
2539 1374 2710 1430 vobis.

2358 1529 2587 1586 SEBMO
2621 1529 2862 1586 CCCLVI
2891 1534 2909 1554 ·
2935 1531 3029 1602 (α).

2039 1672 2117 1727 De
2135 1671 2262 1726 'Vita
2289 1681 2336 1725 et
2362 1671 2588 1726 Moribus
2609 1671 2900 1724 clericorum
2920 1685 3144 1734 suorum,
3175 1685 3209 1723 ιι
3237 1669 3329 1740 (ὁ).

1973 1813 2024 1865 Ι.
2057 1810 2247 1864 Forma
2275 1811 2470 1864 vivendi
2497 1810 2854 1864 caenobitarum
2879 1811 2932 1862 in
2969 1810 3173 1864 Artibus
3202 1812 3468 1880 Apostolo-

1900 1919 2008 1955 rum
2039 1902 2308 1971 descripta.
2337 1899 2596 1954 Chai-itali
2623 1907 2814 1955 vestra:
2853 1899 3009 1952 hodie
3052 1899 3118 1954 de
3163 1900 3310 1952 nobis
3345 1901 3472 1967 ipsis

1901 2007 2075 2044 sermo
2117 1990 2418 2046 reddendus
2463 1997 2565 2044 est.
2619 1988 2770 2056 Quod
2833 1988 2974 2042 enim
3036 1989 3110 2042 ait
3153 1991 3470 2058 Apostolus,

1899 2082 2240 2149 spectaculum
2265 2081 2385 2150 facti
2407 2095 2580 2132 sumus
2612 2080 2796 2132 mundo
2821 2088 2865 2132 et
2911 2078 3115 2150 Angelis
3155 2087 3203 2132 et
3245 2080 3461 2132 homini-

1902 2175 1990 2227 bus
2017 2174 2056 2244 (l
2087 2172 2206 2228 Cor.
2239 2188 2315 2238 tv,
2345 2171 2425 2241 9).
2447 2171 2546 2238 Qui
2577 2188 2672 2226 nos
2701 2179 2900 2234 amant,
2927 2181 3167 2240 t'luazrunt
3197 2170 3334 2240 quod
3365 2171 3476 2223 lau-

1901 2261 2029 2316 dent
2079 2263 2132 2314 in
2179 2261 2370 2324 nobis:
2403 2261 2492 2328 qui
2549 2267 2724 2313 autem
2757 2275 2853 2312 nos
2897 2259 3144 2324 oderunt,
3191 2258 3477 2314 detrahunt

1887 2351 2074 2422 nobis.
2101 2349 2208 2404 Nos
2231 2359 2408 2403 autem
2441 2350 2490 2401 in
2531 2360 2756 2416 utroque
2782 2348 2956 2402 medio
2998 2347 3290 2414 constituti,
3321 2347 3474 2416 adju-

1899 2451 2058 2494 vante
2081 2441 2304 2494 Domlno
2335 2439 2448 2494 Deo
2473 2445 2678 2500 nostro,
2700 2446 2754 2490 et
2768 2437 2925 2490 vitam
2951 2445 3002 2491 et
3028 2435 3222 2490 ftimam
3243 2447 3474 2490 iiostram

1904 2530 1980 2586 sic
2017 2532 2286 2586 custodire
2313 2530 2588 2596 debemus,
2639 2537 2698 2582 ut
2727 2542 2828 2580 non
2869 2526 3179 2581 erubescant
3209 2525 3274 2580 de
3301 2525 3478 2580 detra-

1903 2623 2136 2677 ctoribus
2165 2621 2486 2676 laudatores.
2518 2618 2797 2686 Quomodo
2825 2626 3002 2672 autem
3025 2618 3202 2671 vivere
3228 2617 3473 2682 velimus,

1901 2710 2168 2781 quomodo
2209 2712 2318 2766 Deo
2367 2709 2594 2778 propitio
2636 2707 2746 2778 jam
2799 2707 3060 2772 vivamus,
3113 2707 3354 2775 quamvis
3401 2705 3469 2762 de

1903 2803 2180 2870 Scriptura
2225 2811 2407 2856 sancta
2455 2800 2606 2854 multi
2639 2798 2917 2864 noveritis,
2947 2807 3121 2852 tamen
3143 2798 3208 2852 ad
3237 2813 3473 2853 comme-

1903 2891 2192 2946 morandus
2222 2905 2339 2955 vos,
2381 2891 2496 2960 ipsa
2541 2889 2608 2944 de
2659 2889 2796 2942 libro
2831 2891 3059 2942 Acluum
3101 2889 3473 2958 Apostolorum

1901 2983 2056 3038 vobis
2077 2983 2234 3038 lectio
2262 2981 2591 3046 recitabitur,
2643 2989 2698 3034 ut
2721 2979 2945 3034 videatis
2970 2979 3058 3034 ubi
3111 2979 3372 3048 descripta
3408 2981 3479 3034 sit

1903 3071 2072 3128 forma
2099 3087 2258 3140 quam
2285 3070 2648 3126 desideramus
2685 3069 2927 3135 implere.
2967 3069 3102 3123 Dum
3129 3084 3256 3139 ergo
3283 3070 3476 3124 recita-

1904 3159 2006 3229 tur,
2033 3177 2128 3217 vos
2157 3162 2542 3216 intentissimos
2561 3159 2704 3224 volo,
2725 3167 2782 3212 ut
2811 3167 2933 3228 post
2951 3158 3064 3227 ejus
3087 3158 3474 3223 recitationem,

1903 3252 2043 3323 quod
2075 3252 2276 3306 institui
2307 3252 2509 3319 loquar,
2535 3249 2644 3304 Deo
2685 3247 2936 3312 donante,
2961 3247 3238 3302 intentioni
3261 3259 3477 3302 vestrm.

1905 3346 1999 3417 (Et
2023 3343 2253 3398 Lazarus
2279 3342 2532 3396 diaconus
2553 3341 2678 3409 legit
2705 3358 2718 3393 :
2747 3339 2766 3409 )
2793 3358 2809 3390 ι
2843 3339 2974 3392 Cum
3004 3347 3265 3402 orassent,
3294 3348 3471 3394 motus

1907 3444 1988 3490 est
2037 3435 2184 3488 locus
2217 3433 2266 3484 in
2311 3446 2416 3501 quo
2452 3439 2604 3484 erant
2649 3429 2972 3498 congregati,
3019 3437 3072 3483 et
3125 3428 3322 3497 impleti
3354 3435 3480 3482 sunt

1908 3539 2096 3580 omnes
2139 3522 2338 3594 Spiritu
2386 3529 2590 3582 sancto,
2638 3528 2694 3574 et
2734 3519 3086 3588 loquebantur
3131 3518 3348 3570 verbum
3383 3517 3480 3572 Dei

1909 3629 2030 3671 cum
2060 3615 2246 3670 fiducia
2285 3616 2428 3668 omni
2465 3612 2655 3666 volenti
2683 3612 2722 3662 ί.
2751 3609 3096 3664 Multitudinis
3138 3618 3316 3664 autem
3357 3625 3477 3666 cre-

1909 3705 2146 3760 dentium
2171 3713 2286 3760 erat
2310 3703 2484 3756 anima
2516 3715 2618 3754 una
2645 3707 2699 3754 et
2739 3715 2832 3752 cor
2876 3715 3035 3752 unum
3067 3716 3079 3750 :
3110 3707 3165 3752 et
3185 3713 3342 3753 nemo
3384 3715 3479 3754 eo-

1909 3811 2026 3848 rum
2059 3809 2176 3862 qua:
2209 3789 2532 3861 possidebat,
2578 3788 2788 3844 dicebat
2815 3788 3012 3856 aliquid
3041 3803 3193 3842 suum
3220 3805 3357 3852 esse,
3385 3789 3479 3844 sed

1907 3891 2060 3938 erant
2081 3883 2181 3935 illis
2212 3880 2388 3934 omnia
2415 3877 2732 3933 communia.
2757 3876 2824 3930 Et
2847 3877 3039 3930 virtute
3077 3891 3263 3946 magna
3289 3878 3479 3932 redde-

1905 3975 2036 4030 bant
2083 3971 2322 4042 Apostoli
2377 3969 2738 4024 testimonium
2802 3967 3204 4022 resurrectionis
3271 3967 3482 4025 Domini

1905 4065 2032 4120 Jesu
2059 4084 2072 4118 :
2097 4064 2371 4134 gratiaque
2399 4073 2588 4129 magna
2617 4066 2734 4112 erat
2757 4073 2918 4127 super
2941 4071 3126 4112 omnes
3147 4058 3284 4112 illos.
3303 4058 3483 4127 Neque

1911 4157 2054 4212 enim
2081 4155 2362 4225 quisquam
2387 4164 2550 4219 egens
2574 4156 2690 4203 erat
2713 4148 2852 4202 inter
2876 4147 3013 4200 illos.
3047 4149 3314 4216 Quotquot
3340 4147 3480 4202 enim

1909 4258 2246 4318 possessores
2271 4239 2590 4312 praediorum
2619 4238 2702 4294 vel
2736 4237 3012 4292 domorum
3039 4245 3211 4302 erant,
3245 4239 3482 4292 venden-

1909 4347 1990 4392 tes
2015 4334 2308 4390 efferebant
2330 4331 2496 4402 pretia
2526 4329 2756 4388 illorum.
2781 4335 2836 4382 et
2873 4327 3140 4396 ponebant
3175 4335 3298 4381 ante
3319 4327 3484 4396 pedes

1911 4425 2310 4497 Apostolorum.
2343 4419 2768 4476 Distribuebatur
2795 4427 2972 4471 autem
3010 4417 3292 4487 unicuique
3325 4429 3482 4487 prout

1911 4519 2102 4588 cuique
2117 4530 2254 4587 opus
2280 4523 2392 4570 erat
2419 4532 2437 4565 ι
2473 4511 2606 4582 (Act.
2629 4525 2701 4577 ιν,
2729 4507 2940 4580 ’δι-55).
2961 4508 3216 4579 (Cumque
3249 4509 3482 4565 Lazarus

1903 4609 2162 4665 diaconus
2181 4606 2476 4669 recitasset,
2503 4611 2556 4658 et
2583 4601 2832 4670 episcopo
2860 4600 3095 4654 codicem
3141 4600 3476 4665 tradidisset;

1911 4698 2236 4769 Augustinus
2282 4695 2562 4764 episcopus
2597 4690 2815 4760 dixitz)
2870 4691 2934 4744 Et
2983 4705 3083 4760 ego
3117 4690 3292 4760 legere
3336 4691 3479 4746 volo.

1911 4793 2036 4846 Plus
2087 4789 2228 4844 enim
2267 4801 2354 4840 me
2407 4785 2634 4840 delectat
2663 4781 2820 4850 hujus
2863 4782 3010 4836 verbi
3057 4795 3177 4836 esse
3205 4781 3482 4850 lectorem,

1907 4897 2071 4953 quam
2089 4879 2234 4934 verbi
2259 4877 2365 4931 mei
2381 4875 2784 4945 disputatorem.
2819 4891 2838 4924 ι
2868 4873 2996 4926 Cum
3019 4881 3276 4942 orassent,
3307 4885 3484 4932 motus

1974 5040 1987 5070 ¹
2026 5037 2162 5096 Editi,
2189 5032 2357 5084 volenti
2375 5030 2590 5082 credere.
2615 5030 2778 5090 Abest,
2803 5026 3026 5090 credere,
3053 5041 3082 5078 a
3102 5032 3450 5094 manuscriptis.

1973 5121 1990 5142 ⁶
2026 5117 2312 5168 Emendatus
2348 5115 2406 5164 ad
2441 5125 2612 5163 omnes
2633 5119 2740 5161 Mss.
2767 5117 2818 5160 et
2840 5109 2950 5160 Edd.
2983 5111 3032 5160 in
3051 5123 3278 5162 sermone
3301 5125 3478 5176 prame-

1911 5181 2044 5231 denti
2067 5180 2208 5228 modo
2227 5177 2522 5238 designatos.

1995 5265 2046 5316 a)
2081 5262 2219 5316 Alias,
2244 5259 2308 5308 de
2329 5256 2540 5306 Diversis
2559 5255 2638 5305 50.

1995 5277 2024 5312 a
2081 5265 2219 5316 Alias,
2244 5265 2308 5308 de
2329 5265 2540 5306 Diversts
2560 5265 2638 5305 δυ.

1975 5265 2046 5388 Eb;
2081 5331 2126 5388 ιιι
2151 5320 2509 5388 Carthaginiensi
2531 5315 2715 5388 synodo
2732 5315 2842 5364 anui
2863 5314 3251 5388 mar-pellatur
3265 5313 3370 5388 «Ide
3389 5321 3484 5388 uo:

1913 5375 2047 5437 rih‘us
2069 5375 2350 5432 clericorum
2384 5375 2627 5427 secundus
2669 5375 2811 5425 liber.
2832 5393 2854 5422 ν
2885 5384 2932 5426 ιιι
2957 5375 3198 5425 ιλιιὶᾱοτίοἰ
3234 5382 3395 5422 autem
3435 5379 3483 5424 et

1913 5447 2162 5496 Bertel'ritli
2199 5441 2470 5502 Privilegio,
2495 5457 2516 5485 ιι
2535 5439 2650 5487 libri
2671 5438 2734 5486 de
2755 5437 2987 5502 Gradiuus
3001 5437 3336 5502 ecclesiasticis
3353 5452 3386 5502 It.
3399 5449 3482 5502 vo-

1913 5495 2082 5559 cantur
2105 5507 2250 5553 iidem
2265 5504 2340 5552 isti
2364 5495 2634 5558 serrnoues,
2659 5507 2772 5560 puta
2793 5499 2920 5562 quod
2943 5499 3020 5562 hic
3037 5499 3324 5562 Augustinus
3345 5495 3480 5562 cleris

1915 5557 2078 5618 eorum
2094 5565 2310 5627 singulos
2331 5563 2508 5627 gradus
2527 5557 2790 5627 percurrat,
2810 5557 2860 5610 et
2877 5576 2924 5609 ιι.
2937 5562 2970 5610 9
2989 5557 3130 5620 dicat,
3153 5577 3176 5604 ι
3191 5558 3262 5606 sic
3277 5557 3406 5606 enim
3427 5557 3485 5606 ad

1919 5643 2004 5679 eos
2023 5621 2256 5687 gradatim
2281 5621 2546 5674 ascendere
2572 5621 2713 5672 volui.
2735 5637 2757 5666 ι
