  <div class='ocr_page' id='page_1' title='image "/cluster/home/n/w/nwhite01/storage/ocr_20150623/39/umn.319510024773323/053.png"; bbox 0 0 3996 6464; ppageno 0'>
   <div class='ocr_carea' id='block_1_1' title="bbox 506 165 642 224">
    <p class='ocr_par' dir='ltr' id='par_1_1' title="bbox 506 165 642 224">
     <span class='ocr_line' id='line_1_1' title="bbox 506 165 642 224; baseline -0.044 0"><span class='ocrx_word' id='word_1_1' title='bbox 506 165 642 224; x_wconf 66' lang='grc' dir='ltr'><strong>15ἳὸ</strong></span> 
     </span>
    </p>
   </div>
   <div class='ocr_carea' id='block_1_2' title="bbox 507 286 2066 365">
    <p class='ocr_par' dir='ltr' id='par_1_2' title="bbox 507 286 2066 365">
     <span class='ocr_line' id='line_1_2' title="bbox 507 286 2066 365; baseline -0.012 -10"><span class='ocrx_word' id='word_1_2' title='bbox 507 311 592 360; x_wconf 75' lang='grc' dir='ltr'><em>εει</em></span> <span class='ocrx_word' id='word_1_3' title='bbox 618 302 766 353; x_wconf 85' lang='lat' dir='ltr'><strong>locus</strong></span> <span class='ocrx_word' id='word_1_4' title='bbox 807 297 860 351; x_wconf 87' lang='lat' dir='ltr'><strong>in</strong></span> <span class='ocrx_word' id='word_1_5' title='bbox 886 309 991 365; x_wconf 91' lang='lat' dir='ltr'><strong>quo</strong></span> <span class='ocrx_word' id='word_1_6' title='bbox 1017 303 1167 347; x_wconf 89' lang='lat' dir='ltr'><strong>erant</strong></span> <span class='ocrx_word' id='word_1_7' title='bbox 1214 290 1532 361; x_wconf 72' lang='lat' dir='ltr'><strong>congregati,</strong></span> <span class='ocrx_word' id='word_1_8' title='bbox 1584 296 1639 341; x_wconf 90' lang='lat' dir='ltr'><strong>et</strong></span> <span class='ocrx_word' id='word_1_9' title='bbox 1687 286 1889 356; x_wconf 76' lang='lat' dir='ltr'><strong>impleti</strong></span> <span class='ocrx_word' id='word_1_10' title='bbox 1942 294 2066 340; x_wconf 89' lang='lat' dir='ltr'><strong>sunt</strong></span> 
     </span>
    </p>
   </div>
   <div class='ocr_carea' id='block_1_3' title="bbox 507 373 2065 455">
    <p class='ocr_par' dir='ltr' id='par_1_3' title="bbox 507 373 2065 455">
     <span class='ocr_line' id='line_1_3' title="bbox 507 373 2065 455; baseline -0.012 -11"><span class='ocrx_word' id='word_1_11' title='bbox 507 404 693 444; x_wconf 86' lang='lat' dir='ltr'><strong>omnes</strong></span> <span class='ocrx_word' id='word_1_12' title='bbox 742 387 938 455; x_wconf 92' lang='lat' dir='ltr'><strong>Spiritu</strong></span> <span class='ocrx_word' id='word_1_13' title='bbox 990 392 1195 445; x_wconf 87' lang='lat' dir='ltr'><strong>sancto,</strong></span> <span class='ocrx_word' id='word_1_14' title='bbox 1249 391 1301 435; x_wconf 89' lang='lat' dir='ltr'><strong>et</strong></span> <span class='ocrx_word' id='word_1_15' title='bbox 1336 378 1683 447; x_wconf 78' lang='lat' dir='ltr'><strong>loquebantur</strong></span> <span class='ocrx_word' id='word_1_16' title='bbox 1725 375 1941 429; x_wconf 79' lang='lat' dir='ltr'><strong>verbum</strong></span> <span class='ocrx_word' id='word_1_17' title='bbox 1972 373 2065 427; x_wconf 85' lang='lat' dir='ltr'><strong>Dei</strong></span> 
     </span>
    </p>
   </div>
   <div class='ocr_carea' id='block_1_4' title="bbox 505 462 2065 533">
    <p class='ocr_par' dir='ltr' id='par_1_4' title="bbox 505 462 2065 533">
     <span class='ocr_line' id='line_1_4' title="bbox 505 462 2065 533; baseline -0.011 0"><span class='ocrx_word' id='word_1_18' title='bbox 505 494 627 533; x_wconf 90' lang='lat' dir='ltr'><strong>cum</strong></span> <span class='ocrx_word' id='word_1_19' title='bbox 658 477 846 530; x_wconf 88' lang='lat' dir='ltr'><strong>tiducia</strong></span> <span class='ocrx_word' id='word_1_20' title='bbox 868 474 1007 527; x_wconf 90' lang='lat' dir='ltr'><strong>omni</strong></span> <span class='ocrx_word' id='word_1_21' title='bbox 1030 472 1241 525; x_wconf 86' lang='lat' dir='ltr'><strong>volenti.</strong></span> <span class='ocrx_word' id='word_1_22' title='bbox 1276 465 1620 522; x_wconf 76' lang='lat' dir='ltr'><strong>Multitudinis</strong></span> <span class='ocrx_word' id='word_1_23' title='bbox 1640 474 1815 519; x_wconf 89' lang='lat' dir='ltr'><strong>autem</strong></span> <span class='ocrx_word' id='word_1_24' title='bbox 1842 462 2065 518; x_wconf 84' lang='lat' dir='ltr'><strong>creden-</strong></span> 
     </span>
    </p>
   </div>
   <div class='ocr_carea' id='block_1_5' title="bbox 519 566 2067 620">
    <p class='ocr_par' dir='ltr' id='par_1_5' title="bbox 519 566 2067 620">
     <span class='ocr_line' id='line_1_5' title="bbox 519 566 2067 620; baseline -0.009 0"><span class='ocrx_word' id='word_1_25' title='bbox 519 567 649 620; x_wconf 88' lang='lat' dir='ltr'><strong>tiunt</strong></span> <span class='ocrx_word' id='word_1_26' title='bbox 674 575 791 619; x_wconf 83' lang='lat' dir='ltr'><strong>erat</strong></span> <span class='ocrx_word' id='word_1_27' title='bbox 836 567 1008 616; x_wconf 85' lang='lat' dir='ltr'><strong>anima</strong></span> <span class='ocrx_word' id='word_1_28' title='bbox 1052 576 1151 614; x_wconf 90' lang='lat' dir='ltr'><strong>una</strong></span> <span class='ocrx_word' id='word_1_29' title='bbox 1191 569 1242 613; x_wconf 91' lang='lat' dir='ltr'><strong>et</strong></span> <span class='ocrx_word' id='word_1_30' title='bbox 1288 572 1382 613; x_wconf 91' lang='lat' dir='ltr'><strong>cor</strong></span> <span class='ocrx_word' id='word_1_31' title='bbox 1403 572 1562 610; x_wconf 91' lang='lat' dir='ltr'><strong>unum</strong></span> <span class='ocrx_word' id='word_1_32' title='bbox 1587 573 1600 610; x_wconf 90' lang='lat'><strong>:</strong></span> <span class='ocrx_word' id='word_1_33' title='bbox 1630 566 1682 609; x_wconf 90' lang='lat' dir='ltr'><strong>et</strong></span> <span class='ocrx_word' id='word_1_34' title='bbox 1702 569 1859 609; x_wconf 89' lang='lat' dir='ltr'><strong>nemo</strong></span> <span class='ocrx_word' id='word_1_35' title='bbox 1883 568 2067 608; x_wconf 88' lang='lat' dir='ltr'><strong>eorum</strong></span> 
     </span>
    </p>
   </div>
   <div class='ocr_carea' id='block_1_6' title="bbox 510 643 2069 726">
    <p class='ocr_par' dir='ltr' id='par_1_6' title="bbox 510 643 2069 726">
     <span class='ocr_line' id='line_1_6' title="bbox 510 643 2069 726; baseline -0.01 -16"><span class='ocrx_word' id='word_1_36' title='bbox 510 672 628 726; x_wconf 71' lang='lat' dir='ltr'><strong>qua:</strong></span> <span class='ocrx_word' id='word_1_37' title='bbox 655 653 978 725; x_wconf 80' lang='lat' dir='ltr'><strong>possidebat,</strong></span> <span class='ocrx_word' id='word_1_38' title='bbox 1008 650 1214 702; x_wconf 88' lang='lat' dir='ltr'><strong>dicebat</strong></span> <span class='ocrx_word' id='word_1_39' title='bbox 1234 646 1430 716; x_wconf 85' lang='lat' dir='ltr'><strong>aliquid</strong></span> <span class='ocrx_word' id='word_1_40' title='bbox 1451 660 1603 699; x_wconf 90' lang='lat' dir='ltr'><strong>suum</strong></span> <span class='ocrx_word' id='word_1_41' title='bbox 1625 659 1764 709; x_wconf 87' lang='lat' dir='ltr'><strong>esse,</strong></span> <span class='ocrx_word' id='word_1_42' title='bbox 1791 643 1884 698; x_wconf 88' lang='lat' dir='ltr'><strong>sed</strong></span> <span class='ocrx_word' id='word_1_43' title='bbox 1915 651 2069 697; x_wconf 89' lang='lat' dir='ltr'><strong>erant</strong></span> 
     </span>
    </p>
   </div>
   <div class='ocr_carea' id='block_1_7' title="bbox 507 732 2070 804">
    <p class='ocr_par' dir='ltr' id='par_1_7' title="bbox 507 732 2070 804">
     <span class='ocr_line' id='line_1_7' title="bbox 507 732 2070 804; baseline -0.01 -4"><span class='ocrx_word' id='word_1_44' title='bbox 507 747 611 800; x_wconf 81' lang='lat' dir='ltr'><strong>illis</strong></span> <span class='ocrx_word' id='word_1_45' title='bbox 640 744 814 798; x_wconf 82' lang='lat' dir='ltr'><strong>omnia</strong></span> <span class='ocrx_word' id='word_1_46' title='bbox 845 738 1169 793; x_wconf 91' lang='lat' dir='ltr'><strong>communia.</strong></span> <span class='ocrx_word' id='word_1_47' title='bbox 1216 737 1281 791; x_wconf 86' lang='lat' dir='ltr'><strong>Et</strong></span> <span class='ocrx_word' id='word_1_48' title='bbox 1310 736 1502 790; x_wconf 90' lang='lat' dir='ltr'><strong>virtute</strong></span> <span class='ocrx_word' id='word_1_49' title='bbox 1542 748 1727 804; x_wconf 86' lang='lat' dir='ltr'><strong>magna</strong></span> <span class='ocrx_word' id='word_1_50' title='bbox 1776 732 2070 787; x_wconf 80' lang='lat' dir='ltr'><strong>reddebant</strong></span> 
     </span>
    </p>
   </div>
   <div class='ocr_carea' id='block_1_8' title="bbox 512 823 2065 903">
    <p class='ocr_par' dir='ltr' id='par_1_8' title="bbox 512 823 2065 903">
     <span class='ocr_line' id='line_1_8' title="bbox 512 823 2065 903; baseline -0.007 -16"><span class='ocrx_word' id='word_1_51' title='bbox 512 833 745 903; x_wconf 73' lang='lat' dir='ltr'><strong>Apostoli</strong></span> <span class='ocrx_word' id='word_1_52' title='bbox 795 830 1152 883; x_wconf 73' lang='lat' dir='ltr'><strong>testimonium</strong></span> <span class='ocrx_word' id='word_1_53' title='bbox 1199 826 1604 881; x_wconf 84' lang='lat' dir='ltr'><strong>resurrectionis</strong></span> <span class='ocrx_word' id='word_1_54' title='bbox 1644 824 1847 878; x_wconf 83' lang='lat' dir='ltr'><strong>Domini</strong></span> <span class='ocrx_word' id='word_1_55' title='bbox 1896 823 2065 877; x_wconf 86' lang='lat' dir='ltr'><strong>Jesu:</strong></span> 
     </span>
    </p>
   </div>
   <div class='ocr_carea' id='block_1_9' title="bbox 506 912 2069 992">
    <p class='ocr_par' dir='ltr' id='par_1_9' title="bbox 506 912 2069 992">
     <span class='ocr_line' id='line_1_9' title="bbox 506 912 2069 992; baseline -0.006 -18"><span class='ocrx_word' id='word_1_56' title='bbox 506 923 775 992; x_wconf 70' lang='lat' dir='ltr'><strong>gratiaque</strong></span> <span class='ocrx_word' id='word_1_57' title='bbox 800 933 986 988; x_wconf 84' lang='lat' dir='ltr'><strong>magna</strong></span> <span class='ocrx_word' id='word_1_58' title='bbox 1014 926 1128 973; x_wconf 88' lang='lat' dir='ltr'><strong>crat</strong></span> <span class='ocrx_word' id='word_1_59' title='bbox 1168 932 1325 985; x_wconf 84' lang='lat' dir='ltr'><strong>super</strong></span> <span class='ocrx_word' id='word_1_60' title='bbox 1345 929 1529 968; x_wconf 90' lang='lat' dir='ltr'><strong>omnes</strong></span> <span class='ocrx_word' id='word_1_61' title='bbox 1559 913 1696 968; x_wconf 91' lang='lat' dir='ltr'><strong>illos.</strong></span> <span class='ocrx_word' id='word_1_62' title='bbox 1722 913 1901 982; x_wconf 82' lang='lat' dir='ltr'><strong>Neque</strong></span> <span class='ocrx_word' id='word_1_63' title='bbox 1926 912 2069 967; x_wconf 90' lang='lat' dir='ltr'><strong>enim</strong></span> 
     </span>
    </p>
   </div>
   <div class='ocr_carea' id='block_1_10' title="bbox 506 1002 2068 1082">
    <p class='ocr_par' dir='ltr' id='par_1_10' title="bbox 506 1002 2068 1082">
     <span class='ocr_line' id='line_1_10' title="bbox 506 1002 2068 1082; baseline -0.007 -18"><span class='ocrx_word' id='word_1_64' title='bbox 506 1014 784 1082; x_wconf 81' lang='lat' dir='ltr'><strong>quisquam</strong></span> <span class='ocrx_word' id='word_1_65' title='bbox 810 1023 971 1078; x_wconf 80' lang='lat' dir='ltr'><strong>egens</strong></span> <span class='ocrx_word' id='word_1_66' title='bbox 998 1016 1113 1062; x_wconf 87' lang='lat' dir='ltr'><strong>erat</strong></span> <span class='ocrx_word' id='word_1_67' title='bbox 1134 1007 1269 1060; x_wconf 90' lang='lat' dir='ltr'><strong>inter</strong></span> <span class='ocrx_word' id='word_1_68' title='bbox 1295 1006 1431 1058; x_wconf 89' lang='lat' dir='ltr'><strong>illos.</strong></span> <span class='ocrx_word' id='word_1_69' title='bbox 1461 1004 1728 1071; x_wconf 87' lang='lat' dir='ltr'><strong>Quotquot</strong></span> <span class='ocrx_word' id='word_1_70' title='bbox 1770 1002 1909 1055; x_wconf 92' lang='lat' dir='ltr'><strong>enim</strong></span> <span class='ocrx_word' id='word_1_71' title='bbox 1942 1015 2068 1070; x_wconf 86' lang='lat' dir='ltr'><strong>pos-</strong></span> 
     </span>
    </p>
   </div>
   <div class='ocr_carea' id='block_1_11' title="bbox 506 1092 2071 1168">
    <p class='ocr_par' dir='ltr' id='par_1_11' title="bbox 506 1092 2071 1168">
     <span class='ocr_line' id='line_1_11' title="bbox 506 1092 2071 1168; baseline -0.008 -12"><span class='ocrx_word' id='word_1_72' title='bbox 506 1116 741 1156; x_wconf 88' lang='lat' dir='ltr'><strong>sessores</strong></span> <span class='ocrx_word' id='word_1_73' title='bbox 768 1099 1077 1168; x_wconf 64' lang='lat' dir='ltr'><strong>put-diorum</strong></span> <span class='ocrx_word' id='word_1_74' title='bbox 1128 1096 1213 1150; x_wconf 90' lang='lat' dir='ltr'><strong>vel</strong></span> <span class='ocrx_word' id='word_1_75' title='bbox 1253 1095 1527 1149; x_wconf 89' lang='lat' dir='ltr'><strong>domorum</strong></span> <span class='ocrx_word' id='word_1_76' title='bbox 1569 1102 1740 1158; x_wconf 90' lang='lat' dir='ltr'><strong>erant,</strong></span> <span class='ocrx_word' id='word_1_77' title='bbox 1782 1092 2071 1146; x_wconf 87' lang='lat' dir='ltr'><strong>vendentes</strong></span> 
     </span>
    </p>
   </div>
   <div class='ocr_carea' id='block_1_12' title="bbox 506 1174 2066 1250">
    <p class='ocr_par' dir='ltr' id='par_1_12' title="bbox 506 1174 2066 1250">
     <span class='ocr_line' id='line_1_12' title="bbox 506 1174 2066 1250; baseline -0.007 -12"><span class='ocrx_word' id='word_1_78' title='bbox 506 1183 795 1238; x_wconf 81' lang='lat' dir='ltr'><strong>alferebant</strong></span> <span class='ocrx_word' id='word_1_79' title='bbox 847 1183 1013 1250; x_wconf 85' lang='lat' dir='ltr'><strong>pretia</strong></span> <span class='ocrx_word' id='word_1_80' title='bbox 1050 1195 1233 1233; x_wconf 89' lang='lat' dir='ltr'><strong>eorum</strong></span> <span class='ocrx_word' id='word_1_81' title='bbox 1261 1220 1275 1241; x_wconf 91' lang='lat'><strong>,</strong></span> <span class='ocrx_word' id='word_1_82' title='bbox 1320 1186 1375 1232; x_wconf 89' lang='lat' dir='ltr'><strong>et</strong></span> <span class='ocrx_word' id='word_1_83' title='bbox 1415 1177 1682 1247; x_wconf 89' lang='lat' dir='ltr'><strong>ponebant</strong></span> <span class='ocrx_word' id='word_1_84' title='bbox 1729 1185 1853 1229; x_wconf 83' lang='lat' dir='ltr'><strong>ante</strong></span> <span class='ocrx_word' id='word_1_85' title='bbox 1900 1174 2066 1243; x_wconf 82' lang='lat' dir='ltr'><strong>pedes</strong></span> 
     </span>
    </p>
   </div>
   <div class='ocr_carea' id='block_1_13' title="bbox 505 1267 2071 1343">
    <p class='ocr_par' dir='ltr' id='par_1_13' title="bbox 505 1267 2071 1343">
     <span class='ocr_line' id='line_1_13' title="bbox 505 1267 2071 1343; baseline -0.008 -14"><span class='ocrx_word' id='word_1_86' title='bbox 505 1273 908 1343; x_wconf 84' lang='lat' dir='ltr'><strong>Apostolorum.</strong></span> <span class='ocrx_word' id='word_1_87' title='bbox 950 1269 1370 1326; x_wconf 88' lang='lat' dir='ltr'><strong>Distribuebatur</strong></span> <span class='ocrx_word' id='word_1_88' title='bbox 1404 1277 1579 1322; x_wconf 88' lang='lat' dir='ltr'><strong>autem</strong></span> <span class='ocrx_word' id='word_1_89' title='bbox 1610 1267 1891 1335; x_wconf 87' lang='lat' dir='ltr'><strong>unicuique</strong></span> <span class='ocrx_word' id='word_1_90' title='bbox 1917 1271 2071 1333; x_wconf 88' lang='lat' dir='ltr'><strong>prout</strong></span> 
     </span>
    </p>
   </div>
   <div class='ocr_carea' id='block_1_14' title="bbox 505 1358 2067 1433">
    <p class='ocr_par' dir='ltr' id='par_1_14' title="bbox 505 1358 2067 1433">
     <span class='ocr_line' id='line_1_14' title="bbox 505 1358 2067 1433; baseline -0.006 -14"><span class='ocrx_word' id='word_1_91' title='bbox 505 1365 697 1433; x_wconf 78' lang='lat' dir='ltr'><strong>cuique</strong></span> <span class='ocrx_word' id='word_1_92' title='bbox 755 1378 887 1432; x_wconf 88' lang='lat' dir='ltr'><strong>opus</strong></span> <span class='ocrx_word' id='word_1_93' title='bbox 946 1370 1078 1417; x_wconf 89' lang='lat' dir='ltr'><strong>erat.</strong></span> <span class='ocrx_word' id='word_1_94' title='bbox 1127 1378 1150 1414; x_wconf 72' lang='grc' dir='ltr'><strong><em>ι</em></strong></span> <span class='ocrx_word' id='word_1_95' title='bbox 1202 1361 1461 1431; x_wconf 90' lang='lat' dir='ltr'><strong>(Cumque</strong></span> <span class='ocrx_word' id='word_1_96' title='bbox 1505 1360 1783 1429; x_wconf 88' lang='lat' dir='ltr'><strong>episcopus</strong></span> <span class='ocrx_word' id='word_1_97' title='bbox 1834 1358 2067 1426; x_wconf 78' lang='lat' dir='ltr'><strong>legisset,</strong></span> 
     </span>
    </p>
   </div>
   <div class='ocr_carea' id='block_1_15' title="bbox 506 1451 719 1521">
    <p class='ocr_par' dir='ltr' id='par_1_15' title="bbox 506 1451 719 1521">
     <span class='ocr_line' id='line_1_15' title="bbox 506 1451 719 1521; baseline -0.014 -13"><span class='ocrx_word' id='word_1_98' title='bbox 506 1453 641 1508; x_wconf 81' lang='lat' dir='ltr'><strong>dixit</strong></span> <span class='ocrx_word' id='word_1_99' title='bbox 662 1469 675 1505; x_wconf 89' lang='lat'><strong>:</strong></span> <span class='ocrx_word' id='word_1_100' title='bbox 698 1451 719 1521; x_wconf 94' lang='lat'><strong>)</strong></span> 
     </span>
    </p>
   </div>
   <div class='ocr_carea' id='block_1_16' title="bbox 575 1539 2069 1613">
    <p class='ocr_par' dir='ltr' id='par_1_16' title="bbox 575 1539 2069 1613">
     <span class='ocr_line' id='line_1_16' title="bbox 575 1539 2069 1613; baseline -0.006 -14"><span class='ocrx_word' id='word_1_101' title='bbox 575 1546 629 1599; x_wconf 75' lang='lat'><strong>2.</strong></span> <span class='ocrx_word' id='word_1_102' title='bbox 674 1544 819 1599; x_wconf 84' lang='lat' dir='ltr'><strong>Unde</strong></span> <span class='ocrx_word' id='word_1_103' title='bbox 842 1543 1119 1613; x_wconf 82' lang='lat' dir='ltr'><strong>Augustino</strong></span> <span class='ocrx_word' id='word_1_104' title='bbox 1150 1542 1310 1596; x_wconf 81' lang='lat' dir='ltr'><strong>uisum</strong></span> <span class='ocrx_word' id='word_1_105' title='bbox 1349 1551 1419 1595; x_wconf 87' lang='lat' dir='ltr'><strong>est</strong></span> <span class='ocrx_word' id='word_1_106' title='bbox 1455 1543 1517 1595; x_wconf 89' lang='lat' dir='ltr'><strong>de</strong></span> <span class='ocrx_word' id='word_1_107' title='bbox 1539 1557 1743 1595; x_wconf 85' lang='lat' dir='ltr'><strong>suorum</strong></span> <span class='ocrx_word' id='word_1_108' title='bbox 1778 1539 2069 1593; x_wconf 85' lang='lat' dir='ltr'><strong>clericorum</strong></span> 
     </span>
    </p>
   </div>
   <div class='ocr_carea' id='block_1_17' title="bbox 513 1630 2066 1703">
    <p class='ocr_par' dir='ltr' id='par_1_17' title="bbox 513 1630 2066 1703">
     <span class='ocr_line' id='line_1_17' title="bbox 513 1630 2066 1703; baseline -0.003 -16"><span class='ocrx_word' id='word_1_109' title='bbox 513 1635 615 1687; x_wconf 76' lang='lat' dir='ltr'><strong>vita</strong></span> <span class='ocrx_word' id='word_1_110' title='bbox 638 1634 776 1703; x_wconf 84' lang='lat' dir='ltr'><strong>apud</strong></span> <span class='ocrx_word' id='word_1_111' title='bbox 799 1633 989 1701; x_wconf 83' lang='lat' dir='ltr'><strong>plebem</strong></span> <span class='ocrx_word' id='word_1_112' title='bbox 1014 1648 1180 1703; x_wconf 82' lang='lat' dir='ltr'><strong>agere.</strong></span> <span class='ocrx_word' id='word_1_113' title='bbox 1209 1632 1441 1685; x_wconf 81' lang='lat' dir='ltr'><strong>Audistis</strong></span> <span class='ocrx_word' id='word_1_114' title='bbox 1466 1631 1593 1699; x_wconf 91' lang='lat' dir='ltr'><strong>quid</strong></span> <span class='ocrx_word' id='word_1_115' title='bbox 1621 1630 1844 1684; x_wconf 85' lang='lat' dir='ltr'><strong>velimus</strong></span> <span class='ocrx_word' id='word_1_116' title='bbox 1872 1647 1883 1681; x_wconf 92' lang='lat'><strong>:</strong></span> <span class='ocrx_word' id='word_1_117' title='bbox 1917 1636 2066 1682; x_wconf 88' lang='lat' dir='ltr'><strong>orate</strong></span> 
     </span>
    </p>
   </div>
   <div class='ocr_carea' id='block_1_18' title="bbox 509 1719 2071 1793">
    <p class='ocr_par' dir='ltr' id='par_1_18' title="bbox 509 1719 2071 1793">
     <span class='ocr_line' id='line_1_18' title="bbox 509 1719 2071 1793; baseline -0.006 -14"><span class='ocrx_word' id='word_1_118' title='bbox 509 1735 568 1779; x_wconf 91' lang='lat' dir='ltr'><strong>ut</strong></span> <span class='ocrx_word' id='word_1_119' title='bbox 594 1725 874 1793; x_wconf 78' lang='lat' dir='ltr'><strong>possimus.</strong></span> <span class='ocrx_word' id='word_1_120' title='bbox 904 1721 1136 1791; x_wconf 82' lang='lat' dir='ltr'><strong>Contigit</strong></span> <span class='ocrx_word' id='word_1_121' title='bbox 1179 1731 1351 1775; x_wconf 90' lang='lat' dir='ltr'><strong>autem</strong></span> <span class='ocrx_word' id='word_1_122' title='bbox 1382 1722 1623 1788; x_wconf 64' lang='lat' dir='ltr'><strong>quaedam</strong></span> <span class='ocrx_word' id='word_1_123' title='bbox 1666 1719 1971 1782; x_wconf 84' lang='lat' dir='ltr'><strong>necessitas,</strong></span> <span class='ocrx_word' id='word_1_124' title='bbox 2014 1725 2071 1771; x_wconf 89' lang='lat' dir='ltr'><strong>ut</strong></span> 
     </span>
    </p>
   </div>
   <div class='ocr_carea' id='block_1_19' title="bbox 506 1808 2065 1883">
    <p class='ocr_par' dir='ltr' id='par_1_19' title="bbox 506 1808 2065 1883">
     <span class='ocr_line' id='line_1_19' title="bbox 506 1808 2065 1883; baseline -0.005 -15"><span class='ocrx_word' id='word_1_125' title='bbox 506 1815 622 1870; x_wconf 72' lang='lat' dir='ltr'><strong>tunc</strong></span> <span class='ocrx_word' id='word_1_126' title='bbox 637 1814 939 1883; x_wconf 88' lang='lat' dir='ltr'><strong>diligentius</strong></span> <span class='ocrx_word' id='word_1_127' title='bbox 958 1829 1169 1882; x_wconf 80' lang='lat' dir='ltr'><strong>agerem</strong></span> <span class='ocrx_word' id='word_1_128' title='bbox 1202 1832 1215 1865; x_wconf 89' lang='lat'><strong>:</strong></span> <span class='ocrx_word' id='word_1_129' title='bbox 1244 1812 1512 1881; x_wconf 86' lang='lat' dir='ltr'><strong>quoniam,</strong></span> <span class='ocrx_word' id='word_1_130' title='bbox 1552 1810 1687 1864; x_wconf 89' lang='lat' dir='ltr'><strong>sicut</strong></span> <span class='ocrx_word' id='word_1_131' title='bbox 1725 1810 1835 1878; x_wconf 89' lang='lat' dir='ltr'><strong>jam</strong></span> <span class='ocrx_word' id='word_1_132' title='bbox 1878 1808 2065 1874; x_wconf 90' lang='lat' dir='ltr'><strong>nostis,</strong></span> 
     </span>
    </p>
   </div>
   <div class='ocr_carea' id='block_1_20' title="bbox 506 1898 2069 1975">
    <p class='ocr_par' dir='ltr' id='par_1_20' title="bbox 506 1898 2069 1975">
     <span class='ocr_line' id='line_1_20' title="bbox 506 1898 2069 1975; baseline -0.004 -18"><span class='ocrx_word' id='word_1_133' title='bbox 506 1904 785 1975; x_wconf 86' lang='lat' dir='ltr'><strong>presbyter</strong></span> <span class='ocrx_word' id='word_1_134' title='bbox 810 1904 861 1957; x_wconf 93' lang='lat' dir='ltr'><strong>in</strong></span> <span class='ocrx_word' id='word_1_135' title='bbox 888 1912 1065 1957; x_wconf 90' lang='lat' dir='ltr'><strong>nostra</strong></span> <span class='ocrx_word' id='word_1_136' title='bbox 1097 1902 1349 1957; x_wconf 89' lang='lat' dir='ltr'><strong>societate</strong></span> <span class='ocrx_word' id='word_1_137' title='bbox 1368 1901 1701 1963; x_wconf 87' lang='lat' dir='ltr'><strong>constitutus,</strong></span> <span class='ocrx_word' id='word_1_138' title='bbox 1731 1898 1871 1968; x_wconf 90' lang='lat' dir='ltr'><strong>quali</strong></span> <span class='ocrx_word' id='word_1_139' title='bbox 1896 1898 2069 1952; x_wconf 84' lang='lat' dir='ltr'><strong>socie-</strong></span> 
     </span>
    </p>
   </div>
   <div class='ocr_carea' id='block_1_21' title="bbox 505 1987 2069 2059">
    <p class='ocr_par' dir='ltr' id='par_1_21' title="bbox 505 1987 2069 2059">
     <span class='ocr_line' id='line_1_21' title="bbox 505 1987 2069 2059; baseline -0.004 -14"><span class='ocrx_word' id='word_1_140' title='bbox 505 1993 601 2046; x_wconf 86' lang='lat' dir='ltr'><strong>tati</strong></span> <span class='ocrx_word' id='word_1_141' title='bbox 637 1992 874 2059; x_wconf 87' lang='lat' dir='ltr'><strong>perhibet</strong></span> <span class='ocrx_word' id='word_1_142' title='bbox 922 1991 1276 2045; x_wconf 90' lang='lat' dir='ltr'><strong>testimonium</strong></span> <span class='ocrx_word' id='word_1_143' title='bbox 1326 1989 1503 2054; x_wconf 88' lang='lat' dir='ltr'><strong>lectio,</strong></span> <span class='ocrx_word' id='word_1_144' title='bbox 1535 2003 1689 2056; x_wconf 90' lang='lat' dir='ltr'><strong>quam</strong></span> <span class='ocrx_word' id='word_1_145' title='bbox 1725 1987 1903 2051; x_wconf 92' lang='lat' dir='ltr'><strong>modo,</strong></span> <span class='ocrx_word' id='word_1_146' title='bbox 1949 2001 2069 2040; x_wconf 91' lang='lat' dir='ltr'><strong>eum</strong></span> 
     </span>
    </p>
   </div>
   <div class='ocr_carea' id='block_1_22' title="bbox 507 2074 2067 2142">
    <p class='ocr_par' dir='ltr' id='par_1_22' title="bbox 507 2074 2067 2142">
     <span class='ocr_line' id='line_1_22' title="bbox 507 2074 2067 2142; baseline -0.004 -8"><span class='ocrx_word' id='word_1_147' title='bbox 507 2082 873 2142; x_wconf 84' lang='lat' dir='ltr'><strong>recitaremus,</strong></span> <span class='ocrx_word' id='word_1_148' title='bbox 927 2080 1173 2141; x_wconf 90' lang='lat' dir='ltr'><strong>audistis,</strong></span> <span class='ocrx_word' id='word_1_149' title='bbox 1220 2079 1455 2132; x_wconf 91' lang='lat' dir='ltr'><strong>moriens</strong></span> <span class='ocrx_word' id='word_1_150' title='bbox 1502 2084 1868 2130; x_wconf 82' lang='lat' dir='ltr'><strong>testamentum</strong></span> <span class='ocrx_word' id='word_1_151' title='bbox 1916 2074 2067 2141; x_wconf 87' lang='lat' dir='ltr'><strong>fecit,</strong></span> 
     </span>
    </p>
   </div>
   <div class='ocr_carea' id='block_1_23' title="bbox 505 2164 2065 2239">
    <p class='ocr_par' dir='ltr' id='par_1_23' title="bbox 505 2164 2065 2239">
     <span class='ocr_line' id='line_1_23' title="bbox 505 2164 2065 2239; baseline -0.004 -17"><span class='ocrx_word' id='word_1_152' title='bbox 505 2173 628 2239; x_wconf 87' lang='lat' dir='ltr'><strong>quia</strong></span> <span class='ocrx_word' id='word_1_153' title='bbox 657 2169 839 2223; x_wconf 85' lang='lat' dir='ltr'><strong>habuit</strong></span> <span class='ocrx_word' id='word_1_154' title='bbox 868 2168 1006 2222; x_wconf 91' lang='lat' dir='ltr'><strong>unde</strong></span> <span class='ocrx_word' id='word_1_155' title='bbox 1058 2167 1273 2222; x_wconf 88' lang='lat' dir='ltr'><strong>faceret.</strong></span> <span class='ocrx_word' id='word_1_156' title='bbox 1323 2168 1450 2220; x_wconf 81' lang='lat' dir='ltr'><strong>Erat</strong></span> <span class='ocrx_word' id='word_1_157' title='bbox 1492 2164 1630 2236; x_wconf 91' lang='lat' dir='ltr'><strong>quod</strong></span> <span class='ocrx_word' id='word_1_158' title='bbox 1660 2165 1858 2219; x_wconf 89' lang='lat' dir='ltr'><strong>diceret</strong></span> <span class='ocrx_word' id='word_1_159' title='bbox 1894 2179 2065 2227; x_wconf 88' lang='lat' dir='ltr'><strong>suum,</strong></span> 
     </span>
    </p>
   </div>
   <div class='ocr_carea' id='block_1_24' title="bbox 504 2253 2072 2321">
    <p class='ocr_par' dir='ltr' id='par_1_24' title="bbox 504 2253 2072 2321">
     <span class='ocr_line' id='line_1_24' title="bbox 504 2253 2072 2321; baseline -0.004 -8"><span class='ocrx_word' id='word_1_160' title='bbox 504 2272 625 2313; x_wconf 87' lang='lat' dir='ltr'><strong>cum</strong></span> <span class='ocrx_word' id='word_1_161' title='bbox 653 2257 704 2310; x_wconf 90' lang='lat' dir='ltr'><strong>in</strong></span> <span class='ocrx_word' id='word_1_162' title='bbox 721 2272 783 2310; x_wconf 89' lang='lat' dir='ltr'><strong>ea</strong></span> <span class='ocrx_word' id='word_1_163' title='bbox 809 2258 1061 2311; x_wconf 89' lang='lat' dir='ltr'><strong>societate</strong></span> <span class='ocrx_word' id='word_1_164' title='bbox 1082 2257 1305 2321; x_wconf 81' lang='lat' dir='ltr'><strong>viveret,</strong></span> <span class='ocrx_word' id='word_1_165' title='bbox 1334 2255 1420 2309; x_wconf 92' lang='lat' dir='ltr'><strong>ubi</strong></span> <span class='ocrx_word' id='word_1_166' title='bbox 1449 2256 1643 2308; x_wconf 89' lang='lat' dir='ltr'><strong>nemini</strong></span> <span class='ocrx_word' id='word_1_167' title='bbox 1684 2254 1871 2307; x_wconf 91' lang='lat' dir='ltr'><strong>licebat</strong></span> <span class='ocrx_word' id='word_1_168' title='bbox 1894 2253 2072 2307; x_wconf 85' lang='lat' dir='ltr'><strong>dicere</strong></span> 
     </span>
    </p>
   </div>
   <div class='ocr_carea' id='block_1_25' title="bbox 504 2342 2074 2417">
    <p class='ocr_par' dir='ltr' id='par_1_25' title="bbox 504 2342 2074 2417">
     <span class='ocr_line' id='line_1_25' title="bbox 504 2342 2074 2417; baseline -0.003 -16"><span class='ocrx_word' id='word_1_169' title='bbox 504 2347 704 2417; x_wconf 84' lang='lat' dir='ltr'><strong>aliquid</strong></span> <span class='ocrx_word' id='word_1_170' title='bbox 733 2363 906 2414; x_wconf 90' lang='lat' dir='ltr'><strong>suum,</strong></span> <span class='ocrx_word' id='word_1_171' title='bbox 938 2346 1034 2402; x_wconf 89' lang='lat' dir='ltr'><strong>sed</strong></span> <span class='ocrx_word' id='word_1_172' title='bbox 1072 2356 1251 2401; x_wconf 89' lang='lat' dir='ltr'><strong>essent</strong></span> <span class='ocrx_word' id='word_1_173' title='bbox 1294 2346 1397 2400; x_wconf 89' lang='lat' dir='ltr'><strong>illis</strong></span> <span class='ocrx_word' id='word_1_174' title='bbox 1441 2345 1618 2399; x_wconf 89' lang='lat' dir='ltr'><strong>omnia</strong></span> <span class='ocrx_word' id='word_1_175' title='bbox 1646 2344 1964 2397; x_wconf 89' lang='lat' dir='ltr'><strong>communia.</strong></span> <span class='ocrx_word' id='word_1_176' title='bbox 2013 2342 2074 2397; x_wconf 89' lang='lat' dir='ltr'><strong>Si</strong></span> 
     </span>
    </p>
   </div>
   <div class='ocr_carea' id='block_1_26' title="bbox 504 2434 2070 2507">
    <p class='ocr_par' dir='ltr' id='par_1_26' title="bbox 504 2434 2070 2507">
     <span class='ocr_line' id='line_1_26' title="bbox 504 2434 2070 2507; baseline -0.003 -17"><span class='ocrx_word' id='word_1_177' title='bbox 504 2438 623 2507; x_wconf 90' lang='lat' dir='ltr'><strong>quis</strong></span> <span class='ocrx_word' id='word_1_178' title='bbox 643 2437 866 2492; x_wconf 91' lang='lat' dir='ltr'><strong>dilector</strong></span> <span class='ocrx_word' id='word_1_179' title='bbox 883 2446 936 2490; x_wconf 92' lang='lat' dir='ltr'><strong>et</strong></span> <span class='ocrx_word' id='word_1_180' title='bbox 964 2435 1205 2491; x_wconf 88' lang='lat' dir='ltr'><strong>laudator</strong></span> <span class='ocrx_word' id='word_1_181' title='bbox 1230 2444 1409 2489; x_wconf 82' lang='lat' dir='ltr'><strong>noster</strong></span> <span class='ocrx_word' id='word_1_182' title='bbox 1435 2434 1569 2503; x_wconf 91' lang='lat' dir='ltr'><strong>apud</strong></span> <span class='ocrx_word' id='word_1_183' title='bbox 1596 2434 1945 2487; x_wconf 88' lang='lat' dir='ltr'><strong>detractorem</strong></span> <span class='ocrx_word' id='word_1_184' title='bbox 1971 2447 2070 2486; x_wconf 91' lang='lat' dir='ltr'><strong>no-</strong></span> 
     </span>
    </p>
   </div>
   <div class='ocr_carea' id='block_1_27' title="bbox 506 2521 2071 2595">
    <p class='ocr_par' dir='ltr' id='par_1_27' title="bbox 506 2521 2071 2595">
     <span class='ocr_line' id='line_1_27' title="bbox 506 2521 2071 2595; baseline -0.005 -14"><span class='ocrx_word' id='word_1_185' title='bbox 506 2536 677 2581; x_wconf 88' lang='lat' dir='ltr'><strong>strum</strong></span> <span class='ocrx_word' id='word_1_186' title='bbox 711 2526 1023 2595; x_wconf 73' lang='lat' dir='ltr'><strong>praedicaret</strong></span> <span class='ocrx_word' id='word_1_187' title='bbox 1058 2525 1211 2577; x_wconf 84' lang='lat' dir='ltr'><strong>istam</strong></span> <span class='ocrx_word' id='word_1_188' title='bbox 1239 2523 1566 2586; x_wconf 80' lang='lat' dir='ltr'><strong>societatem,</strong></span> <span class='ocrx_word' id='word_1_189' title='bbox 1603 2531 1658 2575; x_wconf 91' lang='lat' dir='ltr'><strong>et</strong></span> <span class='ocrx_word' id='word_1_190' title='bbox 1684 2522 1905 2581; x_wconf 87' lang='lat' dir='ltr'><strong>diceret,</strong></span> <span class='ocrx_word' id='word_1_191' title='bbox 1938 2521 2071 2574; x_wconf 86' lang='lat' dir='ltr'><strong>Cum</strong></span> 
     </span>
    </p>
   </div>
   <div class='ocr_carea' id='block_1_28' title="bbox 504 2610 2068 2684">
    <p class='ocr_par' dir='ltr' id='par_1_28' title="bbox 504 2610 2068 2684">
     <span class='ocr_line' id='line_1_28' title="bbox 504 2610 2068 2684; baseline -0.004 -15"><span class='ocrx_word' id='word_1_192' title='bbox 504 2616 758 2684; x_wconf 90' lang='lat' dir='ltr'><strong>episeopo</strong></span> <span class='ocrx_word' id='word_1_193' title='bbox 806 2614 1098 2682; x_wconf 76' lang='lat' dir='ltr'><strong>Augustino</strong></span> <span class='ocrx_word' id='word_1_194' title='bbox 1146 2613 1221 2665; x_wconf 91' lang='lat' dir='ltr'><strong>sic</strong></span> <span class='ocrx_word' id='word_1_195' title='bbox 1249 2612 1431 2664; x_wconf 84' lang='lat' dir='ltr'><strong>vivunt</strong></span> <span class='ocrx_word' id='word_1_196' title='bbox 1456 2625 1642 2665; x_wconf 87' lang='lat' dir='ltr'><strong>omnes</strong></span> <span class='ocrx_word' id='word_1_197' title='bbox 1676 2610 2068 2665; x_wconf 83' lang='lat' dir='ltr'><strong>cohabitatores</strong></span> 
     </span>
    </p>
   </div>
   <div class='ocr_carea' id='block_1_29' title="bbox 506 2699 2068 2772">
    <p class='ocr_par' dir='ltr' id='par_1_29' title="bbox 506 2699 2068 2772">
     <span class='ocr_line' id='line_1_29' title="bbox 506 2699 2068 2772; baseline -0.004 -14"><span class='ocrx_word' id='word_1_198' title='bbox 506 2703 642 2772; x_wconf 90' lang='lat' dir='ltr'><strong>ejus,</strong></span> <span class='ocrx_word' id='word_1_199' title='bbox 671 2702 936 2772; x_wconf 86' lang='lat' dir='ltr'><strong>quomodo</strong></span> <span class='ocrx_word' id='word_1_200' title='bbox 961 2701 1213 2770; x_wconf 89' lang='lat' dir='ltr'><strong>scriptum</strong></span> <span class='ocrx_word' id='word_1_201' title='bbox 1234 2710 1317 2755; x_wconf 85' lang='lat' dir='ltr'><strong>est</strong></span> <span class='ocrx_word' id='word_1_202' title='bbox 1341 2702 1393 2754; x_wconf 88' lang='lat' dir='ltr'><strong>in</strong></span> <span class='ocrx_word' id='word_1_203' title='bbox 1411 2701 1628 2755; x_wconf 82' lang='lat' dir='ltr'><strong>Actibus</strong></span> <span class='ocrx_word' id='word_1_204' title='bbox 1654 2699 2024 2769; x_wconf 87' lang='lat' dir='ltr'><strong>Apostolorum</strong></span> <span class='ocrx_word' id='word_1_205' title='bbox 2054 2715 2068 2751; x_wconf 91' lang='lat'><strong>:</strong></span> 
     </span>
    </p>
   </div>
   <div class='ocr_carea' id='block_1_30' title="bbox 508 2791 2071 2861">
    <p class='ocr_par' dir='ltr' id='par_1_30' title="bbox 508 2791 2071 2861">
     <span class='ocr_line' id='line_1_30' title="bbox 508 2791 2071 2861; baseline -0.001 -15"><span class='ocrx_word' id='word_1_206' title='bbox 508 2794 759 2846; x_wconf 86' lang='lat' dir='ltr'><strong>continuo</strong></span> <span class='ocrx_word' id='word_1_207' title='bbox 785 2792 874 2847; x_wconf 82' lang='lat' dir='ltr'><strong>ille</strong></span> <span class='ocrx_word' id='word_1_208' title='bbox 902 2792 1168 2846; x_wconf 89' lang='lat' dir='ltr'><strong>detractor</strong></span> <span class='ocrx_word' id='word_1_209' title='bbox 1193 2802 1348 2861; x_wconf 85' lang='lat' dir='ltr'><strong>caput</strong></span> <span class='ocrx_word' id='word_1_210' title='bbox 1375 2791 1830 2856; x_wconf 88' lang='lat' dir='ltr'><strong>movens,dcntem</strong></span> <span class='ocrx_word' id='word_1_211' title='bbox 1858 2804 2071 2859; x_wconf 86' lang='lat' dir='ltr'><strong>promo-</strong></span> 
     </span>
    </p>
   </div>
   <div class='ocr_carea' id='block_1_31' title="bbox 505 2881 2071 2952">
    <p class='ocr_par' dir='ltr' id='par_1_31' title="bbox 505 2881 2071 2952">
     <span class='ocr_line' id='line_1_31' title="bbox 505 2881 2071 2952; baseline -0.002 -14"><span class='ocrx_word' id='word_1_212' title='bbox 505 2900 637 2939; x_wconf 86' lang='lat' dir='ltr'><strong>vens</strong></span> <span class='ocrx_word' id='word_1_213' title='bbox 658 2926 672 2947; x_wconf 93' lang='lat'><strong>,</strong></span> <span class='ocrx_word' id='word_1_214' title='bbox 704 2885 923 2947; x_wconf 86' lang='lat' dir='ltr'><strong>diceret,</strong></span> <span class='ocrx_word' id='word_1_215' title='bbox 954 2883 1027 2937; x_wconf 88' lang='lat' dir='ltr'><strong>Ita</strong></span> <span class='ocrx_word' id='word_1_216' title='bbox 1057 2898 1179 2938; x_wconf 84' lang='lat' dir='ltr'><strong>vere</strong></span> <span class='ocrx_word' id='word_1_217' title='bbox 1221 2883 1299 2938; x_wconf 85' lang='lat' dir='ltr'><strong>sic</strong></span> <span class='ocrx_word' id='word_1_218' title='bbox 1335 2883 1405 2937; x_wconf 92' lang='lat' dir='ltr'><strong>ibi</strong></span> <span class='ocrx_word' id='word_1_219' title='bbox 1438 2883 1666 2950; x_wconf 81' lang='lat' dir='ltr'><strong>vivitur,</strong></span> <span class='ocrx_word' id='word_1_220' title='bbox 1716 2881 1981 2952; x_wconf 89' lang='lat' dir='ltr'><strong>quomodo</strong></span> <span class='ocrx_word' id='word_1_221' title='bbox 2015 2889 2071 2936; x_wconf 90' lang='lat' dir='ltr'><strong>tu</strong></span> 
     </span>
    </p>
   </div>
   <div class='ocr_carea' id='block_1_32' title="bbox 499 2972 2073 3042">
    <p class='ocr_par' dir='ltr' id='par_1_32' title="bbox 499 2972 2073 3042">
     <span class='ocr_line' id='line_1_32' title="bbox 499 2972 2073 3042; baseline -0.002 -12"><span class='ocrx_word' id='word_1_222' title='bbox 499 2976 675 3030; x_wconf 82' lang='lat' dir='ltr'><strong>dicis?</strong></span> <span class='ocrx_word' id='word_1_223' title='bbox 701 2975 874 3042; x_wconf 84' lang='lat' dir='ltr'><strong>Quare</strong></span> <span class='ocrx_word' id='word_1_224' title='bbox 901 2974 1179 3029; x_wconf 80' lang='lat' dir='ltr'><strong>mentiris?</strong></span> <span class='ocrx_word' id='word_1_225' title='bbox 1227 2974 1403 3041; x_wconf 83' lang='lat' dir='ltr'><strong>Quare</strong></span> <span class='ocrx_word' id='word_1_226' title='bbox 1423 2972 1552 3029; x_wconf 83' lang='lat' dir='ltr'><strong>falsa</strong></span> <span class='ocrx_word' id='word_1_227' title='bbox 1576 2973 1729 3028; x_wconf 87' lang='lat' dir='ltr'><strong>laude</strong></span> <span class='ocrx_word' id='word_1_228' title='bbox 1750 2973 2073 3027; x_wconf 85' lang='lat' dir='ltr'><strong>honorasin-</strong></span> 
     </span>
    </p>
   </div>
   <div class='ocr_carea' id='block_1_33' title="bbox 506 3064 2072 3136">
    <p class='ocr_par' dir='ltr' id='par_1_33' title="bbox 506 3064 2072 3136">
     <span class='ocr_line' id='line_1_33' title="bbox 506 3064 2072 3136; baseline -0.001 -17"><span class='ocrx_word' id='word_1_229' title='bbox 506 3066 732 3136; x_wconf 83' lang='lat' dir='ltr'><strong>dignos?</strong></span> <span class='ocrx_word' id='word_1_230' title='bbox 757 3064 945 3121; x_wconf 87' lang='lat' dir='ltr'><strong>Nonne</strong></span> <span class='ocrx_word' id='word_1_231' title='bbox 993 3066 1060 3120; x_wconf 90' lang='lat' dir='ltr'><strong>ibi</strong></span> <span class='ocrx_word' id='word_1_232' title='bbox 1097 3065 1257 3119; x_wconf 90' lang='lat' dir='ltr'><strong>modo</strong></span> <span class='ocrx_word' id='word_1_233' title='bbox 1283 3066 1334 3118; x_wconf 92' lang='lat' dir='ltr'><strong>in</strong></span> <span class='ocrx_word' id='word_1_234' title='bbox 1362 3080 1544 3118; x_wconf 90' lang='lat' dir='ltr'><strong>eorum</strong></span> <span class='ocrx_word' id='word_1_235' title='bbox 1592 3066 1846 3120; x_wconf 87' lang='lat' dir='ltr'><strong>societate</strong></span> <span class='ocrx_word' id='word_1_236' title='bbox 1869 3064 2072 3133; x_wconf 82' lang='lat' dir='ltr'><strong>positus</strong></span> 
     </span>
    </p>
   </div>
   <div class='ocr_carea' id='block_1_34' title="bbox 500 3155 2071 3226">
    <p class='ocr_par' dir='ltr' id='par_1_34' title="bbox 500 3155 2071 3226">
     <span class='ocr_line' id='line_1_34' title="bbox 500 3155 2071 3226; baseline 0.001 -18"><span class='ocrx_word' id='word_1_237' title='bbox 500 3156 785 3226; x_wconf 75' lang='lat' dir='ltr'><strong>presbyter</strong></span> <span class='ocrx_word' id='word_1_238' title='bbox 808 3164 1175 3210; x_wconf 87' lang='lat' dir='ltr'><strong>testamentum</strong></span> <span class='ocrx_word' id='word_1_239' title='bbox 1204 3155 1344 3218; x_wconf 88' lang='lat' dir='ltr'><strong>fecit,</strong></span> <span class='ocrx_word' id='word_1_240' title='bbox 1374 3164 1428 3210; x_wconf 90' lang='lat' dir='ltr'><strong>et</strong></span> <span class='ocrx_word' id='word_1_241' title='bbox 1446 3155 1583 3224; x_wconf 90' lang='lat' dir='ltr'><strong>quod</strong></span> <span class='ocrx_word' id='word_1_242' title='bbox 1610 3155 2071 3223; x_wconf 86' lang='lat' dir='ltr'><strong>habuitquomodo</strong></span> 
     </span>
    </p>
   </div>
   <div class='ocr_carea' id='block_1_35' title="bbox 512 3243 2073 3316">
    <p class='ocr_par' dir='ltr' id='par_1_35' title="bbox 512 3243 2073 3316">
     <span class='ocr_line' id='line_1_35' title="bbox 512 3243 2073 3316; baseline 0.001 -18"><span class='ocrx_word' id='word_1_243' title='bbox 512 3246 678 3299; x_wconf 88' lang='lat' dir='ltr'><strong>voluit</strong></span> <span class='ocrx_word' id='word_1_244' title='bbox 706 3245 984 3316; x_wconf 68' lang='lat' dir='ltr'><strong>disposuit,</strong></span> <span class='ocrx_word' id='word_1_245' title='bbox 1034 3252 1088 3298; x_wconf 91' lang='lat' dir='ltr'><strong>et</strong></span> <span class='ocrx_word' id='word_1_246' title='bbox 1116 3243 1369 3313; x_wconf 71' lang='lat' dir='ltr'><strong>reliquit?</strong></span> <span class='ocrx_word' id='word_1_247' title='bbox 1418 3244 1574 3298; x_wconf 87' lang='lat' dir='ltr'><strong>Certe</strong></span> <span class='ocrx_word' id='word_1_248' title='bbox 1613 3245 1787 3297; x_wconf 88' lang='lat' dir='ltr'><strong>omnia</strong></span> <span class='ocrx_word' id='word_1_249' title='bbox 1834 3245 1901 3298; x_wconf 91' lang='lat' dir='ltr'><strong>ibi</strong></span> <span class='ocrx_word' id='word_1_250' title='bbox 1953 3254 2073 3299; x_wconf 90' lang='lat' dir='ltr'><strong>sunt</strong></span> 
     </span>
    </p>
   </div>
   <div class='ocr_carea' id='block_1_36' title="bbox 504 3333 2073 3404">
    <p class='ocr_par' dir='ltr' id='par_1_36' title="bbox 504 3333 2073 3404">
     <span class='ocr_line' id='line_1_36' title="bbox 504 3333 2073 3404; baseline 0.001 -16"><span class='ocrx_word' id='word_1_251' title='bbox 504 3335 845 3388; x_wconf 80' lang='lat' dir='ltr'><strong>communia?</strong></span> <span class='ocrx_word' id='word_1_252' title='bbox 873 3345 1020 3390; x_wconf 88' lang='lat' dir='ltr'><strong>certe</strong></span> <span class='ocrx_word' id='word_1_253' title='bbox 1040 3349 1197 3389; x_wconf 91' lang='lat' dir='ltr'><strong>nemo</strong></span> <span class='ocrx_word' id='word_1_254' title='bbox 1218 3334 1347 3388; x_wconf 88' lang='lat' dir='ltr'><strong>dicit</strong></span> <span class='ocrx_word' id='word_1_255' title='bbox 1386 3333 1581 3404; x_wconf 85' lang='lat' dir='ltr'><strong>aliquid</strong></span> <span class='ocrx_word' id='word_1_256' title='bbox 1610 3349 1761 3388; x_wconf 90' lang='lat' dir='ltr'><strong>suum</strong></span> <span class='ocrx_word' id='word_1_257' title='bbox 1782 3335 1807 3387; x_wconf 71' lang='grc' dir='ltr'><strong>’ἒ</strong></span> <span class='ocrx_word' id='word_1_258' title='bbox 1835 3334 1945 3388; x_wconf 86' lang='lat' dir='ltr'><strong>Sub</strong></span> <span class='ocrx_word' id='word_1_259' title='bbox 1991 3336 2073 3390; x_wconf 75' lang='lat' dir='ltr'><strong>liis</strong></span> 
     </span>
    </p>
   </div>
   <div class='ocr_carea' id='block_1_37' title="bbox 501 3424 2074 3496">
    <p class='ocr_par' dir='ltr' id='par_1_37' title="bbox 501 3424 2074 3496">
     <span class='ocr_line' id='line_1_37' title="bbox 501 3424 2074 3496; baseline -0.001 -17"><span class='ocrx_word' id='word_1_260' title='bbox 501 3427 683 3481; x_wconf 78' lang='lat' dir='ltr'><strong>verbis</strong></span> <span class='ocrx_word' id='word_1_261' title='bbox 727 3426 850 3496; x_wconf 86' lang='lat' dir='ltr'><strong>quid</strong></span> <span class='ocrx_word' id='word_1_262' title='bbox 900 3435 1080 3496; x_wconf 78' lang='lat' dir='ltr'><strong>ageret</strong></span> <span class='ocrx_word' id='word_1_263' title='bbox 1132 3426 1377 3481; x_wconf 88' lang='lat' dir='ltr'><strong>laudator</strong></span> <span class='ocrx_word' id='word_1_264' title='bbox 1427 3425 1619 3479; x_wconf 80' lang='lat' dir='ltr'><strong>meus?</strong></span> <span class='ocrx_word' id='word_1_265' title='bbox 1662 3424 1848 3480; x_wconf 82' lang='lat' dir='ltr'><strong>Nonne</strong></span> <span class='ocrx_word' id='word_1_266' title='bbox 1874 3440 1935 3479; x_wconf 89' lang='lat' dir='ltr'><strong>os</strong></span> <span class='ocrx_word' id='word_1_267' title='bbox 1959 3427 2074 3495; x_wconf 86' lang='lat' dir='ltr'><strong>ejus</strong></span> 
     </span>
    </p>
   </div>
   <div class='ocr_carea' id='block_1_38' title="bbox 507 3512 2066 3586">
    <p class='ocr_par' dir='ltr' id='par_1_38' title="bbox 507 3512 2066 3586">
     <span class='ocr_line' id='line_1_38' title="bbox 507 3512 2066 3586; baseline 0 -18"><span class='ocrx_word' id='word_1_268' title='bbox 507 3515 658 3585; x_wconf 86' lang='lat' dir='ltr'><strong>quasi</strong></span> <span class='ocrx_word' id='word_1_269' title='bbox 709 3515 921 3586; x_wconf 89' lang='lat' dir='ltr'><strong>plumbo</strong></span> <span class='ocrx_word' id='word_1_270' title='bbox 960 3515 1218 3584; x_wconf 90' lang='lat' dir='ltr'><strong>oppilaret</strong></span> <span class='ocrx_word' id='word_1_271' title='bbox 1247 3514 1335 3569; x_wconf 92' lang='lat' dir='ltr'><strong>ille</strong></span> <span class='ocrx_word' id='word_1_272' title='bbox 1367 3512 1672 3568; x_wconf 72' lang='lat' dir='ltr'><strong>detractor?</strong></span> <span class='ocrx_word' id='word_1_273' title='bbox 1695 3512 1881 3568; x_wconf 89' lang='lat' dir='ltr'><strong>Nonne</strong></span> <span class='ocrx_word' id='word_1_274' title='bbox 1919 3514 2066 3568; x_wconf 89' lang='lat' dir='ltr'><strong>illum</strong></span> 
     </span>
    </p>
   </div>
   <div class='ocr_carea' id='block_1_39' title="bbox 506 3603 2068 3674">
    <p class='ocr_par' dir='ltr' id='par_1_39' title="bbox 506 3603 2068 3674">
     <span class='ocr_line' id='line_1_39' title="bbox 506 3603 2068 3674; baseline -0.001 -15"><span class='ocrx_word' id='word_1_275' title='bbox 506 3605 748 3659; x_wconf 82' lang='lat' dir='ltr'><strong>laudasse</strong></span> <span class='ocrx_word' id='word_1_276' title='bbox 775 3605 1087 3674; x_wconf 74' lang='lat' dir='ltr'><strong>pmniteret?</strong></span> <span class='ocrx_word' id='word_1_277' title='bbox 1114 3603 1297 3658; x_wconf 90' lang='lat' dir='ltr'><strong>Nonne</strong></span> <span class='ocrx_word' id='word_1_278' title='bbox 1328 3603 1617 3658; x_wconf 87' lang='lat' dir='ltr'><strong>reverentia</strong></span> <span class='ocrx_word' id='word_1_279' title='bbox 1648 3603 1891 3669; x_wconf 87' lang='lat' dir='ltr'><strong>perfusus</strong></span> <span class='ocrx_word' id='word_1_280' title='bbox 1924 3613 1977 3658; x_wconf 92' lang='lat' dir='ltr'><strong>et</strong></span> <span class='ocrx_word' id='word_1_281' title='bbox 2000 3604 2068 3658; x_wconf 86' lang='lat' dir='ltr'><strong>il-</strong></span> 
     </span>
    </p>
   </div>
   <div class='ocr_carea' id='block_1_40' title="bbox 508 3694 2070 3760">
    <p class='ocr_par' dir='ltr' id='par_1_40' title="bbox 508 3694 2070 3760">
     <span class='ocr_line' id='line_1_40' title="bbox 508 3694 2070 3760; baseline 0 -12"><span class='ocrx_word' id='word_1_282' title='bbox 508 3696 608 3750; x_wconf 88' lang='lat' dir='ltr'><strong>lius</strong></span> <span class='ocrx_word' id='word_1_283' title='bbox 634 3711 879 3750; x_wconf 85' lang='lat' dir='ltr'><strong>sermone</strong></span> <span class='ocrx_word' id='word_1_284' title='bbox 904 3695 1172 3760; x_wconf 89' lang='lat' dir='ltr'><strong>confusus,</strong></span> <span class='ocrx_word' id='word_1_285' title='bbox 1200 3695 1280 3750; x_wconf 89' lang='lat' dir='ltr'><strong>vel</strong></span> <span class='ocrx_word' id='word_1_286' title='bbox 1305 3694 1457 3749; x_wconf 88' lang='lat' dir='ltr'><strong>nobis</strong></span> <span class='ocrx_word' id='word_1_287' title='bbox 1482 3696 1565 3750; x_wconf 91' lang='lat' dir='ltr'><strong>vel</strong></span> <span class='ocrx_word' id='word_1_288' title='bbox 1597 3694 1833 3749; x_wconf 88' lang='lat' dir='ltr'><strong>testatori</strong></span> <span class='ocrx_word' id='word_1_289' title='bbox 1856 3695 1931 3749; x_wconf 93' lang='lat' dir='ltr'><strong>illi</strong></span> <span class='ocrx_word' id='word_1_290' title='bbox 1954 3709 2070 3748; x_wconf 87' lang='lat' dir='ltr'><strong>ma-</strong></span> 
     </span>
    </p>
   </div>
   <div class='ocr_carea' id='block_1_41' title="bbox 506 3783 2072 3855">
    <p class='ocr_par' dir='ltr' id='par_1_41' title="bbox 506 3783 2072 3855">
     <span class='ocr_line' id='line_1_41' title="bbox 506 3783 2072 3855; baseline 0.002 -19"><span class='ocrx_word' id='word_1_291' title='bbox 506 3784 753 3838; x_wconf 88' lang='lat' dir='ltr'><strong>lediceret</strong></span> <span class='ocrx_word' id='word_1_292' title='bbox 778 3784 802 3836; x_wconf 86' lang='lat'><strong><em>?</em></strong></span> <span class='ocrx_word' id='word_1_293' title='bbox 841 3784 963 3838; x_wconf 66' lang='lat' dir='ltr'><strong>llaac</strong></span> <span class='ocrx_word' id='word_1_294' title='bbox 989 3783 1089 3837; x_wconf 88' lang='lat' dir='ltr'><strong>fuit</strong></span> <span class='ocrx_word' id='word_1_295' title='bbox 1118 3785 1426 3851; x_wconf 84' lang='lat' dir='ltr'><strong>necessitas,</strong></span> <span class='ocrx_word' id='word_1_296' title='bbox 1457 3793 1516 3837; x_wconf 91' lang='lat' dir='ltr'><strong>ut</strong></span> <span class='ocrx_word' id='word_1_297' title='bbox 1549 3784 1616 3838; x_wconf 88' lang='lat' dir='ltr'><strong>ad</strong></span> <span class='ocrx_word' id='word_1_298' title='bbox 1646 3784 1799 3839; x_wconf 82' lang='lat' dir='ltr'><strong>istam</strong></span> <span class='ocrx_word' id='word_1_299' title='bbox 1843 3784 2072 3855; x_wconf 87' lang='lat' dir='ltr'><strong>diligen-</strong></span> 
     </span>
    </p>
   </div>
   <div class='ocr_carea' id='block_1_42' title="bbox 503 3873 977 3927">
    <p class='ocr_par' dir='ltr' id='par_1_42' title="bbox 503 3873 977 3927">
     <span class='ocr_line' id='line_1_42' title="bbox 503 3873 977 3927; baseline -0.002 -1"><span class='ocrx_word' id='word_1_300' title='bbox 503 3875 635 3926; x_wconf 87' lang='lat' dir='ltr'><strong>tiam</strong></span> <span class='ocrx_word' id='word_1_301' title='bbox 661 3873 977 3927; x_wconf 87' lang='lat' dir='ltr'><strong>veniremus.</strong></span> 
     </span>
    </p>
   </div>
   <div class='ocr_carea' id='block_1_43' title="bbox 576 3963 2074 4035">
    <p class='ocr_par' dir='ltr' id='par_1_43' title="bbox 576 3963 2074 4035">
     <span class='ocr_line' id='line_1_43' title="bbox 576 3963 2074 4035; baseline 0.001 -17"><span class='ocrx_word' id='word_1_302' title='bbox 576 3965 629 4018; x_wconf 82' lang='grc'><strong>5.</strong></span> <span class='ocrx_word' id='word_1_303' title='bbox 672 3963 851 4017; x_wconf 79' lang='lat' dir='ltr'><strong>Clerici</strong></span> <span class='ocrx_word' id='word_1_304' title='bbox 886 3980 1057 4017; x_wconf 86' lang='lat' dir='ltr'><strong>omnes</strong></span> <span class='ocrx_word' id='word_1_305' title='bbox 1084 3964 1347 4033; x_wconf 70' lang='lat' dir='ltr'><strong>Augustini</strong></span> <span class='ocrx_word' id='word_1_306' title='bbox 1383 3964 1434 4018; x_wconf 86' lang='lat' dir='ltr'><strong>in</strong></span> <span class='ocrx_word' id='word_1_307' title='bbox 1472 3965 1727 4035; x_wconf 80' lang='lat' dir='ltr'><strong>proposito</strong></span> <span class='ocrx_word' id='word_1_308' title='bbox 1769 3966 2074 4035; x_wconf 82' lang='lat' dir='ltr'><strong>paupertatis</strong></span> 
     </span>
    </p>
   </div>
   <div class='ocr_carea' id='block_1_44' title="bbox 507 4051 2073 4119">
    <p class='ocr_par' dir='ltr' id='par_1_44' title="bbox 507 4051 2073 4119">
     <span class='ocr_line' id='line_1_44' title="bbox 507 4051 2073 4119; baseline 0.001 -13"><span class='ocrx_word' id='word_1_309' title='bbox 507 4062 787 4106; x_wconf 82' lang='lat' dir='ltr'><strong>constantes</strong></span> <span class='ocrx_word' id='word_1_310' title='bbox 835 4054 1034 4105; x_wconf 84' lang='lat' dir='ltr'><strong>inventi.</strong></span> <span class='ocrx_word' id='word_1_311' title='bbox 1087 4051 1267 4106; x_wconf 79' lang='lat' dir='ltr'><strong>Valens</strong></span> <span class='ocrx_word' id='word_1_312' title='bbox 1310 4053 1586 4119; x_wconf 75' lang='lat' dir='ltr'><strong>diaconus,</strong></span> <span class='ocrx_word' id='word_1_313' title='bbox 1650 4053 1904 4107; x_wconf 75' lang='lat' dir='ltr'><strong>Patricius</strong></span> <span class='ocrx_word' id='word_1_314' title='bbox 1953 4054 2073 4107; x_wconf 77' lang='lat' dir='ltr'><strong>sub-</strong></span> 
     </span>
    </p>
   </div>
   <div class='ocr_carea' id='block_1_45' title="bbox 509 4142 2074 4213">
    <p class='ocr_par' dir='ltr' id='par_1_45' title="bbox 509 4142 2074 4213">
     <span class='ocr_line' id='line_1_45' title="bbox 509 4142 2074 4213; baseline 0.002 -19"><span class='ocrx_word' id='word_1_315' title='bbox 509 4143 769 4196; x_wconf 85' lang='lat' dir='ltr'><strong>diaconus.</strong></span> <span class='ocrx_word' id='word_1_316' title='bbox 818 4142 1011 4197; x_wconf 80' lang='lat' dir='ltr'><strong>Nuntio</strong></span> <span class='ocrx_word' id='word_1_317' title='bbox 1052 4157 1178 4212; x_wconf 84' lang='lat' dir='ltr'><strong>ergo</strong></span> <span class='ocrx_word' id='word_1_318' title='bbox 1222 4144 1371 4197; x_wconf 89' lang='lat' dir='ltr'><strong>vobis</strong></span> <span class='ocrx_word' id='word_1_319' title='bbox 1396 4142 1534 4197; x_wconf 89' lang='lat' dir='ltr'><strong>unde</strong></span> <span class='ocrx_word' id='word_1_320' title='bbox 1562 4144 1849 4213; x_wconf 81' lang='lat' dir='ltr'><strong>gaudeatis.</strong></span> <span class='ocrx_word' id='word_1_321' title='bbox 1877 4142 2074 4198; x_wconf 89' lang='lat' dir='ltr'><strong>Omnes</strong></span> 
     </span>
    </p>
   </div>
   <div class='ocr_carea' id='block_1_46' title="bbox 504 4232 2075 4304">
    <p class='ocr_par' dir='ltr' id='par_1_46' title="bbox 504 4232 2075 4304">
     <span class='ocr_line' id='line_1_46' title="bbox 504 4232 2075 4304; baseline 0.003 -20"><span class='ocrx_word' id='word_1_322' title='bbox 504 4232 692 4286; x_wconf 79' lang='lat' dir='ltr'><strong>fratres</strong></span> <span class='ocrx_word' id='word_1_323' title='bbox 715 4241 769 4287; x_wconf 92' lang='lat' dir='ltr'><strong>et</strong></span> <span class='ocrx_word' id='word_1_324' title='bbox 795 4233 1019 4286; x_wconf 88' lang='lat' dir='ltr'><strong>clericos</strong></span> <span class='ocrx_word' id='word_1_325' title='bbox 1049 4248 1217 4297; x_wconf 89' lang='lat' dir='ltr'><strong>meos,</strong></span> <span class='ocrx_word' id='word_1_326' title='bbox 1254 4234 1342 4303; x_wconf 90' lang='lat' dir='ltr'><strong>qui</strong></span> <span class='ocrx_word' id='word_1_327' title='bbox 1389 4247 1592 4286; x_wconf 90' lang='lat' dir='ltr'><strong>mecum</strong></span> <span class='ocrx_word' id='word_1_328' title='bbox 1648 4233 1911 4297; x_wconf 85' lang='lat' dir='ltr'><strong>habitant,</strong></span> <span class='ocrx_word' id='word_1_329' title='bbox 1954 4249 2075 4304; x_wconf 90' lang='lat' dir='ltr'><strong>pre-</strong></span> 
     </span>
    </p>
   </div>
   <div class='ocr_carea' id='block_1_47' title="bbox 503 4321 2073 4392">
    <p class='ocr_par' dir='ltr' id='par_1_47' title="bbox 503 4321 2073 4392">
     <span class='ocr_line' id='line_1_47' title="bbox 503 4321 2073 4392; baseline 0.002 -18"><span class='ocrx_word' id='word_1_330' title='bbox 503 4321 1047 4392; x_wconf 87' lang='lat' dir='ltr'><strong>sbyteros,diaeonos,</strong></span> <span class='ocrx_word' id='word_1_331' title='bbox 1062 4322 1432 4387; x_wconf 89' lang='lat' dir='ltr'><strong>subdiaconos,</strong></span> <span class='ocrx_word' id='word_1_332' title='bbox 1452 4330 1503 4377; x_wconf 89' lang='lat' dir='ltr'><strong>et</strong></span> <span class='ocrx_word' id='word_1_333' title='bbox 1526 4321 1805 4377; x_wconf 86' lang='lat' dir='ltr'><strong>Patricium</strong></span> <span class='ocrx_word' id='word_1_334' title='bbox 1827 4332 2073 4391; x_wconf 88' lang='lat' dir='ltr'><strong>nepotem</strong></span> 
     </span>
    </p>
   </div>
   <div class='ocr_carea' id='block_1_48' title="bbox 508 4411 2072 4481">
    <p class='ocr_par' dir='ltr' id='par_1_48' title="bbox 508 4411 2072 4481">
     <span class='ocr_line' id='line_1_48' title="bbox 508 4411 2072 4481; baseline 0.003 -18"><span class='ocrx_word' id='word_1_335' title='bbox 508 4426 705 4471; x_wconf 90' lang='lat' dir='ltr'><strong>meum,</strong></span> <span class='ocrx_word' id='word_1_336' title='bbox 730 4411 860 4463; x_wconf 92' lang='lat' dir='ltr'><strong>tales</strong></span> <span class='ocrx_word' id='word_1_337' title='bbox 890 4412 1082 4475; x_wconf 88' lang='lat' dir='ltr'><strong>inveni,</strong></span> <span class='ocrx_word' id='word_1_338' title='bbox 1110 4412 1290 4480; x_wconf 87' lang='lat' dir='ltr'><strong>quales</strong></span> <span class='ocrx_word' id='word_1_339' title='bbox 1305 4411 1617 4465; x_wconf 85' lang='lat' dir='ltr'><strong>desideravi.</strong></span> <span class='ocrx_word' id='word_1_340' title='bbox 1648 4412 1751 4467; x_wconf 91' lang='lat' dir='ltr'><strong>Sed</strong></span> <span class='ocrx_word' id='word_1_341' title='bbox 1776 4414 1863 4481; x_wconf 90' lang='lat' dir='ltr'><strong>qui</strong></span> <span class='ocrx_word' id='word_1_342' title='bbox 1892 4414 1959 4467; x_wconf 89' lang='lat' dir='ltr'><strong>de</strong></span> <span class='ocrx_word' id='word_1_343' title='bbox 1978 4428 2072 4468; x_wconf 87' lang='lat' dir='ltr'><strong>sua</strong></span> 
     </span>
    </p>
   </div>
   <div class='ocr_carea' id='block_1_49' title="bbox 499 4499 2071 4569">
    <p class='ocr_par' dir='ltr' id='par_1_49' title="bbox 499 4499 2071 4569">
     <span class='ocr_line' id='line_1_49' title="bbox 499 4499 2071 4569; baseline 0.002 -17"><span class='ocrx_word' id='word_1_344' title='bbox 499 4499 877 4569; x_wconf 78' lang='lat' dir='ltr'><strong>qualicumque</strong></span> <span class='ocrx_word' id='word_1_345' title='bbox 927 4508 1257 4569; x_wconf 86' lang='lat' dir='ltr'><strong>paupertate,</strong></span> <span class='ocrx_word' id='word_1_346' title='bbox 1289 4499 1433 4569; x_wconf 88' lang='lat' dir='ltr'><strong>quod</strong></span> <span class='ocrx_word' id='word_1_347' title='bbox 1479 4508 1794 4563; x_wconf 87' lang='lat' dir='ltr'><strong>statuerant,</strong></span> <span class='ocrx_word' id='word_1_348' title='bbox 1840 4500 2071 4555; x_wconf 91' lang='lat' dir='ltr'><strong>nondum</strong></span> 
     </span>
    </p>
   </div>
   <div class='ocr_carea' id='block_1_50' title="bbox 503 4588 2073 4659">
    <p class='ocr_par' dir='ltr' id='par_1_50' title="bbox 503 4588 2073 4659">
     <span class='ocr_line' id='line_1_50' title="bbox 503 4588 2073 4659; baseline 0.004 -19"><span class='ocrx_word' id='word_1_349' title='bbox 503 4589 764 4652; x_wconf 88' lang='lat' dir='ltr'><strong>fecerunt,</strong></span> <span class='ocrx_word' id='word_1_350' title='bbox 794 4588 846 4642; x_wconf 81' lang='lat' dir='ltr'><strong>lii</strong></span> <span class='ocrx_word' id='word_1_351' title='bbox 865 4589 966 4643; x_wconf 89' lang='lat' dir='ltr'><strong>duo</strong></span> <span class='ocrx_word' id='word_1_352' title='bbox 989 4597 1130 4653; x_wconf 89' lang='lat' dir='ltr'><strong>sunt,</strong></span> <span class='ocrx_word' id='word_1_353' title='bbox 1164 4589 1352 4643; x_wconf 86' lang='lat' dir='ltr'><strong>Valens</strong></span> <span class='ocrx_word' id='word_1_354' title='bbox 1377 4589 1651 4653; x_wconf 87' lang='lat' dir='ltr'><strong>diaconus,</strong></span> <span class='ocrx_word' id='word_1_355' title='bbox 1684 4598 1738 4644; x_wconf 90' lang='lat' dir='ltr'><strong>et</strong></span> <span class='ocrx_word' id='word_1_356' title='bbox 1768 4591 1920 4659; x_wconf 90' lang='lat' dir='ltr'><strong>paulo</strong></span> <span class='ocrx_word' id='word_1_357' title='bbox 1951 4600 2073 4647; x_wconf 86' lang='lat' dir='ltr'><strong>ante</strong></span> 
     </span>
    </p>
   </div>
   <div class='ocr_carea' id='block_1_51' title="bbox 500 4679 2070 4749">
    <p class='ocr_par' dir='ltr' id='par_1_51' title="bbox 500 4679 2070 4749">
     <span class='ocr_line' id='line_1_51' title="bbox 500 4679 2070 4749; baseline 0.002 -16"><span class='ocrx_word' id='word_1_358' title='bbox 500 4680 675 4735; x_wconf 87' lang='lat' dir='ltr'><strong>dictus</strong></span> <span class='ocrx_word' id='word_1_359' title='bbox 706 4695 872 4749; x_wconf 90' lang='lat' dir='ltr'><strong>nepos</strong></span> <span class='ocrx_word' id='word_1_360' title='bbox 897 4694 1050 4733; x_wconf 91' lang='lat' dir='ltr'><strong>meus</strong></span> <span class='ocrx_word' id='word_1_361' title='bbox 1069 4679 1420 4733; x_wconf 84' lang='lat' dir='ltr'><strong>subdiaconus</strong></span> <span class='ocrx_word' id='word_1_362' title='bbox 1444 4696 1458 4744; x_wconf 91' lang='lat'><strong>;</strong></span> <span class='ocrx_word' id='word_1_363' title='bbox 1486 4680 1579 4734; x_wconf 91' lang='lat' dir='ltr'><strong>sed</strong></span> <span class='ocrx_word' id='word_1_364' title='bbox 1617 4683 1801 4735; x_wconf 88' lang='lat' dir='ltr'><strong>matris</strong></span> <span class='ocrx_word' id='word_1_365' title='bbox 1824 4682 1928 4736; x_wconf 88' lang='lat' dir='ltr'><strong>vita</strong></span> <span class='ocrx_word' id='word_1_366' title='bbox 1966 4680 2070 4736; x_wconf 90' lang='lat' dir='ltr'><strong>im-</strong></span> 
     </span>
    </p>
   </div>
   <div class='ocr_carea' id='block_1_52' title="bbox 503 4769 2065 4841">
    <p class='ocr_par' dir='ltr' id='par_1_52' title="bbox 503 4769 2065 4841">
     <span class='ocr_line' id='line_1_52' title="bbox 503 4769 2065 4841; baseline 0.002 -19"><span class='ocrx_word' id='word_1_367' title='bbox 503 4770 763 4837; x_wconf 89' lang='lat' dir='ltr'><strong>pediebat,</strong></span> <span class='ocrx_word' id='word_1_368' title='bbox 796 4770 917 4840; x_wconf 87' lang='lat' dir='ltr'><strong>quia</strong></span> <span class='ocrx_word' id='word_1_369' title='bbox 957 4769 1078 4824; x_wconf 89' lang='lat' dir='ltr'><strong>inde</strong></span> <span class='ocrx_word' id='word_1_370' title='bbox 1131 4770 1358 4825; x_wconf 87' lang='lat' dir='ltr'><strong>vivebat.</strong></span> <span class='ocrx_word' id='word_1_371' title='bbox 1405 4771 1820 4841; x_wconf 82' lang='lat' dir='ltr'><strong>Exspectabatur</strong></span> <span class='ocrx_word' id='word_1_372' title='bbox 1865 4771 1919 4825; x_wconf 93' lang='lat' dir='ltr'><strong>in</strong></span> <span class='ocrx_word' id='word_1_373' title='bbox 1973 4772 2065 4826; x_wconf 93' lang='lat' dir='ltr'><strong>illo</strong></span> 
     </span>
    </p>
   </div>
   <div class='ocr_carea' id='block_1_53' title="bbox 502 4858 2065 4929">
    <p class='ocr_par' dir='ltr' id='par_1_53' title="bbox 502 4858 2065 4929">
     <span class='ocr_line' id='line_1_53' title="bbox 502 4858 2065 4929; baseline 0.003 -19"><span class='ocrx_word' id='word_1_374' title='bbox 502 4858 660 4911; x_wconf 83' lang='lat' dir='ltr'><strong>etiam</strong></span> <span class='ocrx_word' id='word_1_375' title='bbox 708 4859 951 4927; x_wconf 69' lang='lat' dir='ltr'><strong>legitimze</strong></span> <span class='ocrx_word' id='word_1_376' title='bbox 996 4860 1167 4913; x_wconf 84' lang='lat' dir='ltr'><strong>aetatis</strong></span> <span class='ocrx_word' id='word_1_377' title='bbox 1204 4874 1449 4915; x_wconf 88' lang='lat' dir='ltr'><strong>accessus</strong></span> <span class='ocrx_word' id='word_1_378' title='bbox 1475 4899 1491 4926; x_wconf 94' lang='lat'><strong>,</strong></span> <span class='ocrx_word' id='word_1_379' title='bbox 1539 4868 1597 4914; x_wconf 90' lang='lat' dir='ltr'><strong>ut</strong></span> <span class='ocrx_word' id='word_1_380' title='bbox 1645 4858 1787 4929; x_wconf 90' lang='lat' dir='ltr'><strong>quod</strong></span> <span class='ocrx_word' id='word_1_381' title='bbox 1829 4859 2065 4925; x_wconf 86' lang='lat' dir='ltr'><strong>laceret,</strong></span> 
     </span>
    </p>
   </div>
   <div class='ocr_carea' id='block_1_54' title="bbox 506 4944 2070 5021">
    <p class='ocr_par' dir='ltr' id='par_1_54' title="bbox 506 4944 2070 5021">
     <span class='ocr_line' id='line_1_54' title="bbox 506 4944 2070 5021; baseline 0.006 -24"><span class='ocrx_word' id='word_1_382' title='bbox 506 4944 807 5000; x_wconf 86' lang='lat' dir='ltr'><strong>firmissime</strong></span> <span class='ocrx_word' id='word_1_383' title='bbox 845 4947 1060 5003; x_wconf 89' lang='lat' dir='ltr'><strong>faceret.</strong></span> <span class='ocrx_word' id='word_1_384' title='bbox 1092 4948 1333 5003; x_wconf 88' lang='lat' dir='ltr'><strong>Nondum</strong></span> <span class='ocrx_word' id='word_1_385' title='bbox 1379 4960 1555 5003; x_wconf 90' lang='lat' dir='ltr'><strong>autem</strong></span> <span class='ocrx_word' id='word_1_386' title='bbox 1587 4950 1728 5017; x_wconf 85' lang='lat' dir='ltr'><strong>fecit,</strong></span> <span class='ocrx_word' id='word_1_387' title='bbox 1773 4952 1896 5020; x_wconf 90' lang='lat' dir='ltr'><strong>quia</strong></span> <span class='ocrx_word' id='word_1_388' title='bbox 1926 4951 2070 5021; x_wconf 89' lang='lat' dir='ltr'><strong>ipsos</strong></span> 
     </span>
    </p>
   </div>
   <div class='ocr_carea' id='block_1_55' title="bbox 504 5037 2067 5102">
    <p class='ocr_par' dir='ltr' id='par_1_55' title="bbox 504 5037 2067 5102">
     <span class='ocr_line' id='line_1_55' title="bbox 504 5037 2067 5102; baseline 0.004 -13"><span class='ocrx_word' id='word_1_389' title='bbox 504 5037 704 5102; x_wconf 75' lang='lat' dir='ltr'><strong>agellos</strong></span> <span class='ocrx_word' id='word_1_390' title='bbox 734 5038 1029 5092; x_wconf 83' lang='lat' dir='ltr'><strong>habetcum</strong></span> <span class='ocrx_word' id='word_1_391' title='bbox 1056 5054 1153 5093; x_wconf 91' lang='lat' dir='ltr'><strong>suo</strong></span> <span class='ocrx_word' id='word_1_392' title='bbox 1183 5040 1345 5093; x_wconf 79' lang='lat' dir='ltr'><strong>fratre</strong></span> <span class='ocrx_word' id='word_1_393' title='bbox 1371 5054 1701 5102; x_wconf 90' lang='lat' dir='ltr'><strong>communes,</strong></span> <span class='ocrx_word' id='word_1_394' title='bbox 1747 5050 1799 5094; x_wconf 90' lang='lat' dir='ltr'><strong>et</strong></span> <span class='ocrx_word' id='word_1_395' title='bbox 1845 5041 1942 5094; x_wconf 87' lang='lat' dir='ltr'><strong>sub</strong></span> <span class='ocrx_word' id='word_1_396' title='bbox 1984 5042 2067 5095; x_wconf 91' lang='lat' dir='ltr'><strong>in-</strong></span> 
     </span>
    </p>
   </div>
   <div class='ocr_carea' id='block_1_56' title="bbox 509 5124 2070 5193">
    <p class='ocr_par' dir='ltr' id='par_1_56' title="bbox 509 5124 2070 5193">
     <span class='ocr_line' id='line_1_56' title="bbox 509 5124 2070 5193; baseline 0.004 -15"><span class='ocrx_word' id='word_1_397' title='bbox 509 5124 682 5179; x_wconf 84' lang='lat' dir='ltr'><strong>diviso</strong></span> <span class='ocrx_word' id='word_1_398' title='bbox 735 5139 827 5178; x_wconf 86' lang='lat' dir='ltr'><strong>eos</strong></span> <span class='ocrx_word' id='word_1_399' title='bbox 882 5128 1169 5193; x_wconf 87' lang='lat' dir='ltr'><strong>possident.</strong></span> <span class='ocrx_word' id='word_1_400' title='bbox 1217 5128 1273 5183; x_wconf 89' lang='lat' dir='ltr'><strong>Si</strong></span> <span class='ocrx_word' id='word_1_401' title='bbox 1324 5138 1496 5182; x_wconf 87' lang='lat' dir='ltr'><strong>autem</strong></span> <span class='ocrx_word' id='word_1_402' title='bbox 1536 5128 1688 5182; x_wconf 87' lang='lat' dir='ltr'><strong>divisi</strong></span> <span class='ocrx_word' id='word_1_403' title='bbox 1729 5129 1940 5191; x_wconf 84' lang='lat' dir='ltr'><strong>fuerint,</strong></span> <span class='ocrx_word' id='word_1_404' title='bbox 1974 5145 2070 5184; x_wconf 88' lang='lat' dir='ltr'><strong>eos</strong></span> 
     </span>
    </p>
   </div>
   <div class='ocr_carea' id='block_1_57' title="bbox 503 5212 2069 5285">
    <p class='ocr_par' dir='ltr' id='par_1_57' title="bbox 503 5212 2069 5285">
     <span class='ocr_line' id='line_1_57' title="bbox 503 5212 2069 5285; baseline 0.003 -18"><span class='ocrx_word' id='word_1_405' title='bbox 503 5212 650 5280; x_wconf 88' lang='lat' dir='ltr'><strong>cupit</strong></span> <span class='ocrx_word' id='word_1_406' title='bbox 672 5213 688 5243; x_wconf 86' lang='grc'>¹</span> <span class='ocrx_word' id='word_1_407' title='bbox 720 5212 967 5265; x_wconf 70' lang='lat' dir='ltr'><strong>Ecclesia:</strong></span> <span class='ocrx_word' id='word_1_408' title='bbox 990 5213 1252 5278; x_wconf 85' lang='lat' dir='ltr'><strong>conferre,</strong></span> <span class='ocrx_word' id='word_1_409' title='bbox 1277 5225 1333 5269; x_wconf 90' lang='lat' dir='ltr'><strong>ut</strong></span> <span class='ocrx_word' id='word_1_410' title='bbox 1361 5216 1483 5271; x_wconf 90' lang='lat' dir='ltr'><strong>inde</strong></span> <span class='ocrx_word' id='word_1_411' title='bbox 1512 5216 1722 5269; x_wconf 81' lang='lat' dir='ltr'><strong>alantur</strong></span> <span class='ocrx_word' id='word_1_412' title='bbox 1747 5218 1835 5285; x_wconf 90' lang='lat' dir='ltr'><strong>qui</strong></span> <span class='ocrx_word' id='word_1_413' title='bbox 1855 5227 1979 5271; x_wconf 89' lang='lat' dir='ltr'><strong>sunt</strong></span> <span class='ocrx_word' id='word_1_414' title='bbox 2015 5218 2069 5271; x_wconf 91' lang='lat' dir='ltr'><strong>in</strong></span> 
     </span>
    </p>
   </div>
   <div class='ocr_carea' id='block_1_58' title="bbox 506 5301 2065 5375">
    <p class='ocr_par' dir='ltr' id='par_1_58' title="bbox 506 5301 2065 5375">
     <span class='ocr_line' id='line_1_58' title="bbox 506 5301 2065 5375; baseline 0.003 -19"><span class='ocrx_word' id='word_1_415' title='bbox 506 5301 777 5372; x_wconf 88' lang='lat' dir='ltr'><strong>proposito</strong></span> <span class='ocrx_word' id='word_1_416' title='bbox 825 5302 1152 5367; x_wconf 88' lang='lat' dir='ltr'><strong>sanctitatis,</strong></span> <span class='ocrx_word' id='word_1_417' title='bbox 1200 5318 1471 5374; x_wconf 84' lang='lat' dir='ltr'><strong>quousque</strong></span> <span class='ocrx_word' id='word_1_418' title='bbox 1515 5305 1566 5359; x_wconf 91' lang='lat' dir='ltr'><strong>in</strong></span> <span class='ocrx_word' id='word_1_419' title='bbox 1590 5305 1687 5358; x_wconf 89' lang='lat' dir='ltr'><strong>hac</strong></span> <span class='ocrx_word' id='word_1_420' title='bbox 1713 5306 1817 5359; x_wconf 90' lang='lat' dir='ltr'><strong>vita</strong></span> <span class='ocrx_word' id='word_1_421' title='bbox 1850 5306 2065 5375; x_wconf 86' lang='lat' dir='ltr'><strong>degunt.</strong></span> 
     </span>
    </p>
   </div>
   <div class='ocr_carea' id='block_1_59' title="bbox 569 5412 2069 5475">
    <p class='ocr_par' dir='ltr' id='par_1_59' title="bbox 569 5412 2069 5475">
     <span class='ocr_line' id='line_1_59' title="bbox 569 5412 2069 5475; baseline 0.005 -15"><span class='ocrx_word' id='word_1_422' title='bbox 569 5414 747 5475; x_wconf 73' lang='lat' dir='ltr'><strong>&#39;_tuss.,</strong></span> <span class='ocrx_word' id='word_1_423' title='bbox 780 5412 855 5475; x_wconf 81' lang='lat' dir='ltr'><strong>sic</strong></span> <span class='ocrx_word' id='word_1_424' title='bbox 896 5418 1054 5475; x_wconf 78' lang='lat' dir='ltr'><strong>autem</strong></span> <span class='ocrx_word' id='word_1_425' title='bbox 1090 5412 1219 5475; x_wconf 80' lang='lat' dir='ltr'><strong>cupit</strong></span> <span class='ocrx_word' id='word_1_426' title='bbox 1252 5426 1362 5473; x_wconf 86' lang='lat' dir='ltr'><strong>eos;</strong></span> <span class='ocrx_word' id='word_1_427' title='bbox 1384 5416 1576 5475; x_wconf 76' lang='lat' dir='ltr'><strong>omisso,</strong></span> <span class='ocrx_word' id='word_1_428' title='bbox 1616 5414 1757 5465; x_wconf 83' lang='lat' dir='ltr'><strong>divisi</strong></span> <span class='ocrx_word' id='word_1_429' title='bbox 1792 5417 1983 5475; x_wconf 79' lang='lat' dir='ltr'><strong>fuerim.</strong></span> <span class='ocrx_word' id='word_1_430' title='bbox 2015 5425 2069 5469; x_wconf 78' lang='lat' dir='ltr'><strong>Et</strong></span> 
     </span>
    </p>
   </div>
   <div class='ocr_carea' id='block_1_60' title="bbox 506 5471 2069 5545">
    <p class='ocr_par' dir='ltr' id='par_1_60' title="bbox 506 5471 2069 5545">
     <span class='ocr_line' id='line_1_60' title="bbox 506 5471 2069 5545; baseline 0.002 -23"><span class='ocrx_word' id='word_1_431' title='bbox 506 5471 649 5545; x_wconf 79' lang='lat' dir='ltr'><strong>paulo</strong></span> <span class='ocrx_word' id='word_1_432' title='bbox 664 5471 937 5545; x_wconf 45' lang='lat' dir='ltr'><strong>imi-3,19%</strong></span> <span class='ocrx_word' id='word_1_433' title='bbox 960 5473 1122 5545; x_wconf 53' lang='lat' dir='ltr'><strong>adimo</strong></span> <span class='ocrx_word' id='word_1_434' title='bbox 1144 5471 1300 5524; x_wconf 79' lang='lat' dir='ltr'><strong>autem</strong></span> <span class='ocrx_word' id='word_1_435' title='bbox 1320 5471 1571 5538; x_wconf 81' lang='lat' dir='ltr'><strong>mancipia</strong></span> <span class='ocrx_word' id='word_1_436' title='bbox 1580 5483 1687 5525; x_wconf 85' lang='lat' dir='ltr'><strong>sunt</strong></span> <span class='ocrx_word' id='word_1_437' title='bbox 1702 5514 1717 5538; x_wconf 90' lang='lat'><strong>,</strong></span> <span class='ocrx_word' id='word_1_438' title='bbox 1738 5471 1935 5539; x_wconf 79' lang='lat' dir='ltr'><strong>habent,</strong></span> <span class='ocrx_word' id='word_1_439' title='bbox 1958 5478 2069 5527; x_wconf 70' lang='lat' dir='ltr'><strong>Har</strong></span> 
     </span>
    </p>
   </div>
   <div class='ocr_carea' id='block_1_61' title="bbox 506 5534 1071 5599">
    <p class='ocr_par' dir='ltr' id='par_1_61' title="bbox 506 5534 1071 5599">
     <span class='ocr_line' id='line_1_61' title="bbox 506 5534 1071 5599; baseline 0.002 -17"><span class='ocrx_word' id='word_1_440' title='bbox 506 5540 670 5584; x_wconf 80' lang='lat' dir='ltr'><strong>autem</strong></span> <span class='ocrx_word' id='word_1_441' title='bbox 687 5534 925 5599; x_wconf 68' lang='lat' dir='ltr'><strong>municipia</strong></span> <span class='ocrx_word' id='word_1_442' title='bbox 948 5540 1071 5583; x_wconf 82' lang='lat' dir='ltr'><strong>sunt.</strong></span> 
     </span>
    </p>
   </div>
   <div class='ocr_carea' id='block_1_62' title="bbox 1753 173 2547 233">
    <p class='ocr_par' dir='ltr' id='par_1_62' title="bbox 1753 173 2547 233">
     <span class='ocr_line' id='line_1_62' title="bbox 1753 173 2547 233; baseline -0.003 -1"><span class='ocrx_word' id='word_1_443' title='bbox 1753 176 1811 233; x_wconf 83' lang='lat' dir='ltr'><strong>S-</strong></span> <span class='ocrx_word' id='word_1_444' title='bbox 1852 173 2212 231; x_wconf 75' lang='lat' dir='ltr'><strong>AUGUSTINI</strong></span> <span class='ocrx_word' id='word_1_445' title='bbox 2255 174 2547 230; x_wconf 78' lang='lat' dir='ltr'><strong>EPISCUl‘l</strong></span> 
     </span>
    </p>
   </div>
   <div class='ocr_carea' id='block_1_63' title="bbox 3599 182 3754 237">
    <p class='ocr_par' dir='ltr' id='par_1_63' title="bbox 3599 182 3754 237">
     <span class='ocr_line' id='line_1_63' title="bbox 3599 182 3754 237; baseline -0.013 0"><span class='ocrx_word' id='word_1_446' title='bbox 3599 182 3754 237; x_wconf 66' lang='lat'><strong>1576</strong></span> 
     </span>
    </p>
   </div>
   <div class='ocr_carea' id='block_1_64' title="bbox 2171 283 3761 366">
    <p class='ocr_par' dir='ltr' id='par_1_64' title="bbox 2171 283 3761 366">
     <span class='ocr_line' id='line_1_64' title="bbox 2171 283 3761 366; baseline 0.009 -27"><span class='ocrx_word' id='word_1_447' title='bbox 2171 283 2435 355; x_wconf 90' lang='lat' dir='ltr'><strong>Scriptum</strong></span> <span class='ocrx_word' id='word_1_448' title='bbox 2465 298 2546 343; x_wconf 89' lang='lat' dir='ltr'><strong>est</strong></span> <span class='ocrx_word' id='word_1_449' title='bbox 2570 290 2730 357; x_wconf 90' lang='lat' dir='ltr'><strong>enim,</strong></span> <span class='ocrx_word' id='word_1_450' title='bbox 2753 301 2808 347; x_wconf 91' lang='lat' dir='ltr'><strong>et</strong></span> <span class='ocrx_word' id='word_1_451' title='bbox 2857 292 2957 349; x_wconf 84' lang='lat' dir='ltr'><strong>hoc</strong></span> <span class='ocrx_word' id='word_1_452' title='bbox 2996 294 3279 364; x_wconf 80' lang='lat' dir='ltr'><strong>Apostolus</strong></span> <span class='ocrx_word' id='word_1_453' title='bbox 3320 293 3589 366; x_wconf 83' lang='lat' dir='ltr'><strong>loquitur,</strong></span> <span class='ocrx_word' id='word_1_454' title='bbox 3641 291 3761 363; x_wconf 65' lang='lat' dir='ltr'><strong>Qui</strong></span> 
     </span>
    </p>
   </div>
   <div class='ocr_carea' id='block_1_65' title="bbox 2171 378 3756 457">
    <p class='ocr_par' dir='ltr' id='par_1_65' title="bbox 2171 378 3756 457">
     <span class='ocr_line' id='line_1_65' title="bbox 2171 378 3756 457; baseline 0.011 -30"><span class='ocrx_word' id='word_1_455' title='bbox 2171 386 2337 429; x_wconf 87' lang='lat' dir='ltr'><strong>autem</strong></span> <span class='ocrx_word' id='word_1_456' title='bbox 2363 378 2484 443; x_wconf 86' lang='lat' dir='ltr'><strong>suis,</strong></span> <span class='ocrx_word' id='word_1_457' title='bbox 2516 389 2563 433; x_wconf 86' lang='lat' dir='ltr'><strong>et</strong></span> <span class='ocrx_word' id='word_1_458' title='bbox 2588 386 2803 435; x_wconf 75' lang='lat' dir='ltr'><strong>maxime</strong></span> <span class='ocrx_word' id='word_1_459' title='bbox 2842 385 3138 450; x_wconf 80' lang='lat' dir='ltr'><strong>domesticis,</strong></span> <span class='ocrx_word' id='word_1_460' title='bbox 3166 402 3265 439; x_wconf 90' lang='lat' dir='ltr'><strong>non</strong></span> <span class='ocrx_word' id='word_1_461' title='bbox 3307 386 3548 457; x_wconf 72' lang='lat' dir='ltr'><strong>prouida,</strong></span> <span class='ocrx_word' id='word_1_462' title='bbox 3589 385 3756 453; x_wconf 73' lang='lat' dir='ltr'><strong>ﬁdem</strong></span> 
     </span>
    </p>
   </div>
   <div class='ocr_carea' id='block_1_66' title="bbox 2172 466 3757 546">
    <p class='ocr_par' dir='ltr' id='par_1_66' title="bbox 2172 466 3757 546">
     <span class='ocr_line' id='line_1_66' title="bbox 2172 466 3757 546; baseline 0.008 -29"><span class='ocrx_word' id='word_1_463' title='bbox 2172 466 2404 536; x_wconf 83' lang='lat' dir='ltr'><strong>denegat,</strong></span> <span class='ocrx_word' id='word_1_464' title='bbox 2442 478 2489 521; x_wconf 87' lang='lat' dir='ltr'><strong>et</strong></span> <span class='ocrx_word' id='word_1_465' title='bbox 2540 479 2610 523; x_wconf 84' lang='lat' dir='ltr'><strong>est</strong></span> <span class='ocrx_word' id='word_1_466' title='bbox 2642 471 2837 540; x_wconf 77' lang='lat' dir='ltr'><strong>inﬁdeli</strong></span> <span class='ocrx_word' id='word_1_467' title='bbox 2864 474 3079 529; x_wconf 76' lang='lat' dir='ltr'><strong>deterior</strong></span> <span class='ocrx_word' id='word_1_468' title='bbox 3113 475 3153 544; x_wconf 93' lang='grc'><strong>(1</strong></span> <span class='ocrx_word' id='word_1_469' title='bbox 3184 475 3313 529; x_wconf 84' lang='lat' dir='ltr'><strong>Tim.</strong></span> <span class='ocrx_word' id='word_1_470' title='bbox 3340 491 3395 539; x_wconf 72' lang='grc' dir='ltr'><em>ν,</em></span> <span class='ocrx_word' id='word_1_471' title='bbox 3424 475 3501 546; x_wconf 82' lang='grc'><strong>8).</strong></span> <span class='ocrx_word' id='word_1_472' title='bbox 3550 474 3757 530; x_wconf 82' lang='lat' dir='ltr'><strong>Adhuc</strong></span> 
     </span>
    </p>
   </div>
   <div class='ocr_carea' id='block_1_67' title="bbox 2173 557 3736 627">
    <p class='ocr_par' dir='ltr' id='par_1_67' title="bbox 2173 557 3736 627">
     <span class='ocr_line' id='line_1_67' title="bbox 2173 557 3736 627; baseline 0.008 -19"><span class='ocrx_word' id='word_1_473' title='bbox 2173 562 2349 610; x_wconf 88' lang='lat' dir='ltr'><strong>autem</strong></span> <span class='ocrx_word' id='word_1_474' title='bbox 2379 557 2639 627; x_wconf 89' lang='lat' dir='ltr'><strong>mancipia</strong></span> <span class='ocrx_word' id='word_1_475' title='bbox 2666 571 2787 615; x_wconf 90' lang='lat' dir='ltr'><strong>sunt</strong></span> <span class='ocrx_word' id='word_1_476' title='bbox 2807 563 2854 616; x_wconf 92' lang='lat' dir='ltr'><strong>ei</strong></span> <span class='ocrx_word' id='word_1_477' title='bbox 2876 565 3116 619; x_wconf 89' lang='lat' dir='ltr'><strong>similiter</strong></span> <span class='ocrx_word' id='word_1_478' title='bbox 3139 579 3261 619; x_wconf 92' lang='lat' dir='ltr'><strong>eum</strong></span> <span class='ocrx_word' id='word_1_479' title='bbox 3308 564 3470 619; x_wconf 79' lang='lat' dir='ltr'><strong>fratre</strong></span> <span class='ocrx_word' id='word_1_480' title='bbox 3496 579 3736 619; x_wconf 86' lang='lat' dir='ltr'><strong>commu-</strong></span> 
     </span>
    </p>
   </div>
   <div class='ocr_carea' id='block_1_68' title="bbox 2174 644 3751 721">
    <p class='ocr_par' dir='ltr' id='par_1_68' title="bbox 2174 644 3751 721">
     <span class='ocr_line' id='line_1_68' title="bbox 2174 644 3751 721; baseline 0.006 -24"><span class='ocrx_word' id='word_1_481' title='bbox 2174 644 2280 710; x_wconf 87' lang='lat' dir='ltr'><strong>nia,</strong></span> <span class='ocrx_word' id='word_1_482' title='bbox 2311 647 2544 701; x_wconf 90' lang='lat' dir='ltr'><strong>nondum</strong></span> <span class='ocrx_word' id='word_1_483' title='bbox 2573 648 2760 704; x_wconf 87' lang='lat' dir='ltr'><strong>divisa.</strong></span> <span class='ocrx_word' id='word_1_484' title='bbox 2806 652 3046 721; x_wconf 89' lang='lat' dir='ltr'><strong>Disponit</strong></span> <span class='ocrx_word' id='word_1_485' title='bbox 3073 668 3135 707; x_wconf 92' lang='lat' dir='ltr'><strong>ea</strong></span> <span class='ocrx_word' id='word_1_486' title='bbox 3179 654 3581 719; x_wconf 86' lang='lat' dir='ltr'><strong>manumittere;</strong></span> <span class='ocrx_word' id='word_1_487' title='bbox 3631 669 3751 707; x_wconf 83' lang='lat' dir='ltr'><strong>non</strong></span> 
     </span>
    </p>
   </div>
   <div class='ocr_carea' id='block_1_69' title="bbox 2175 737 3749 812">
    <p class='ocr_par' dir='ltr' id='par_1_69' title="bbox 2175 737 3749 812">
     <span class='ocr_line' id='line_1_69' title="bbox 2175 737 3749 812; baseline 0.008 -28"><span class='ocrx_word' id='word_1_488' title='bbox 2175 740 2347 799; x_wconf 89' lang='lat' dir='ltr'><strong>potest</strong></span> <span class='ocrx_word' id='word_1_489' title='bbox 2364 744 2643 804; x_wconf 89' lang='lat' dir='ltr'><strong>antequam</strong></span> <span class='ocrx_word' id='word_1_490' title='bbox 2671 737 2987 794; x_wconf 90' lang='lat' dir='ltr'><strong>dividantur.</strong></span> <span class='ocrx_word' id='word_1_491' title='bbox 3012 740 3146 806; x_wconf 88' lang='lat' dir='ltr'><strong>Quid</strong></span> <span class='ocrx_word' id='word_1_492' title='bbox 3172 742 3315 796; x_wconf 90' lang='lat' dir='ltr'><strong>enim</strong></span> <span class='ocrx_word' id='word_1_493' title='bbox 3335 741 3403 796; x_wconf 88' lang='lat' dir='ltr'><strong>ad</strong></span> <span class='ocrx_word' id='word_1_494' title='bbox 3424 757 3578 812; x_wconf 89' lang='lat' dir='ltr'><strong>quem</strong></span> <span class='ocrx_word' id='word_1_495' title='bbox 3611 757 3749 812; x_wconf 83' lang='lat' dir='ltr'><strong>per-</strong></span> 
     </span>
    </p>
   </div>
   <div class='ocr_carea' id='block_1_70' title="bbox 2175 822 3744 903">
    <p class='ocr_par' dir='ltr' id='par_1_70' title="bbox 2175 822 3744 903">
     <span class='ocr_line' id='line_1_70' title="bbox 2175 822 3744 903; baseline 0.008 -29"><span class='ocrx_word' id='word_1_496' title='bbox 2175 822 2357 889; x_wconf 89' lang='lat' dir='ltr'><strong>tineat,</strong></span> <span class='ocrx_word' id='word_1_497' title='bbox 2379 824 2551 880; x_wconf 88' lang='lat' dir='ltr'><strong>adhuc</strong></span> <span class='ocrx_word' id='word_1_498' title='bbox 2574 826 2797 896; x_wconf 81' lang='lat' dir='ltr'><strong>ignorat.</strong></span> <span class='ocrx_word' id='word_1_499' title='bbox 2829 829 2909 885; x_wconf 85' lang='lat' dir='ltr'><strong>Ad</strong></span> <span class='ocrx_word' id='word_1_500' title='bbox 2939 831 3110 901; x_wconf 88' lang='lat' dir='ltr'><strong>ipsum</strong></span> <span class='ocrx_word' id='word_1_501' title='bbox 3130 847 3277 899; x_wconf 88' lang='lat' dir='ltr'><strong>sane,</strong></span> <span class='ocrx_word' id='word_1_502' title='bbox 3300 834 3420 903; x_wconf 85' lang='lat' dir='ltr'><strong>quia</strong></span> <span class='ocrx_word' id='word_1_503' title='bbox 3438 833 3608 901; x_wconf 88' lang='lat' dir='ltr'><strong>major</strong></span> <span class='ocrx_word' id='word_1_504' title='bbox 3634 843 3744 896; x_wconf 85' lang='lat' dir='ltr'><strong>est,</strong></span> 
     </span>
    </p>
   </div>
   <div class='ocr_carea' id='block_1_71' title="bbox 2175 912 3749 991">
    <p class='ocr_par' dir='ltr' id='par_1_71' title="bbox 2175 912 3749 991">
     <span class='ocr_line' id='line_1_71' title="bbox 2175 912 3749 991; baseline 0.008 -29"><span class='ocrx_word' id='word_1_505' title='bbox 2175 912 2402 978; x_wconf 88' lang='lat' dir='ltr'><strong>pertinet</strong></span> <span class='ocrx_word' id='word_1_506' title='bbox 2426 913 2647 980; x_wconf 88' lang='lat' dir='ltr'><strong>divisio;</strong></span> <span class='ocrx_word' id='word_1_507' title='bbox 2692 925 2747 971; x_wconf 91' lang='lat' dir='ltr'><strong>et</strong></span> <span class='ocrx_word' id='word_1_508' title='bbox 2786 917 2853 972; x_wconf 84' lang='lat' dir='ltr'><strong>ad</strong></span> <span class='ocrx_word' id='word_1_509' title='bbox 2878 917 3095 975; x_wconf 89' lang='lat' dir='ltr'><strong>fratrem</strong></span> <span class='ocrx_word' id='word_1_510' title='bbox 3146 921 3263 991; x_wconf 87' lang='lat' dir='ltr'><strong>ejus</strong></span> <span class='ocrx_word' id='word_1_511' title='bbox 3288 920 3494 976; x_wconf 86' lang='lat' dir='ltr'><strong>electio.</strong></span> <span class='ocrx_word' id='word_1_512' title='bbox 3526 921 3593 975; x_wconf 87' lang='lat' dir='ltr'><strong>Et</strong></span> <span class='ocrx_word' id='word_1_513' title='bbox 3627 921 3749 990; x_wconf 87' lang='lat' dir='ltr'><strong>ipse</strong></span> 
     </span>
    </p>
   </div>
   <div class='ocr_carea' id='block_1_72' title="bbox 2173 999 3746 1071">
    <p class='ocr_par' dir='ltr' id='par_1_72' title="bbox 2173 999 3746 1071">
     <span class='ocr_line' id='line_1_72' title="bbox 2173 999 3746 1071; baseline 0.008 -18"><span class='ocrx_word' id='word_1_514' title='bbox 2173 999 2336 1056; x_wconf 90' lang='lat' dir='ltr'><strong>frater</strong></span> <span class='ocrx_word' id='word_1_515' title='bbox 2362 1003 2477 1070; x_wconf 88' lang='lat' dir='ltr'><strong>ejus</strong></span> <span class='ocrx_word' id='word_1_516' title='bbox 2501 1004 2612 1059; x_wconf 89' lang='lat' dir='ltr'><strong>Deo</strong></span> <span class='ocrx_word' id='word_1_517' title='bbox 2640 1008 2833 1071; x_wconf 86' lang='lat' dir='ltr'><strong>servit,</strong></span> <span class='ocrx_word' id='word_1_518' title='bbox 2865 1008 3217 1065; x_wconf 87' lang='lat' dir='ltr'><strong>subdiaconus</strong></span> <span class='ocrx_word' id='word_1_519' title='bbox 3256 1021 3339 1065; x_wconf 93' lang='lat' dir='ltr'><strong>est</strong></span> <span class='ocrx_word' id='word_1_520' title='bbox 3386 1026 3507 1066; x_wconf 90' lang='lat' dir='ltr'><strong>cum</strong></span> <span class='ocrx_word' id='word_1_521' title='bbox 3553 1023 3746 1065; x_wconf 83' lang='lat' dir='ltr'><strong>sancto</strong></span> 
     </span>
    </p>
   </div>
   <div class='ocr_carea' id='block_1_73' title="bbox 2172 1087 3740 1165">
    <p class='ocr_par' dir='ltr' id='par_1_73' title="bbox 2172 1087 3740 1165">
     <span class='ocr_line' id='line_1_73' title="bbox 2172 1087 3740 1165; baseline 0.007 -24"><span class='ocrx_word' id='word_1_522' title='bbox 2172 1087 2335 1143; x_wconf 88' lang='lat' dir='ltr'><strong>fratre</strong></span> <span class='ocrx_word' id='word_1_523' title='bbox 2346 1105 2465 1144; x_wconf 92' lang='lat' dir='ltr'><strong>meo</strong></span> <span class='ocrx_word' id='word_1_524' title='bbox 2475 1100 2527 1145; x_wconf 91' lang='lat' dir='ltr'><strong>et</strong></span> <span class='ocrx_word' id='word_1_525' title='bbox 2546 1093 2860 1165; x_wconf 89' lang='lat' dir='ltr'><strong>coepiscopo</strong></span> <span class='ocrx_word' id='word_1_526' title='bbox 2881 1095 3076 1151; x_wconf 90' lang='lat' dir='ltr'><strong>Severo</strong></span> <span class='ocrx_word' id='word_1_527' title='bbox 3099 1099 3150 1152; x_wconf 92' lang='lat' dir='ltr'><strong>in</strong></span> <span class='ocrx_word' id='word_1_528' title='bbox 3166 1097 3401 1153; x_wconf 84' lang='lat' dir='ltr'><strong>Ecclesia</strong></span> <span class='ocrx_word' id='word_1_529' title='bbox 3415 1097 3740 1153; x_wconf 73' lang='lat' dir='ltr'><strong>Milevitana.</strong></span> 
     </span>
    </p>
   </div>
   <div class='ocr_carea' id='block_1_74' title="bbox 2174 1177 3745 1259">
    <p class='ocr_par' dir='ltr' id='par_1_74' title="bbox 2174 1177 3745 1259">
     <span class='ocr_line' id='line_1_74' title="bbox 2174 1177 3745 1259; baseline 0.006 -29"><span class='ocrx_word' id='word_1_530' title='bbox 2174 1177 2286 1231; x_wconf 85' lang='lat' dir='ltr'><strong>Hoc</strong></span> <span class='ocrx_word' id='word_1_531' title='bbox 2315 1180 2510 1248; x_wconf 87' lang='lat' dir='ltr'><strong>agitur,</strong></span> <span class='ocrx_word' id='word_1_532' title='bbox 2535 1180 2638 1236; x_wconf 89' lang='lat' dir='ltr'><strong>hoc</strong></span> <span class='ocrx_word' id='word_1_533' title='bbox 2665 1184 2780 1239; x_wconf 87' lang='lat' dir='ltr'><strong>sine</strong></span> <span class='ocrx_word' id='word_1_534' title='bbox 2804 1185 3054 1241; x_wconf 85' lang='lat' dir='ltr'><strong>dilatione</strong></span> <span class='ocrx_word' id='word_1_535' title='bbox 3071 1187 3430 1259; x_wconf 84' lang='lat' dir='ltr'><strong>peragendum</strong></span> <span class='ocrx_word' id='word_1_536' title='bbox 3454 1198 3555 1253; x_wconf 87' lang='lat' dir='ltr'><strong>est,</strong></span> <span class='ocrx_word' id='word_1_537' title='bbox 3584 1197 3643 1242; x_wconf 90' lang='lat' dir='ltr'><strong>ut</strong></span> <span class='ocrx_word' id='word_1_538' title='bbox 3666 1187 3745 1241; x_wconf 82' lang='lat' dir='ltr'><strong>illi</strong></span> 
     </span>
    </p>
   </div>
   <div class='ocr_carea' id='block_1_75' title="bbox 2173 1268 3746 1342">
    <p class='ocr_par' dir='ltr' id='par_1_75' title="bbox 2173 1268 3746 1342">
     <span class='ocr_line' id='line_1_75' title="bbox 2173 1268 3746 1342; baseline 0.007 -23"><span class='ocrx_word' id='word_1_539' title='bbox 2173 1268 2365 1321; x_wconf 83' lang='lat' dir='ltr'><strong>servuli</strong></span> <span class='ocrx_word' id='word_1_540' title='bbox 2391 1268 2709 1338; x_wconf 88' lang='lat' dir='ltr'><strong>dividantur,</strong></span> <span class='ocrx_word' id='word_1_541' title='bbox 2738 1275 3193 1342; x_wconf 89' lang='lat' dir='ltr'><strong>manumittantur,</strong></span> <span class='ocrx_word' id='word_1_542' title='bbox 3221 1286 3276 1332; x_wconf 91' lang='lat' dir='ltr'><strong>et</strong></span> <span class='ocrx_word' id='word_1_543' title='bbox 3309 1277 3390 1332; x_wconf 83' lang='lat' dir='ltr'><strong>sic</strong></span> <span class='ocrx_word' id='word_1_544' title='bbox 3417 1277 3507 1332; x_wconf 90' lang='lat' dir='ltr'><strong>det</strong></span> <span class='ocrx_word' id='word_1_545' title='bbox 3554 1276 3746 1332; x_wconf 83' lang='lat' dir='ltr'><strong>Eccle-</strong></span> 
     </span>
    </p>
   </div>
   <div class='ocr_carea' id='block_1_76' title="bbox 2173 1357 3748 1436">
    <p class='ocr_par' dir='ltr' id='par_1_76' title="bbox 2173 1357 3748 1436">
     <span class='ocr_line' id='line_1_76' title="bbox 2173 1357 3748 1436; baseline 0.006 -26"><span class='ocrx_word' id='word_1_546' title='bbox 2173 1357 2283 1421; x_wconf 63' lang='lat' dir='ltr'><strong>site,</strong></span> <span class='ocrx_word' id='word_1_547' title='bbox 2302 1368 2359 1412; x_wconf 91' lang='lat' dir='ltr'><strong>ut</strong></span> <span class='ocrx_word' id='word_1_548' title='bbox 2376 1373 2559 1414; x_wconf 88' lang='lat' dir='ltr'><strong>eorum</strong></span> <span class='ocrx_word' id='word_1_549' title='bbox 2578 1363 2805 1433; x_wconf 82' lang='lat' dir='ltr'><strong>excipiat</strong></span> <span class='ocrx_word' id='word_1_550' title='bbox 2828 1365 3155 1420; x_wconf 86' lang='lat' dir='ltr'><strong>alimentum.</strong></span> <span class='ocrx_word' id='word_1_551' title='bbox 3182 1366 3357 1436; x_wconf 90' lang='lat' dir='ltr'><strong>Nepos</strong></span> <span class='ocrx_word' id='word_1_552' title='bbox 3380 1375 3557 1420; x_wconf 90' lang='lat' dir='ltr'><strong>autem</strong></span> <span class='ocrx_word' id='word_1_553' title='bbox 3590 1379 3748 1420; x_wconf 88' lang='lat' dir='ltr'><strong>meus</strong></span> 
     </span>
    </p>
   </div>
   <div class='ocr_carea' id='block_1_77' title="bbox 2173 1457 3748 1527">
    <p class='ocr_par' dir='ltr' id='par_1_77' title="bbox 2173 1457 3748 1527">
     <span class='ocr_line' id='line_1_77' title="bbox 2173 1457 3748 1527; baseline 0.008 -28"><span class='ocrx_word' id='word_1_554' title='bbox 2173 1460 2237 1499; x_wconf 80' lang='lat' dir='ltr'><strong>ex</strong></span> <span class='ocrx_word' id='word_1_555' title='bbox 2266 1463 2372 1516; x_wconf 89' lang='lat' dir='ltr'><strong>quo</strong></span> <span class='ocrx_word' id='word_1_556' title='bbox 2390 1464 2676 1505; x_wconf 88' lang='lat' dir='ltr'><strong>conversus</strong></span> <span class='ocrx_word' id='word_1_557' title='bbox 2701 1462 2803 1518; x_wconf 91' lang='lat' dir='ltr'><strong>est,</strong></span> <span class='ocrx_word' id='word_1_558' title='bbox 2825 1463 3108 1509; x_wconf 88' lang='lat' dir='ltr'><strong>et-mecum</strong></span> <span class='ocrx_word' id='word_1_559' title='bbox 3130 1471 3248 1512; x_wconf 87' lang='lat' dir='ltr'><strong>esse</strong></span> <span class='ocrx_word' id='word_1_560' title='bbox 3270 1457 3451 1527; x_wconf 67' lang='lat' dir='ltr'><strong>coepit,</strong></span> <span class='ocrx_word' id='word_1_561' title='bbox 3483 1457 3748 1527; x_wconf 86' lang='lat' dir='ltr'><strong>impedie-</strong></span> 
     </span>
    </p>
   </div>
   <div class='ocr_carea' id='block_1_78' title="bbox 2173 1539 3747 1616">
    <p class='ocr_par' dir='ltr' id='par_1_78' title="bbox 2173 1539 3747 1616">
     <span class='ocr_line' id='line_1_78' title="bbox 2173 1539 3747 1616; baseline 0.006 -25"><span class='ocrx_word' id='word_1_562' title='bbox 2173 1539 2326 1591; x_wconf 88' lang='lat' dir='ltr'><strong>batur</strong></span> <span class='ocrx_word' id='word_1_563' title='bbox 2352 1548 2406 1593; x_wconf 90' lang='lat' dir='ltr'><strong>et</strong></span> <span class='ocrx_word' id='word_1_564' title='bbox 2449 1540 2562 1609; x_wconf 89' lang='lat' dir='ltr'><strong>ipse</strong></span> <span class='ocrx_word' id='word_1_565' title='bbox 2610 1542 2810 1612; x_wconf 90' lang='lat' dir='ltr'><strong>aliquid</strong></span> <span class='ocrx_word' id='word_1_566' title='bbox 2850 1544 2916 1599; x_wconf 91' lang='lat' dir='ltr'><strong>de</strong></span> <span class='ocrx_word' id='word_1_567' title='bbox 2956 1546 3192 1614; x_wconf 81' lang='lat' dir='ltr'><strong>agellulis</strong></span> <span class='ocrx_word' id='word_1_568' title='bbox 3220 1547 3332 1601; x_wconf 86' lang='lat' dir='ltr'><strong>suis</strong></span> <span class='ocrx_word' id='word_1_569' title='bbox 3367 1561 3527 1616; x_wconf 87' lang='lat' dir='ltr'><strong>agere</strong></span> <span class='ocrx_word' id='word_1_570' title='bbox 3575 1546 3747 1601; x_wconf 83' lang='lat' dir='ltr'><strong>invita</strong></span> 
     </span>
    </p>
   </div>
   <div class='ocr_carea' id='block_1_79' title="bbox 2173 1628 3745 1705">
    <p class='ocr_par' dir='ltr' id='par_1_79' title="bbox 2173 1628 3745 1705">
     <span class='ocr_line' id='line_1_79' title="bbox 2173 1628 3745 1705; baseline 0.007 -25"><span class='ocrx_word' id='word_1_571' title='bbox 2173 1629 2556 1684; x_wconf 87' lang='lat' dir='ltr'><strong>usufruetuaria</strong></span> <span class='ocrx_word' id='word_1_572' title='bbox 2587 1642 2754 1688; x_wconf 91' lang='lat' dir='ltr'><strong>matre</strong></span> <span class='ocrx_word' id='word_1_573' title='bbox 2800 1649 2893 1689; x_wconf 90' lang='lat' dir='ltr'><strong>sua</strong></span> <span class='ocrx_word' id='word_1_574' title='bbox 2923 1636 2965 1702; x_wconf 74' lang='grc' dir='ltr'><em>ί,</em></span> <span class='ocrx_word' id='word_1_575' title='bbox 3008 1652 3125 1705; x_wconf 67' lang='lat' dir='ltr'><strong>qua:</strong></span> <span class='ocrx_word' id='word_1_576' title='bbox 3153 1636 3255 1693; x_wconf 89' lang='lat' dir='ltr'><strong>hoc</strong></span> <span class='ocrx_word' id='word_1_577' title='bbox 3299 1652 3441 1692; x_wconf 87' lang='lat' dir='ltr'><strong>anno</strong></span> <span class='ocrx_word' id='word_1_578' title='bbox 3484 1628 3745 1691; x_wconf 89' lang='lat' dir='ltr'><strong>defuncta</strong></span> 
     </span>
    </p>
   </div>
   <div class='ocr_carea' id='block_1_80' title="bbox 2173 1718 3749 1799">
    <p class='ocr_par' dir='ltr' id='par_1_80' title="bbox 2173 1718 3749 1799">
     <span class='ocr_line' id='line_1_80' title="bbox 2173 1718 3749 1799; baseline 0.007 -27"><span class='ocrx_word' id='word_1_579' title='bbox 2173 1727 2272 1772; x_wconf 90' lang='lat' dir='ltr'><strong>est.</strong></span> <span class='ocrx_word' id='word_1_580' title='bbox 2306 1718 2446 1774; x_wconf 89' lang='lat' dir='ltr'><strong>lnter</strong></span> <span class='ocrx_word' id='word_1_581' title='bbox 2485 1722 2654 1790; x_wconf 90' lang='lat' dir='ltr'><strong>ipsum</strong></span> <span class='ocrx_word' id='word_1_582' title='bbox 2697 1733 2750 1777; x_wconf 92' lang='lat' dir='ltr'><strong>et</strong></span> <span class='ocrx_word' id='word_1_583' title='bbox 2806 1739 3021 1780; x_wconf 88' lang='lat' dir='ltr'><strong>sorores</strong></span> <span class='ocrx_word' id='word_1_584' title='bbox 3049 1726 3163 1796; x_wconf 90' lang='lat' dir='ltr'><strong>ejus</strong></span> <span class='ocrx_word' id='word_1_585' title='bbox 3183 1729 3204 1759; x_wconf 84' lang='lat'>&#39;</span> <span class='ocrx_word' id='word_1_586' title='bbox 3228 1736 3355 1783; x_wconf 87' lang='lat' dir='ltr'><strong>sunt</strong></span> <span class='ocrx_word' id='word_1_587' title='bbox 3387 1727 3629 1799; x_wconf 61' lang='lat' dir='ltr'><strong>quaedam</strong></span> <span class='ocrx_word' id='word_1_588' title='bbox 3687 1728 3749 1783; x_wconf 93' lang='lat' dir='ltr'><strong>in</strong></span> 
     </span>
    </p>
   </div>
   <div class='ocr_carea' id='block_1_81' title="bbox 2174 1806 3747 1887">
    <p class='ocr_par' dir='ltr' id='par_1_81' title="bbox 2174 1806 3747 1887">
     <span class='ocr_line' id='line_1_81' title="bbox 2174 1806 3747 1887; baseline 0.006 -27"><span class='ocrx_word' id='word_1_589' title='bbox 2174 1806 2365 1862; x_wconf 89' lang='lat' dir='ltr'><strong>Christi</strong></span> <span class='ocrx_word' id='word_1_590' title='bbox 2394 1808 2654 1877; x_wconf 89' lang='lat' dir='ltr'><strong>adjutorio</strong></span> <span class='ocrx_word' id='word_1_591' title='bbox 2679 1812 2783 1866; x_wconf 87' lang='lat' dir='ltr'><strong>cito</strong></span> <span class='ocrx_word' id='word_1_592' title='bbox 2808 1814 3034 1868; x_wconf 86' lang='lat' dir='ltr'><strong>finienda</strong></span> <span class='ocrx_word' id='word_1_593' title='bbox 3063 1832 3079 1870; x_wconf 91' lang='lat'><strong>:</strong></span> <span class='ocrx_word' id='word_1_594' title='bbox 3108 1823 3167 1869; x_wconf 90' lang='lat' dir='ltr'><strong>ut</strong></span> <span class='ocrx_word' id='word_1_595' title='bbox 3192 1825 3246 1871; x_wconf 89' lang='lat' dir='ltr'><strong>et</strong></span> <span class='ocrx_word' id='word_1_596' title='bbox 3273 1816 3387 1887; x_wconf 79' lang='lat' dir='ltr'><strong>ipse</strong></span> <span class='ocrx_word' id='word_1_597' title='bbox 3414 1816 3571 1872; x_wconf 76' lang='lat' dir='ltr'><strong>faciat</strong></span> <span class='ocrx_word' id='word_1_598' title='bbox 3594 1816 3747 1886; x_wconf 90' lang='lat' dir='ltr'><strong>quod</strong></span> 
     </span>
    </p>
   </div>
   <div class='ocr_carea' id='block_1_82' title="bbox 2174 1898 3750 1976">
    <p class='ocr_par' dir='ltr' id='par_1_82' title="bbox 2174 1898 3750 1976">
     <span class='ocr_line' id='line_1_82' title="bbox 2174 1898 3750 1976; baseline 0.006 -24"><span class='ocrx_word' id='word_1_599' title='bbox 2174 1912 2385 1952; x_wconf 84' lang='lat' dir='ltr'><strong>servum</strong></span> <span class='ocrx_word' id='word_1_600' title='bbox 2410 1898 2499 1952; x_wconf 87' lang='lat' dir='ltr'><strong>Dei</strong></span> <span class='ocrx_word' id='word_1_601' title='bbox 2522 1898 2693 1969; x_wconf 89' lang='lat' dir='ltr'><strong>decet,</strong></span> <span class='ocrx_word' id='word_1_602' title='bbox 2736 1901 2873 1971; x_wconf 89' lang='lat' dir='ltr'><strong>quod</strong></span> <span class='ocrx_word' id='word_1_603' title='bbox 2905 1903 3016 1974; x_wconf 89' lang='lat' dir='ltr'><strong>ipsa</strong></span> <span class='ocrx_word' id='word_1_604' title='bbox 3043 1904 3320 1975; x_wconf 76' lang='lat' dir='ltr'><strong>professio,</strong></span> <span class='ocrx_word' id='word_1_605' title='bbox 3363 1914 3420 1962; x_wconf 91' lang='lat' dir='ltr'><strong>et</strong></span> <span class='ocrx_word' id='word_1_606' title='bbox 3446 1907 3547 1962; x_wconf 86' lang='lat' dir='ltr'><strong>ista</strong></span> <span class='ocrx_word' id='word_1_607' title='bbox 3575 1906 3750 1976; x_wconf 79' lang='lat' dir='ltr'><strong>exigit</strong></span> 
     </span>
    </p>
   </div>
   <div class='ocr_carea' id='block_1_83' title="bbox 2175 1987 2351 2042">
    <p class='ocr_par' dir='ltr' id='par_1_83' title="bbox 2175 1987 2351 2042">
     <span class='ocr_line' id='line_1_83' title="bbox 2175 1987 2351 2042; baseline 0.006 -2"><span class='ocrx_word' id='word_1_608' title='bbox 2175 1987 2351 2042; x_wconf 92' lang='lat' dir='ltr'><strong>lectio.</strong></span> 
     </span>
    </p>
   </div>
   <div class='ocr_carea' id='block_1_84' title="bbox 2243 2076 3751 2152">
    <p class='ocr_par' dir='ltr' id='par_1_84' title="bbox 2243 2076 3751 2152">
     <span class='ocr_line' id='line_1_84' title="bbox 2243 2076 3751 2152; baseline 0.007 -20"><span class='ocrx_word' id='word_1_609' title='bbox 2243 2078 2297 2132; x_wconf 73' lang='grc'><strong>4.</strong></span> <span class='ocrx_word' id='word_1_610' title='bbox 2340 2076 2617 2134; x_wconf 82' lang='lat' dir='ltr'><strong>Faustinus</strong></span> <span class='ocrx_word' id='word_1_611' title='bbox 2676 2080 2934 2137; x_wconf 76' lang='lat' dir='ltr'><strong>diaconus.</strong></span> <span class='ocrx_word' id='word_1_612' title='bbox 2978 2085 3236 2141; x_wconf 88' lang='lat' dir='ltr'><strong>Diaconus</strong></span> <span class='ocrx_word' id='word_1_613' title='bbox 3259 2085 3566 2152; x_wconf 78' lang='lat' dir='ltr'><strong>Faustinus,</strong></span> <span class='ocrx_word' id='word_1_614' title='bbox 3606 2088 3751 2142; x_wconf 89' lang='lat' dir='ltr'><strong>sicut</strong></span> 
     </span>
    </p>
   </div>
   <div class='ocr_carea' id='block_1_85' title="bbox 2174 2168 3748 2234">
    <p class='ocr_par' dir='ltr' id='par_1_85' title="bbox 2174 2168 3748 2234">
     <span class='ocr_line' id='line_1_85' title="bbox 2174 2168 3748 2234; baseline 0.01 -16"><span class='ocrx_word' id='word_1_615' title='bbox 2174 2180 2309 2233; x_wconf 87' lang='lat' dir='ltr'><strong>pene</strong></span> <span class='ocrx_word' id='word_1_616' title='bbox 2328 2180 2513 2222; x_wconf 88' lang='lat' dir='ltr'><strong>omnes</strong></span> <span class='ocrx_word' id='word_1_617' title='bbox 2542 2169 2729 2234; x_wconf 89' lang='lat' dir='ltr'><strong>nostis,</strong></span> <span class='ocrx_word' id='word_1_618' title='bbox 2760 2168 2847 2226; x_wconf 89' lang='lat' dir='ltr'><strong>hic</strong></span> <span class='ocrx_word' id='word_1_619' title='bbox 2871 2172 2939 2227; x_wconf 88' lang='lat' dir='ltr'><strong>de</strong></span> <span class='ocrx_word' id='word_1_620' title='bbox 2968 2174 3155 2230; x_wconf 88' lang='lat' dir='ltr'><strong>militia</strong></span> <span class='ocrx_word' id='word_1_621' title='bbox 3180 2176 3361 2231; x_wconf 72' lang='lat' dir='ltr'><strong>stet-ali</strong></span> <span class='ocrx_word' id='word_1_622' title='bbox 3383 2177 3449 2231; x_wconf 90' lang='lat' dir='ltr'><strong>ad</strong></span> <span class='ocrx_word' id='word_1_623' title='bbox 3471 2187 3748 2233; x_wconf 89' lang='lat' dir='ltr'><strong>monaste-</strong></span> 
     </span>
    </p>
   </div>
   <div class='ocr_carea' id='block_1_86' title="bbox 2174 2257 3752 2332">
    <p class='ocr_par' dir='ltr' id='par_1_86' title="bbox 2174 2257 3752 2332">
     <span class='ocr_line' id='line_1_86' title="bbox 2174 2257 3752 2332; baseline 0.007 -22"><span class='ocrx_word' id='word_1_624' title='bbox 2174 2257 2308 2310; x_wconf 89' lang='lat' dir='ltr'><strong>rium</strong></span> <span class='ocrx_word' id='word_1_625' title='bbox 2339 2271 2627 2313; x_wconf 88' lang='lat' dir='ltr'><strong>conversus</strong></span> <span class='ocrx_word' id='word_1_626' title='bbox 2642 2269 2725 2315; x_wconf 90' lang='lat' dir='ltr'><strong>est</strong></span> <span class='ocrx_word' id='word_1_627' title='bbox 2749 2278 2765 2314; x_wconf 94' lang='lat'><strong>:</strong></span> <span class='ocrx_word' id='word_1_628' title='bbox 2789 2261 2875 2316; x_wconf 87' lang='lat' dir='ltr'><strong>hic</strong></span> <span class='ocrx_word' id='word_1_629' title='bbox 2897 2262 3209 2332; x_wconf 79' lang='lat' dir='ltr'><strong>baptizatus,</strong></span> <span class='ocrx_word' id='word_1_630' title='bbox 3236 2264 3360 2319; x_wconf 85' lang='lat' dir='ltr'><strong>inde</strong></span> <span class='ocrx_word' id='word_1_631' title='bbox 3383 2266 3641 2322; x_wconf 85' lang='lat' dir='ltr'><strong>diaconus</strong></span> <span class='ocrx_word' id='word_1_632' title='bbox 3662 2282 3752 2321; x_wconf 84' lang='lat' dir='ltr'><strong>or-</strong></span> 
     </span>
    </p>
   </div>
   <div class='ocr_carea' id='block_1_87' title="bbox 2174 2343 3747 2425">
    <p class='ocr_par' dir='ltr' id='par_1_87' title="bbox 2174 2343 3747 2425">
     <span class='ocr_line' id='line_1_87' title="bbox 2174 2343 3747 2425; baseline 0.01 -28"><span class='ocrx_word' id='word_1_633' title='bbox 2174 2343 2401 2399; x_wconf 88' lang='lat' dir='ltr'><strong>dinatus.</strong></span> <span class='ocrx_word' id='word_1_634' title='bbox 2431 2347 2537 2401; x_wconf 92' lang='lat' dir='ltr'><strong>Sed</strong></span> <span class='ocrx_word' id='word_1_635' title='bbox 2557 2350 2675 2417; x_wconf 87' lang='lat' dir='ltr'><strong>quia</strong></span> <span class='ocrx_word' id='word_1_636' title='bbox 2694 2350 2940 2419; x_wconf 83' lang='lat' dir='ltr'><strong>exiguum</strong></span> <span class='ocrx_word' id='word_1_637' title='bbox 2958 2362 3041 2406; x_wconf 89' lang='lat' dir='ltr'><strong>est</strong></span> <span class='ocrx_word' id='word_1_638' title='bbox 3064 2352 3201 2422; x_wconf 91' lang='lat' dir='ltr'><strong>quod</strong></span> <span class='ocrx_word' id='word_1_639' title='bbox 3223 2353 3428 2410; x_wconf 90' lang='lat' dir='ltr'><strong>videtur</strong></span> <span class='ocrx_word' id='word_1_640' title='bbox 3448 2357 3747 2425; x_wconf 86' lang='lat' dir='ltr'><strong>possidere,</strong></span> 
     </span>
    </p>
   </div>
   <div class='ocr_carea' id='block_1_88' title="bbox 2173 2428 3752 2509">
    <p class='ocr_par' dir='ltr' id='par_1_88' title="bbox 2173 2428 3752 2509">
     <span class='ocr_line' id='line_1_88' title="bbox 2173 2428 3752 2509; baseline 0.009 -29"><span class='ocrx_word' id='word_1_641' title='bbox 2173 2428 2310 2481; x_wconf 86' lang='lat' dir='ltr'><strong>sicut</strong></span> <span class='ocrx_word' id='word_1_642' title='bbox 2331 2428 2619 2497; x_wconf 87' lang='lat' dir='ltr'><strong>jurisperiti</strong></span> <span class='ocrx_word' id='word_1_643' title='bbox 2646 2431 2967 2500; x_wconf 90' lang='lat' dir='ltr'><strong>loquuntur,</strong></span> <span class='ocrx_word' id='word_1_644' title='bbox 2992 2434 3136 2502; x_wconf 90' lang='lat' dir='ltr'><strong>jure,</strong></span> <span class='ocrx_word' id='word_1_645' title='bbox 3170 2449 3272 2489; x_wconf 92' lang='lat' dir='ltr'><strong>non</strong></span> <span class='ocrx_word' id='word_1_646' title='bbox 3320 2450 3544 2506; x_wconf 90' lang='lat' dir='ltr'><strong>corpore</strong></span> <span class='ocrx_word' id='word_1_647' title='bbox 3562 2437 3639 2509; x_wconf 89' lang='lat' dir='ltr'><strong>(a)</strong></span> <span class='ocrx_word' id='word_1_648' title='bbox 3660 2455 3752 2494; x_wconf 79' lang='lat' dir='ltr'><strong>re-</strong></span> 
     </span>
    </p>
   </div>
   <div class='ocr_carea' id='block_1_89' title="bbox 2174 2516 3751 2591">
    <p class='ocr_par' dir='ltr' id='par_1_89' title="bbox 2174 2516 3751 2591">
     <span class='ocr_line' id='line_1_89' title="bbox 2174 2516 3751 2591; baseline 0.008 -20"><span class='ocrx_word' id='word_1_649' title='bbox 2174 2516 2407 2587; x_wconf 90' lang='lat' dir='ltr'><strong>liquerat</strong></span> <span class='ocrx_word' id='word_1_650' title='bbox 2452 2518 2579 2573; x_wconf 88' lang='lat' dir='ltr'><strong>illud</strong></span> <span class='ocrx_word' id='word_1_651' title='bbox 2599 2560 2612 2583; x_wconf 95' lang='lat'><strong>,</strong></span> <span class='ocrx_word' id='word_1_652' title='bbox 2645 2528 2699 2574; x_wconf 89' lang='lat' dir='ltr'><strong>et</strong></span> <span class='ocrx_word' id='word_1_653' title='bbox 2734 2521 2802 2577; x_wconf 90' lang='lat' dir='ltr'><strong>ab</strong></span> <span class='ocrx_word' id='word_1_654' title='bbox 2842 2522 2959 2591; x_wconf 83' lang='lat' dir='ltr'><strong>ejus</strong></span> <span class='ocrx_word' id='word_1_655' title='bbox 3000 2522 3250 2579; x_wconf 85' lang='lat' dir='ltr'><strong>fratribus</strong></span> <span class='ocrx_word' id='word_1_656' title='bbox 3274 2525 3571 2581; x_wconf 83' lang='lat' dir='ltr'><strong>tenebatur.</strong></span> <span class='ocrx_word' id='word_1_657' title='bbox 3598 2527 3751 2583; x_wconf 62' lang='lat' dir='ltr'><strong>Non-</strong></span> 
     </span>
    </p>
   </div>
   <div class='ocr_carea' id='block_1_90' title="bbox 2174 2606 3749 2687">
    <p class='ocr_par' dir='ltr' id='par_1_90' title="bbox 2174 2606 3749 2687">
     <span class='ocr_line' id='line_1_90' title="bbox 2174 2606 3749 2687; baseline 0.008 -29"><span class='ocrx_word' id='word_1_658' title='bbox 2174 2621 2330 2675; x_wconf 87' lang='lat' dir='ltr'><strong>quam</strong></span> <span class='ocrx_word' id='word_1_659' title='bbox 2354 2606 2475 2661; x_wconf 92' lang='lat' dir='ltr'><strong>inde</strong></span> <span class='ocrx_word' id='word_1_660' title='bbox 2499 2608 2748 2677; x_wconf 82' lang='lat' dir='ltr'><strong>cogitavit</strong></span> <span class='ocrx_word' id='word_1_661' title='bbox 2781 2625 2847 2664; x_wconf 80' lang='lat' dir='ltr'><strong>ex</strong></span> <span class='ocrx_word' id='word_1_662' title='bbox 2887 2626 2993 2680; x_wconf 91' lang='lat' dir='ltr'><strong>quo</strong></span> <span class='ocrx_word' id='word_1_663' title='bbox 3032 2627 3321 2669; x_wconf 90' lang='lat' dir='ltr'><strong>conversus</strong></span> <span class='ocrx_word' id='word_1_664' title='bbox 3348 2624 3450 2681; x_wconf 89' lang='lat' dir='ltr'><strong>est,</strong></span> <span class='ocrx_word' id='word_1_665' title='bbox 3497 2631 3597 2671; x_wconf 86' lang='lat' dir='ltr'><strong>nec</strong></span> <span class='ocrx_word' id='word_1_666' title='bbox 3625 2617 3749 2687; x_wconf 84' lang='lat' dir='ltr'><strong>ipse</strong></span> 
     </span>
    </p>
   </div>
   <div class='ocr_carea' id='block_1_91' title="bbox 2174 2699 3749 2778">
    <p class='ocr_par' dir='ltr' id='par_1_91' title="bbox 2174 2699 3749 2778">
     <span class='ocr_line' id='line_1_91' title="bbox 2174 2699 3749 2778; baseline 0.007 -26"><span class='ocrx_word' id='word_1_667' title='bbox 2174 2699 2372 2768; x_wconf 89' lang='lat' dir='ltr'><strong>aliquid</strong></span> <span class='ocrx_word' id='word_1_668' title='bbox 2392 2701 2633 2770; x_wconf 72' lang='lat' dir='ltr'><strong>qumsivit</strong></span> <span class='ocrx_word' id='word_1_669' title='bbox 2650 2718 2680 2756; x_wconf 90' lang='lat' dir='ltr'><strong>a</strong></span> <span class='ocrx_word' id='word_1_670' title='bbox 2706 2702 2954 2758; x_wconf 80' lang='lat' dir='ltr'><strong>fratribus</strong></span> <span class='ocrx_word' id='word_1_671' title='bbox 2974 2705 3104 2771; x_wconf 89' lang='lat' dir='ltr'><strong>suis,</strong></span> <span class='ocrx_word' id='word_1_672' title='bbox 3126 2720 3226 2762; x_wconf 85' lang='lat' dir='ltr'><strong>nec</strong></span> <span class='ocrx_word' id='word_1_673' title='bbox 3249 2706 3316 2761; x_wconf 88' lang='lat' dir='ltr'><strong>ab</strong></span> <span class='ocrx_word' id='word_1_674' title='bbox 3343 2706 3435 2761; x_wconf 91' lang='lat' dir='ltr'><strong>illo</strong></span> <span class='ocrx_word' id='word_1_675' title='bbox 3448 2708 3749 2778; x_wconf 82' lang='lat' dir='ltr'><strong>estaliquid</strong></span> 
     </span>
    </p>
   </div>
   <div class='ocr_carea' id='block_1_92' title="bbox 2176 2791 3748 2862">
    <p class='ocr_par' dir='ltr' id='par_1_92' title="bbox 2176 2791 3748 2862">
     <span class='ocr_line' id='line_1_92' title="bbox 2176 2791 3748 2862; baseline 0.005 -18"><span class='ocrx_word' id='word_1_676' title='bbox 2176 2791 2476 2861; x_wconf 65' lang='lat' dir='ltr'><strong>qumsitum.</strong></span> <span class='ocrx_word' id='word_1_677' title='bbox 2508 2792 2661 2846; x_wconf 81' lang='lat' dir='ltr'><strong>Modo</strong></span> <span class='ocrx_word' id='word_1_678' title='bbox 2682 2793 2805 2862; x_wconf 83' lang='lat' dir='ltr'><strong>quia</strong></span> <span class='ocrx_word' id='word_1_679' title='bbox 2829 2803 3045 2849; x_wconf 89' lang='lat' dir='ltr'><strong>ventum</strong></span> <span class='ocrx_word' id='word_1_680' title='bbox 3071 2803 3154 2849; x_wconf 91' lang='lat' dir='ltr'><strong>est</strong></span> <span class='ocrx_word' id='word_1_681' title='bbox 3175 2795 3243 2850; x_wconf 91' lang='lat' dir='ltr'><strong>ad</strong></span> <span class='ocrx_word' id='word_1_682' title='bbox 3281 2795 3425 2852; x_wconf 86' lang='lat' dir='ltr'><strong>hunc</strong></span> <span class='ocrx_word' id='word_1_683' title='bbox 3461 2798 3748 2853; x_wconf 87' lang='lat' dir='ltr'><strong>articulum</strong></span> 
     </span>
    </p>
   </div>
   <div class='ocr_carea' id='block_1_93' title="bbox 2176 2881 3751 2955">
    <p class='ocr_par' dir='ltr' id='par_1_93' title="bbox 2176 2881 3751 2955">
     <span class='ocr_line' id='line_1_93' title="bbox 2176 2881 3751 2955; baseline 0.004 -20"><span class='ocrx_word' id='word_1_684' title='bbox 2176 2881 2451 2950; x_wconf 86' lang='lat' dir='ltr'><strong>temporis,</strong></span> <span class='ocrx_word' id='word_1_685' title='bbox 2483 2895 2603 2935; x_wconf 93' lang='lat' dir='ltr'><strong>cum</strong></span> <span class='ocrx_word' id='word_1_686' title='bbox 2629 2882 2853 2937; x_wconf 90' lang='lat' dir='ltr'><strong>consilio</strong></span> <span class='ocrx_word' id='word_1_687' title='bbox 2874 2898 2994 2939; x_wconf 91' lang='lat' dir='ltr'><strong>meo</strong></span> <span class='ocrx_word' id='word_1_688' title='bbox 3017 2884 3194 2940; x_wconf 86' lang='lat' dir='ltr'><strong>divisit</strong></span> <span class='ocrx_word' id='word_1_689' title='bbox 3215 2884 3381 2955; x_wconf 86' lang='lat' dir='ltr'><strong>ipsam</strong></span> <span class='ocrx_word' id='word_1_690' title='bbox 3402 2900 3516 2942; x_wconf 89' lang='lat' dir='ltr'><strong>rem</strong></span> <span class='ocrx_word' id='word_1_691' title='bbox 3546 2903 3564 2941; x_wconf 86' lang='lat'><strong>:</strong></span> <span class='ocrx_word' id='word_1_692' title='bbox 3589 2897 3645 2941; x_wconf 90' lang='lat' dir='ltr'><strong>et</strong></span> <span class='ocrx_word' id='word_1_693' title='bbox 3666 2887 3751 2941; x_wconf 84' lang='lat' dir='ltr'><strong>di-</strong></span> 
     </span>
    </p>
   </div>
   <div class='ocr_carea' id='block_1_94' title="bbox 2178 2969 3749 3037">
    <p class='ocr_par' dir='ltr' id='par_1_94' title="bbox 2178 2969 3749 3037">
     <span class='ocr_line' id='line_1_94' title="bbox 2178 2969 3749 3037; baseline 0.008 -15"><span class='ocrx_word' id='word_1_694' title='bbox 2178 2969 2395 3023; x_wconf 88' lang='lat' dir='ltr'><strong>midiam</strong></span> <span class='ocrx_word' id='word_1_695' title='bbox 2446 2970 2662 3025; x_wconf 90' lang='lat' dir='ltr'><strong>donavit</strong></span> <span class='ocrx_word' id='word_1_696' title='bbox 2705 2972 2955 3027; x_wconf 88' lang='lat' dir='ltr'><strong>fratribus</strong></span> <span class='ocrx_word' id='word_1_697' title='bbox 3001 2974 3132 3037; x_wconf 89' lang='lat' dir='ltr'><strong>suis,</strong></span> <span class='ocrx_word' id='word_1_698' title='bbox 3174 2973 3445 3030; x_wconf 89' lang='lat' dir='ltr'><strong>dimidiam</strong></span> <span class='ocrx_word' id='word_1_699' title='bbox 3488 2975 3749 3034; x_wconf 68' lang='lat' dir='ltr'><strong>Ecclesia:</strong></span> 
     </span>
    </p>
   </div>
   <div class='ocr_carea' id='block_1_95' title="bbox 2176 3062 3179 3130">
    <p class='ocr_par' dir='ltr' id='par_1_95' title="bbox 2176 3062 3179 3130">
     <span class='ocr_line' id='line_1_95' title="bbox 2176 3062 3179 3130; baseline 0.005 -17"><span class='ocrx_word' id='word_1_700' title='bbox 2176 3062 2394 3130; x_wconf 88' lang='lat' dir='ltr'><strong>pauperi</strong></span> <span class='ocrx_word' id='word_1_701' title='bbox 2422 3062 2624 3115; x_wconf 83' lang='lat' dir='ltr'><strong>inloco</strong></span> <span class='ocrx_word' id='word_1_702' title='bbox 2652 3062 2837 3117; x_wconf 91' lang='lat' dir='ltr'><strong>eodem</strong></span> <span class='ocrx_word' id='word_1_703' title='bbox 2861 3064 3179 3118; x_wconf 68' lang='lat' dir='ltr'><strong>constitutae.</strong></span> 
     </span>
    </p>
   </div>
   <div class='ocr_carea' id='block_1_96' title="bbox 2244 3151 3751 3225">
    <p class='ocr_par' dir='ltr' id='par_1_96' title="bbox 2244 3151 3751 3225">
     <span class='ocr_line' id='line_1_96' title="bbox 2244 3151 3751 3225; baseline 0.003 -19"><span class='ocrx_word' id='word_1_704' title='bbox 2244 3152 2298 3206; x_wconf 75' lang='grc' dir='ltr'><strong>Β.</strong></span> <span class='ocrx_word' id='word_1_705' title='bbox 2329 3151 2541 3205; x_wconf 83' lang='lat' dir='ltr'><strong>Severus</strong></span> <span class='ocrx_word' id='word_1_706' title='bbox 2552 3153 2793 3206; x_wconf 83' lang='lat' dir='ltr'><strong>diaconus</strong></span> <span class='ocrx_word' id='word_1_707' title='bbox 2810 3169 2990 3207; x_wconf 70' lang='lat' dir='ltr'><strong>cacus.</strong></span> <span class='ocrx_word' id='word_1_708' title='bbox 3006 3154 3266 3208; x_wconf 88' lang='lat' dir='ltr'><strong>Diaconus</strong></span> <span class='ocrx_word' id='word_1_709' title='bbox 3279 3153 3508 3210; x_wconf 88' lang='lat' dir='ltr'><strong>Severus</strong></span> <span class='ocrx_word' id='word_1_710' title='bbox 3522 3155 3623 3209; x_wconf 87' lang='lat' dir='ltr'><strong>sub</strong></span> <span class='ocrx_word' id='word_1_711' title='bbox 3640 3170 3751 3225; x_wconf 81' lang='lat' dir='ltr'><strong>qua</strong></span> 
     </span>
    </p>
   </div>
   <div class='ocr_carea' id='block_1_97' title="bbox 2178 3239 3742 3309">
    <p class='ocr_par' dir='ltr' id='par_1_97' title="bbox 2178 3239 3742 3309">
     <span class='ocr_line' id='line_1_97' title="bbox 2178 3239 3742 3309; baseline 0.004 -16"><span class='ocrx_word' id='word_1_712' title='bbox 2178 3239 2274 3295; x_wconf 89' lang='lat' dir='ltr'><strong>Dei</strong></span> <span class='ocrx_word' id='word_1_713' title='bbox 2295 3239 2569 3309; x_wconf 88' lang='lat' dir='ltr'><strong>disciplina</strong></span> <span class='ocrx_word' id='word_1_714' title='bbox 2595 3250 2647 3294; x_wconf 91' lang='lat' dir='ltr'><strong>et</strong></span> <span class='ocrx_word' id='word_1_715' title='bbox 2667 3241 2873 3308; x_wconf 79' lang='lat' dir='ltr'><strong>ﬂagello</strong></span> <span class='ocrx_word' id='word_1_716' title='bbox 2898 3242 2985 3304; x_wconf 87' lang='lat' dir='ltr'><strong>sit,</strong></span> <span class='ocrx_word' id='word_1_717' title='bbox 3007 3244 3200 3296; x_wconf 86' lang='lat' dir='ltr'><strong>nostis:</strong></span> <span class='ocrx_word' id='word_1_718' title='bbox 3220 3243 3396 3299; x_wconf 83' lang='lat' dir='ltr'><strong>lumen</strong></span> <span class='ocrx_word' id='word_1_719' title='bbox 3426 3252 3601 3298; x_wconf 88' lang='lat' dir='ltr'><strong>tamen</strong></span> <span class='ocrx_word' id='word_1_720' title='bbox 3628 3259 3742 3299; x_wconf 89' lang='lat' dir='ltr'><strong>non</strong></span> 
     </span>
    </p>
   </div>
   <div class='ocr_carea' id='block_1_98' title="bbox 2178 3329 3748 3405">
    <p class='ocr_par' dir='ltr' id='par_1_98' title="bbox 2178 3329 3748 3405">
     <span class='ocr_line' id='line_1_98' title="bbox 2178 3329 3748 3405; baseline 0.004 -22"><span class='ocrx_word' id='word_1_721' title='bbox 2178 3329 2406 3399; x_wconf 84' lang='lat' dir='ltr'><strong>perdidit</strong></span> <span class='ocrx_word' id='word_1_722' title='bbox 2446 3331 2658 3385; x_wconf 88' lang='lat' dir='ltr'><strong>mentis.</strong></span> <span class='ocrx_word' id='word_1_723' title='bbox 2708 3330 2881 3387; x_wconf 88' lang='lat' dir='ltr'><strong>Unam</strong></span> <span class='ocrx_word' id='word_1_724' title='bbox 2922 3332 3136 3387; x_wconf 90' lang='lat' dir='ltr'><strong>domum</strong></span> <span class='ocrx_word' id='word_1_725' title='bbox 3180 3332 3265 3388; x_wconf 91' lang='lat' dir='ltr'><strong>hic</strong></span> <span class='ocrx_word' id='word_1_726' title='bbox 3291 3341 3496 3390; x_wconf 83' lang='lat' dir='ltr'><strong>emerat</strong></span> <span class='ocrx_word' id='word_1_727' title='bbox 3524 3344 3748 3405; x_wconf 83' lang='lat' dir='ltr'><strong>propter</strong></span> 
     </span>
    </p>
   </div>
   <div class='ocr_carea' id='block_1_99' title="bbox 2178 3423 3752 3495">
    <p class='ocr_par' dir='ltr' id='par_1_99' title="bbox 2178 3423 3752 3495">
     <span class='ocr_line' id='line_1_99' title="bbox 2178 3423 3752 3495; baseline 0.003 -19"><span class='ocrx_word' id='word_1_728' title='bbox 2178 3430 2404 3477; x_wconf 88' lang='lat' dir='ltr'><strong>matrem</strong></span> <span class='ocrx_word' id='word_1_729' title='bbox 2432 3431 2489 3477; x_wconf 89' lang='lat' dir='ltr'><strong>et</strong></span> <span class='ocrx_word' id='word_1_730' title='bbox 2533 3437 2772 3477; x_wconf 87' lang='lat' dir='ltr'><strong>sororem</strong></span> <span class='ocrx_word' id='word_1_731' title='bbox 2802 3438 2971 3487; x_wconf 90' lang='lat' dir='ltr'><strong>suam,</strong></span> <span class='ocrx_word' id='word_1_732' title='bbox 3002 3439 3131 3493; x_wconf 90' lang='lat' dir='ltr'><strong>quas</strong></span> <span class='ocrx_word' id='word_1_733' title='bbox 3180 3423 3249 3479; x_wconf 89' lang='lat' dir='ltr'><strong>de</strong></span> <span class='ocrx_word' id='word_1_734' title='bbox 3277 3440 3373 3480; x_wconf 90' lang='lat' dir='ltr'><strong>sua</strong></span> <span class='ocrx_word' id='word_1_735' title='bbox 3431 3426 3597 3495; x_wconf 86' lang='lat' dir='ltr'><strong>patria</strong></span> <span class='ocrx_word' id='word_1_736' title='bbox 3638 3425 3752 3483; x_wconf 88' lang='lat' dir='ltr'><strong>huc</strong></span> 
     </span>
    </p>
   </div>
   <div class='ocr_carea' id='block_1_100' title="bbox 2178 3512 3750 3585">
    <p class='ocr_par' dir='ltr' id='par_1_100' title="bbox 2178 3512 3750 3585">
     <span class='ocr_line' id='line_1_100' title="bbox 2178 3512 3750 3585; baseline 0.003 -18"><span class='ocrx_word' id='word_1_737' title='bbox 2178 3512 2515 3568; x_wconf 89' lang='lat' dir='ltr'><strong>desiderabat</strong></span> <span class='ocrx_word' id='word_1_738' title='bbox 2538 3512 2823 3568; x_wconf 90' lang='lat' dir='ltr'><strong>adducere.</strong></span> <span class='ocrx_word' id='word_1_739' title='bbox 2837 3513 3052 3568; x_wconf 89' lang='lat' dir='ltr'><strong>Emerat</strong></span> <span class='ocrx_word' id='word_1_740' title='bbox 3074 3523 3247 3568; x_wconf 91' lang='lat' dir='ltr'><strong>autem</strong></span> <span class='ocrx_word' id='word_1_741' title='bbox 3261 3530 3364 3570; x_wconf 93' lang='lat' dir='ltr'><strong>non</strong></span> <span class='ocrx_word' id='word_1_742' title='bbox 3386 3530 3477 3569; x_wconf 90' lang='lat' dir='ltr'><strong>sua</strong></span> <span class='ocrx_word' id='word_1_743' title='bbox 3500 3518 3750 3585; x_wconf 81' lang='lat' dir='ltr'><strong>pecunia,</strong></span> 
     </span>
    </p>
   </div>
   <div class='ocr_carea' id='block_1_101' title="bbox 2176 3601 3742 3674">
    <p class='ocr_par' dir='ltr' id='par_1_101' title="bbox 2176 3601 3742 3674">
     <span class='ocr_line' id='line_1_101' title="bbox 2176 3601 3742 3674; baseline 0.003 -19"><span class='ocrx_word' id='word_1_744' title='bbox 2176 3616 2336 3671; x_wconf 90' lang='lat' dir='ltr'><strong>quam</strong></span> <span class='ocrx_word' id='word_1_745' title='bbox 2380 3616 2484 3656; x_wconf 93' lang='lat' dir='ltr'><strong>non</strong></span> <span class='ocrx_word' id='word_1_746' title='bbox 2512 3602 2772 3666; x_wconf 90' lang='lat' dir='ltr'><strong>habebat;</strong></span> <span class='ocrx_word' id='word_1_747' title='bbox 2800 3601 2893 3656; x_wconf 92' lang='lat' dir='ltr'><strong>sed</strong></span> <span class='ocrx_word' id='word_1_748' title='bbox 2945 3617 3011 3656; x_wconf 80' lang='lat' dir='ltr'><strong>ex</strong></span> <span class='ocrx_word' id='word_1_749' title='bbox 3056 3602 3338 3658; x_wconf 88' lang='lat' dir='ltr'><strong>collatione</strong></span> <span class='ocrx_word' id='word_1_750' title='bbox 3366 3605 3742 3674; x_wconf 86' lang='lat' dir='ltr'><strong>religiosorum</strong></span> 
     </span>
    </p>
   </div>
   <div class='ocr_carea' id='block_1_102' title="bbox 2176 3690 3752 3761">
    <p class='ocr_par' dir='ltr' id='par_1_102' title="bbox 2176 3690 3752 3761">
     <span class='ocr_line' id='line_1_102' title="bbox 2176 3690 3752 3761; baseline 0.004 -18"><span class='ocrx_word' id='word_1_751' title='bbox 2176 3690 2434 3752; x_wconf 85' lang='lat' dir='ltr'><strong>virorum.</strong></span> <span class='ocrx_word' id='word_1_752' title='bbox 2458 3706 2593 3761; x_wconf 88' lang='lat' dir='ltr'><strong>quos</strong></span> <span class='ocrx_word' id='word_1_753' title='bbox 2625 3692 2752 3745; x_wconf 89' lang='lat' dir='ltr'><strong>mihi</strong></span> <span class='ocrx_word' id='word_1_754' title='bbox 2773 3692 3027 3761; x_wconf 72' lang='lat' dir='ltr'><strong>qumrenti</strong></span> <span class='ocrx_word' id='word_1_755' title='bbox 3056 3693 3214 3747; x_wconf 84' lang='lat' dir='ltr'><strong>etiam</strong></span> <span class='ocrx_word' id='word_1_756' title='bbox 3237 3694 3514 3749; x_wconf 91' lang='lat' dir='ltr'><strong>nominans</strong></span> <span class='ocrx_word' id='word_1_757' title='bbox 3542 3695 3752 3751; x_wconf 78' lang='lat' dir='ltr'><strong>indica-</strong></span> 
     </span>
    </p>
   </div>
   <div class='ocr_carea' id='block_1_103' title="bbox 2178 3782 3748 3857">
    <p class='ocr_par' dir='ltr' id='par_1_103' title="bbox 2178 3782 3748 3857">
     <span class='ocr_line' id='line_1_103' title="bbox 2178 3782 3748 3857; baseline 0.004 -22"><span class='ocrx_word' id='word_1_758' title='bbox 2178 3782 2271 3836; x_wconf 80' lang='lat' dir='ltr'><strong>vit.</strong></span> <span class='ocrx_word' id='word_1_759' title='bbox 2294 3782 2369 3837; x_wconf 88' lang='lat' dir='ltr'><strong>De</strong></span> <span class='ocrx_word' id='word_1_760' title='bbox 2390 3783 2502 3852; x_wconf 88' lang='lat' dir='ltr'><strong>ipsa</strong></span> <span class='ocrx_word' id='word_1_761' title='bbox 2530 3782 2551 3813; x_wconf 86' lang='grc'><strong><em>⁸</em></strong></span> <span class='ocrx_word' id='word_1_762' title='bbox 2580 3796 2683 3837; x_wconf 91' lang='lat' dir='ltr'><strong>non</strong></span> <span class='ocrx_word' id='word_1_763' title='bbox 2704 3796 2917 3851; x_wconf 84' lang='lat' dir='ltr'><strong>possum</strong></span> <span class='ocrx_word' id='word_1_764' title='bbox 2939 3782 3116 3838; x_wconf 88' lang='lat' dir='ltr'><strong>dicere</strong></span> <span class='ocrx_word' id='word_1_765' title='bbox 3139 3783 3265 3855; x_wconf 87' lang='lat' dir='ltr'><strong>quid</strong></span> <span class='ocrx_word' id='word_1_766' title='bbox 3289 3784 3487 3851; x_wconf 84' lang='lat' dir='ltr'><strong>fecerit,</strong></span> <span class='ocrx_word' id='word_1_767' title='bbox 3504 3796 3589 3840; x_wconf 90' lang='lat' dir='ltr'><strong>aut</strong></span> <span class='ocrx_word' id='word_1_768' title='bbox 3610 3787 3748 3857; x_wconf 85' lang='lat' dir='ltr'><strong>quid</strong></span> 
     </span>
    </p>
   </div>
   <div class='ocr_carea' id='block_1_104' title="bbox 2176 3872 3745 3945">
    <p class='ocr_par' dir='ltr' id='par_1_104' title="bbox 2176 3872 3745 3945">
     <span class='ocr_line' id='line_1_104' title="bbox 2176 3872 3745 3945; baseline 0.002 -17"><span class='ocrx_word' id='word_1_769' title='bbox 2176 3872 2445 3942; x_wconf 90' lang='lat' dir='ltr'><strong>disponat,</strong></span> <span class='ocrx_word' id='word_1_770' title='bbox 2476 3873 2577 3927; x_wconf 88' lang='lat' dir='ltr'><strong>nisi</strong></span> <span class='ocrx_word' id='word_1_771' title='bbox 2602 3873 2722 3943; x_wconf 89' lang='lat' dir='ltr'><strong>quia</strong></span> <span class='ocrx_word' id='word_1_772' title='bbox 2749 3882 2914 3927; x_wconf 90' lang='lat' dir='ltr'><strong>totum</strong></span> <span class='ocrx_word' id='word_1_773' title='bbox 2961 3883 3016 3929; x_wconf 90' lang='lat' dir='ltr'><strong>et</strong></span> <span class='ocrx_word' id='word_1_774' title='bbox 3048 3874 3163 3944; x_wconf 85' lang='lat' dir='ltr'><strong>ipse</strong></span> <span class='ocrx_word' id='word_1_775' title='bbox 3199 3875 3252 3929; x_wconf 91' lang='lat' dir='ltr'><strong>in</strong></span> <span class='ocrx_word' id='word_1_776' title='bbox 3281 3890 3397 3931; x_wconf 90' lang='lat' dir='ltr'><strong>mea</strong></span> <span class='ocrx_word' id='word_1_777' title='bbox 3446 3876 3620 3945; x_wconf 90' lang='lat' dir='ltr'><strong>posuit</strong></span> <span class='ocrx_word' id='word_1_778' title='bbox 3645 3891 3745 3931; x_wconf 82' lang='lat' dir='ltr'><strong>vo-</strong></span> 
     </span>
    </p>
   </div>
   <div class='ocr_carea' id='block_1_105' title="bbox 2179 3962 3744 4032">
    <p class='ocr_par' dir='ltr' id='par_1_105' title="bbox 2179 3962 3744 4032">
     <span class='ocr_line' id='line_1_105' title="bbox 2179 3962 3744 4032; baseline 0.004 -17"><span class='ocrx_word' id='word_1_779' title='bbox 2179 3962 2403 4027; x_wconf 89' lang='lat' dir='ltr'><strong>luntate,</strong></span> <span class='ocrx_word' id='word_1_780' title='bbox 2432 3971 2489 4015; x_wconf 92' lang='lat' dir='ltr'><strong>ut</strong></span> <span class='ocrx_word' id='word_1_781' title='bbox 2512 3962 2763 4032; x_wconf 92' lang='lat' dir='ltr'><strong>quidquid</strong></span> <span class='ocrx_word' id='word_1_782' title='bbox 2792 3962 2906 4032; x_wconf 87' lang='lat' dir='ltr'><strong>ipse</strong></span> <span class='ocrx_word' id='word_1_783' title='bbox 2925 3962 3138 4028; x_wconf 89' lang='lat' dir='ltr'><strong>vellem,</strong></span> <span class='ocrx_word' id='word_1_784' title='bbox 3168 3962 3269 4017; x_wconf 87' lang='lat' dir='ltr'><strong>hoc</strong></span> <span class='ocrx_word' id='word_1_785' title='bbox 3288 3962 3411 4019; x_wconf 90' lang='lat' dir='ltr'><strong>inde</strong></span> <span class='ocrx_word' id='word_1_786' title='bbox 3437 3963 3606 4019; x_wconf 88' lang='lat' dir='ltr'><strong>lieret.</strong></span> <span class='ocrx_word' id='word_1_787' title='bbox 3630 3963 3744 4021; x_wconf 78' lang='lat' dir='ltr'><strong>Sed</strong></span> 
     </span>
    </p>
   </div>
   <div class='ocr_carea' id='block_1_106' title="bbox 2178 4049 3749 4123">
    <p class='ocr_par' dir='ltr' id='par_1_106' title="bbox 2178 4049 3749 4123">
     <span class='ocr_line' id='line_1_106' title="bbox 2178 4049 3749 4123; baseline 0.003 -19"><span class='ocrx_word' id='word_1_788' title='bbox 2178 4049 2339 4105; x_wconf 84' lang='lat' dir='ltr'><strong>habet</strong></span> <span class='ocrx_word' id='word_1_789' title='bbox 2357 4050 2610 4120; x_wconf 88' lang='lat' dir='ltr'><strong>quasdam</strong></span> <span class='ocrx_word' id='word_1_790' title='bbox 2626 4065 2813 4105; x_wconf 84' lang='lat' dir='ltr'><strong>causas</strong></span> <span class='ocrx_word' id='word_1_791' title='bbox 2827 4066 2946 4105; x_wconf 90' lang='lat' dir='ltr'><strong>cum</strong></span> <span class='ocrx_word' id='word_1_792' title='bbox 2963 4061 3132 4107; x_wconf 89' lang='lat' dir='ltr'><strong>matre</strong></span> <span class='ocrx_word' id='word_1_793' title='bbox 3157 4066 3275 4118; x_wconf 90' lang='lat' dir='ltr'><strong>sua,</strong></span> <span class='ocrx_word' id='word_1_794' title='bbox 3311 4067 3533 4123; x_wconf 84' lang='lat' dir='ltr'><strong>quarum</strong></span> <span class='ocrx_word' id='word_1_795' title='bbox 3556 4068 3749 4109; x_wconf 84' lang='lat' dir='ltr'><strong>causa-</strong></span> 
     </span>
    </p>
   </div>
   <div class='ocr_carea' id='block_1_107' title="bbox 2179 4142 3747 4211">
    <p class='ocr_par' dir='ltr' id='par_1_107' title="bbox 2179 4142 3747 4211">
     <span class='ocr_line' id='line_1_107' title="bbox 2179 4142 3747 4211; baseline 0.003 -14"><span class='ocrx_word' id='word_1_796' title='bbox 2179 4156 2294 4197; x_wconf 80' lang='lat' dir='ltr'><strong>rum</strong></span> <span class='ocrx_word' id='word_1_797' title='bbox 2326 4158 2413 4196; x_wconf 91' lang='lat' dir='ltr'><strong>me</strong></span> <span class='ocrx_word' id='word_1_798' title='bbox 2448 4142 2680 4211; x_wconf 90' lang='lat' dir='ltr'><strong>judicem</strong></span> <span class='ocrx_word' id='word_1_799' title='bbox 2712 4143 2915 4211; x_wconf 88' lang='lat' dir='ltr'><strong>posuit;</strong></span> <span class='ocrx_word' id='word_1_800' title='bbox 2964 4152 3021 4197; x_wconf 92' lang='lat' dir='ltr'><strong>ut</strong></span> <span class='ocrx_word' id='word_1_801' title='bbox 3038 4158 3157 4197; x_wconf 91' lang='lat' dir='ltr'><strong>eum</strong></span> <span class='ocrx_word' id='word_1_802' title='bbox 3188 4144 3292 4198; x_wconf 65' lang='lat' dir='ltr'><strong>illa:</strong></span> <span class='ocrx_word' id='word_1_803' title='bbox 3326 4158 3503 4200; x_wconf 75' lang='lat' dir='ltr'><strong>causa:</strong></span> <span class='ocrx_word' id='word_1_804' title='bbox 3543 4144 3747 4201; x_wconf 81' lang='lat' dir='ltr'><strong>fuerint</strong></span> 
     </span>
    </p>
   </div>
   <div class='ocr_carea' id='block_1_108' title="bbox 2184 4231 3747 4303">
    <p class='ocr_par' dir='ltr' id='par_1_108' title="bbox 2184 4231 3747 4303">
     <span class='ocr_line' id='line_1_108' title="bbox 2184 4231 3747 4303; baseline 0.003 -18"><span class='ocrx_word' id='word_1_805' title='bbox 2184 4232 2499 4293; x_wconf 64' lang='lat' dir='ltr'><strong>terminatas,</strong></span> <span class='ocrx_word' id='word_1_806' title='bbox 2534 4233 2623 4284; x_wconf 83' lang='lat' dir='ltr'><strong>fiat</strong></span> <span class='ocrx_word' id='word_1_807' title='bbox 2649 4231 2716 4285; x_wconf 91' lang='lat' dir='ltr'><strong>de</strong></span> <span class='ocrx_word' id='word_1_808' title='bbox 2733 4234 2843 4301; x_wconf 87' lang='lat' dir='ltr'><strong>ipsa</strong></span> <span class='ocrx_word' id='word_1_809' title='bbox 2872 4232 3030 4286; x_wconf 91' lang='lat' dir='ltr'><strong>domo</strong></span> <span class='ocrx_word' id='word_1_810' title='bbox 3054 4232 3193 4301; x_wconf 90' lang='lat' dir='ltr'><strong>quod</strong></span> <span class='ocrx_word' id='word_1_811' title='bbox 3218 4248 3319 4303; x_wconf 87' lang='lat' dir='ltr'><strong>ego</strong></span> <span class='ocrx_word' id='word_1_812' title='bbox 3345 4234 3582 4288; x_wconf 86' lang='lat' dir='ltr'><strong>voluero.</strong></span> <span class='ocrx_word' id='word_1_813' title='bbox 3602 4234 3747 4301; x_wconf 86' lang='lat' dir='ltr'><strong>Quid</strong></span> 
     </span>
    </p>
   </div>
   <div class='ocr_carea' id='block_1_109' title="bbox 2182 4320 3749 4395">
    <p class='ocr_par' dir='ltr' id='par_1_109' title="bbox 2182 4320 3749 4395">
     <span class='ocr_line' id='line_1_109' title="bbox 2182 4320 3749 4395; baseline 0.004 -22"><span class='ocrx_word' id='word_1_814' title='bbox 2182 4330 2357 4374; x_wconf 90' lang='lat' dir='ltr'><strong>autem</strong></span> <span class='ocrx_word' id='word_1_815' title='bbox 2382 4320 2518 4374; x_wconf 87' lang='lat' dir='ltr'><strong>velle</strong></span> <span class='ocrx_word' id='word_1_816' title='bbox 2548 4328 2733 4389; x_wconf 91' lang='lat' dir='ltr'><strong>potero</strong></span> <span class='ocrx_word' id='word_1_817' title='bbox 2764 4321 2872 4374; x_wconf 91' lang='lat' dir='ltr'><strong>Deo</strong></span> <span class='ocrx_word' id='word_1_818' title='bbox 2894 4331 3130 4390; x_wconf 85' lang='lat' dir='ltr'><strong>regente,</strong></span> <span class='ocrx_word' id='word_1_819' title='bbox 3160 4322 3259 4376; x_wconf 91' lang='lat' dir='ltr'><strong>nisi</strong></span> <span class='ocrx_word' id='word_1_820' title='bbox 3282 4322 3420 4392; x_wconf 89' lang='lat' dir='ltr'><strong>quod</strong></span> <span class='ocrx_word' id='word_1_821' title='bbox 3441 4322 3749 4395; x_wconf 76' lang='lat' dir='ltr'><strong>justitiaju-</strong></span> 
     </span>
    </p>
   </div>
   <div class='ocr_carea' id='block_1_110' title="bbox 2183 4408 3745 4480">
    <p class='ocr_par' dir='ltr' id='par_1_110' title="bbox 2183 4408 3745 4480">
     <span class='ocr_line' id='line_1_110' title="bbox 2183 4408 3745 4480; baseline 0.006 -19"><span class='ocrx_word' id='word_1_822' title='bbox 2183 4408 2290 4472; x_wconf 88' lang='lat' dir='ltr'><strong>bet,</strong></span> <span class='ocrx_word' id='word_1_823' title='bbox 2341 4418 2395 4463; x_wconf 91' lang='lat' dir='ltr'><strong>et</strong></span> <span class='ocrx_word' id='word_1_824' title='bbox 2448 4409 2610 4478; x_wconf 90' lang='lat' dir='ltr'><strong>pietas</strong></span> <span class='ocrx_word' id='word_1_825' title='bbox 2654 4410 2913 4478; x_wconf 80' lang='lat' dir='ltr'><strong>postulat?</strong></span> <span class='ocrx_word' id='word_1_826' title='bbox 2942 4410 3108 4464; x_wconf 86' lang='lat' dir='ltr'><strong>liabet</strong></span> <span class='ocrx_word' id='word_1_827' title='bbox 3151 4411 3309 4465; x_wconf 84' lang='lat' dir='ltr'><strong>etiam</strong></span> <span class='ocrx_word' id='word_1_828' title='bbox 3358 4413 3409 4466; x_wconf 89' lang='lat' dir='ltr'><strong>in</strong></span> <span class='ocrx_word' id='word_1_829' title='bbox 3446 4414 3611 4480; x_wconf 84' lang='lat' dir='ltr'><strong>patria</strong></span> <span class='ocrx_word' id='word_1_830' title='bbox 3643 4430 3745 4471; x_wconf 86' lang='lat' dir='ltr'><strong>sua</strong></span> 
     </span>
    </p>
   </div>
   <div class='ocr_carea' id='block_1_111' title="bbox 2180 4499 3748 4570">
    <p class='ocr_par' dir='ltr' id='par_1_111' title="bbox 2180 4499 3748 4570">
     <span class='ocr_line' id='line_1_111' title="bbox 2180 4499 3748 4570; baseline 0.006 -19"><span class='ocrx_word' id='word_1_831' title='bbox 2180 4499 2391 4568; x_wconf 90' lang='lat' dir='ltr'><strong>aliquos</strong></span> <span class='ocrx_word' id='word_1_832' title='bbox 2440 4499 2639 4568; x_wconf 86' lang='lat' dir='ltr'><strong>agellos</strong></span> <span class='ocrx_word' id='word_1_833' title='bbox 2688 4516 2703 4552; x_wconf 89' lang='lat'><strong>:</strong></span> <span class='ocrx_word' id='word_1_834' title='bbox 2745 4500 2975 4569; x_wconf 90' lang='lat' dir='ltr'><strong>disponit</strong></span> <span class='ocrx_word' id='word_1_835' title='bbox 3024 4514 3117 4555; x_wconf 86' lang='lat' dir='ltr'><strong>eos</strong></span> <span class='ocrx_word' id='word_1_836' title='bbox 3171 4502 3247 4557; x_wconf 87' lang='lat' dir='ltr'><strong>sic</strong></span> <span class='ocrx_word' id='word_1_837' title='bbox 3314 4503 3650 4570; x_wconf 84' lang='lat' dir='ltr'><strong>distribuere,</strong></span> <span class='ocrx_word' id='word_1_838' title='bbox 3687 4517 3748 4561; x_wconf 82' lang='lat' dir='ltr'><strong>ut</strong></span> 
     </span>
    </p>
   </div>
   <div class='ocr_carea' id='block_1_112' title="bbox 2179 4588 3744 4663">
    <p class='ocr_par' dir='ltr' id='par_1_112' title="bbox 2179 4588 3744 4663">
     <span class='ocr_line' id='line_1_112' title="bbox 2179 4588 3744 4663; baseline 0.006 -24"><span class='ocrx_word' id='word_1_839' title='bbox 2179 4588 2338 4640; x_wconf 90' lang='lat' dir='ltr'><strong>etiam</strong></span> <span class='ocrx_word' id='word_1_840' title='bbox 2368 4588 2474 4641; x_wconf 90' lang='lat' dir='ltr'><strong>illic</strong></span> <span class='ocrx_word' id='word_1_841' title='bbox 2498 4589 2550 4641; x_wconf 94' lang='lat' dir='ltr'><strong>in</strong></span> <span class='ocrx_word' id='word_1_842' title='bbox 2577 4588 2666 4642; x_wconf 91' lang='lat' dir='ltr'><strong>illo</strong></span> <span class='ocrx_word' id='word_1_843' title='bbox 2695 4588 2814 4643; x_wconf 89' lang='lat' dir='ltr'><strong>loco</strong></span> <span class='ocrx_word' id='word_1_844' title='bbox 2865 4589 3050 4659; x_wconf 64' lang='lat' dir='ltr'><strong>positae</strong></span> <span class='ocrx_word' id='word_1_845' title='bbox 3081 4592 3298 4662; x_wconf 85' lang='lat' dir='ltr'><strong>pauperi</strong></span> <span class='ocrx_word' id='word_1_846' title='bbox 3336 4591 3590 4663; x_wconf 81' lang='lat' dir='ltr'><strong>largiatur</strong></span> <span class='ocrx_word' id='word_1_847' title='bbox 3638 4594 3744 4650; x_wconf 82' lang='lat' dir='ltr'><strong>Ec-</strong></span> 
     </span>
    </p>
   </div>
   <div class='ocr_carea' id='block_1_113' title="bbox 2176 4678 2370 4732">
    <p class='ocr_par' dir='ltr' id='par_1_113' title="bbox 2176 4678 2370 4732">
     <span class='ocr_line' id='line_1_113' title="bbox 2176 4678 2370 4732; baseline -0.005 -1"><span class='ocrx_word' id='word_1_848' title='bbox 2176 4678 2370 4732; x_wconf 75' lang='lat' dir='ltr'><strong>elesize.</strong></span> 
     </span>
    </p>
   </div>
   <div class='ocr_carea' id='block_1_114' title="bbox 2248 4766 3745 4844">
    <p class='ocr_par' dir='ltr' id='par_1_114' title="bbox 2248 4766 3745 4844">
     <span class='ocr_line' id='line_1_114' title="bbox 2248 4766 3745 4844; baseline 0.008 -24"><span class='ocrx_word' id='word_1_849' title='bbox 2248 4766 2303 4820; x_wconf 87' lang='lat'><strong>6.</strong></span> <span class='ocrx_word' id='word_1_850' title='bbox 2362 4766 2705 4836; x_wconf 82' lang='lat' dir='ltr'><strong>Hipponensis</strong></span> <span class='ocrx_word' id='word_1_851' title='bbox 2755 4767 3017 4825; x_wconf 82' lang='lat' dir='ltr'><strong>diaconus.</strong></span> <span class='ocrx_word' id='word_1_852' title='bbox 3082 4771 3342 4827; x_wconf 89' lang='lat' dir='ltr'><strong>Diaconus</strong></span> <span class='ocrx_word' id='word_1_853' title='bbox 3386 4772 3745 4844; x_wconf 82' lang='lat' dir='ltr'><strong>Hipponensis</strong></span> 
     </span>
    </p>
   </div>
   <div class='ocr_carea' id='block_1_115' title="bbox 2176 4857 3745 4929">
    <p class='ocr_par' dir='ltr' id='par_1_115' title="bbox 2176 4857 3745 4929">
     <span class='ocr_line' id='line_1_115' title="bbox 2176 4857 3745 4929; baseline 0.004 -17"><span class='ocrx_word' id='word_1_854' title='bbox 2176 4857 2336 4912; x_wconf 87' lang='lat' dir='ltr'><strong>homo</strong></span> <span class='ocrx_word' id='word_1_855' title='bbox 2357 4874 2554 4927; x_wconf 87' lang='lat' dir='ltr'><strong>pauper</strong></span> <span class='ocrx_word' id='word_1_856' title='bbox 2573 4869 2674 4925; x_wconf 88' lang='lat' dir='ltr'><strong>est,</strong></span> <span class='ocrx_word' id='word_1_857' title='bbox 2701 4860 2825 4928; x_wconf 92' lang='lat' dir='ltr'><strong>quid</strong></span> <span class='ocrx_word' id='word_1_858' title='bbox 2851 4861 3009 4915; x_wconf 87' lang='lat' dir='ltr'><strong>alicui</strong></span> <span class='ocrx_word' id='word_1_859' title='bbox 3031 4861 3288 4929; x_wconf 84' lang='lat' dir='ltr'><strong>conferat,</strong></span> <span class='ocrx_word' id='word_1_860' title='bbox 3310 4877 3418 4917; x_wconf 90' lang='lat' dir='ltr'><strong>non</strong></span> <span class='ocrx_word' id='word_1_861' title='bbox 3440 4862 3602 4920; x_wconf 89' lang='lat' dir='ltr'><strong>habet</strong></span> <span class='ocrx_word' id='word_1_862' title='bbox 3626 4882 3640 4918; x_wconf 90' lang='lat'><strong>:</strong></span> <span class='ocrx_word' id='word_1_863' title='bbox 3664 4875 3745 4919; x_wconf 86' lang='lat' dir='ltr'><strong>ta-</strong></span> 
     </span>
    </p>
   </div>
   <div class='ocr_carea' id='block_1_116' title="bbox 2177 4948 3746 5019">
    <p class='ocr_par' dir='ltr' id='par_1_116' title="bbox 2177 4948 3746 5019">
     <span class='ocr_line' id='line_1_116' title="bbox 2177 4948 3746 5019; baseline 0.006 -17"><span class='ocrx_word' id='word_1_864' title='bbox 2177 4963 2301 5003; x_wconf 92' lang='lat' dir='ltr'><strong>men</strong></span> <span class='ocrx_word' id='word_1_865' title='bbox 2330 4948 2397 5002; x_wconf 91' lang='lat' dir='ltr'><strong>de</strong></span> <span class='ocrx_word' id='word_1_866' title='bbox 2425 4949 2691 5003; x_wconf 88' lang='lat' dir='ltr'><strong>laboribus</strong></span> <span class='ocrx_word' id='word_1_867' title='bbox 2718 4951 2829 5005; x_wconf 84' lang='lat' dir='ltr'><strong>suis</strong></span> <span class='ocrx_word' id='word_1_868' title='bbox 2857 4962 3137 5019; x_wconf 85' lang='lat' dir='ltr'><strong>antequam</strong></span> <span class='ocrx_word' id='word_1_869' title='bbox 3164 4963 3305 5008; x_wconf 86' lang='lat' dir='ltr'><strong>esset</strong></span> <span class='ocrx_word' id='word_1_870' title='bbox 3344 4954 3570 5009; x_wconf 80' lang='lat' dir='ltr'><strong>clericus</strong></span> <span class='ocrx_word' id='word_1_871' title='bbox 3592 4970 3746 5011; x_wconf 86' lang='lat' dir='ltr'><strong>eme-</strong></span> 
     </span>
    </p>
   </div>
   <div class='ocr_carea' id='block_1_117' title="bbox 2178 5037 3750 5111">
    <p class='ocr_par' dir='ltr' id='par_1_117' title="bbox 2178 5037 3750 5111">
     <span class='ocr_line' id='line_1_117' title="bbox 2178 5037 3750 5111; baseline 0.006 -20"><span class='ocrx_word' id='word_1_872' title='bbox 2178 5045 2261 5091; x_wconf 89' lang='lat' dir='ltr'><strong>rat</strong></span> <span class='ocrx_word' id='word_1_873' title='bbox 2287 5037 2490 5105; x_wconf 87' lang='lat' dir='ltr'><strong>aliquos</strong></span> <span class='ocrx_word' id='word_1_874' title='bbox 2517 5039 2777 5104; x_wconf 80' lang='lat' dir='ltr'><strong>servulos,</strong></span> <span class='ocrx_word' id='word_1_875' title='bbox 2803 5039 2958 5094; x_wconf 90' lang='lat' dir='ltr'><strong>hodie</strong></span> <span class='ocrx_word' id='word_1_876' title='bbox 2985 5041 3103 5095; x_wconf 88' lang='lat' dir='ltr'><strong>illos</strong></span> <span class='ocrx_word' id='word_1_877' title='bbox 3143 5040 3193 5095; x_wconf 93' lang='lat' dir='ltr'><strong>in</strong></span> <span class='ocrx_word' id='word_1_878' title='bbox 3234 5054 3519 5111; x_wconf 88' lang='lat' dir='ltr'><strong>conspectu</strong></span> <span class='ocrx_word' id='word_1_879' title='bbox 3564 5054 3750 5100; x_wconf 84' lang='lat' dir='ltr'><strong>vestro</strong></span> 
     </span>
    </p>
   </div>
   <div class='ocr_carea' id='block_1_118' title="bbox 2177 5125 3328 5198">
    <p class='ocr_par' dir='ltr' id='par_1_118' title="bbox 2177 5125 3328 5198">
     <span class='ocr_line' id='line_1_118' title="bbox 2177 5125 3328 5198; baseline 0.005 -20"><span class='ocrx_word' id='word_1_880' title='bbox 2177 5125 2594 5180; x_wconf 88' lang='lat' dir='ltr'><strong>manumissurus</strong></span> <span class='ocrx_word' id='word_1_881' title='bbox 2621 5137 2702 5181; x_wconf 86' lang='lat' dir='ltr'><strong>est</strong></span> <span class='ocrx_word' id='word_1_882' title='bbox 2725 5128 3110 5198; x_wconf 89' lang='lat' dir='ltr'><strong>episc0palibus</strong></span> <span class='ocrx_word' id='word_1_883' title='bbox 3135 5128 3328 5184; x_wconf 85' lang='lat' dir='ltr'><strong>Gestis.</strong></span> 
     </span>
    </p>
   </div>
   <div class='ocr_carea' id='block_1_119' title="bbox 2239 5300 3697 5364">
    <p class='ocr_par' dir='ltr' id='par_1_119' title="bbox 2239 5300 3697 5364">
     <span class='ocr_line' id='line_1_119' title="bbox 2239 5300 3697 5364; baseline 0.01 -19"><span class='ocrx_word' id='word_1_884' title='bbox 2239 5302 2255 5364; x_wconf 66' lang='grc' dir='ltr'><strong>ξ</strong></span> <span class='ocrx_word' id='word_1_885' title='bbox 2287 5305 2416 5364; x_wconf 57' lang='grc' dir='ltr'><strong>ηδε..</strong></span> <span class='ocrx_word' id='word_1_886' title='bbox 2448 5300 2802 5364; x_wconf 80' lang='lat' dir='ltr'><strong>usufructuario</strong></span> <span class='ocrx_word' id='word_1_887' title='bbox 2825 5300 2991 5351; x_wconf 81' lang='lat' dir='ltr'><strong>matris</strong></span> <span class='ocrx_word' id='word_1_888' title='bbox 3022 5316 3152 5358; x_wconf 70' lang='lat' dir='ltr'><strong>stic:</strong></span> <span class='ocrx_word' id='word_1_889' title='bbox 3173 5306 3348 5355; x_wconf 84' lang='lat' dir='ltr'><strong>omissa</strong></span> <span class='ocrx_word' id='word_1_890' title='bbox 3369 5318 3505 5364; x_wconf 85' lang='lat' dir='ltr'><strong>voce,</strong></span> <span class='ocrx_word' id='word_1_891' title='bbox 3531 5307 3697 5359; x_wconf 76' lang='grc' dir='ltr'><strong>ἰηυὶω.</strong></span> 
     </span>
    </p>
   </div>
   <div class='ocr_carea' id='block_1_120' title="bbox 2236 5362 3753 5429">
    <p class='ocr_par' dir='ltr' id='par_1_120' title="bbox 2236 5362 3753 5429">
     <span class='ocr_line' id='line_1_120' title="bbox 2236 5362 3753 5429; baseline 0.008 -22"><span class='ocrx_word' id='word_1_892' title='bbox 2236 5362 2257 5391; x_wconf 74' lang='grc'><strong><em>⁸</em></strong></span> <span class='ocrx_word' id='word_1_893' title='bbox 2289 5362 2360 5429; x_wconf 79' lang='lat' dir='ltr'><strong>sic</strong></span> <span class='ocrx_word' id='word_1_894' title='bbox 2382 5367 2487 5409; x_wconf 80' lang='lat' dir='ltr'><strong>Mss.</strong></span> <span class='ocrx_word' id='word_1_895' title='bbox 2514 5369 2566 5409; x_wconf 91' lang='lat' dir='ltr'><strong>et</strong></span> <span class='ocrx_word' id='word_1_896' title='bbox 2588 5362 2970 5425; x_wconf 77' lang='lat' dir='ltr'><strong>Aquisgranense</strong></span> <span class='ocrx_word' id='word_1_897' title='bbox 2992 5364 3260 5415; x_wconf 83' lang='lat' dir='ltr'><strong>concilium.</strong></span> <span class='ocrx_word' id='word_1_898' title='bbox 3295 5374 3348 5415; x_wconf 76' lang='grc' dir='ltr'><strong>Αι</strong></span> <span class='ocrx_word' id='word_1_899' title='bbox 3372 5362 3515 5427; x_wconf 75' lang='lat' dir='ltr'><strong>editi,</strong></span> <span class='ocrx_word' id='word_1_900' title='bbox 3548 5378 3593 5418; x_wconf 77' lang='lat' dir='ltr'><strong>et</strong></span> <span class='ocrx_word' id='word_1_901' title='bbox 3618 5384 3753 5423; x_wconf 82' lang='lat' dir='ltr'><strong>soro-</strong></span> 
     </span>
    </p>
   </div>
   <div class='ocr_carea' id='block_1_121' title="bbox 2176 5432 2890 5546">
    <p class='ocr_par' dir='ltr' id='par_1_121' title="bbox 2176 5432 2890 5546">
     <span class='ocr_line' id='line_1_121' title="bbox 2176 5432 2419 5479; baseline -0.004 -10"><span class='ocrx_word' id='word_1_902' title='bbox 2176 5432 2278 5469; x_wconf 85' lang='lat' dir='ltr'><strong>rem</strong></span> <span class='ocrx_word' id='word_1_903' title='bbox 2301 5433 2419 5479; x_wconf 71' lang='lat' dir='ltr'><strong>ejus.</strong></span> 
     </span>
     <span class='ocr_line' id='line_1_122' title="bbox 2244 5480 2890 5546; baseline 0.008 -21"><span class='ocrx_word' id='word_1_904' title='bbox 2244 5480 2266 5546; x_wconf 64' lang='grc' dir='ltr'><strong>ξ</strong></span> <span class='ocrx_word' id='word_1_905' title='bbox 2293 5488 2426 5546; x_wconf 52' lang='grc' dir='ltr'><strong>ρης..</strong></span> <span class='ocrx_word' id='word_1_906' title='bbox 2455 5488 2521 5529; x_wconf 85' lang='lat' dir='ltr'><strong>De</strong></span> <span class='ocrx_word' id='word_1_907' title='bbox 2540 5480 2657 5543; x_wconf 82' lang='lat' dir='ltr'><strong>ipso.</strong></span> <span class='ocrx_word' id='word_1_908' title='bbox 2879 5535 2890 5546; x_wconf 62' lang='grc'><strong>,</strong></span> 
     </span>
    </p>
   </div>
   <div class='ocr_carea' id='block_1_122' title="bbox 2234 5540 2990 5603">
    <p class='ocr_par' dir='ltr' id='par_1_122' title="bbox 2234 5540 2990 5603">
     <span class='ocr_line' id='line_1_123' title="bbox 2234 5540 2990 5603; baseline 0.004 -14"><span class='ocrx_word' id='word_1_909' title='bbox 2234 5540 2312 5602; x_wconf 87' lang='lat' dir='ltr'><strong>(a)</strong></span> <span class='ocrx_word' id='word_1_910' title='bbox 2346 5547 2499 5599; x_wconf 70' lang='lat' dir='ltr'><strong>Fine,</strong></span> <span class='ocrx_word' id='word_1_911' title='bbox 2525 5540 2737 5602; x_wconf 61' lang='lat' dir='ltr'><strong>carpo&quot;,</strong></span> <span class='ocrx_word' id='word_1_912' title='bbox 2758 5553 2847 5589; x_wconf 88' lang='lat' dir='ltr'><strong>non</strong></span> <span class='ocrx_word' id='word_1_913' title='bbox 2861 5540 2990 5603; x_wconf 78' lang='lat' dir='ltr'><strong>jure.</strong></span> 
     </span>
    </p>
   </div>
  </div>
