3996 6468
183 321 316 377 l.’i77

251 437 302 489 7.
347 435 579 489 Emam
619 434 880 488 diaconus.
915 432 1174 486 Diaconus
1219 430 1458 485 Eraclius
1483 437 1606 482 ante
1657 444 1747 481 ve-

182 537 327 580 stros
352 526 532 581 oculos
557 535 800 581 versatur
821 539 1012 594 ;opera
1033 524 1149 594 ejus
1177 524 1356 578 lucent
1375 536 1552 577 coram
1578 520 1749 575 oculis

181 619 393 672 vestris.
437 619 509 673 De
532 632 694 688 opere
720 617 832 686 ejus
857 625 911 670 et
929 630 1160 686 expensa
1188 615 1410 685 pecunia
1437 614 1746 668 memoriam

181 710 352 764 sancti
400 709 644 780 Martyris
688 709 943 762 habemus
985 707 1082 781 (α).
1135 708 1210 762 De
1240 707 1458 777 pecunia
1493 720 1585 759 sua
1623 705 1751 758 emit

181 801 340 855 etiam
395 799 783 869 possessionem
834 814 902 854 ex
948 798 1171 853 consilio
1207 813 1326 852 meo
1359 815 1373 851 :
1404 812 1524 850 nam
1584 796 1749 865 ipsam

183 890 460 961 pecuniam
483 891 693 946 volebat
723 905 818 960 per
841 904 1027 944 manus
1047 903 1191 943 meas
1219 887 1444 957 erogari,
1463 889 1600 941 sicut
1623 885 1751 940 mihi

182 983 432 1051 placeret.
460 983 642 1053 Egosi
674 983 910 1052 pecuniae
941 982 1127 1036 avidus
1148 995 1342 1045 essem,
1358 988 1450 1034 aut
1466 981 1754 1034 necessita-

181 1081 262 1127 tes
289 1087 435 1127 meas
460 1072 624 1142 ipsas,
654 1087 786 1142 quas
815 1087 911 1142 pro
954 1071 1274 1141 pauperibus
1305 1069 1496 1134 habeo,
1552 1069 1606 1123 in
1653 1069 1755 1124 hac

178 1177 337 1217 causa
365 1165 484 1234 plus
512 1180 774 1230 curarem,
807 1164 1080 1233 pecuniam
1103 1162 1417 1232 acciperem.
1440 1163 1636 1228 Quare,
1667 1159 1753 1214 di-

178 1256 250 1306 cit
275 1255 504 1325 aliquis?
528 1254 660 1324 Quia
688 1255 953 1324 possessio
985 1253 1071 1306 illa
1101 1268 1218 1322 quae
1247 1253 1314 1306 ab
1350 1251 1440 1306 illo
1483 1260 1658 1321 empta
1701 1257 1756 1304 et

180 1346 434 1400 Ecclesia:
456 1347 645 1400 donata
664 1355 762 1410 est,
791 1345 962 1400 adhuc
988 1345 1114 1400 nihil
1135 1353 1347 1413 pnestat
1366 1345 1636 1398 Ecclesiae.
1658 1343 1756 1400 Mi-

179 1438 430 1491 uusenim
450 1436 747 1491 habebatad
768 1437 1018 1505 pretium,
1039 1445 1092 1490 et
1107 1436 1228 1504 quia
1255 1443 1523 1489 mutuatus
1549 1434 1741 1494 fuerat,

179 1525 282 1582 hoc
313 1528 380 1582 de
403 1527 517 1596 ejus
537 1527 708 1581 adhuc
736 1525 991 1581 fructibus
1014 1527 1204 1582 reddit.
1225 1526 1395 1581 llomo
1421 1541 1536 1580 sum
1567 1541 1751 1590 senex,

178 1632 407 1691 quantus
434 1621 562 1676 mihi
589 1621 658 1676 de
683 1621 769 1676 illa
795 1622 1136 1692 possessione
1157 1629 1330 1691 potest
1356 1619 1555 1674 fruetus
1599 1634 1754 1672 accc-

177 1711 344 1767 dere?
357 1711 618 1782 Numquid
631 1713 883 1784 promitto
905 1713 1029 1767 mihi
1049 1721 1125 1767 tot
1149 1727 1315 1766 annos
1336 1727 1453 1766 esse
1469 1712 1752 1777 victurum,

178 1803 352 1858 donec
403 1818 555 1858 suum
597 1805 822 1873 pretium
865 1805 948 1858 illa
1003 1804 1305 1874 persolvat?
1331 1802 1482 1871 Quod
1509 1817 1636 1874 ergo
1667 1803 1756 1856 vix

176 1893 270 1949 ditt
318 1894 557 1962 partibus
601 1894 795 1959 reddit,
827 1894 895 1949 de
935 1895 1176 1964 proximo
1214 1894 1463 1948 haberem
1491 1901 1681 1956 totmn,
1710 1892 1754 1946 si

178 1985 426 2054 accipere
453 1985 758 2041 voluissem.
811 1984 927 2040 Non
978 1985 1098 2049 feci,
1141 1984 1284 2039 aliud
1315 1983 1535 2038 attendi.
1565 1983 1757 2037 Fateor

176 2076 321 2129 enim
337 2074 507 2141 vobis,
521 2077 698 2146 etipsa
730 2084 974 2145 suspecta
999 2075 1126 2130 mihi
1153 2075 1324 2131 adhuc
1341 2084 1469 2129 :ctas
1492 2075 1609 2142 ejus
1637 2075 1752 2141 fuit,

176 2177 234 2220 et
258 2167 482 2222 verebar
508 2183 575 2222 ne
596 2167 752 2234 forte,
778 2177 836 2222 ut
862 2177 985 2222 sunt
1016 2165 1279 2232 homines,
1313 2166 1463 2220 matri
1494 2167 1609 2234 ejus
1655 2164 1758 2220 hoc

175 2257 520 2327 displiceret;
549 2267 603 2312 et
655 2258 855 2312 diceret
883 2258 1150 2312 inductum
1180 2271 1208 2309 a
1240 2272 1326 2312 me
1373 2254 1540 2311 fuisse
1569 2255 1754 2309 adole-

177 2355 442 2412 scentem,
471 2356 528 2401 ut
552 2347 688 2401 bona
719 2348 831 2415 ejus
861 2357 1080 2416 paterna
1104 2362 1476 2403 consumerem
1499 2387 1514 2412 ,
1544 2355 1597 2400 et
1633 2360 1755 2401 eum

177 2450 423 2509 egentem
475 2441 853 2510 relinquerem.
909 2440 1032 2494 ldeo
1076 2440 1218 2495 volui
1248 2440 1366 2510 ejus
1391 2439 1670 2509 pecuniam
1703 2439 1755 2492 in

178 2532 270 2585 illa
322 2533 659 2603 possessione
707 2533 940 2596 servari;
971 2540 1029 2585 ut
1075 2532 1118 2586 si
1171 2531 1392 2599 aliquid,
1428 2531 1569 2601 quod
1619 2531 1756 2586 Deus

176 2632 409 2688 avertat,
439 2623 593 2678 aliter
619 2638 776 2694 quam
827 2623 1406 2692 volumus,evenisset,
1446 2621 1758 2676 redderetur

178 2716 308 2770 villa
331 2716 348 2748 ¹
372 2729 440 2770 ne
461 2715 767 2784 culparetur
791 2715 1024 2784 episcopi
1063 2714 1222 2769 fama.
1254 2713 1378 2768 Seio
1405 2715 1545 2768 enim
1588 2729 1758 2784 quan-

181 2815 296 2860 tum
331 2805 481 2860 vobis
511 2806 578 2858 sit
616 2804 755 2860 fama
791 2821 908 2860 mea
940 2807 1237 2860 necessaria
1270 2822 1282 2858 :
1316 2821 1437 2860 nam
1465 2803 1593 2859 mihi
1645 2805 1758 2860 suf-

182 2895 294 2950 ficit
343 2895 667 2950 conscientia
718 2911 857 2950 mea.
913 2897 1054 2950 Emit
1081 2897 1239 2950 etiam
1287 2898 1515 2967 spatium
1547 2897 1614 2951 ab
1655 2897 1755 2952 ista

181 2994 365 3055 postea
393 2986 621 3040 ecclesia
649 2987 670 3018 ¹
699 2996 882 3040 notum
896 2987 1067 3050 vobis,
1091 2995 1145 3042 et
1167 3002 1261 3042 sua
1278 2989 1499 3059 pecunia
1530 2987 1758 3043 :edifica-

177 3079 257 3131 vit
298 3077 531 3131 domum.
581 3077 648 3132 Et
676 3079 778 3134 hoc
805 3083 992 3134 nostis.
1045 3081 1183 3135 Ante
1220 3095 1416 3149 paucos
1441 3081 1556 3136 dies
1581 3083 1752 3152 prius-

182 3183 346 3240 quam
377 3183 677 3222 sermonem
713 3169 780 3223 de
815 3169 913 3225 hac
937 3185 998 3226 re
1041 3169 1290 3225 haberem
1319 3172 1614 3237 vobiscum,
1637 3187 1756 3228 eam

178 3261 397 3314 donavit
421 3259 693 3315 Ecclesiae.
726 3260 1082 3330 Exspectabat
1108 3263 1250 3316 enim
1281 3272 1340 3318 ut
1379 3279 1495 3318 eam
1525 3265 1762 3339 perﬁce-

178 3358 285 3412 ret,
316 3359 370 3404 et
398 3348 688 3420 perfectam
710 3349 954 3406 donaret.
985 3352 1294 3407 Fabricandi
1333 3363 1511 3408 autem
1539 3353 1754 3410 domum

179 3441 474 3498 necessitas
503 3441 577 3496 illi
615 3441 760 3498 nulla
786 3450 922 3507 erat,
955 3442 1056 3496 nisi
1082 3442 1203 3512 quia
1245 3444 1493 3514 cogitavit
1530 3455 1756 3500 matrem

178 3545 335 3584 suam
385 3530 488 3585 huc
521 3545 641 3587 esse
669 3539 966 3587 venturam.
1008 3532 1064 3587 Si
1103 3542 1278 3588 autem
1307 3537 1554 3600 venisset,
1591 3536 1642 3589 in
1696 3553 1757 3592 re

179 3619 274 3673 filii
316 3620 397 3674 sui
417 3619 679 3676 habitaret
708 3639 721 3674 :
750 3621 910 3676 modo
940 3621 985 3676 si
1009 3623 1233 3688 venerit,
1269 3624 1322 3677 in
1349 3639 1512 3693 opere
1535 3626 1625 3681 filii
1667 3627 1754 3682 sui

177 3712 458 3768 habitabit.
491 3712 878 3768 Testimonium
907 3714 953 3768 ei
993 3713 1267 3784 perhibeo,
1314 3731 1516 3785 pauper
1543 3733 1755 3772 reman-

175 3805 251 3859 sit
283 3821 298 3858 :
327 3804 422 3859 sed
454 3805 504 3859 in
535 3806 808 3861 charitatis
832 3806 1168 3875 possessione
1194 3806 1215 3837 ³
1243 3808 1548 3876 permansit.
1580 3810 1756 3879 Aliqui

175 3895 376 3951 servuli
404 3895 452 3951 ei
483 3895 672 3966 reliqui
696 3895 922 3959 fuerant,
949 3895 1057 3964 jam
1099 3895 1310 3967 quidem
1343 3897 1393 3950 in
1433 3900 1757 3956 monasterio

176 3987 444 4068 viventes,
476 4001 610 4056 quos
646 3995 820 4042 tamen
847 3986 1023 4042 Gestis
1051 3987 1420 4042 ecclesiasticis
1463 3991 1756 4044 manumis-

176 4093 338 4135 surns
366 4087 449 4132 est
479 4079 655 4134 hodie.
702 4078 868 4134 Nemo
893 4093 1022 4148 ergo
1068 4078 1228 4145 dicat,
1259 4079 1416 4134 Dives
1443 4088 1561 4135 est:
1596 4096 1755 4137 nemo

176 4171 468 4235 existimet,
500 4186 658 4225 nemo
697 4171 838 4227 male
866 4171 1127 4242 loquatur,
1179 4187 1337 4228 nemo
1384 4188 1444 4228 se
1473 4175 1643 4244 ipsum
1674 4177 1754 4231 vel

177 4265 412 4325 animam
439 4279 587 4322 suam
617 4265 728 4318 suis
749 4263 994 4318 dentibus
1027 4264 1208 4319 laniet.
1252 4265 1533 4320 Pecuniam
1559 4267 1754 4323 nullam

180 4357 344 4412 habet
368 4365 627 4412 servatam
677 4375 690 4409 :
737 4357 935 4410 utinam
959 4371 1114 4427 quam
1137 4355 1294 4412 debet
1315 4359 1576 4414 restituat.

250 4449 306 4506 8.
341 4448 670 4504 Subdiaconi.
703 4447 917 4513 Caeteri,
939 4447 990 4502 id
1016 4456 1118 4515 est,
1146 4449 1472 4517 subdiaconi,
1497 4465 1756 4521 pauperes

179 4550 327 4605 sunt,
342 4539 451 4594 Deo
464 4539 709 4609 propitio,
724 4539 1138 4594 misericordiam
1157 4539 1249 4594 Dei
1263 4549 1589 4611 exspectant.
1604 4542 1756 4599 Unde

181 4633 280 4701 ipsi
325 4631 516 4686 faciant
550 4646 654 4686 non
699 4630 894 4684 habent
922 4648 935 4682 :
966 4630 1135 4684 nullas
1161 4631 1414 4688 habentes
1456 4631 1751 4702 facultates,

183 4723 433 4777 finierunt
453 4721 635 4776 mundi
664 4720 996 4791 cupiditates.
1015 4721 1210 4775 Vivunt
1227 4723 1498 4778 nobiscum
1520 4726 1572 4779 in
1586 4728 1754 4780 socie-

183 4825 288 4870 tate
319 4813 583 4869 communi
607 4830 623 4868 :
642 4827 798 4868 nemo
818 4827 910 4867 eos
935 4811 1207 4883 distinguit
1233 4813 1300 4868 ab
1319 4814 1425 4869 illis
1442 4816 1531 4885 qui
1557 4817 1755 4888 aliquid

180 4906 491 4962 attulerunt.
513 4903 800 4960 Charitatis
818 4903 994 4958 unitas
1012 4893 1371 4973 praeponenda
1399 4914 1482 4960 est
1525 4914 1752 4962 terrena:

181 4997 460 5054 commodo
488 4996 830 5052 hrcreditatis.

235 5133 492 5244 gazas.
529 5138 582 5182 et
610 5131 994 5196 Aquisgrauense
1029 5127 1297 5184 concilium.
1336 5137 1392 5182 Αι
1413 5133 1547 5195 editi,
1582 5136 1756 5188 redde~

180 5205 315 5242 retur
337 5205 438 5244 uta.

242 5257 261 5285 ³
283 5261 413 5313 1133.,
437 5253 498 5303 ab
519 5252 612 5305 ista
632 5258 821 5316 postera
840 5251 1072 5305 ecclesia.

211 5316 264 5386 ﬁ
293 5317 368 5386 sic
390 5324 494 5366 Mss.
520 5323 572 5366 et
593 5313 980 5386 Aquisgraneuse
999 5313 1269 5366 concilium.
1307 5321 1361 5364 Al.
1384 5315 1539 5378 Ulim.,
1571 5320 1754 5383 proras.

181 5382 322 5426 stone.
347 5382 477 5438 μοι,
500 5382 824 5438 manemane.

242 5413 322 5509 id).
344 5413 748 5509 s'i'éjliniriffgiii'é'
739 5413 1036 5509 collocandis
1046 5437 1267 5509 reliquiis
1283 5471 1300 5498 ,
1337 5450 1464 5509 (ιιιςςεΔ
1485 5452 1580 5490 non
1602 5441 1754 5509 multo

183 5499 492 5550 ante'annum
534 5499 626 5548 423
646 5500 697 5548 in
733 5499 932 5549 Africam
975 5499 1133 5549 allatae
1153 5499 1298 5556 sunt,
1343 5499 1636 5552 aediﬁcatam.
1682 5506 1754 5556 sic

183 5533 505 5623 Ξέἔῖηἴὶἒῗὶἱό
534 5533 1300 5623 ὖῖλὲι’ἓρῆἷὶιὶῖἔι’φ“ὦῖ)ΐζηέἷῗὲἇ
1324 5533 1639 5613 ίῖιῖῖίῗῖπτΐτῖὸἷ
1661 5533 1754 5615 ἕξ

184 5620 458 5687 pertinebit.
485 5620 713 5670 Eraclium
737 5620 895 5687 porro,
918 5620 982 5670 de
1005 5634 1101 5684 quo
1119 5621 1196 5687 hic
1219 5620 1454 5687 loquitur,
1475 5623 1648 5674 factum
1673 5640 1759 5687 po-

182 5687 285 5730 stea
307 5684 641 5746 presbyterum
664 5681 954 5746 Augustinus
966 5681 1114 5746 suum
1132 5685 1180 5730 in
1205 5681 1481 5746 epiSeOpatu
1504 5681 1751 5735 successo-

182 5753 282 5792 rem
304 5740 574 5806 designavit
594 5755 717 5791 anno
737 5740 843 5801 126,
860 5741 940 5791 die
962 5743 1022 5792 26
1044 5740 1448 5804 εθῃιρηὼτὶδίρκ
1475 5748 1615 5797 erist.
1641 5748 1748 5798 215.

467 5819 734 5882 ΡΑτιιοι..
785 5821 1052 5890 XXXIX
1073 5876 1090 5895 ,

1539 311 1768 367 διῑωῐο
1807 311 2070 372 CCCLVI.

3299 324 3429 383 157!

1932 429 1983 481 9.
2029 429 2104 482 De
2151 433 2465 504 presbyteris.
2498 435 2722 492 Restant
2751 437 3066 510 presbyteri.
3096 436 3184 496 Sic
3203 441 3343 494 enim
3365 442 3432 503 ad

1855 533 1950 574 eos
1970 519 2223 588 gradatim
2247 524 2534 580 ascendere
2563 527 2723 582 volui.
2750 526 2870 583 Cito
2890 527 3136 593 dixerim,
3171 545 3429 600 pauperes

1857 608 1947 662 Dei
1976 619 2120 663 sunt.
2161 610 2301 665 Nihil
2344 613 2409 667 ad
2456 614 2669 670 domum
2698 617 2968 673 societatis
2996 627 3190 674 nostrze
3234 621 3429 676 attule-

1857 711 1998 767 runt,
2032 703 2129 756 nisi
2178 706 2365 774 ipsam,
2414 721 2515 776 qua
2558 707 2686 761 nihil
2715 708 2926 765 charius
2963 719 3065 778 est,
3093 710 3428 766 charitatem.

1859 791 2231 848 Verumtamen
2259 795 2505 864 quoniam
2537 798 2648 853 scio
2689 809 2841 854 natos
2880 799 3043 855 fuisse
3079 817 3322 858 rumores
3366 803 3434 857 de

1856 883 2052 940 divitiis
2077 888 2340 956 ipsorum,
2391 904 2494 944 non
2523 905 2550 943 a
2581 907 2666 946 me
2702 891 2768 946 ad
2813 892 3010 962 aliquid
3051 895 3428 964 compellendi,

1857 976 1949 1029 sed
1979 977 2127 1030 vobis
2156 994 2277 1033 meo
2306 995 2552 1035 sermone
2575 983 2828 1052 purgandi
2858 993 3004 1040 sunt.

1929 1070 2013 1123 l0.
2047 1069 2289 1140 chorius
2319 1071 2591 1141 presbyter.
2624 1072 2783 1128 Vobis
2807 1073 2946 1135 dico,
2978 1076 3065 1145 qui
3098 1076 3232 1132 forte
3257 1075 3427 1132 nesci-

1861 1160 1926 1211 tis
1984 1165 2125 1229 (nam
2158 1169 2392 1215 vestrum
2436 1162 2647 1230 plurimi
2690 1161 2907 1227 sciuntl,
2943 1166 3306 1237 presbyterum
3333 1167 3434 1222 Le-

1857 1251 2064 1318 pOrium
2095 1289 2110 1322 ,_
2135 1252 2375 1318 quamvis
2419 1252 2596 1307 szrculi
2633 1254 2896 1310 natalibus
2923 1257 3123 1311 clarum
3148 1299 3164 1325 ,
3211 1269 3266 1314 et
3294 1261 3435 1330 apud

1859 1352 1985 1392 suos
2025 1337 2401 1396 honestissimo
2430 1343 2546 1396 loco
2571 1355 2750 1399 natum
2778 1387 2792 1407 ,
2839 1355 3014 1405 tamen
3037 1348 3146 1416 jam
3178 1350 3287 1406 Deo
3321 1367 3436 1406 ser-

1857 1430 2108 1496 vientem,
2127 1434 2330 1488 cunctis
2349 1450 2464 1503 qum
2480 1435 2702 1491 habebat
2724 1437 2937 1500 relictis,
2963 1439 3171 1509 inopem
3187 1443 3394 1511 suscepi
3417 1459 3432 1506 ;

1859 1539 1962 1576 non
1989 1525 2108 1593 quia
2141 1524 2272 1578 nihil
2296 1525 2515 1592 habuit,
2546 1527 2636 1581 sed
2662 1529 2781 1596 quia
2812 1529 2920 1598 jam
2961 1527 3161 1588 fecerat
3189 1531 3329 1602 quod
3361 1534 3436 1589 le-

1857 1613 1963 1667 ctio
1993 1614 2088 1667 ista
2133 1615 2430 1683 persuadet.
2477 1617 2571 1672 llic
2617 1633 2721 1672 non
2766 1617 2928 1685 fecit,
2977 1621 3072 1676 sed
3113 1637 3211 1677 nos
3235 1624 3435 1680 scimus

1858 1714 1912 1759 et
1959 1705 2047 1759 ubi
2095 1706 2235 1760 fecit.
2287 1707 2473 1762 Unitas
2515 1709 2708 1764 Christi
2751 1719 2804 1764 et
2844 1711 3094 1767 Ecclesia:
3139 1730 3242 1769 una
3285 1727 3366 1772 est
3392 1725 3434 1770 ι.

1858 1795 2188 1866 Ubicumque
2218 1795 2340 1852 fecit
2365 1813 2499 1868 Opus
2527 1799 2720 1853 bonum
2741 1842 2757 1866 ,
2804 1803 3032 1870 pertinet
3059 1811 3112 1858 et
3135 1804 3200 1857 ad
3233 1821 3350 1872 nos,
3381 1808 3428 1862 si

1859 1888 2284 1958 congaudeamus
2310 1891 2352 1942 '.
2385 1890 2580 1945 Hortus
2608 1903 2690 1946 est
2729 1907 2866 1947 unus
2885 1893 2975 1948 ubi
3003 1896 3172 1948 nostis
3195 1896 3289 1960 ;ibi
3318 1913 3436 1953 mo-

1859 1979 2153 2032 nasterium
2199 1981 2309 2034 suis
2347 1981 2621 2038 constituit
2645 2022 2658 2042 ,
2690 1983 2812 2052 quia
2838 1992 2892 2037 et
2919 1984 3018 2052 ipsi
3047 1985 3156 2039 Deo
3175 1986 3432 2042 serviunt.

1858 2070 1951 2126 Ille
1973 2071 2157 2125 hortus
2181 2071 2245 2125 ad
2274 2073 2561 2127 Eceles‘am
2595 2088 2698 2126 non
2729 2073 2979 2143 pertinet,
3011 2090 3110 2130 nec
3137 2076 3202 2130 ad
3235 2077 3429 2146 ipsum.

1860 2161 1928 2216 Et
1965 2162 2030 2217 ad
2057 2179 2249 2232 quem,
2296 2164 2487 2219 dixerit
2514 2164 2742 2235 aliquis?
2787 2165 2868 2220 Ad
2913 2166 3038 2221 illud
3064 2167 3204 2236 quod
3249 2169 3318 2223 ibi
3353 2179 3439 2225 est

1860 2253 2260 2307 monasterium.
2304 2253 2408 2309 Sed
2455 2254 2594 2323 quod
2643 2271 2827 2310 verum
2868 2265 2990 2320 est,
3037 2273 3202 2328 usque
3229 2259 3294 2313 ad
3338 2260 3438 2315 hoe

1861 2351 2066 2413 tempus
2091 2358 2272 2398 curam
2303 2359 2399 2413 pro
2443 2345 2547 2400 illis
2586 2346 2655 2400 ita
2681 2347 2928 2416 gerebat,
2969 2360 3028 2403 ut
3067 2352 3435 2420 sumpticulos,

1858 2436 2052 2504 quibus
2079 2444 2445 2491 sustentantur
2465 2477 2483 2502 ,
2510 2437 2650 2506 apud
2673 2452 2732 2493 se
2759 2437 3012 2506 haberet,
3041 2448 3094 2494 et
3115 2441 3194 2495 eis
3220 2442 3350 2510 ipse,
3380 2455 3440 2498 ut

1858 2528 2166 2597 videbatur,
2195 2529 2550 2599 impenderet.
2595 2528 2701 2585 Sed
2743 2545 2810 2586 ne
2832 2542 3051 2601 propter
3093 2533 3195 2590 hoc
3222 2534 3439 2596 daretur

1860 2619 2006 2673 locus
2023 2619 2343 2685 hominibus,
2369 2620 2698 2689 suspiciones
2715 2635 2840 2676 suas
2863 2621 3195 2689 rodentibus,
3225 2633 3279 2679 et
3303 2640 3436 2680 veno

1861 2719 1996 2766 trem
2039 2725 2144 2765 non
2175 2711 2518 2780 implentibus
2541 2753 2555 2776 ,
2604 2711 2703 2766 hoc
2747 2713 2946 2782 placuit
2981 2722 3037 2768 et
3069 2714 3200 2770 mihi
3230 2723 3284 2772 et
3314 2717 3455 2788 ipsi,

1859 2807 1919 2854 ut
1951 2801 2029 2855 sic
2065 2816 2124 2856 se
2166 2801 2242 2856 illi
2275 2803 2604 2872 transigant,
2653 2803 2802 2872 quasi
2843 2805 2941 2860 iste
2979 2803 3088 2874 jam
3132 2805 3200 2861 de
3241 2809 3440 2870 smeulo

1857 2889 2074 2946 exierit.
2105 2891 2369 2962 Numquid
2394 2894 2534 2948 enim
2561 2908 2680 2949 cum
2711 2894 2900 2950 obierit
2927 2896 3061 2962 ipse,
3089 2897 3192 2951 illis
3217 2897 3437 2968 ᾱίεροιιγ

1859 2995 2072 3041 saturus
2093 2993 2176 3040 est
2200 2985 2396 3054 aliquid
2420 2986 2442 3039 ‘I
2472 2985 2658 3040 Melius
2681 2995 2765 3040 est
2791 2995 2848 3042 ut
2865 2988 3034 3041 videat
3064 2989 3180 3044 illos
3207 2989 3274 3044 ibi
3303 2992 3438 3044 bene

1859 3083 2237 3130 conversantes
2256 3117 2272 3139 ,
2302 3085 2356 3130 et
2381 3085 2595 3146 regente
2623 3077 2730 3132 Deo
2755 3077 2806 3132 in
2831 3078 3106 3147 disciplina
3137 3079 3330 3135 Christi
3360 3083 3439 3136 sic

1865 3166 2126 3231 viventes,
2154 3176 2208 3220 ut
2237 3166 2305 3220 de
2332 3166 2434 3220 illis
2457 3167 2820 3222 tantummodo
2846 3168 3092 3237 gaudeat,
3121 3185 3227 3224 non
3251 3186 3437 3234 eorum

1862 3257 2271 3314 necessitatibus
2294 3267 2601 3327 occupetur.
2635 3258 2916 3314 Pecuniam
2941 3275 3044 3313 non
3069 3260 3247 3326 habet,
3276 3277 3436 3332 quam

1859 3361 2010 3401 suam
2038 3347 2219 3402 dicere
2245 3348 2410 3416 possit
2439 3366 2452 3403 :
2483 3347 2708 3402 habebat
2747 3349 3130 3404 xenodochium
3171 3351 3438 3408 (adifican—

1859 3438 2005 3498 dum,
2036 3439 2175 3509 quod
2207 3439 2364 3495 modo
2388 3439 2577 3494 videtis
2604 3440 2940 3496 aedificatum.
2975 3444 3084 3511 Ego
3111 3444 3182 3500 illi
3210 3445 3434 3514 iujunxi.

1858 3544 1957 3597 ego
1981 3529 2134 3596 jussi.
2181 3529 2577 3598 Obtempcravit
2609 3531 2736 3585 mihi
2781 3531 3164 3598 libentissime,
3207 3545 3263 3590 et
3298 3536 3437 3592 sicut

1859 3620 2088 3684 videtis,
2137 3631 2387 3688 Operatus
2439 3630 2546 3680 est.
2595 3623 2862 3690 quoinodo
2909 3639 3029 3677 meo
3073 3625 3224 3693 jussu
3272 3626 3432 3686 etiam

1858 3711 2128 3766 basilicam
2169 3712 2234 3766 ad
2274 3722 2394 3765 octo
2437 3713 2693 3784 Martyres
2736 3714 3047 3778 fabricavit,
3093 3717 3160 3772 de
3197 3717 3280 3772 his
3315 3733 3434 3789 qua:

1859 3817 1956 3873 per
1981 3818 2077 3857 vos
2108 3803 2246 3857 Deus
2279 3803 2515 3857 donavit.
2553 3803 2727 3873 Coepit
2771 3803 2913 3859 enim
2956 3805 3023 3859 de
3066 3807 3285 3875 pecunia
3315 3824 3434 3879 quae

1858 3893 1978 3948 data
2005 3901 2118 3949 erat
2139 3893 2393 3948 Ecclesia:
2421 3902 2637 3963 propter
2661 3895 3071 3963 xeuodochium,
3098 3907 3155 3952 et
3179 3912 3297 3953 cum
3324 3915 3435 3956 cm.

1860 3986 2026 4055 pisset
2046 3985 2339 4053 aediﬁcare,
2379 3995 2440 4042 ut
2466 3995 2585 4041 sunt
2617 3985 2848 4056 religiosi
2877 3986 3240 4046 desiderantes
3265 4004 3430 4059 Opera

1859 4088 1955 4130 sua
1981 4075 2034 4129 in
2069 4076 2207 4131 coelo
2246 4077 2439 4142 scribi,
2469 4076 2788 4146 adiuverunt
2815 4086 2971 4145 prout
2995 4079 3215 4149 quisque
3242 4083 3428 4150 voluit,

1860 4173 1913 4218 et
1939 4164 2228 4220 fabricavit.
2256 4165 2400 4235 Opus
2420 4173 2542 4220 ante
2563 4167 2744 4221 oculos
2762 4166 3014 4221 habemus
3046 4185 3061 4220 :
3083 4171 3255 4224 omnis
3273 4170 3432 4224 homo

1860 4255 1986 4323 quid
2014 4256 2206 4310 factum
2237 4256 2307 4310 sit
2328 4255 2494 4311 videt.
2548 4256 2624 4311 De
2659 4257 2878 4325 pecunia
2902 4299 2918 4324 ,
2962 4260 3083 4328 quia
3112 4274 3216 4314 non
3249 4259 3430 4323 habet,

1859 4346 1988 4401 mihi
2031 4347 2283 4412 credant,
2331 4346 2544 4402 dentem
2592 4354 2971 4415 compescant,
3015 4363 3119 4403 non
3165 4347 3428 4420 frangant.

1860 4436 2081 4493 Emerat
2103 4437 2169 4492 de
2196 4437 2308 4508 ipsa
2332 4437 2552 4506 pecunia
2578 4437 2891 4492 xenodochii
2915 4437 3196 4507 quamdam
3215 4440 3429 4496 domum

1860 4528 1912 4583 in
1943 4527 2217 4592 Carraria,
2265 4543 2420 4599 quam
2450 4527 2551 4582 sibi
2589 4528 2927 4588 existimabat
2971 4539 3188 4600 propter
3226 4531 3428 4602 lapide.-

1861 4619 2187 4689 profuturam
2212 4634 2226 4684 ;
2274 4619 2368 4674 sed
2399 4619 2601 4688 lapides
2627 4619 2740 4688 ejus
2781 4618 2983 4684 domus
3003 4621 3215 4675 fabrica:
3245 4637 3430 4678 ncces,

1861 4711 1984 4764 sarii
2033 4724 2138 4766 non
2188 4709 2435 4774 fuerunt,
2493 4709 2741 4780 quoniam
2786 4710 2999 4770 aliunde
3043 4711 3238 4780 provisi
3284 4724 3428 4766 sunt.

1861 4805 2060 4860 Domus
2089 4818 2218 4872 ergo
2247 4805 2356 4872 ipsa
2387 4803 2464 4856 sic
2489 4800 2779 4866 remansit,
2825 4803 3130 4871 pensionem
3178 4816 3388 4872 przrstat
3414 4824 3430 4869 ;

1860 4895 1951 4949 sed
1973 4893 2226 4952 Ecclesiae
2251 4935 2265 4960 ,
2298 4908 2402 4946 non
2433 4893 2765 4966 presbytero.
2794 4892 2960 4947 Nemo
2988 4893 3214 4963 amplius
3243 4895 3383 4953 dicat
3415 4916 3430 4954 :

1859 4988 1916 5041 ln
1949 4987 2163 5042 domum
2206 4985 2536 5056 presbyteri,
2585 4994 2709 5041 ante
2753 4985 2971 5041 domum
3002 4988 3337 5060 presbyteri,
3364 4995 3431 5048 ad

1860 5079 2074 5134 domum
2123 5076 2438 5149 presbyteri.
2483 5077 2620 5131 Ecce
2645 5077 2731 5130 ubi
2768 5077 3063 5134 estdomus
3093 5082 3424 5156 presbyteri,

1861 5168 1947 5223 ubi
1977 5177 2059 5222 est
2095 5167 2284 5222 domus
2322 5182 2466 5228 mea,
2520 5166 2587 5220 ibi
2615 5176 2695 5220 est
2719 5166 2906 5223 domus
2939 5170 3230 5242 presbyteri
3263 5192 3278 5228 :
3307 5175 3429 5231 alibi

1860 5273 1966 5312 non
1999 5256 2155 5310 habet
2180 5257 2424 5318 domum;
2454 5255 2547 5310 sed
2575 5256 2888 5328 ubicumque
2915 5257 2936 5290 ⁸
2968 5259 3124 5314 habet
3153 5261 3336 5318 Deum.

1931 5351 2019 5405 ll.
2063 5348 2148 5402 Lis
2177 5349 2305 5402 inter
2326 5346 2562 5402 Januarii
2587 5348 2739 5417 ﬁlios,
2769 5360 2948 5419 sponte
2967 5351 3129 5420 ﬁnita.
3160 5353 3294 5421 Quid
3318 5369 3434 5409 arri—-

1923 5506 1936 5536 ’
1974 5509 2103 5563 ηδε..
2133 5502 2297 5554 (initas
2317 5502 2494 5555 Christi
2513 5510 2602 5563 est,
2627 5504 2836 5557 Ecclesia
2857 5519 2954 5558 tota
2973 5515 3059 5559 eu.

1920 5567 1944 5630 ξ
1974 5573 2038 5614 Ita
2061 5567 2233 5630 inuss.
2259 5573 2309 5615 et
2332 5568 2379 5630 in
2402 5566 2602 5630 concilio
2621 5569 2996 5630 carthaginensi.
3037 5577 3084 5618 tn
3105 5569 3245 5620 editis
3267 5580 3432 5624 autem

1858 5633 1910 5677 et
1925 5627 1978 5692 in
2004 5628 2376 5692 aquisgranensi
2389 5629 2605 5685 concilio,
2631 5636 2680 5678 ut
2702 5627 3211 5692 sibi'congaudmmus.

1921 5689 1942 5720 ³
1976 5685 2122 5746 Editl,
2150 5685 2259 5738 ἠὶςςί
2301 5688 2596 5752 ubicumque.
2633 5697 2793 5754 Longe
2833 5685 2995 5739 verius
3033 5697 3138 5743 Mss.
3158 5727 3174 5752 ,
3209 5692 3293 5745 sed
3327 5694 3431 5758 ubi:

1858 5762 2076 5814 cumque.

2672 5833 3105 5912 (Cinqunnth
