  <div class='ocr_page' id='page_1' title='image "/cluster/home/n/w/nwhite01/storage/ocr_20150623/39/umn.319510024773323/055.png"; bbox 0 0 3968 6448; ppageno 0'>
   <div class='ocr_carea' id='block_1_1' title="bbox 484 303 618 362">
    <p class='ocr_par' dir='ltr' id='par_1_1' title="bbox 484 303 618 362">
     <span class='ocr_line' id='line_1_1' title="bbox 484 303 618 362; baseline -0.037 0"><span class='ocrx_word' id='word_1_1' title='bbox 484 309 505 362; x_wconf 75' lang='grc'><strong>1</strong></span> <span class='ocrx_word' id='word_1_2' title='bbox 517 303 618 360; x_wconf 69' lang='grc' dir='ltr'><strong>1ἰ79</strong></span> 
     </span>
    </p>
   </div>
   <div class='ocr_carea' id='block_1_2' title="bbox 485 395 2054 499">
    <p class='ocr_par' dir='ltr' id='par_1_2' title="bbox 485 395 2054 499">
     <span class='ocr_line' id='line_1_2' title="bbox 485 395 2054 499; baseline -0.026 -15"><span class='ocrx_word' id='word_1_3' title='bbox 485 445 620 499; x_wconf 86' lang='lat' dir='ltr'><strong>pnus</strong></span> <span class='ocrx_word' id='word_1_4' title='bbox 650 419 919 498; x_wconf 62' lang='lat' dir='ltr'><strong>qua‘ritis?</strong></span> <span class='ocrx_word' id='word_1_5' title='bbox 943 415 1054 473; x_wconf 82' lang='lat' dir='ltr'><strong>Nisi</strong></span> <span class='ocrx_word' id='word_1_6' title='bbox 1081 411 1203 484; x_wconf 82' lang='lat' dir='ltr'><strong>quia</strong></span> <span class='ocrx_word' id='word_1_7' title='bbox 1233 420 1318 462; x_wconf 90' lang='lat' dir='ltr'><strong>me</strong></span> <span class='ocrx_word' id='word_1_8' title='bbox 1347 403 1468 459; x_wconf 88' lang='lat' dir='ltr'><strong>illud</strong></span> <span class='ocrx_word' id='word_1_9' title='bbox 1500 396 1719 456; x_wconf 82' lang='lat' dir='ltr'><strong>memini</strong></span> <span class='ocrx_word' id='word_1_10' title='bbox 1743 395 1903 451; x_wconf 91' lang='lat' dir='ltr'><strong>etiam</strong></span> <span class='ocrx_word' id='word_1_11' title='bbox 1933 403 2054 461; x_wconf 77' lang='lat' dir='ltr'><strong>pro-</strong></span> 
     </span>
    </p>
   </div>
   <div class='ocr_carea' id='block_1_3' title="bbox 489 483 2050 583">
    <p class='ocr_par' dir='ltr' id='par_1_3' title="bbox 489 483 2050 583">
     <span class='ocr_line' id='line_1_3' title="bbox 489 483 2050 583; baseline -0.028 -7"><span class='ocrx_word' id='word_1_12' title='bbox 489 483 717 583; x_wconf 71' lang='lat' dir='ltr'><strong>misisse,</strong></span> <span class='ocrx_word' id='word_1_13' title='bbox 751 524 805 570; x_wconf 90' lang='lat' dir='ltr'><strong>ut</strong></span> <span class='ocrx_word' id='word_1_14' title='bbox 829 511 894 566; x_wconf 89' lang='lat' dir='ltr'><strong>ad</strong></span> <span class='ocrx_word' id='word_1_15' title='bbox 921 525 1012 562; x_wconf 91' lang='lat' dir='ltr'><strong>vos</strong></span> <span class='ocrx_word' id='word_1_16' title='bbox 1045 504 1329 576; x_wconf 70' lang='lat' dir='ltr'><strong>perferrem</strong></span> <span class='ocrx_word' id='word_1_17' title='bbox 1351 494 1474 566; x_wconf 89' lang='lat' dir='ltr'><strong>quid</strong></span> <span class='ocrx_word' id='word_1_18' title='bbox 1500 493 1723 563; x_wconf 76' lang='lat' dir='ltr'><strong>egissem</strong></span> <span class='ocrx_word' id='word_1_19' title='bbox 1747 487 1884 540; x_wconf 73' lang='lat' dir='ltr'><strong>inter</strong></span> <span class='ocrx_word' id='word_1_20' title='bbox 1899 483 2050 543; x_wconf 87' lang='lat' dir='ltr'><strong>duos,</strong></span> 
     </span>
    </p>
   </div>
   <div class='ocr_carea' id='block_1_4' title="bbox 485 572 2056 668">
    <p class='ocr_par' dir='ltr' id='par_1_4' title="bbox 485 572 2056 668">
     <span class='ocr_line' id='line_1_4' title="bbox 485 572 2056 668; baseline -0.03 1"><span class='ocrx_word' id='word_1_21' title='bbox 485 621 700 668; x_wconf 85' lang='lat' dir='ltr'><strong>fratrem</strong></span> <span class='ocrx_word' id='word_1_22' title='bbox 736 605 979 661; x_wconf 87' lang='lat' dir='ltr'><strong>videlicet</strong></span> <span class='ocrx_word' id='word_1_23' title='bbox 1013 572 1066 652; x_wconf 81' lang='lat' dir='ltr'><strong>et</strong></span> <span class='ocrx_word' id='word_1_24' title='bbox 1100 605 1337 650; x_wconf 78' lang='lat' dir='ltr'><strong>sororem</strong></span> <span class='ocrx_word' id='word_1_25' title='bbox 1358 630 1373 653; x_wconf 96' lang='lat'><strong>,</strong></span> <span class='ocrx_word' id='word_1_26' title='bbox 1404 587 1542 640; x_wconf 84' lang='lat' dir='ltr'><strong>ﬁlios</strong></span> <span class='ocrx_word' id='word_1_27' title='bbox 1568 578 1802 638; x_wconf 81' lang='lat' dir='ltr'><strong>Januarii</strong></span> <span class='ocrx_word' id='word_1_28' title='bbox 1828 572 2056 646; x_wconf 74' lang='lat' dir='ltr'><strong>presby-</strong></span> 
     </span>
    </p>
   </div>
   <div class='ocr_carea' id='block_1_5' title="bbox 488 670 2057 770">
    <p class='ocr_par' dir='ltr' id='par_1_5' title="bbox 488 670 2057 770">
     <span class='ocr_line' id='line_1_5' title="bbox 488 670 2057 770; baseline -0.029 -10"><span class='ocrx_word' id='word_1_29' title='bbox 488 705 627 768; x_wconf 89' lang='lat' dir='ltr'><strong>teri,</strong></span> <span class='ocrx_word' id='word_1_30' title='bbox 670 700 790 770; x_wconf 83' lang='lat' dir='ltr'><strong>quia</strong></span> <span class='ocrx_word' id='word_1_31' title='bbox 821 703 934 751; x_wconf 90' lang='lat' dir='ltr'><strong>orta</strong></span> <span class='ocrx_word' id='word_1_32' title='bbox 967 694 1101 745; x_wconf 91' lang='lat' dir='ltr'><strong>inter</strong></span> <span class='ocrx_word' id='word_1_33' title='bbox 1145 685 1269 740; x_wconf 85' lang='lat' dir='ltr'><strong>illos</strong></span> <span class='ocrx_word' id='word_1_34' title='bbox 1309 681 1479 735; x_wconf 89' lang='lat' dir='ltr'><strong>fuerat</strong></span> <span class='ocrx_word' id='word_1_35' title='bbox 1504 670 1868 730; x_wconf 75' lang='lat' dir='ltr'><strong>controversia</strong></span> <span class='ocrx_word' id='word_1_36' title='bbox 1899 678 2057 735; x_wconf 88' lang='lat' dir='ltr'><strong>pec-u-</strong></span> 
     </span>
    </p>
   </div>
   <div class='ocr_carea' id='block_1_6' title="bbox 491 754 2058 849">
    <p class='ocr_par' dir='ltr' id='par_1_6' title="bbox 491 754 2058 849">
     <span class='ocr_line' id='line_1_6' title="bbox 491 754 2058 849; baseline -0.028 0"><span class='ocrx_word' id='word_1_37' title='bbox 491 793 655 849; x_wconf 86' lang='lat' dir='ltr'><strong>niaria</strong></span> <span class='ocrx_word' id='word_1_38' title='bbox 731 785 824 842; x_wconf 88' lang='lat' dir='ltr'><strong>sed</strong></span> <span class='ocrx_word' id='word_1_39' title='bbox 871 778 1223 846; x_wconf 79' lang='lat' dir='ltr'><strong>talnen,sicut</strong></span> <span class='ocrx_word' id='word_1_40' title='bbox 1267 770 1405 828; x_wconf 86' lang='lat' dir='ltr'><strong>inter</strong></span> <span class='ocrx_word' id='word_1_41' title='bbox 1447 767 1671 827; x_wconf 88' lang='lat' dir='ltr'><strong>fratres,</strong></span> <span class='ocrx_word' id='word_1_42' title='bbox 1719 760 1898 822; x_wconf 89' lang='lat' dir='ltr'><strong>salva,</strong></span> <span class='ocrx_word' id='word_1_43' title='bbox 1950 754 2058 806; x_wconf 89' lang='lat' dir='ltr'><strong>Dco</strong></span> 
     </span>
    </p>
   </div>
   <div class='ocr_carea' id='block_1_7' title="bbox 489 847 2061 959">
    <p class='ocr_par' dir='ltr' id='par_1_7' title="bbox 489 847 2061 959">
     <span class='ocr_line' id='line_1_7' title="bbox 489 847 2061 959; baseline -0.028 -19"><span class='ocrx_word' id='word_1_44' title='bbox 489 887 730 959; x_wconf 83' lang='lat' dir='ltr'><strong>propitio,</strong></span> <span class='ocrx_word' id='word_1_45' title='bbox 763 876 1038 932; x_wconf 79' lang='lat' dir='ltr'><strong>charitate.</strong></span> <span class='ocrx_word' id='word_1_46' title='bbox 1069 867 1421 926; x_wconf 76' lang='lat' dir='ltr'><strong>Promiscmm</strong></span> <span class='ocrx_word' id='word_1_47' title='bbox 1456 872 1585 927; x_wconf 79' lang='lat' dir='ltr'><strong>ergo</strong></span> <span class='ocrx_word' id='word_1_48' title='bbox 1603 853 1805 914; x_wconf 86' lang='lat' dir='ltr'><strong>audire,</strong></span> <span class='ocrx_word' id='word_1_49' title='bbox 1837 857 1894 902; x_wconf 90' lang='lat' dir='ltr'><strong>ut</strong></span> <span class='ocrx_word' id='word_1_50' title='bbox 1925 847 2061 899; x_wconf 77' lang='lat' dir='ltr'><strong>inter</strong></span> 
     </span>
    </p>
   </div>
   <div class='ocr_carea' id='block_1_8' title="bbox 489 945 2058 1047">
    <p class='ocr_par' dir='ltr' id='par_1_8' title="bbox 489 945 2058 1047">
     <span class='ocr_line' id='line_1_8' title="bbox 489 945 2058 1047; baseline -0.033 -9"><span class='ocrx_word' id='word_1_51' title='bbox 489 945 609 1038; x_wconf 75' lang='lat' dir='ltr'><strong>illos</strong></span> <span class='ocrx_word' id='word_1_52' title='bbox 637 969 886 1047; x_wconf 73' lang='lat' dir='ltr'><strong>quidquid</strong></span> <span class='ocrx_word' id='word_1_53' title='bbox 914 974 1092 1030; x_wconf 83' lang='lat' dir='ltr'><strong>esset,</strong></span> <span class='ocrx_word' id='word_1_54' title='bbox 1136 955 1421 1032; x_wconf 75' lang='lat' dir='ltr'><strong>iudicando</strong></span> <span class='ocrx_word' id='word_1_55' title='bbox 1467 951 1692 1038; x_wconf 81' lang='lat' dir='ltr'><strong>finirem.</strong></span> <span class='ocrx_word' id='word_1_56' title='bbox 1744 945 2058 998; x_wconf 82' lang='lat' dir='ltr'><strong>Paraveram</strong></span> 
     </span>
    </p>
   </div>
   <div class='ocr_carea' id='block_1_9' title="bbox 492 1027 2062 1137">
    <p class='ocr_par' dir='ltr' id='par_1_9' title="bbox 492 1027 2062 1137">
     <span class='ocr_line' id='line_1_9' title="bbox 492 1027 1150 1047; baseline -0.032 -9"><span class='ocrx_word' id='word_1_57' title='bbox 643 1027 721 1047; x_wconf 42' lang='grc' dir='ltr'><strong>,Γ</strong></span> <span class='ocrx_word' id='word_1_58' title='bbox 784 1027 794 1041; x_wconf 78' lang='grc'><em>,</em></span> <span class='ocrx_word' id='word_1_59' title='bbox 1083 1027 1089 1030; x_wconf 96' lang='lat'>_</span> <span class='ocrx_word' id='word_1_60' title='bbox 1137 1027 1150 1032; x_wconf 32' lang='grc' dir='ltr'><strong><em>ν</em></strong></span> 
     </span>
     <span class='ocr_line' id='line_1_10' title="bbox 492 1027 2062 1137; baseline -0.029 -13"><span class='ocrx_word' id='word_1_61' title='bbox 492 1088 574 1126; x_wconf 89' lang='lat' dir='ltr'><strong>me</strong></span> <span class='ocrx_word' id='word_1_62' title='bbox 616 1067 846 1137; x_wconf 86' lang='lat' dir='ltr'><strong>judiccm</strong></span> <span class='ocrx_word' id='word_1_63' title='bbox 881 1079 895 1115; x_wconf 87' lang='lat'><strong>:</strong></span> <span class='ocrx_word' id='word_1_64' title='bbox 926 1057 1020 1113; x_wconf 91' lang='lat' dir='ltr'><strong>sed</strong></span> <span class='ocrx_word' id='word_1_65' title='bbox 1077 1061 1360 1120; x_wconf 84' lang='lat' dir='ltr'><strong>antequam</strong></span> <span class='ocrx_word' id='word_1_66' title='bbox 1399 1027 1689 1114; x_wconf 74' lang='lat' dir='ltr'><strong>iudicarem</strong></span> <span class='ocrx_word' id='word_1_67' title='bbox 1714 1078 1729 1101; x_wconf 97' lang='lat'><strong>,</strong></span> <span class='ocrx_word' id='word_1_68' title='bbox 1780 1033 1878 1103; x_wconf 86' lang='lat' dir='ltr'><strong>ipsi</strong></span> <span class='ocrx_word' id='word_1_69' title='bbox 1923 1027 2062 1082; x_wconf 83' lang='lat' dir='ltr'><strong>unde</strong></span> 
     </span>
    </p>
   </div>
   <div class='ocr_carea' id='block_1_10' title="bbox 486 1119 2066 1233">
    <p class='ocr_par' dir='ltr' id='par_1_10' title="bbox 486 1119 2066 1233">
     <span class='ocr_line' id='line_1_11' title="bbox 486 1119 2066 1233; baseline -0.031 -15"><span class='ocrx_word' id='word_1_70' title='bbox 486 1162 817 1233; x_wconf 72' lang='lat' dir='ltr'><strong>iudicaturus</strong></span> <span class='ocrx_word' id='word_1_71' title='bbox 854 1153 1055 1208; x_wconf 90' lang='lat' dir='ltr'><strong>fueram</strong></span> <span class='ocrx_word' id='word_1_72' title='bbox 1077 1189 1092 1214; x_wconf 91' lang='lat'><strong>,</strong></span> <span class='ocrx_word' id='word_1_73' title='bbox 1136 1143 1402 1199; x_wconf 77' lang='lat' dir='ltr'><strong>finierunt.</strong></span> <span class='ocrx_word' id='word_1_74' title='bbox 1451 1135 1564 1190; x_wconf 85' lang='lat' dir='ltr'><strong>Non</strong></span> <span class='ocrx_word' id='word_1_75' title='bbox 1603 1127 1778 1184; x_wconf 91' lang='lat' dir='ltr'><strong>inveni</strong></span> <span class='ocrx_word' id='word_1_76' title='bbox 1808 1122 1946 1177; x_wconf 90' lang='lat' dir='ltr'><strong>unde</strong></span> <span class='ocrx_word' id='word_1_77' title='bbox 1981 1119 2066 1188; x_wconf 84' lang='lat' dir='ltr'><strong>ju-</strong></span> 
     </span>
    </p>
   </div>
   <div class='ocr_carea' id='block_1_11' title="bbox 490 1211 2064 1309">
    <p class='ocr_par' dir='ltr' id='par_1_11' title="bbox 490 1211 2064 1309">
     <span class='ocr_line' id='line_1_12' title="bbox 490 1211 1087 1233; baseline -0.032 0"><span class='ocrx_word' id='word_1_78' title='bbox 490 1211 626 1233; x_wconf 77' lang='lat' dir='ltr'><strong>l&quot;“&quot;</strong></span> <span class='ocrx_word' id='word_1_79' title='bbox 654 1211 678 1212; x_wconf 69' lang='lat'><strong><em>&quot;</em></strong></span> <span class='ocrx_word' id='word_1_80' title='bbox 698 1211 708 1212; x_wconf 43' lang='grc' dir='ltr'>ί</span> <span class='ocrx_word' id='word_1_81' title='bbox 1080 1211 1087 1214; x_wconf 81' lang='grc'><em>.</em></span> 
     </span>
     <span class='ocr_line' id='line_1_13' title="bbox 490 1211 2064 1309; baseline -0.029 -4"><span class='ocrx_word' id='word_1_82' title='bbox 490 1253 721 1308; x_wconf 75' lang='lat' dir='ltr'><strong>dicarem</strong></span> <span class='ocrx_word' id='word_1_83' title='bbox 744 1289 758 1309; x_wconf 88' lang='lat'><strong>,</strong></span> <span class='ocrx_word' id='word_1_84' title='bbox 805 1243 899 1299; x_wconf 89' lang='lat' dir='ltr'><strong>sed</strong></span> <span class='ocrx_word' id='word_1_85' title='bbox 945 1239 1084 1295; x_wconf 90' lang='lat' dir='ltr'><strong>unde</strong></span> <span class='ocrx_word' id='word_1_86' title='bbox 1120 1236 1349 1290; x_wconf 72' lang='lat' dir='ltr'><strong>ltelarcr.</strong></span> <span class='ocrx_word' id='word_1_87' title='bbox 1406 1224 1794 1294; x_wconf 90' lang='lat' dir='ltr'><strong>Acquieverunt</strong></span> <span class='ocrx_word' id='word_1_88' title='bbox 1823 1211 2064 1283; x_wconf 83' lang='lat' dir='ltr'><strong>omnino</strong></span> 
     </span>
    </p>
   </div>
   <div class='ocr_carea' id='block_1_12' title="bbox 490 1314 2065 1397">
    <p class='ocr_par' dir='ltr' id='par_1_12' title="bbox 490 1314 2065 1397">
     <span class='ocr_line' id='line_1_14' title="bbox 490 1314 2065 1397; baseline -0.027 -2"><span class='ocrx_word' id='word_1_89' title='bbox 490 1337 827 1397; x_wconf 75' lang='lat' dir='ltr'><strong>cortem-diter</strong></span> <span class='ocrx_word' id='word_1_90' title='bbox 849 1327 1109 1387; x_wconf 88' lang='lat' dir='ltr'><strong>voluntati</strong></span> <span class='ocrx_word' id='word_1_91' title='bbox 1136 1339 1266 1380; x_wconf 71' lang='lat' dir='ltr'><strong>meze</strong></span> <span class='ocrx_word' id='word_1_92' title='bbox 1287 1330 1342 1376; x_wconf 90' lang='lat' dir='ltr'><strong>et</strong></span> <span class='ocrx_word' id='word_1_93' title='bbox 1363 1315 1585 1374; x_wconf 86' lang='lat' dir='ltr'><strong>consilio</strong></span> <span class='ocrx_word' id='word_1_94' title='bbox 1611 1324 1731 1367; x_wconf 91' lang='lat' dir='ltr'><strong>meo</strong></span> <span class='ocrx_word' id='word_1_95' title='bbox 1757 1349 1772 1374; x_wconf 96' lang='lat'><strong>,</strong></span> <span class='ocrx_word' id='word_1_96' title='bbox 1815 1315 1874 1359; x_wconf 92' lang='lat' dir='ltr'><strong>ut</strong></span> <span class='ocrx_word' id='word_1_97' title='bbox 1909 1314 2065 1372; x_wconf 87' lang='lat' dir='ltr'><strong>pares</strong></span> 
     </span>
    </p>
   </div>
   <div class='ocr_carea' id='block_1_13' title="bbox 492 1391 2063 1494">
    <p class='ocr_par' dir='ltr' id='par_1_13' title="bbox 492 1391 2063 1494">
     <span class='ocr_line' id='line_1_15' title="bbox 492 1391 2063 1494; baseline -0.027 -8"><span class='ocrx_word' id='word_1_98' title='bbox 492 1437 673 1486; x_wconf 83' lang='lat' dir='ltr'><strong>essent</strong></span> <span class='ocrx_word' id='word_1_99' title='bbox 708 1428 761 1481; x_wconf 90' lang='lat' dir='ltr'><strong>in</strong></span> <span class='ocrx_word' id='word_1_100' title='bbox 809 1420 1063 1494; x_wconf 82' lang='lat' dir='ltr'><strong>pecunia,</strong></span> <span class='ocrx_word' id='word_1_101' title='bbox 1106 1429 1264 1486; x_wconf 91' lang='lat' dir='ltr'><strong>quam</strong></span> <span class='ocrx_word' id='word_1_102' title='bbox 1291 1407 1501 1479; x_wconf 86' lang='lat' dir='ltr'><strong>reliquit</strong></span> <span class='ocrx_word' id='word_1_103' title='bbox 1541 1411 1688 1475; x_wconf 86' lang='lat' dir='ltr'><strong>pater</strong></span> <span class='ocrx_word' id='word_1_104' title='bbox 1716 1409 1924 1459; x_wconf 89' lang='lat' dir='ltr'><strong>eorum,</strong></span> <span class='ocrx_word' id='word_1_105' title='bbox 1959 1391 2063 1445; x_wconf 82' lang='lat' dir='ltr'><strong>Ec-</strong></span> 
     </span>
    </p>
   </div>
   <div class='ocr_carea' id='block_1_14' title="bbox 493 1515 1034 1578">
    <p class='ocr_par' dir='ltr' id='par_1_14' title="bbox 493 1515 1034 1578">
     <span class='ocr_line' id='line_1_16' title="bbox 493 1515 1034 1578; baseline -0.022 -2"><span class='ocrx_word' id='word_1_106' title='bbox 493 1521 652 1578; x_wconf 81' lang='lat' dir='ltr'><strong>clesia</strong></span> <span class='ocrx_word' id='word_1_107' title='bbox 680 1515 1034 1574; x_wconf 81' lang='lat' dir='ltr'><strong>renuntiante.</strong></span> 
     </span>
    </p>
   </div>
   <div class='ocr_carea' id='block_1_15' title="bbox 567 1574 2064 1668">
    <p class='ocr_par' dir='ltr' id='par_1_15' title="bbox 567 1574 2064 1668">
     <span class='ocr_line' id='line_1_17' title="bbox 567 1574 2064 1668; baseline -0.028 -1"><span class='ocrx_word' id='word_1_108' title='bbox 567 1574 656 1668; x_wconf 65' lang='grc' dir='ltr'><strong>(ε.</strong></span> <span class='ocrx_word' id='word_1_109' title='bbox 707 1607 1109 1663; x_wconf 83' lang='lat' dir='ltr'><strong>Obtrectatorum</strong></span> <span class='ocrx_word' id='word_1_110' title='bbox 1148 1589 1417 1650; x_wconf 70' lang='lat' dir='ltr'><strong>calumnia</strong></span> <span class='ocrx_word' id='word_1_111' title='bbox 1463 1588 1572 1642; x_wconf 73' lang='lat' dir='ltr'><strong>sine</strong></span> <span class='ocrx_word' id='word_1_112' title='bbox 1609 1584 1722 1638; x_wconf 72' lang='lat' dir='ltr'><strong>rixa</strong></span> <span class='ocrx_word' id='word_1_113' title='bbox 1759 1574 2064 1668; x_wconf 65' lang='lat' dir='ltr'><strong>refellamus.</strong></span> 
     </span>
    </p>
   </div>
   <div class='ocr_carea' id='block_1_16' title="bbox 496 1661 2069 1758">
    <p class='ocr_par' dir='ltr' id='par_1_16' title="bbox 496 1661 2069 1758">
     <span class='ocr_line' id='line_1_18' title="bbox 496 1661 2069 1758; baseline -0.028 1"><span class='ocrx_word' id='word_1_114' title='bbox 496 1705 625 1758; x_wconf 85' lang='lat' dir='ltr'><strong>Post</strong></span> <span class='ocrx_word' id='word_1_115' title='bbox 664 1708 964 1754; x_wconf 89' lang='lat' dir='ltr'><strong>sermonem</strong></span> <span class='ocrx_word' id='word_1_116' title='bbox 994 1702 1172 1746; x_wconf 91' lang='lat' dir='ltr'><strong>meum</strong></span> <span class='ocrx_word' id='word_1_117' title='bbox 1217 1679 1443 1739; x_wconf 88' lang='lat' dir='ltr'><strong>locuturi</strong></span> <span class='ocrx_word' id='word_1_118' title='bbox 1485 1683 1607 1730; x_wconf 91' lang='lat' dir='ltr'><strong>sunt</strong></span> <span class='ocrx_word' id='word_1_119' title='bbox 1650 1669 1930 1730; x_wconf 85' lang='lat' dir='ltr'><strong>homines;</strong></span> <span class='ocrx_word' id='word_1_120' title='bbox 1973 1661 2069 1718; x_wconf 86' lang='lat' dir='ltr'><strong>sed</strong></span> 
     </span>
    </p>
   </div>
   <div class='ocr_carea' id='block_1_17' title="bbox 499 1763 2070 1865">
    <p class='ocr_par' dir='ltr' id='par_1_17' title="bbox 499 1763 2070 1865">
     <span class='ocr_line' id='line_1_19' title="bbox 499 1763 2070 1865; baseline -0.029 -14"><span class='ocrx_word' id='word_1_121' title='bbox 499 1806 549 1850; x_wconf 90' lang='lat' dir='ltr'><strong>et</strong></span> <span class='ocrx_word' id='word_1_122' title='bbox 579 1790 853 1865; x_wconf 85' lang='lat' dir='ltr'><strong>quodlibet</strong></span> <span class='ocrx_word' id='word_1_123' title='bbox 889 1783 1130 1839; x_wconf 85' lang='lat' dir='ltr'><strong>homines</strong></span> <span class='ocrx_word' id='word_1_124' title='bbox 1177 1777 1458 1845; x_wconf 90' lang='lat' dir='ltr'><strong>loquantur</strong></span> <span class='ocrx_word' id='word_1_125' title='bbox 1482 1810 1496 1833; x_wconf 93' lang='lat'><strong>,</strong></span> <span class='ocrx_word' id='word_1_126' title='bbox 1542 1763 1915 1835; x_wconf 84' lang='lat' dir='ltr'><strong>qualicumque</strong></span> <span class='ocrx_word' id='word_1_127' title='bbox 1942 1768 2070 1809; x_wconf 88' lang='lat' dir='ltr'><strong>aura</strong></span> 
     </span>
    </p>
   </div>
   <div class='ocr_carea' id='block_1_18' title="bbox 499 1843 2072 1953">
    <p class='ocr_par' dir='ltr' id='par_1_18' title="bbox 499 1843 2072 1953">
     <span class='ocr_line' id='line_1_20' title="bbox 499 1843 2072 1953; baseline -0.03 -10"><span class='ocrx_word' id='word_1_128' title='bbox 499 1843 1041 1953; x_wconf 24' lang='lat' dir='ltr'><strong>iiati&#39;t‘eﬂ,fperducctur</strong></span> <span class='ocrx_word' id='word_1_129' title='bbox 1069 1869 1192 1926; x_wconf 90' lang='lat' dir='ltr'><strong>inde</strong></span> <span class='ocrx_word' id='word_1_130' title='bbox 1217 1843 1416 1936; x_wconf 83' lang='lat' dir='ltr'><strong>aliquid</strong></span> <span class='ocrx_word' id='word_1_131' title='bbox 1442 1859 1508 1914; x_wconf 90' lang='lat' dir='ltr'><strong>ad</strong></span> <span class='ocrx_word' id='word_1_132' title='bbox 1537 1871 1692 1910; x_wconf 89' lang='lat' dir='ltr'><strong>aures</strong></span> <span class='ocrx_word' id='word_1_133' title='bbox 1718 1865 1885 1906; x_wconf 87' lang='lat' dir='ltr'><strong>meas.</strong></span> <span class='ocrx_word' id='word_1_134' title='bbox 1938 1847 2002 1900; x_wconf 86' lang='lat' dir='ltr'><strong>Et</strong></span> <span class='ocrx_word' id='word_1_135' title='bbox 2025 1843 2072 1897; x_wconf 87' lang='lat' dir='ltr'><strong>si</strong></span> 
     </span>
    </p>
   </div>
   <div class='ocr_carea' id='block_1_19' title="bbox 499 1952 2075 2035">
    <p class='ocr_par' dir='ltr' id='par_1_19' title="bbox 499 1952 2075 2035">
     <span class='ocr_line' id='line_1_21' title="bbox 499 1952 2075 2035; baseline -0.029 -1"><span class='ocrx_word' id='word_1_136' title='bbox 499 1977 659 2033; x_wconf 85' lang='lat' dir='ltr'><strong>fuerit</strong></span> <span class='ocrx_word' id='word_1_137' title='bbox 687 1952 810 2035; x_wconf 87' lang='lat' dir='ltr'><strong>tale,</strong></span> <span class='ocrx_word' id='word_1_138' title='bbox 844 1979 904 2024; x_wconf 88' lang='lat' dir='ltr'><strong>ut</strong></span> <span class='ocrx_word' id='word_1_139' title='bbox 916 1968 986 2022; x_wconf 86' lang='lat' dir='ltr'><strong>sit</strong></span> <span class='ocrx_word' id='word_1_140' title='bbox 1004 1967 1194 2020; x_wconf 88' lang='lat' dir='ltr'><strong>iterum</strong></span> <span class='ocrx_word' id='word_1_141' title='bbox 1219 1969 1440 2013; x_wconf 90' lang='lat' dir='ltr'><strong>necesse</strong></span> <span class='ocrx_word' id='word_1_142' title='bbox 1458 1965 1555 2006; x_wconf 90' lang='lat' dir='ltr'><strong>nos</strong></span> <span class='ocrx_word' id='word_1_143' title='bbox 1579 1959 1823 2019; x_wconf 77' lang='lat' dir='ltr'><strong>purgare,</strong></span> <span class='ocrx_word' id='word_1_144' title='bbox 1853 1952 2075 2008; x_wconf 86' lang='lat' dir='ltr'><strong>respon-</strong></span> 
     </span>
    </p>
   </div>
   <div class='ocr_carea' id='block_1_20' title="bbox 499 2039 2080 2125">
    <p class='ocr_par' dir='ltr' id='par_1_20' title="bbox 499 2039 2080 2125">
     <span class='ocr_line' id='line_1_22' title="bbox 499 2039 2080 2125; baseline -0.028 1"><span class='ocrx_word' id='word_1_145' title='bbox 499 2071 638 2125; x_wconf 88' lang='lat' dir='ltr'><strong>debo</strong></span> <span class='ocrx_word' id='word_1_146' title='bbox 665 2061 1053 2121; x_wconf 85' lang='lat' dir='ltr'><strong>detractoribus</strong></span> <span class='ocrx_word' id='word_1_147' title='bbox 1077 2097 1092 2122; x_wconf 91' lang='lat'><strong>,</strong></span> <span class='ocrx_word' id='word_1_148' title='bbox 1139 2046 1476 2122; x_wconf 85' lang='lat' dir='ltr'><strong>respondebo</strong></span> <span class='ocrx_word' id='word_1_149' title='bbox 1505 2039 1779 2097; x_wconf 88' lang='lat' dir='ltr'><strong>maledicis</strong></span> <span class='ocrx_word' id='word_1_150' title='bbox 1802 2077 1818 2103; x_wconf 95' lang='lat'><strong>,</strong></span> <span class='ocrx_word' id='word_1_151' title='bbox 1857 2046 2080 2101; x_wconf 86' lang='lat' dir='ltr'><strong>respon-</strong></span> 
     </span>
    </p>
   </div>
   <div class='ocr_carea' id='block_1_21' title="bbox 499 2121 2078 2217">
    <p class='ocr_par' dir='ltr' id='par_1_21' title="bbox 499 2121 2078 2217">
     <span class='ocr_line' id='line_1_23' title="bbox 499 2121 2078 2217; baseline -0.028 0"><span class='ocrx_word' id='word_1_152' title='bbox 499 2163 638 2217; x_wconf 82' lang='lat' dir='ltr'><strong>debo</strong></span> <span class='ocrx_word' id='word_1_153' title='bbox 680 2153 969 2213; x_wconf 85' lang='lat' dir='ltr'><strong>incredulis</strong></span> <span class='ocrx_word' id='word_1_154' title='bbox 994 2192 1009 2216; x_wconf 96' lang='lat'><strong>,</strong></span> <span class='ocrx_word' id='word_1_155' title='bbox 1058 2161 1166 2202; x_wconf 92' lang='lat' dir='ltr'><strong>non</strong></span> <span class='ocrx_word' id='word_1_156' title='bbox 1205 2140 1358 2196; x_wconf 89' lang='lat' dir='ltr'><strong>nobis</strong></span> <span class='ocrx_word' id='word_1_157' title='bbox 1403 2131 1739 2192; x_wconf 88' lang='lat' dir='ltr'><strong>credentibus</strong></span> <span class='ocrx_word' id='word_1_158' title='bbox 1780 2121 2078 2196; x_wconf 76' lang='lat' dir='ltr'><strong>prmpositis</strong></span> 
     </span>
    </p>
   </div>
   <div class='ocr_carea' id='block_1_22' title="bbox 501 2213 2074 2316">
    <p class='ocr_par' dir='ltr' id='par_1_22' title="bbox 501 2213 2074 2316">
     <span class='ocr_line' id='line_1_24' title="bbox 501 2213 2074 2316; baseline -0.028 -9"><span class='ocrx_word' id='word_1_159' title='bbox 501 2254 612 2307; x_wconf 82' lang='lat' dir='ltr'><strong>suis</strong></span> <span class='ocrx_word' id='word_1_160' title='bbox 638 2253 678 2314; x_wconf 82' lang='grc'>¹,</span> <span class='ocrx_word' id='word_1_161' title='bbox 708 2258 765 2303; x_wconf 83' lang='grc' dir='ltr'><strong>ιιι</strong></span> <span class='ocrx_word' id='word_1_162' title='bbox 795 2213 1005 2316; x_wconf 77' lang='lat' dir='ltr'><strong>potero,</strong></span> <span class='ocrx_word' id='word_1_163' title='bbox 1025 2231 1360 2307; x_wconf 87' lang='lat' dir='ltr'><strong>respondebo</strong></span> <span class='ocrx_word' id='word_1_164' title='bbox 1387 2225 1529 2298; x_wconf 90' lang='lat' dir='ltr'><strong>quod</strong></span> <span class='ocrx_word' id='word_1_165' title='bbox 1554 2220 1807 2277; x_wconf 89' lang='lat' dir='ltr'><strong>Dominus</strong></span> <span class='ocrx_word' id='word_1_166' title='bbox 1836 2213 2074 2270; x_wconf 80' lang='lat' dir='ltr'><strong>dederit:</strong></span> 
     </span>
    </p>
   </div>
   <div class='ocr_carea' id='block_1_23' title="bbox 504 2303 2078 2400">
    <p class='ocr_par' dir='ltr' id='par_1_23' title="bbox 504 2303 2078 2400">
     <span class='ocr_line' id='line_1_25' title="bbox 504 2303 2078 2400; baseline -0.029 1"><span class='ocrx_word' id='word_1_167' title='bbox 504 2344 718 2400; x_wconf 89' lang='lat' dir='ltr'><strong>interim</strong></span> <span class='ocrx_word' id='word_1_168' title='bbox 765 2337 924 2395; x_wconf 89' lang='lat' dir='ltr'><strong>modo</strong></span> <span class='ocrx_word' id='word_1_169' title='bbox 953 2349 1058 2388; x_wconf 91' lang='lat' dir='ltr'><strong>non</strong></span> <span class='ocrx_word' id='word_1_170' title='bbox 1099 2336 1183 2383; x_wconf 90' lang='lat' dir='ltr'><strong>est</strong></span> <span class='ocrx_word' id='word_1_171' title='bbox 1218 2335 1469 2384; x_wconf 88' lang='lat' dir='ltr'><strong>necesse,</strong></span> <span class='ocrx_word' id='word_1_172' title='bbox 1514 2315 1636 2387; x_wconf 88' lang='lat' dir='ltr'><strong>quia</strong></span> <span class='ocrx_word' id='word_1_173' title='bbox 1675 2310 1802 2366; x_wconf 88' lang='lat' dir='ltr'><strong>nihil</strong></span> <span class='ocrx_word' id='word_1_174' title='bbox 1835 2307 1970 2362; x_wconf 88' lang='lat' dir='ltr'><strong>forte</strong></span> <span class='ocrx_word' id='word_1_175' title='bbox 1993 2303 2078 2357; x_wconf 88' lang='lat' dir='ltr'><strong>di-</strong></span> 
     </span>
    </p>
   </div>
   <div class='ocr_carea' id='block_1_24' title="bbox 471 2577 2086 2682">
    <p class='ocr_par' dir='ltr' id='par_1_24' title="bbox 471 2577 2086 2682">
     <span class='ocr_line' id='line_1_26' title="bbox 471 2577 2086 2682; baseline -0.03 -5"><span class='ocrx_word' id='word_1_176' title='bbox 471 2619 484 2630; x_wconf 84' lang='grc'><em>’</em></span> <span class='ocrx_word' id='word_1_177' title='bbox 505 2620 732 2682; x_wconf 80' lang='lat' dir='ltr'><strong>ruerint,</strong></span> <span class='ocrx_word' id='word_1_178' title='bbox 759 2612 1008 2672; x_wconf 88' lang='lat' dir='ltr'><strong>audient,</strong></span> <span class='ocrx_word' id='word_1_179' title='bbox 1038 2605 1151 2659; x_wconf 91' lang='lat' dir='ltr'><strong>Deo</strong></span> <span class='ocrx_word' id='word_1_180' title='bbox 1179 2595 1437 2670; x_wconf 90' lang='lat' dir='ltr'><strong>propitio,</strong></span> <span class='ocrx_word' id='word_1_181' title='bbox 1479 2588 1753 2643; x_wconf 84' lang='lat' dir='ltr'><strong>vobiscum</strong></span> <span class='ocrx_word' id='word_1_182' title='bbox 1783 2577 2086 2649; x_wconf 86' lang='lat' dir='ltr'><strong>responsio-</strong></span> 
     </span>
    </p>
   </div>
   <div class='ocr_carea' id='block_1_25' title="bbox 499 2673 2086 2770">
    <p class='ocr_par' dir='ltr' id='par_1_25' title="bbox 499 2673 2086 2770">
     <span class='ocr_line' id='line_1_27' title="bbox 499 2673 2086 2770; baseline -0.031 0"><span class='ocrx_word' id='word_1_183' title='bbox 499 2729 630 2770; x_wconf 87' lang='lat' dir='ltr'><strong>nem</strong></span> <span class='ocrx_word' id='word_1_184' title='bbox 677 2723 885 2768; x_wconf 88' lang='lat' dir='ltr'><strong>meam,</strong></span> <span class='ocrx_word' id='word_1_185' title='bbox 940 2715 1048 2755; x_wconf 91' lang='lat' dir='ltr'><strong>non</strong></span> <span class='ocrx_word' id='word_1_186' title='bbox 1095 2697 1242 2750; x_wconf 88' lang='lat' dir='ltr'><strong>litem</strong></span> <span class='ocrx_word' id='word_1_187' title='bbox 1273 2703 1466 2745; x_wconf 90' lang='lat' dir='ltr'><strong>meam.</strong></span> <span class='ocrx_word' id='word_1_188' title='bbox 1515 2682 1632 2737; x_wconf 80' lang='lat' dir='ltr'><strong>Non</strong></span> <span class='ocrx_word' id='word_1_189' title='bbox 1676 2678 1816 2733; x_wconf 88' lang='lat' dir='ltr'><strong>enim</strong></span> <span class='ocrx_word' id='word_1_190' title='bbox 1843 2673 2086 2728; x_wconf 82' lang='lat' dir='ltr'><strong>homines</strong></span> 
     </span>
    </p>
   </div>
   <div class='ocr_carea' id='block_1_26' title="bbox 509 2761 2087 2861">
    <p class='ocr_par' dir='ltr' id='par_1_26' title="bbox 509 2761 2087 2861">
     <span class='ocr_line' id='line_1_28' title="bbox 509 2761 2087 2861; baseline -0.028 -1"><span class='ocrx_word' id='word_1_191' title='bbox 509 2804 877 2861; x_wconf 89' lang='lat' dir='ltr'><strong>nominaturus</strong></span> <span class='ocrx_word' id='word_1_192' title='bbox 905 2807 1022 2849; x_wconf 89' lang='lat' dir='ltr'><strong>sum</strong></span> <span class='ocrx_word' id='word_1_193' title='bbox 1043 2798 1097 2845; x_wconf 91' lang='lat' dir='ltr'><strong>et</strong></span> <span class='ocrx_word' id='word_1_194' title='bbox 1123 2787 1362 2841; x_wconf 89' lang='lat' dir='ltr'><strong>dicturus</strong></span> <span class='ocrx_word' id='word_1_195' title='bbox 1386 2820 1401 2843; x_wconf 88' lang='lat'><strong>,</strong></span> <span class='ocrx_word' id='word_1_196' title='bbox 1435 2777 1528 2832; x_wconf 90' lang='lat' dir='ltr'><strong>llle</strong></span> <span class='ocrx_word' id='word_1_197' title='bbox 1555 2775 1656 2828; x_wconf 92' lang='lat' dir='ltr'><strong>hoc</strong></span> <span class='ocrx_word' id='word_1_198' title='bbox 1678 2769 1811 2825; x_wconf 74' lang='lat' dir='ltr'><strong>dixit</strong></span> <span class='ocrx_word' id='word_1_199' title='bbox 1836 2808 1852 2833; x_wconf 94' lang='lat'><strong>,</strong></span> <span class='ocrx_word' id='word_1_200' title='bbox 1881 2765 1982 2818; x_wconf 89' lang='lat' dir='ltr'><strong>iste</strong></span> <span class='ocrx_word' id='word_1_201' title='bbox 2009 2761 2087 2816; x_wconf 90' lang='lat' dir='ltr'><strong>sic</strong></span> 
     </span>
    </p>
   </div>
   <div class='ocr_carea' id='block_1_27' title="bbox 509 2852 2088 2956">
    <p class='ocr_par' dir='ltr' id='par_1_27' title="bbox 509 2852 2088 2956">
     <span class='ocr_line' id='line_1_29' title="bbox 509 2852 2088 2956; baseline -0.028 -6"><span class='ocrx_word' id='word_1_202' title='bbox 509 2892 771 2956; x_wconf 76' lang='lat' dir='ltr'><strong>detraxit,</strong></span> <span class='ocrx_word' id='word_1_203' title='bbox 798 2901 918 2943; x_wconf 92' lang='lat' dir='ltr'><strong>cum</strong></span> <span class='ocrx_word' id='word_1_204' title='bbox 946 2882 1169 2938; x_wconf 70' lang='lat' dir='ltr'><strong>formsse</strong></span> <span class='ocrx_word' id='word_1_205' title='bbox 1193 2875 1354 2930; x_wconf 88' lang='lat' dir='ltr'><strong>etiam</strong></span> <span class='ocrx_word' id='word_1_206' title='bbox 1380 2868 1446 2923; x_wconf 91' lang='lat' dir='ltr'><strong>ad</strong></span> <span class='ocrx_word' id='word_1_207' title='bbox 1468 2883 1553 2921; x_wconf 91' lang='lat' dir='ltr'><strong>me</strong></span> <span class='ocrx_word' id='word_1_208' title='bbox 1580 2863 1736 2924; x_wconf 83' lang='lat' dir='ltr'><strong>falsa,</strong></span> <span class='ocrx_word' id='word_1_209' title='bbox 1766 2857 1888 2928; x_wconf 83' lang='lat' dir='ltr'><strong>quia</strong></span> <span class='ocrx_word' id='word_1_210' title='bbox 1909 2852 2088 2910; x_wconf 89' lang='lat' dir='ltr'><strong>ethoc</strong></span> 
     </span>
    </p>
   </div>
   <div class='ocr_carea' id='block_1_28' title="bbox 510 2957 2088 3058">
    <p class='ocr_par' dir='ltr' id='par_1_28' title="bbox 510 2957 2088 3058">
     <span class='ocr_line' id='line_1_30' title="bbox 510 2957 2088 3058; baseline -0.027 -20"><span class='ocrx_word' id='word_1_211' title='bbox 510 2995 685 3058; x_wconf 79' lang='lat' dir='ltr'><strong>potest</strong></span> <span class='ocrx_word' id='word_1_212' title='bbox 729 2978 841 3035; x_wconf 79' lang='lat' dir='ltr'><strong>fieri</strong></span> <span class='ocrx_word' id='word_1_213' title='bbox 867 3019 881 3045; x_wconf 98' lang='lat'><strong>,</strong></span> <span class='ocrx_word' id='word_1_214' title='bbox 927 2971 1285 3045; x_wconf 79' lang='lat' dir='ltr'><strong>perferantur.</strong></span> <span class='ocrx_word' id='word_1_215' title='bbox 1333 2961 1714 3015; x_wconf 70' lang='lat' dir='ltr'><strong>Verumtamen</strong></span> <span class='ocrx_word' id='word_1_216' title='bbox 1736 2957 2088 3020; x_wconf 67' lang='lat' dir='ltr'><strong>quaecumque</strong></span> 
     </span>
     <span class='ocr_line' id='line_1_31' title="bbox 1433 3033 2088 3058; baseline -0.026 17"><span class='ocrx_word' id='word_1_217' title='bbox 1433 3049 1482 3058; x_wconf 81' lang='grc'><strong>⁵·</strong></span> <span class='ocrx_word' id='word_1_218' title='bbox 1521 3048 1589 3058; x_wconf 54' lang='grc' dir='ltr'><strong>·⁹ν</strong></span> <span class='ocrx_word' id='word_1_219' title='bbox 1742 3042 1756 3058; x_wconf 81' lang='lat'><strong><em>‘</em></strong></span> <span class='ocrx_word' id='word_1_220' title='bbox 1807 3053 1930 3058; x_wconf 35' lang='lat' dir='ltr'><strong>wn-..</strong></span> <span class='ocrx_word' id='word_1_221' title='bbox 1966 3033 2088 3058; x_wconf 55' lang='lat' dir='ltr'><strong>:‘JA</strong></span> 
     </span>
    </p>
   </div>
   <div class='ocr_carea' id='block_1_29' title="bbox 515 3033 2089 3148">
    <p class='ocr_par' dir='ltr' id='par_1_29' title="bbox 515 3033 2089 3148">
     <span class='ocr_line' id='line_1_32' title="bbox 515 3033 2089 3148; baseline -0.029 -17"><span class='ocrx_word' id='word_1_222' title='bbox 515 3033 710 3148; x_wconf 65' lang='lat' dir='ltr'><strong>perlata</strong></span> <span class='ocrx_word' id='word_1_223' title='bbox 757 3033 950 3124; x_wconf 64' lang='lat' dir='ltr'><strong>fueriui</strong></span> <span class='ocrx_word' id='word_1_224' title='bbox 975 3106 989 3130; x_wconf 88' lang='lat'><strong>,</strong></span> <span class='ocrx_word' id='word_1_225' title='bbox 1037 3061 1083 3118; x_wconf 85' lang='lat' dir='ltr'><strong>si</strong></span> <span class='ocrx_word' id='word_1_226' title='bbox 1126 3065 1374 3128; x_wconf 90' lang='lat' dir='ltr'><strong>oportere</strong></span> <span class='ocrx_word' id='word_1_227' title='bbox 1399 3048 1693 3110; x_wconf 88' lang='lat' dir='ltr'><strong>videbitur,</strong></span> <span class='ocrx_word' id='word_1_228' title='bbox 1742 3042 1931 3110; x_wconf 88' lang='lat' dir='ltr'><strong>loquar</strong></span> <span class='ocrx_word' id='word_1_229' title='bbox 1966 3033 2089 3089; x_wconf 88' lang='lat' dir='ltr'><strong>inde</strong></span> 
     </span>
    </p>
   </div>
   <div class='ocr_carea' id='block_1_30' title="bbox 514 3123 2088 3222">
    <p class='ocr_par' dir='ltr' id='par_1_30' title="bbox 514 3123 2088 3222">
     <span class='ocr_line' id='line_1_33' title="bbox 514 3123 2088 3222; baseline -0.027 -3"><span class='ocrx_word' id='word_1_230' title='bbox 514 3123 766 3222; x_wconf 66' lang='lat' dir='ltr'><strong>illiaritati</strong></span> <span class='ocrx_word' id='word_1_231' title='bbox 809 3167 1022 3214; x_wconf 72' lang='lat' dir='ltr'><strong>vcstrze.</strong></span> <span class='ocrx_word' id='word_1_232' title='bbox 1070 3154 1207 3206; x_wconf 85' lang='lat' dir='ltr'><strong>Ante</strong></span> <span class='ocrx_word' id='word_1_233' title='bbox 1252 3145 1438 3200; x_wconf 87' lang='lat' dir='ltr'><strong>oculos</strong></span> <span class='ocrx_word' id='word_1_234' title='bbox 1473 3146 1682 3194; x_wconf 89' lang='lat' dir='ltr'><strong>vestros</strong></span> <span class='ocrx_word' id='word_1_235' title='bbox 1719 3131 1840 3186; x_wconf 88' lang='lat' dir='ltr'><strong>volo</strong></span> <span class='ocrx_word' id='word_1_236' title='bbox 1885 3128 1954 3182; x_wconf 90' lang='lat' dir='ltr'><strong>sit</strong></span> <span class='ocrx_word' id='word_1_237' title='bbox 1981 3123 2088 3180; x_wconf 88' lang='lat' dir='ltr'><strong>vita</strong></span> 
     </span>
    </p>
   </div>
   <div class='ocr_carea' id='block_1_31' title="bbox 518 3216 2089 3319">
    <p class='ocr_par' dir='ltr' id='par_1_31' title="bbox 518 3216 2089 3319">
     <span class='ocr_line' id='line_1_34' title="bbox 518 3216 2089 3319; baseline -0.031 -5"><span class='ocrx_word' id='word_1_238' title='bbox 518 3265 720 3314; x_wconf 88' lang='lat' dir='ltr'><strong>nostra.</strong></span> <span class='ocrx_word' id='word_1_239' title='bbox 770 3251 894 3306; x_wconf 88' lang='lat' dir='ltr'><strong>Scio</strong></span> <span class='ocrx_word' id='word_1_240' title='bbox 919 3247 1040 3319; x_wconf 89' lang='lat' dir='ltr'><strong>quia</strong></span> <span class='ocrx_word' id='word_1_241' title='bbox 1057 3245 1355 3312; x_wconf 64' lang='lat' dir='ltr'><strong>quaerentes</strong></span> <span class='ocrx_word' id='word_1_242' title='bbox 1383 3231 1652 3288; x_wconf 83' lang='lat' dir='ltr'><strong>licentiam</strong></span> <span class='ocrx_word' id='word_1_243' title='bbox 1679 3223 1819 3280; x_wconf 88' lang='lat' dir='ltr'><strong>male</strong></span> <span class='ocrx_word' id='word_1_244' title='bbox 1843 3216 2089 3282; x_wconf 85' lang='lat' dir='ltr'><strong>faciendi,</strong></span> 
     </span>
    </p>
   </div>
   <div class='ocr_carea' id='block_1_32' title="bbox 519 3309 2089 3424">
    <p class='ocr_par' dir='ltr' id='par_1_32' title="bbox 519 3309 2089 3424">
     <span class='ocr_line' id='line_1_35' title="bbox 519 3309 2089 3424; baseline -0.029 -16"><span class='ocrx_word' id='word_1_245' title='bbox 519 3357 764 3424; x_wconf 65' lang='lat' dir='ltr'><strong>qnazrunt</strong></span> <span class='ocrx_word' id='word_1_246' title='bbox 789 3345 887 3400; x_wconf 90' lang='lat' dir='ltr'><strong>sibi</strong></span> <span class='ocrx_word' id='word_1_247' title='bbox 915 3337 1157 3407; x_wconf 79' lang='lat' dir='ltr'><strong>exempla</strong></span> <span class='ocrx_word' id='word_1_248' title='bbox 1201 3331 1340 3388; x_wconf 90' lang='lat' dir='ltr'><strong>male</strong></span> <span class='ocrx_word' id='word_1_249' title='bbox 1368 3323 1654 3381; x_wconf 86' lang='lat' dir='ltr'><strong>viventium</strong></span> <span class='ocrx_word' id='word_1_250' title='bbox 1675 3359 1690 3384; x_wconf 91' lang='lat'><strong>,</strong></span> <span class='ocrx_word' id='word_1_251' title='bbox 1717 3326 1773 3373; x_wconf 90' lang='lat' dir='ltr'><strong>et</strong></span> <span class='ocrx_word' id='word_1_252' title='bbox 1800 3315 1993 3370; x_wconf 90' lang='lat' dir='ltr'><strong>multos</strong></span> <span class='ocrx_word' id='word_1_253' title='bbox 2015 3309 2089 3363; x_wconf 83' lang='lat' dir='ltr'><strong>in-</strong></span> 
     </span>
     <span class='ocr_line' id='line_1_36' title="bbox 1390 3403 2065 3424; baseline -0.028 9"><span class='ocrx_word' id='word_1_254' title='bbox 1390 3418 1438 3424; x_wconf 85' lang='lat'><strong>--</strong></span> <span class='ocrx_word' id='word_1_255' title='bbox 1687 3410 1700 3424; x_wconf 94' lang='lat'><strong>.</strong></span> <span class='ocrx_word' id='word_1_256' title='bbox 1725 3410 1738 3424; x_wconf 91' lang='lat'><strong>.</strong></span> <span class='ocrx_word' id='word_1_257' title='bbox 1999 3415 2065 3424; x_wconf 52' lang='grc' dir='ltr'>η</span> 
     </span>
    </p>
   </div>
   <div class='ocr_carea' id='block_1_33' title="bbox 522 3403 2094 3502">
    <p class='ocr_par' dir='ltr' id='par_1_33' title="bbox 522 3403 2094 3502">
     <span class='ocr_line' id='line_1_37' title="bbox 522 3403 2094 3502; baseline -0.028 -4"><span class='ocrx_word' id='word_1_258' title='bbox 522 3444 759 3502; x_wconf 83' lang='lat' dir='ltr'><strong>fumant,</strong></span> <span class='ocrx_word' id='word_1_259' title='bbox 791 3444 848 3491; x_wconf 90' lang='lat' dir='ltr'><strong>ut</strong></span> <span class='ocrx_word' id='word_1_260' title='bbox 873 3431 1046 3488; x_wconf 90' lang='lat' dir='ltr'><strong>socios</strong></span> <span class='ocrx_word' id='word_1_261' title='bbox 1065 3426 1332 3483; x_wconf 83' lang='lat' dir='ltr'><strong>invenisse</strong></span> <span class='ocrx_word' id='word_1_262' title='bbox 1353 3418 1653 3475; x_wconf 88' lang='lat' dir='ltr'><strong>videantur.</strong></span> <span class='ocrx_word' id='word_1_263' title='bbox 1687 3410 1808 3465; x_wconf 86' lang='lat' dir='ltr'><strong>Ideo</strong></span> <span class='ocrx_word' id='word_1_264' title='bbox 1833 3403 1972 3476; x_wconf 90' lang='lat' dir='ltr'><strong>quod</strong></span> <span class='ocrx_word' id='word_1_265' title='bbox 1999 3415 2094 3456; x_wconf 87' lang='lat' dir='ltr'><strong>no-</strong></span> 
     </span>
    </p>
   </div>
   <div class='ocr_carea' id='block_1_34' title="bbox 519 3493 2098 3590">
    <p class='ocr_par' dir='ltr' id='par_1_34' title="bbox 519 3493 2098 3590">
     <span class='ocr_line' id='line_1_38' title="bbox 519 3493 2098 3590; baseline -0.028 -1"><span class='ocrx_word' id='word_1_266' title='bbox 519 3545 685 3589; x_wconf 86' lang='lat' dir='ltr'><strong>strnm</strong></span> <span class='ocrx_word' id='word_1_267' title='bbox 715 3493 833 3590; x_wconf 79' lang='lat' dir='ltr'><strong>est,</strong></span> <span class='ocrx_word' id='word_1_268' title='bbox 885 3523 1107 3580; x_wconf 87' lang='lat' dir='ltr'><strong>fecimus</strong></span> <span class='ocrx_word' id='word_1_269' title='bbox 1135 3535 1149 3571; x_wconf 91' lang='lat'>:</span> <span class='ocrx_word' id='word_1_270' title='bbox 1182 3517 1302 3588; x_wconf 86' lang='lat' dir='ltr'><strong>plus</strong></span> <span class='ocrx_word' id='word_1_271' title='bbox 1327 3509 1453 3582; x_wconf 92' lang='lat' dir='ltr'><strong>quid</strong></span> <span class='ocrx_word' id='word_1_272' title='bbox 1489 3505 1743 3562; x_wconf 87' lang='lat' dir='ltr'><strong>faciamus</strong></span> <span class='ocrx_word' id='word_1_273' title='bbox 1762 3541 1776 3566; x_wconf 95' lang='lat'><strong>,</strong></span> <span class='ocrx_word' id='word_1_274' title='bbox 1807 3513 1911 3552; x_wconf 92' lang='lat' dir='ltr'><strong>non</strong></span> <span class='ocrx_word' id='word_1_275' title='bbox 1934 3493 2098 3548; x_wconf 84' lang='lat' dir='ltr'><strong>habe-</strong></span> 
     </span>
    </p>
   </div>
   <div class='ocr_carea' id='block_1_35' title="bbox 522 3585 2098 3684">
    <p class='ocr_par' dir='ltr' id='par_1_35' title="bbox 522 3585 2098 3684">
     <span class='ocr_line' id='line_1_39' title="bbox 522 3585 2098 3684; baseline -0.028 -1"><span class='ocrx_word' id='word_1_276' title='bbox 522 3643 659 3684; x_wconf 87' lang='lat' dir='ltr'><strong>mus.</strong></span> <span class='ocrx_word' id='word_1_277' title='bbox 709 3625 845 3677; x_wconf 85' lang='lat' dir='ltr'><strong>Ante</strong></span> <span class='ocrx_word' id='word_1_278' title='bbox 871 3615 1054 3673; x_wconf 88' lang='lat' dir='ltr'><strong>oculos</strong></span> <span class='ocrx_word' id='word_1_279' title='bbox 1077 3619 1285 3667; x_wconf 89' lang='lat' dir='ltr'><strong>vestros</strong></span> <span class='ocrx_word' id='word_1_280' title='bbox 1309 3616 1512 3660; x_wconf 87' lang='lat' dir='ltr'><strong>sumus.</strong></span> <span class='ocrx_word' id='word_1_281' title='bbox 1550 3597 1756 3654; x_wconf 84' lang='lat' dir='ltr'><strong>Nullius</strong></span> <span class='ocrx_word' id='word_1_282' title='bbox 1781 3587 1977 3662; x_wconf 89' lang='lat' dir='ltr'><strong>aliquid</strong></span> <span class='ocrx_word' id='word_1_283' title='bbox 2003 3585 2098 3642; x_wconf 83' lang='lat' dir='ltr'><strong>dc-</strong></span> 
     </span>
    </p>
   </div>
   <div class='ocr_carea' id='block_1_36' title="bbox 524 3706 1548 3776">
    <p class='ocr_par' dir='ltr' id='par_1_36' title="bbox 524 3706 1548 3776">
     <span class='ocr_line' id='line_1_40' title="bbox 524 3706 1548 3776; baseline -0.024 -3"><span class='ocrx_word' id='word_1_284' title='bbox 524 3719 839 3776; x_wconf 86' lang='lat' dir='ltr'><strong>sideramus,</strong></span> <span class='ocrx_word' id='word_1_285' title='bbox 869 3709 968 3764; x_wconf 89' lang='lat' dir='ltr'><strong>nisi</strong></span> <span class='ocrx_word' id='word_1_286' title='bbox 995 3707 1135 3761; x_wconf 88' lang='lat' dir='ltr'><strong>bona</strong></span> <span class='ocrx_word' id='word_1_287' title='bbox 1165 3715 1327 3772; x_wconf 89' lang='lat' dir='ltr'><strong>opera</strong></span> <span class='ocrx_word' id='word_1_288' title='bbox 1351 3706 1548 3752; x_wconf 90' lang='lat' dir='ltr'><strong>vestra.</strong></span> 
     </span>
    </p>
   </div>
   <div class='ocr_carea' id='block_1_37' title="bbox 601 3766 2104 3859">
    <p class='ocr_par' dir='ltr' id='par_1_37' title="bbox 601 3766 2104 3859">
     <span class='ocr_line' id='line_1_41' title="bbox 601 3766 2104 3859; baseline -0.026 0"><span class='ocrx_word' id='word_1_289' title='bbox 601 3807 688 3859; x_wconf 69' lang='lat'><strong>1&#39;5.</strong></span> <span class='ocrx_word' id='word_1_290' title='bbox 739 3801 805 3854; x_wconf 87' lang='lat' dir='ltr'><strong>In</strong></span> <span class='ocrx_word' id='word_1_291' title='bbox 844 3807 1156 3852; x_wconf 79' lang='lat' dir='ltr'><strong>communem</strong></span> <span class='ocrx_word' id='word_1_292' title='bbox 1189 3804 1335 3842; x_wconf 78' lang='lat' dir='ltr'><strong>usum</strong></span> <span class='ocrx_word' id='word_1_293' title='bbox 1370 3785 1542 3839; x_wconf 82' lang='lat' dir='ltr'><strong>cedere</strong></span> <span class='ocrx_word' id='word_1_294' title='bbox 1579 3778 1714 3841; x_wconf 75' lang='lat' dir='ltr'><strong>vult,</strong></span> <span class='ocrx_word' id='word_1_295' title='bbox 1759 3788 1873 3845; x_wconf 75' lang='lat' dir='ltr'><strong>qua:</strong></span> <span class='ocrx_word' id='word_1_296' title='bbox 1911 3766 2104 3825; x_wconf 74' lang='lat' dir='ltr'><strong>clericis</strong></span> 
     </span>
    </p>
   </div>
   <div class='ocr_carea' id='block_1_38' title="bbox 531 3861 2106 3960">
    <p class='ocr_par' dir='ltr' id='par_1_38' title="bbox 531 3861 2106 3960">
     <span class='ocr_line' id='line_1_42' title="bbox 531 3861 2106 3960; baseline -0.025 -9"><span class='ocrx_word' id='word_1_297' title='bbox 531 3898 634 3951; x_wconf 74' lang='lat' dir='ltr'><strong>suis</strong></span> <span class='ocrx_word' id='word_1_298' title='bbox 660 3891 940 3960; x_wconf 74' lang='lat' dir='ltr'><strong>oﬂ&#39;eruntur</strong></span> <span class='ocrx_word' id='word_1_299' title='bbox 968 3901 1000 3938; x_wconf 90' lang='lat' dir='ltr'><strong>a</strong></span> <span class='ocrx_word' id='word_1_300' title='bbox 1027 3879 1278 3953; x_wconf 76' lang='lat' dir='ltr'><strong>ﬁdelibus.</strong></span> <span class='ocrx_word' id='word_1_301' title='bbox 1319 3871 1584 3945; x_wconf 77' lang='lat' dir='ltr'><strong>Augustini</strong></span> <span class='ocrx_word' id='word_1_302' title='bbox 1609 3865 1872 3922; x_wconf 77' lang='lat' dir='ltr'><strong>modestia.</strong></span> <span class='ocrx_word' id='word_1_303' title='bbox 1921 3861 1988 3916; x_wconf 86' lang='lat' dir='ltr'><strong>Et</strong></span> <span class='ocrx_word' id='word_1_304' title='bbox 2012 3870 2106 3912; x_wconf 86' lang='lat' dir='ltr'><strong>vos</strong></span> 
     </span>
    </p>
   </div>
   <div class='ocr_carea' id='block_1_39' title="bbox 537 3949 2104 4044">
    <p class='ocr_par' dir='ltr' id='par_1_39' title="bbox 537 3949 2104 4044">
     <span class='ocr_line' id='line_1_43' title="bbox 537 3949 2104 4044; baseline -0.027 -2"><span class='ocrx_word' id='word_1_305' title='bbox 537 3949 811 4044; x_wconf 74' lang='lat' dir='ltr'><strong>exhortor,</strong></span> <span class='ocrx_word' id='word_1_306' title='bbox 838 3949 1036 4032; x_wconf 73' lang='lat' dir='ltr'><strong>fratres</strong></span> <span class='ocrx_word' id='word_1_307' title='bbox 1055 3970 1156 4026; x_wconf 92' lang='lat' dir='ltr'><strong>mei</strong></span> <span class='ocrx_word' id='word_1_308' title='bbox 1182 4007 1198 4033; x_wconf 87' lang='lat'><strong>,</strong></span> <span class='ocrx_word' id='word_1_309' title='bbox 1234 3966 1281 4022; x_wconf 84' lang='lat' dir='ltr'><strong>si</strong></span> <span class='ocrx_word' id='word_1_310' title='bbox 1310 3961 1508 4033; x_wconf 87' lang='lat' dir='ltr'><strong>aliquid</strong></span> <span class='ocrx_word' id='word_1_311' title='bbox 1537 3958 1695 4014; x_wconf 85' lang='lat' dir='ltr'><strong>vultis</strong></span> <span class='ocrx_word' id='word_1_312' title='bbox 1726 3952 1932 4009; x_wconf 90' lang='lat' dir='ltr'><strong>clericis</strong></span> <span class='ocrx_word' id='word_1_313' title='bbox 1956 3949 2104 4010; x_wconf 87' lang='lat' dir='ltr'><strong>dare,</strong></span> 
     </span>
    </p>
   </div>
   <div class='ocr_carea' id='block_1_40' title="bbox 534 4041 2110 4142">
    <p class='ocr_par' dir='ltr' id='par_1_40' title="bbox 534 4041 2110 4142">
     <span class='ocr_line' id='line_1_44' title="bbox 534 4041 2110 4142; baseline -0.027 -8"><span class='ocrx_word' id='word_1_314' title='bbox 534 4077 712 4134; x_wconf 85' lang='lat' dir='ltr'><strong>sciatis</strong></span> <span class='ocrx_word' id='word_1_315' title='bbox 755 4071 874 4142; x_wconf 91' lang='lat' dir='ltr'><strong>quia</strong></span> <span class='ocrx_word' id='word_1_316' title='bbox 939 4080 1044 4121; x_wconf 91' lang='lat' dir='ltr'><strong>non</strong></span> <span class='ocrx_word' id='word_1_317' title='bbox 1089 4059 1297 4117; x_wconf 87' lang='lat' dir='ltr'><strong>debetis</strong></span> <span class='ocrx_word' id='word_1_318' title='bbox 1332 4055 1482 4125; x_wconf 89' lang='lat' dir='ltr'><strong>quasi</strong></span> <span class='ocrx_word' id='word_1_319' title='bbox 1523 4051 1650 4106; x_wconf 90' lang='lat' dir='ltr'><strong>vitia</strong></span> <span class='ocrx_word' id='word_1_320' title='bbox 1689 4060 1874 4102; x_wconf 78' lang='lat' dir='ltr'><strong>eorum</strong></span> <span class='ocrx_word' id='word_1_321' title='bbox 1931 4041 2110 4094; x_wconf 81' lang='lat' dir='ltr'><strong>fovere</strong></span> 
     </span>
    </p>
   </div>
   <div class='ocr_carea' id='block_1_41' title="bbox 536 4129 2112 4226">
    <p class='ocr_par' dir='ltr' id='par_1_41' title="bbox 536 4129 2112 4226">
     <span class='ocr_line' id='line_1_45' title="bbox 536 4129 2112 4226; baseline -0.027 0"><span class='ocrx_word' id='word_1_322' title='bbox 536 4181 721 4226; x_wconf 90' lang='lat' dir='ltr'><strong>contra</strong></span> <span class='ocrx_word' id='word_1_323' title='bbox 747 4179 853 4220; x_wconf 88' lang='lat' dir='ltr'><strong>me.</strong></span> <span class='ocrx_word' id='word_1_324' title='bbox 899 4157 1158 4216; x_wconf 79' lang='lat' dir='ltr'><strong>Omnibus</strong></span> <span class='ocrx_word' id='word_1_325' title='bbox 1183 4151 1371 4206; x_wconf 69' lang='lat' dir='ltr'><strong>offerte</strong></span> <span class='ocrx_word' id='word_1_326' title='bbox 1408 4143 1549 4216; x_wconf 91' lang='lat' dir='ltr'><strong>quod</strong></span> <span class='ocrx_word' id='word_1_327' title='bbox 1590 4139 1747 4194; x_wconf 84' lang='lat' dir='ltr'><strong>vultis</strong></span> <span class='ocrx_word' id='word_1_328' title='bbox 1770 4178 1786 4202; x_wconf 90' lang='lat'><strong>,</strong></span> <span class='ocrx_word' id='word_1_329' title='bbox 1835 4133 2020 4188; x_wconf 81' lang='lat' dir='ltr'><strong>oli&#39;erte</strong></span> <span class='ocrx_word' id='word_1_330' title='bbox 2045 4129 2112 4184; x_wconf 91' lang='lat' dir='ltr'><strong>de</strong></span> 
     </span>
    </p>
   </div>
   <div class='ocr_carea' id='block_1_42' title="bbox 537 4227 2114 4318">
    <p class='ocr_par' dir='ltr' id='par_1_42' title="bbox 537 4227 2114 4318">
     <span class='ocr_line' id='line_1_46' title="bbox 537 4227 2114 4318; baseline -0.026 -2"><span class='ocrx_word' id='word_1_331' title='bbox 537 4265 812 4318; x_wconf 81' lang='lat' dir='ltr'><strong>voluntate</strong></span> <span class='ocrx_word' id='word_1_332' title='bbox 853 4262 1050 4309; x_wconf 88' lang='lat' dir='ltr'><strong>vestra.</strong></span> <span class='ocrx_word' id='word_1_333' title='bbox 1096 4245 1248 4317; x_wconf 85' lang='lat' dir='ltr'><strong>Quod</strong></span> <span class='ocrx_word' id='word_1_334' title='bbox 1277 4251 1562 4299; x_wconf 85' lang='lat' dir='ltr'><strong>commune</strong></span> <span class='ocrx_word' id='word_1_335' title='bbox 1585 4234 1724 4296; x_wconf 89' lang='lat' dir='ltr'><strong>erit,</strong></span> <span class='ocrx_word' id='word_1_336' title='bbox 1769 4227 2114 4284; x_wconf 87' lang='lat' dir='ltr'><strong>distribuelur</strong></span> 
     </span>
    </p>
   </div>
   <div class='ocr_carea' id='block_1_43' title="bbox 542 4319 2114 4422">
    <p class='ocr_par' dir='ltr' id='par_1_43' title="bbox 542 4319 2114 4422">
     <span class='ocr_line' id='line_1_47' title="bbox 542 4319 2114 4422; baseline -0.029 -10"><span class='ocrx_word' id='word_1_337' title='bbox 542 4353 824 4422; x_wconf 86' lang='lat' dir='ltr'><strong>unicuique</strong></span> <span class='ocrx_word' id='word_1_338' title='bbox 850 4348 987 4402; x_wconf 86' lang='lat' dir='ltr'><strong>sicut</strong></span> <span class='ocrx_word' id='word_1_339' title='bbox 1009 4343 1202 4410; x_wconf 88' lang='lat' dir='ltr'><strong>cuique</strong></span> <span class='ocrx_word' id='word_1_340' title='bbox 1229 4349 1362 4408; x_wconf 91' lang='lat' dir='ltr'><strong>opus</strong></span> <span class='ocrx_word' id='word_1_341' title='bbox 1391 4332 1512 4389; x_wconf 86' lang='lat' dir='ltr'><strong>erit.</strong></span> <span class='ocrx_word' id='word_1_342' title='bbox 1555 4319 1998 4395; x_wconf 84' lang='lat' dir='ltr'><strong>Gazophylacium</strong></span> <span class='ocrx_word' id='word_1_343' title='bbox 2036 4323 2114 4369; x_wconf 84' lang='lat' dir='ltr'><strong>at-</strong></span> 
     </span>
    </p>
   </div>
   <div class='ocr_carea' id='block_1_44' title="bbox 542 4408 2115 4512">
    <p class='ocr_par' dir='ltr' id='par_1_44' title="bbox 542 4408 2115 4512">
     <span class='ocr_line' id='line_1_48' title="bbox 542 4408 2115 4512; baseline -0.027 -8"><span class='ocrx_word' id='word_1_344' title='bbox 542 4408 782 4512; x_wconf 50' lang='lat' dir='ltr'><strong>tendite&#39;,</strong></span> <span class='ocrx_word' id='word_1_345' title='bbox 823 4450 876 4498; x_wconf 91' lang='lat' dir='ltr'><strong>et</strong></span> <span class='ocrx_word' id='word_1_346' title='bbox 901 4451 1085 4495; x_wconf 86' lang='lat' dir='ltr'><strong>omnes</strong></span> <span class='ocrx_word' id='word_1_347' title='bbox 1115 4408 1447 4487; x_wconf 86' lang='lat' dir='ltr'><strong>habebimus.</strong></span> <span class='ocrx_word' id='word_1_348' title='bbox 1481 4421 1642 4476; x_wconf 85' lang='lat' dir='ltr'><strong>Valde</strong></span> <span class='ocrx_word' id='word_1_349' title='bbox 1664 4433 1750 4473; x_wconf 90' lang='lat' dir='ltr'><strong>me</strong></span> <span class='ocrx_word' id='word_1_350' title='bbox 1776 4415 2007 4472; x_wconf 90' lang='lat' dir='ltr'><strong>delectat</strong></span> <span class='ocrx_word' id='word_1_351' title='bbox 2029 4451 2044 4475; x_wconf 91' lang='lat'><strong>,</strong></span> <span class='ocrx_word' id='word_1_352' title='bbox 2072 4408 2115 4463; x_wconf 91' lang='lat' dir='ltr'><strong>si</strong></span> 
     </span>
    </p>
   </div>
   <div class='ocr_carea' id='block_1_45' title="bbox 542 4505 2116 4614">
    <p class='ocr_par' dir='ltr' id='par_1_45' title="bbox 542 4505 2116 4614">
     <span class='ocr_line' id='line_1_49' title="bbox 542 4505 2116 4614; baseline -0.029 -16"><span class='ocrx_word' id='word_1_353' title='bbox 542 4545 717 4614; x_wconf 88' lang='lat' dir='ltr'><strong>ipsum</strong></span> <span class='ocrx_word' id='word_1_354' title='bbox 749 4533 903 4591; x_wconf 85' lang='lat' dir='ltr'><strong>fuerit</strong></span> <span class='ocrx_word' id='word_1_355' title='bbox 934 4540 1171 4600; x_wconf 71' lang='lat' dir='ltr'><strong>prmsepe</strong></span> <span class='ocrx_word' id='word_1_356' title='bbox 1201 4528 1460 4579; x_wconf 89' lang='lat' dir='ltr'><strong>nostrum,</strong></span> <span class='ocrx_word' id='word_1_357' title='bbox 1489 4522 1548 4568; x_wconf 92' lang='lat' dir='ltr'><strong>ut</strong></span> <span class='ocrx_word' id='word_1_358' title='bbox 1571 4524 1668 4566; x_wconf 91' lang='lat' dir='ltr'><strong>nos</strong></span> <span class='ocrx_word' id='word_1_359' title='bbox 1695 4509 1860 4564; x_wconf 89' lang='lat' dir='ltr'><strong>simus</strong></span> <span class='ocrx_word' id='word_1_360' title='bbox 1882 4505 2116 4574; x_wconf 76' lang='lat' dir='ltr'><strong>iumenta</strong></span> 
     </span>
    </p>
   </div>
   <div class='ocr_carea' id='block_1_46' title="bbox 545 4597 2117 4698">
    <p class='ocr_par' dir='ltr' id='par_1_46' title="bbox 545 4597 2117 4698">
     <span class='ocr_line' id='line_1_50' title="bbox 545 4597 2117 4698; baseline -0.029 -8"><span class='ocrx_word' id='word_1_361' title='bbox 545 4597 674 4698; x_wconf 68' lang='lat' dir='ltr'><strong>Dei,</strong></span> <span class='ocrx_word' id='word_1_362' title='bbox 705 4643 801 4685; x_wconf 88' lang='lat' dir='ltr'><strong>vos</strong></span> <span class='ocrx_word' id='word_1_363' title='bbox 842 4597 968 4696; x_wconf 81' lang='lat' dir='ltr'><strong>ager</strong></span> <span class='ocrx_word' id='word_1_364' title='bbox 1011 4618 1128 4675; x_wconf 89' lang='lat' dir='ltr'><strong>Dei.</strong></span> <span class='ocrx_word' id='word_1_365' title='bbox 1178 4614 1344 4669; x_wconf 79' lang='lat' dir='ltr'><strong>Nemo</strong></span> <span class='ocrx_word' id='word_1_366' title='bbox 1370 4609 1460 4664; x_wconf 90' lang='lat' dir='ltr'><strong>det</strong></span> <span class='ocrx_word' id='word_1_367' title='bbox 1484 4603 1770 4677; x_wconf 84' lang='lat' dir='ltr'><strong>byrrhum,</strong></span> <span class='ocrx_word' id='word_1_368' title='bbox 1816 4598 1900 4653; x_wconf 87' lang='lat' dir='ltr'><strong>vel</strong></span> <span class='ocrx_word' id='word_1_369' title='bbox 1926 4597 2117 4650; x_wconf 86' lang='lat' dir='ltr'><strong>lineam</strong></span> 
     </span>
    </p>
   </div>
   <div class='ocr_carea' id='block_1_47' title="bbox 546 4691 2120 4785">
    <p class='ocr_par' dir='ltr' id='par_1_47' title="bbox 546 4691 2120 4785">
     <span class='ocr_line' id='line_1_51' title="bbox 546 4691 2120 4785; baseline -0.027 -2"><span class='ocrx_word' id='word_1_370' title='bbox 546 4727 780 4782; x_wconf 87' lang='lat' dir='ltr'><strong>tunicam</strong></span> <span class='ocrx_word' id='word_1_371' title='bbox 802 4761 816 4785; x_wconf 90' lang='lat'><strong>,</strong></span> <span class='ocrx_word' id='word_1_372' title='bbox 847 4731 941 4773; x_wconf 88' lang='lat' dir='ltr'><strong>seu</strong></span> <span class='ocrx_word' id='word_1_373' title='bbox 968 4707 1164 4782; x_wconf 85' lang='lat' dir='ltr'><strong>aliquid</strong></span> <span class='ocrx_word' id='word_1_374' title='bbox 1190 4747 1205 4775; x_wconf 94' lang='lat'><strong>,</strong></span> <span class='ocrx_word' id='word_1_375' title='bbox 1251 4703 1353 4760; x_wconf 88' lang='lat' dir='ltr'><strong>nisi</strong></span> <span class='ocrx_word' id='word_1_376' title='bbox 1383 4702 1436 4756; x_wconf 91' lang='lat' dir='ltr'><strong>in</strong></span> <span class='ocrx_word' id='word_1_377' title='bbox 1473 4710 1754 4755; x_wconf 90' lang='lat' dir='ltr'><strong>commune</strong></span> <span class='ocrx_word' id='word_1_378' title='bbox 1778 4695 1799 4727; x_wconf 82' lang='grc'>³</span> <span class='ocrx_word' id='word_1_379' title='bbox 1829 4709 1842 4746; x_wconf 91' lang='lat'>:</span> <span class='ocrx_word' id='word_1_380' title='bbox 1873 4691 1941 4746; x_wconf 90' lang='lat' dir='ltr'><strong>de</strong></span> <span class='ocrx_word' id='word_1_381' title='bbox 1974 4703 2120 4744; x_wconf 89' lang='lat' dir='ltr'><strong>eom-</strong></span> 
     </span>
    </p>
   </div>
   <div class='ocr_carea' id='block_1_48' title="bbox 613 4837 2123 4924">
    <p class='ocr_par' dir='ltr' id='par_1_48' title="bbox 613 4837 2123 4924">
     <span class='ocr_line' id='line_1_52' title="bbox 613 4837 2123 4924; baseline -0.026 2"><span class='ocrx_word' id='word_1_382' title='bbox 613 4879 630 4908; x_wconf 75' lang='grc'>³</span> <span class='ocrx_word' id='word_1_383' title='bbox 663 4877 734 4924; x_wconf 74' lang='lat' dir='ltr'><strong>sic</strong></span> <span class='ocrx_word' id='word_1_384' title='bbox 753 4881 860 4921; x_wconf 75' lang='lat' dir='ltr'><strong>uss.</strong></span> <span class='ocrx_word' id='word_1_385' title='bbox 879 4876 934 4918; x_wconf 72' lang='lat' dir='ltr'><strong>At</strong></span> <span class='ocrx_word' id='word_1_386' title='bbox 956 4864 1092 4924; x_wconf 87' lang='lat' dir='ltr'><strong>editi,</strong></span> <span class='ocrx_word' id='word_1_387' title='bbox 1118 4873 1213 4924; x_wconf 83' lang='lat' dir='ltr'><strong>non</strong></span> <span class='ocrx_word' id='word_1_388' title='bbox 1233 4855 1358 4909; x_wconf 74' lang='lat' dir='ltr'><strong>vobis</strong></span> <span class='ocrx_word' id='word_1_389' title='bbox 1379 4849 1678 4924; x_wconf 63' lang='lat' dir='ltr'><strong>credentibus</strong></span> <span class='ocrx_word' id='word_1_390' title='bbox 1694 4839 1982 4924; x_wconf 50' lang='lat' dir='ltr'><strong>prabgteris</strong></span> 
     </span>
    </p>
   </div>
   <div class='ocr_carea' id='block_1_49' title="bbox 511 4905 2126 4986">
    <p class='ocr_par' dir='ltr' id='par_1_49' title="bbox 511 4905 2126 4986">
     <span class='ocr_line' id='line_1_53' title="bbox 511 4905 2126 4986; baseline -0.023 0"><span class='ocrx_word' id='word_1_391' title='bbox 511 4929 518 4960; x_wconf 79' lang='grc'><strong><em>⁵</em></strong></span> <span class='ocrx_word' id='word_1_392' title='bbox 613 4940 634 4968; x_wconf 71' lang='grc'>¹</span> <span class='ocrx_word' id='word_1_393' title='bbox 1232 4905 1373 4986; x_wconf 52' lang='lat' dir='ltr'><strong>nemo</strong></span> <span class='ocrx_word' id='word_1_394' title='bbox 1401 4915 1481 4986; x_wconf 59' lang='grc' dir='ltr'><strong>(ζει</strong></span> <span class='ocrx_word' id='word_1_395' title='bbox 1505 4905 1767 4986; x_wconf 56' lang='grc' dir='ltr'><strong>Δδεμ-ιἸιιξιῃ,</strong></span> <span class='ocrx_word' id='word_1_396' title='bbox 1799 4905 1976 4986; x_wconf 51' lang='lat' dir='ltr'><strong>tineam</strong></span> <span class='ocrx_word' id='word_1_397' title='bbox 1997 4905 2126 4986; x_wconf 54' lang='lat' dir='ltr'><strong>tuni-</strong></span> 
     </span>
    </p>
   </div>
   <div class='ocr_carea' id='block_1_50' title="bbox 493 4963 2129 5053">
    <p class='ocr_par' dir='ltr' id='par_1_50' title="bbox 493 4963 2129 5053">
     <span class='ocr_line' id='line_1_54' title="bbox 493 4963 2129 5053; baseline -0.024 -4"><span class='ocrx_word' id='word_1_398' title='bbox 493 5045 495 5048; x_wconf 93' lang='lat'><strong>.</strong></span> <span class='ocrx_word' id='word_1_399' title='bbox 1153 4963 1454 5053; x_wconf 31' lang='lat' dir='ltr'><strong>omisso—(ecl,</strong></span> <span class='ocrx_word' id='word_1_400' title='bbox 1468 4963 1643 5053; x_wconf 42' lang='lat' dir='ltr'><strong>etnvseu</strong></span> <span class='ocrx_word' id='word_1_401' title='bbox 1661 4963 1862 5043; x_wconf 58' lang='lat' dir='ltr'><strong>aliauid.</strong></span> <span class='ocrx_word' id='word_1_402' title='bbox 1885 4963 2129 5053; x_wconf 54' lang='lat' dir='ltr'><strong>Pyrrhum</strong></span> 
     </span>
    </p>
   </div>
   <div class='ocr_carea' id='block_1_51' title="bbox 514 5033 2130 5119">
    <p class='ocr_par' dir='ltr' id='par_1_51' title="bbox 514 5033 2130 5119">
     <span class='ocr_line' id='line_1_55' title="bbox 514 5033 2130 5119; baseline -0.024 -8"><span class='ocrx_word' id='word_1_403' title='bbox 514 5085 518 5092; x_wconf 66' lang='grc' dir='ltr'><strong><em>ν</em></strong></span> <span class='ocrx_word' id='word_1_404' title='bbox 554 5033 1217 5119; x_wconf 56' lang='grc' dir='ltr'><strong>Ῑῖεξῖυἶίῦίέῦξῖ</strong></span> <span class='ocrx_word' id='word_1_405' title='bbox 1245 5033 1424 5119; x_wconf 66' lang='lat' dir='ltr'><strong>pilenta</strong></span> <span class='ocrx_word' id='word_1_406' title='bbox 1445 5033 1642 5086; x_wconf 87' lang='lat' dir='ltr'><strong>rubrum</strong></span> <span class='ocrx_word' id='word_1_407' title='bbox 1659 5034 1884 5119; x_wconf 57' lang='lat' dir='ltr'><strong>epispopp</strong></span> <span class='ocrx_word' id='word_1_408' title='bbox 1899 5033 2130 5119; x_wconf 62' lang='lat' dir='ltr'><strong>u&#39;sitatum</strong></span> 
     </span>
     <span class='ocr_line' id='line_1_56' title="bbox 1320 5099 2130 5119; baseline -0.023 14"><span class='ocrx_word' id='word_1_409' title='bbox 1320 5111 1344 5119; x_wconf 82' lang='lat'><strong>&quot;</strong></span> <span class='ocrx_word' id='word_1_410' title='bbox 1366 5117 1376 5119; x_wconf 94' lang='grc'><strong>-</strong></span> <span class='ocrx_word' id='word_1_411' title='bbox 1393 5116 1414 5119; x_wconf 56' lang='grc' dir='ltr'><strong>ν-</strong></span> <span class='ocrx_word' id='word_1_412' title='bbox 1471 5108 1482 5119; x_wconf 71' lang='grc'><strong>⁸</strong></span> <span class='ocrx_word' id='word_1_413' title='bbox 1497 5111 1560 5119; x_wconf 86' lang='grc'><strong>-·--</strong></span> <span class='ocrx_word' id='word_1_414' title='bbox 1625 5103 1721 5119; x_wconf 65' lang='lat' dir='ltr'><strong>“nn</strong></span> <span class='ocrx_word' id='word_1_415' title='bbox 1864 5099 1920 5119; x_wconf 73' lang='grc' dir='ltr'><strong>ἰ),</strong></span> <span class='ocrx_word' id='word_1_416' title='bbox 1965 5099 2130 5119; x_wconf 63' lang='lat' dir='ltr'><strong>unt-&quot;lg</strong></span> 
     </span>
    </p>
   </div>
   <div class='ocr_carea' id='block_1_52' title="bbox 555 5088 2131 5179">
    <p class='ocr_par' dir='ltr' id='par_1_52' title="bbox 555 5088 2131 5179">
     <span class='ocr_line' id='line_1_57' title="bbox 555 5088 2131 5179; baseline -0.025 -7"><span class='ocrx_word' id='word_1_417' title='bbox 555 5088 1306 5179; x_wconf 20' lang='lat' dir='ltr'><strong>.?£ei,ati§f§éii§dﬁ’al1&quot;</strong></span> <span class='ocrx_word' id='word_1_418' title='bbox 1320 5088 1433 5174; x_wconf 59' lang='grc' dir='ltr'><strong>ᾖδε.</strong></span> <span class='ocrx_word' id='word_1_419' title='bbox 1453 5108 1600 5179; x_wconf 35' lang='lat' dir='ltr'><strong>aug...</strong></span> <span class='ocrx_word' id='word_1_420' title='bbox 1625 5088 1756 5179; x_wconf 41' lang='lat' dir='ltr'><strong>tom;-</strong></span> <span class='ocrx_word' id='word_1_421' title='bbox 1769 5093 1786 5140; x_wconf 84' lang='grc'><strong>1</strong></span> <span class='ocrx_word' id='word_1_422' title='bbox 1800 5127 1811 5139; x_wconf 93' lang='grc'><strong>.</strong></span> <span class='ocrx_word' id='word_1_423' title='bbox 1826 5088 1939 5179; x_wconf 49' lang='grc' dir='ltr'><strong>ξω</strong></span> <span class='ocrx_word' id='word_1_424' title='bbox 1965 5088 2131 5179; x_wconf 52' lang='lat' dir='ltr'><strong>verius</strong></span> 
     </span>
     <span class='ocr_line' id='line_1_58' title="bbox 1105 5159 2067 5179; baseline -0.024 23"><span class='ocrx_word' id='word_1_425' title='bbox 1105 5177 1111 5179; x_wconf 82' lang='grc'><strong><em>“</em></strong></span> <span class='ocrx_word' id='word_1_426' title='bbox 1311 5178 1324 5179; x_wconf 42' lang='grc' dir='ltr'><em>η</em></span> <span class='ocrx_word' id='word_1_427' title='bbox 1340 5177 1409 5179; x_wconf 41' lang='grc' dir='ltr'><em>’νην</em></span> <span class='ocrx_word' id='word_1_428' title='bbox 1431 5168 1464 5179; x_wconf 77' lang='grc'><strong>⁸-</strong></span> <span class='ocrx_word' id='word_1_429' title='bbox 1509 5172 1547 5179; x_wconf 66' lang='grc' dir='ltr'><strong>-λ</strong></span> <span class='ocrx_word' id='word_1_430' title='bbox 1569 5163 1664 5179; x_wconf 63' lang='grc' dir='ltr'><strong>ιιι-ε·</strong></span> <span class='ocrx_word' id='word_1_431' title='bbox 1761 5166 1827 5179; x_wconf 72' lang='grc' dir='ltr'>ί-ιι</span> <span class='ocrx_word' id='word_1_432' title='bbox 1868 5163 1941 5179; x_wconf 69' lang='grc' dir='ltr'><strong>ιον-ι</strong></span> <span class='ocrx_word' id='word_1_433' title='bbox 2022 5159 2067 5179; x_wconf 68' lang='lat' dir='ltr'><strong>VII</strong></span> 
     </span>
    </p>
   </div>
   <div class='ocr_carea' id='block_1_53' title="bbox 555 5147 2132 5234">
    <p class='ocr_par' dir='ltr' id='par_1_53' title="bbox 555 5147 2132 5234">
     <span class='ocr_line' id='line_1_59' title="bbox 555 5147 2132 5234; baseline -0.029 0"><span class='ocrx_word' id='word_1_434' title='bbox 555 5147 906 5234; x_wconf 50' lang='lat'><strong>335$</strong></span> <span class='ocrx_word' id='word_1_435' title='bbox 920 5147 1467 5234; x_wconf 45' lang='grc' dir='ltr'><strong>ἇῖὶἶῖωξίωῶᾦῖυῇἥιιὶ</strong></span> <span class='ocrx_word' id='word_1_436' title='bbox 1490 5147 1687 5234; x_wconf 70' lang='lat' dir='ltr'><strong>haheat,</strong></span> <span class='ocrx_word' id='word_1_437' title='bbox 1713 5153 1960 5234; x_wconf 51' lang='lat' dir='ltr'><strong>mirrhun‘t.</strong></span> <span class='ocrx_word' id='word_1_438' title='bbox 1999 5147 2132 5234; x_wconf 85' lang='lat' dir='ltr'><strong>t</strong></span> 
     </span>
    </p>
   </div>
   <div class='ocr_carea' id='block_1_54' title="bbox 557 5209 2134 5295">
    <p class='ocr_par' dir='ltr' id='par_1_54' title="bbox 557 5209 2134 5295">
     <span class='ocr_line' id='line_1_60' title="bbox 557 5209 2134 5295; baseline -0.025 0"><span class='ocrx_word' id='word_1_439' title='bbox 913 5209 1418 5295; x_wconf 50' lang='lat' dir='ltr'><strong>EE:&#39;£.iuiti{éié€iE§té</strong></span> <span class='ocrx_word' id='word_1_440' title='bbox 1573 5225 1657 5268; x_wconf 85' lang='lat' dir='ltr'><strong>aut</strong></span> <span class='ocrx_word' id='word_1_441' title='bbox 1675 5209 1684 5215; x_wconf 73' lang='grc'><em>’</em></span> <span class='ocrx_word' id='word_1_442' title='bbox 1700 5209 1988 5295; x_wconf 61' lang='lat' dir='ltr'><strong>episcotaale,</strong></span> <span class='ocrx_word' id='word_1_443' title='bbox 2026 5209 2134 5295; x_wconf 68' lang='lat' dir='ltr'><strong>aliis</strong></span> 
     </span>
    </p>
   </div>
   <div class='ocr_carea' id='block_1_55' title="bbox 557 5269 2132 5364">
    <p class='ocr_par' dir='ltr' id='par_1_55' title="bbox 557 5269 2132 5364">
     <span class='ocr_line' id='line_1_61' title="bbox 691 5269 1530 5288; baseline -0.02 -2"><span class='ocrx_word' id='word_1_444' title='bbox 691 5269 704 5288; x_wconf 90' lang='lat'><strong>.</strong></span> <span class='ocrx_word' id='word_1_445' title='bbox 1195 5269 1286 5278; x_wconf 59' lang='grc' dir='ltr'><strong>νη,</strong></span> <span class='ocrx_word' id='word_1_446' title='bbox 1300 5269 1415 5274; x_wconf 18' lang='grc' dir='ltr'><strong>---οη</strong></span> <span class='ocrx_word' id='word_1_447' title='bbox 1470 5269 1480 5270; x_wconf 59' lang='lat'><strong><em>,</em></strong></span> <span class='ocrx_word' id='word_1_448' title='bbox 1504 5269 1530 5270; x_wconf 37' lang='grc' dir='ltr'>η</span> 
     </span>
     <span class='ocr_line' id='line_1_62' title="bbox 557 5269 2132 5364; baseline -0.025 -9"><span class='ocrx_word' id='word_1_449' title='bbox 699 5269 993 5364; x_wconf 69' lang='lat' dir='ltr'><strong>communitis</strong></span> <span class='ocrx_word' id='word_1_450' title='bbox 1015 5291 1259 5364; x_wconf 62' lang='lat' dir='ltr'><strong>quoddani</strong></span> <span class='ocrx_word' id='word_1_451' title='bbox 1269 5298 1459 5364; x_wconf 63' lang='lat' dir='ltr'><strong>usuque</strong></span> <span class='ocrx_word' id='word_1_452' title='bbox 1469 5269 1770 5364; x_wconf 38' lang='grc' dir='ltr'><strong>(ἐξηνέμιῇ</strong></span> <span class='ocrx_word' id='word_1_453' title='bbox 1793 5269 1884 5364; x_wconf 59' lang='lat' dir='ltr'><strong>proI</strong></span> <span class='ocrx_word' id='word_1_454' title='bbox 1893 5275 2018 5364; x_wconf 45' lang='lat' dir='ltr'><strong>sine:</strong></span> <span class='ocrx_word' id='word_1_455' title='bbox 2028 5269 2132 5364; x_wconf 48' lang='lat' dir='ltr'><strong>viil;</strong></span> 
     </span>
    </p>
   </div>
   <div class='ocr_carea' id='block_1_56' title="bbox 563 5333 2147 5432">
    <p class='ocr_par' dir='ltr' id='par_1_56' title="bbox 563 5333 2147 5432">
     <span class='ocr_line' id='line_1_63' title="bbox 563 5333 2147 5432; baseline -0.009 -26"><span class='ocrx_word' id='word_1_456' title='bbox 563 5333 1564 5432; x_wconf 36' lang='lat' dir='ltr'><strong>ggﬁtugusunus‘supra,&quot;in‘sermone</strong></span> <span class='ocrx_word' id='word_1_457' title='bbox 1600 5333 1706 5400; x_wconf 48' lang='grc'><strong>161)</strong></span> <span class='ocrx_word' id='word_1_458' title='bbox 1731 5351 1839 5397; x_wconf 54' lang='grc' dir='ltr'><strong>(τινα</strong></span> <span class='ocrx_word' id='word_1_459' title='bbox 1873 5333 1945 5392; x_wconf 75' lang='grc'><strong>10,</strong></span> <span class='ocrx_word' id='word_1_460' title='bbox 1987 5347 2039 5382; x_wconf 78' lang='grc' dir='ltr'><strong>ῐι-</strong></span> <span class='ocrx_word' id='word_1_461' title='bbox 2071 5333 2147 5390; x_wconf 66' lang='grc'><strong>10,</strong></span> 
     </span>
     <span class='ocr_line' id='line_1_64' title="bbox 660 5396 2147 5432; baseline 0 0"><span class='ocrx_word' id='word_1_462' title='bbox 660 5427 676 5432; x_wconf 76' lang='lat'><strong>-</strong></span> <span class='ocrx_word' id='word_1_463' title='bbox 759 5421 768 5432; x_wconf 86' lang='lat'><strong>.</strong></span> <span class='ocrx_word' id='word_1_464' title='bbox 924 5418 936 5432; x_wconf 73' lang='grc' dir='ltr'><strong>ι</strong></span> <span class='ocrx_word' id='word_1_465' title='bbox 969 5423 1200 5432; x_wconf 56' lang='lat'><strong>,__-__--._</strong></span> <span class='ocrx_word' id='word_1_466' title='bbox 1222 5421 1361 5432; x_wconf 72' lang='grc' dir='ltr'><strong>-..η-..-</strong></span> <span class='ocrx_word' id='word_1_467' title='bbox 1385 5421 1396 5432; x_wconf 89' lang='grc'><strong>.</strong></span> <span class='ocrx_word' id='word_1_468' title='bbox 1428 5422 1444 5432; x_wconf 89' lang='grc'><strong>.</strong></span> <span class='ocrx_word' id='word_1_469' title='bbox 1480 5406 1560 5432; x_wconf 71' lang='grc' dir='ltr'><strong>ηπ..</strong></span> <span class='ocrx_word' id='word_1_470' title='bbox 1589 5403 1766 5432; x_wconf 54' lang='lat' dir='ltr'><strong>(lien-it</strong></span> <span class='ocrx_word' id='word_1_471' title='bbox 1819 5397 1943 5432; x_wconf 65' lang='lat' dir='ltr'><strong>ann</strong></span> <span class='ocrx_word' id='word_1_472' title='bbox 1967 5396 2147 5432; x_wconf 67' lang='lat' dir='ltr'><strong>hahnnc</strong></span> 
     </span>
    </p>
   </div>
   <div class='ocr_carea' id='block_1_57' title="bbox 1713 259 2506 328">
    <p class='ocr_par' dir='ltr' id='par_1_57' title="bbox 1713 259 2506 328">
     <span class='ocr_line' id='line_1_65' title="bbox 1713 259 2506 328; baseline -0.015 1"><span class='ocrx_word' id='word_1_473' title='bbox 1713 273 1772 328; x_wconf 90' lang='lat' dir='ltr'><strong>S.</strong></span> <span class='ocrx_word' id='word_1_474' title='bbox 1812 261 2172 326; x_wconf 70' lang='lat' dir='ltr'><strong>AUGUSTINI</strong></span> <span class='ocrx_word' id='word_1_475' title='bbox 2209 259 2506 320; x_wconf 78' lang='lat' dir='ltr'><strong>EPISCOPI</strong></span> 
     </span>
    </p>
   </div>
   <div class='ocr_carea' id='block_1_58' title="bbox 3600 248 3743 305">
    <p class='ocr_par' dir='ltr' id='par_1_58' title="bbox 3600 248 3743 305">
     <span class='ocr_line' id='line_1_66' title="bbox 3600 248 3743 305; baseline -0.007 -1"><span class='ocrx_word' id='word_1_476' title='bbox 3600 248 3743 305; x_wconf 71' lang='grc'><strong>1580</strong></span> 
     </span>
    </p>
   </div>
   <div class='ocr_carea' id='block_1_59' title="bbox 2163 364 3741 450">
    <p class='ocr_par' dir='ltr' id='par_1_59' title="bbox 2163 364 3741 450">
     <span class='ocr_line' id='line_1_67' title="bbox 2163 364 3741 450; baseline -0.015 -10"><span class='ocrx_word' id='word_1_477' title='bbox 2163 383 2308 440; x_wconf 82' lang='lat' dir='ltr'><strong>muni</strong></span> <span class='ocrx_word' id='word_1_478' title='bbox 2333 380 2532 450; x_wconf 76' lang='lat' dir='ltr'><strong>accipio</strong></span> <span class='ocrx_word' id='word_1_479' title='bbox 2559 385 2611 432; x_wconf 91' lang='lat' dir='ltr'><strong>ct</strong></span> <span class='ocrx_word' id='word_1_480' title='bbox 2648 375 2775 430; x_wconf 92' lang='lat' dir='ltr'><strong>mihi</strong></span> <span class='ocrx_word' id='word_1_481' title='bbox 2814 372 2943 444; x_wconf 84' lang='lat' dir='ltr'><strong>ipsi,</strong></span> <span class='ocrx_word' id='word_1_482' title='bbox 2984 383 3104 425; x_wconf 87' lang='lat' dir='ltr'><strong>cum</strong></span> <span class='ocrx_word' id='word_1_483' title='bbox 3142 364 3305 422; x_wconf 83' lang='lat' dir='ltr'><strong>sciam</strong></span> <span class='ocrx_word' id='word_1_484' title='bbox 3330 378 3611 420; x_wconf 87' lang='lat' dir='ltr'><strong>commune</strong></span> <span class='ocrx_word' id='word_1_485' title='bbox 3649 379 3741 418; x_wconf 84' lang='lat' dir='ltr'><strong>me</strong></span> 
     </span>
    </p>
   </div>
   <div class='ocr_carea' id='block_1_60' title="bbox 2166 455 3741 538">
    <p class='ocr_par' dir='ltr' id='par_1_60' title="bbox 2166 455 3741 538">
     <span class='ocr_line' id='line_1_68' title="bbox 2166 455 3741 538; baseline -0.013 -10"><span class='ocrx_word' id='word_1_486' title='bbox 2166 473 2363 528; x_wconf 87' lang='lat' dir='ltr'><strong>habere</strong></span> <span class='ocrx_word' id='word_1_487' title='bbox 2390 470 2522 524; x_wconf 88' lang='lat' dir='ltr'><strong>velle</strong></span> <span class='ocrx_word' id='word_1_488' title='bbox 2562 464 2811 538; x_wconf 89' lang='lat' dir='ltr'><strong>quidquid</strong></span> <span class='ocrx_word' id='word_1_489' title='bbox 2848 462 3038 519; x_wconf 88' lang='lat' dir='ltr'><strong>habeo.</strong></span> <span class='ocrx_word' id='word_1_490' title='bbox 3090 458 3223 514; x_wconf 84' lang='lat' dir='ltr'><strong>Nolo</strong></span> <span class='ocrx_word' id='word_1_491' title='bbox 3249 457 3370 512; x_wconf 83' lang='lat' dir='ltr'><strong>talia</strong></span> <span class='ocrx_word' id='word_1_492' title='bbox 3393 455 3578 510; x_wconf 62' lang='lat' dir='ltr'><strong>oderat</strong></span> <span class='ocrx_word' id='word_1_493' title='bbox 3603 455 3741 508; x_wconf 82' lang='lat' dir='ltr'><strong>San-</strong></span> 
     </span>
    </p>
   </div>
   <div class='ocr_carea' id='block_1_61' title="bbox 2167 546 3742 628">
    <p class='ocr_par' dir='ltr' id='par_1_61' title="bbox 2167 546 3742 628">
     <span class='ocr_line' id='line_1_69' title="bbox 2167 546 3742 628; baseline -0.015 -8"><span class='ocrx_word' id='word_1_494' title='bbox 2167 565 2322 620; x_wconf 86' lang='lat' dir='ltr'><strong>ctitas</strong></span> <span class='ocrx_word' id='word_1_495' title='bbox 2347 571 2518 616; x_wconf 87' lang='lat' dir='ltr'><strong>vestra</strong></span> <span class='ocrx_word' id='word_1_496' title='bbox 2540 600 2556 626; x_wconf 95' lang='lat'><strong>,</strong></span> <span class='ocrx_word' id='word_1_497' title='bbox 2587 559 2776 628; x_wconf 90' lang='lat' dir='ltr'><strong>quibus</strong></span> <span class='ocrx_word' id='word_1_498' title='bbox 2802 571 2901 624; x_wconf 80' lang='lat' dir='ltr'><strong>ego</strong></span> <span class='ocrx_word' id='word_1_499' title='bbox 2941 553 3085 606; x_wconf 90' lang='lat' dir='ltr'><strong>solus</strong></span> <span class='ocrx_word' id='word_1_500' title='bbox 3105 549 3256 621; x_wconf 86' lang='lat' dir='ltr'><strong>quasi</strong></span> <span class='ocrx_word' id='word_1_501' title='bbox 3282 546 3557 603; x_wconf 88' lang='lat' dir='ltr'><strong>decentius</strong></span> <span class='ocrx_word' id='word_1_502' title='bbox 3582 555 3703 599; x_wconf 86' lang='lat' dir='ltr'><strong>utar</strong></span> <span class='ocrx_word' id='word_1_503' title='bbox 3727 562 3742 607; x_wconf 83' lang='lat'><strong>;</strong></span> 
     </span>
    </p>
   </div>
   <div class='ocr_carea' id='block_1_62' title="bbox 2167 639 3744 718">
    <p class='ocr_par' dir='ltr' id='par_1_62' title="bbox 2167 639 3744 718">
     <span class='ocr_line' id='line_1_70' title="bbox 2167 639 3744 718; baseline -0.013 -8"><span class='ocrx_word' id='word_1_504' title='bbox 2167 655 2354 710; x_wconf 84' lang='lat' dir='ltr'><strong>ochrat</strong></span> <span class='ocrx_word' id='word_1_505' title='bbox 2376 652 2535 717; x_wconf 91' lang='lat' dir='ltr'><strong>mihi,</strong></span> <span class='ocrx_word' id='word_1_506' title='bbox 2564 649 2708 704; x_wconf 85' lang='lat' dir='ltr'><strong>verbi</strong></span> <span class='ocrx_word' id='word_1_507' title='bbox 2735 647 2926 718; x_wconf 78' lang='lat' dir='ltr'><strong>gratia,</strong></span> <span class='ocrx_word' id='word_1_508' title='bbox 2949 643 3202 716; x_wconf 78' lang='lat' dir='ltr'><strong>byrrhum</strong></span> <span class='ocrx_word' id='word_1_509' title='bbox 3235 639 3525 710; x_wconf 90' lang='lat' dir='ltr'><strong>pretiosum</strong></span> <span class='ocrx_word' id='word_1_510' title='bbox 3561 655 3575 692; x_wconf 91' lang='lat'><strong>:</strong></span> <span class='ocrx_word' id='word_1_511' title='bbox 3605 639 3744 692; x_wconf 72' lang='lat' dir='ltr'><strong>forte</strong></span> 
     </span>
    </p>
   </div>
   <div class='ocr_carea' id='block_1_63' title="bbox 2169 730 3740 817">
    <p class='ocr_par' dir='ltr' id='par_1_63' title="bbox 2169 730 3740 817">
     <span class='ocr_line' id='line_1_71' title="bbox 2169 730 3740 817; baseline -0.014 -13"><span class='ocrx_word' id='word_1_512' title='bbox 2169 749 2322 803; x_wconf 87' lang='lat' dir='ltr'><strong>decet</strong></span> <span class='ocrx_word' id='word_1_513' title='bbox 2354 746 2659 817; x_wconf 90' lang='lat' dir='ltr'><strong>episcopum</strong></span> <span class='ocrx_word' id='word_1_514' title='bbox 2685 783 2699 806; x_wconf 94' lang='lat'><strong>,</strong></span> <span class='ocrx_word' id='word_1_515' title='bbox 2739 736 2980 811; x_wconf 89' lang='lat' dir='ltr'><strong>quamvis</strong></span> <span class='ocrx_word' id='word_1_516' title='bbox 3014 752 3120 790; x_wconf 92' lang='lat' dir='ltr'><strong>non</strong></span> <span class='ocrx_word' id='word_1_517' title='bbox 3148 734 3334 788; x_wconf 79' lang='lat' dir='ltr'><strong>deccat</strong></span> <span class='ocrx_word' id='word_1_518' title='bbox 3365 730 3740 800; x_wconf 75' lang='lat' dir='ltr'><strong>Augustinum,</strong></span> 
     </span>
    </p>
   </div>
   <div class='ocr_carea' id='block_1_64' title="bbox 2170 822 3746 902">
    <p class='ocr_par' dir='ltr' id='par_1_64' title="bbox 2170 822 3746 902">
     <span class='ocr_line' id='line_1_72' title="bbox 2170 822 3746 902; baseline -0.013 -9"><span class='ocrx_word' id='word_1_519' title='bbox 2170 839 2222 893; x_wconf 89' lang='lat' dir='ltr'><strong>id</strong></span> <span class='ocrx_word' id='word_1_520' title='bbox 2253 846 2363 902; x_wconf 88' lang='lat' dir='ltr'><strong>est,</strong></span> <span class='ocrx_word' id='word_1_521' title='bbox 2413 833 2682 890; x_wconf 88' lang='lat' dir='ltr'><strong>hominem</strong></span> <span class='ocrx_word' id='word_1_522' title='bbox 2713 843 2997 901; x_wconf 87' lang='lat' dir='ltr'><strong>pauperem</strong></span> <span class='ocrx_word' id='word_1_523' title='bbox 3022 867 3037 892; x_wconf 96' lang='lat'><strong>,</strong></span> <span class='ocrx_word' id='word_1_524' title='bbox 3075 825 3143 880; x_wconf 91' lang='lat' dir='ltr'><strong>de</strong></span> <span class='ocrx_word' id='word_1_525' title='bbox 3174 822 3493 894; x_wconf 86' lang='lat' dir='ltr'><strong>pauperibus</strong></span> <span class='ocrx_word' id='word_1_526' title='bbox 3538 828 3746 874; x_wconf 90' lang='lat' dir='ltr'><strong>natum.</strong></span> 
     </span>
    </p>
   </div>
   <div class='ocr_carea' id='block_1_65' title="bbox 2169 911 3752 986">
    <p class='ocr_par' dir='ltr' id='par_1_65' title="bbox 2169 911 3752 986">
     <span class='ocr_line' id='line_1_73' title="bbox 2169 911 3752 986; baseline -0.011 -4"><span class='ocrx_word' id='word_1_527' title='bbox 2169 927 2324 982; x_wconf 82' lang='lat' dir='ltr'><strong>Modo</strong></span> <span class='ocrx_word' id='word_1_528' title='bbox 2350 925 2538 980; x_wconf 87' lang='lat' dir='ltr'><strong>dicturi</strong></span> <span class='ocrx_word' id='word_1_529' title='bbox 2569 933 2687 978; x_wconf 89' lang='lat' dir='ltr'><strong>sunt</strong></span> <span class='ocrx_word' id='word_1_530' title='bbox 2724 919 2963 974; x_wconf 87' lang='lat' dir='ltr'><strong>homines</strong></span> <span class='ocrx_word' id='word_1_531' title='bbox 2999 917 3118 986; x_wconf 87' lang='lat' dir='ltr'><strong>quia</strong></span> <span class='ocrx_word' id='word_1_532' title='bbox 3163 914 3338 968; x_wconf 85' lang='lat' dir='ltr'><strong>inveni</strong></span> <span class='ocrx_word' id='word_1_533' title='bbox 3372 911 3630 982; x_wconf 85' lang='lat' dir='ltr'><strong>pretiosas</strong></span> <span class='ocrx_word' id='word_1_534' title='bbox 3655 925 3752 964; x_wconf 89' lang='lat' dir='ltr'><strong>ve-</strong></span> 
     </span>
    </p>
   </div>
   <div class='ocr_carea' id='block_1_66' title="bbox 2171 1000 3752 1086">
    <p class='ocr_par' dir='ltr' id='par_1_66' title="bbox 2171 1000 3752 1086">
     <span class='ocr_line' id='line_1_74' title="bbox 2171 1000 3752 1086; baseline -0.013 -14"><span class='ocrx_word' id='word_1_535' title='bbox 2171 1030 2278 1072; x_wconf 82' lang='lat' dir='ltr'><strong>stes</strong></span> <span class='ocrx_word' id='word_1_536' title='bbox 2302 1060 2316 1083; x_wconf 94' lang='lat'><strong>,</strong></span> <span class='ocrx_word' id='word_1_537' title='bbox 2361 1032 2492 1086; x_wconf 90' lang='lat' dir='ltr'><strong>quas</strong></span> <span class='ocrx_word' id='word_1_538' title='bbox 2519 1030 2621 1068; x_wconf 91' lang='lat' dir='ltr'><strong>non</strong></span> <span class='ocrx_word' id='word_1_539' title='bbox 2650 1013 2935 1083; x_wconf 80' lang='lat' dir='ltr'><strong>potuissem</strong></span> <span class='ocrx_word' id='word_1_540' title='bbox 2963 1008 3160 1061; x_wconf 91' lang='lat' dir='ltr'><strong>habere</strong></span> <span class='ocrx_word' id='word_1_541' title='bbox 3194 1005 3277 1058; x_wconf 90' lang='lat' dir='ltr'><strong>vel</strong></span> <span class='ocrx_word' id='word_1_542' title='bbox 3307 1005 3356 1058; x_wconf 91' lang='lat' dir='ltr'><strong>in</strong></span> <span class='ocrx_word' id='word_1_543' title='bbox 3396 1003 3556 1056; x_wconf 89' lang='lat' dir='ltr'><strong>domo</strong></span> <span class='ocrx_word' id='word_1_544' title='bbox 3582 1000 3752 1069; x_wconf 87' lang='lat' dir='ltr'><strong>patris</strong></span> 
     </span>
    </p>
   </div>
   <div class='ocr_carea' id='block_1_67' title="bbox 2173 1093 3752 1175">
    <p class='ocr_par' dir='ltr' id='par_1_67' title="bbox 2173 1093 3752 1175">
     <span class='ocr_line' id='line_1_75' title="bbox 2173 1093 3752 1175; baseline -0.013 -9"><span class='ocrx_word' id='word_1_545' title='bbox 2173 1113 2298 1175; x_wconf 87' lang='lat' dir='ltr'><strong>mei,</strong></span> <span class='ocrx_word' id='word_1_546' title='bbox 2331 1111 2413 1164; x_wconf 85' lang='lat' dir='ltr'><strong>vel</strong></span> <span class='ocrx_word' id='word_1_547' title='bbox 2445 1111 2494 1163; x_wconf 91' lang='lat' dir='ltr'><strong>in</strong></span> <span class='ocrx_word' id='word_1_548' title='bbox 2518 1109 2600 1162; x_wconf 86' lang='lat' dir='ltr'><strong>illa</strong></span> <span class='ocrx_word' id='word_1_549' title='bbox 2628 1103 2865 1160; x_wconf 71' lang='lat' dir='ltr'><strong>szcculari</strong></span> <span class='ocrx_word' id='word_1_550' title='bbox 2895 1101 3226 1172; x_wconf 85' lang='lat' dir='ltr'><strong>professione</strong></span> <span class='ocrx_word' id='word_1_551' title='bbox 3251 1111 3387 1150; x_wconf 90' lang='lat' dir='ltr'><strong>mea.</strong></span> <span class='ocrx_word' id='word_1_552' title='bbox 3413 1093 3527 1149; x_wconf 84' lang='lat' dir='ltr'><strong>Non</strong></span> <span class='ocrx_word' id='word_1_553' title='bbox 3557 1093 3752 1146; x_wconf 86' lang='lat' dir='ltr'><strong>decet:</strong></span> 
     </span>
    </p>
   </div>
   <div class='ocr_carea' id='block_1_68' title="bbox 2175 1185 3751 1264">
    <p class='ocr_par' dir='ltr' id='par_1_68' title="bbox 2175 1185 3751 1264">
     <span class='ocr_line' id='line_1_76' title="bbox 2175 1185 3751 1264; baseline -0.013 -8"><span class='ocrx_word' id='word_1_554' title='bbox 2175 1204 2329 1256; x_wconf 84' lang='lat' dir='ltr'><strong>talem</strong></span> <span class='ocrx_word' id='word_1_555' title='bbox 2356 1201 2524 1256; x_wconf 92' lang='lat' dir='ltr'><strong>debeo</strong></span> <span class='ocrx_word' id='word_1_556' title='bbox 2552 1199 2773 1261; x_wconf 88' lang='lat' dir='ltr'><strong>habere,</strong></span> <span class='ocrx_word' id='word_1_557' title='bbox 2821 1194 3028 1264; x_wconf 88' lang='lat' dir='ltr'><strong>qualem</strong></span> <span class='ocrx_word' id='word_1_558' title='bbox 3054 1205 3300 1258; x_wconf 90' lang='lat' dir='ltr'><strong>possum,</strong></span> <span class='ocrx_word' id='word_1_559' title='bbox 3329 1187 3378 1260; x_wconf 90' lang='lat' dir='ltr'><strong>si</strong></span> <span class='ocrx_word' id='word_1_560' title='bbox 3402 1201 3506 1240; x_wconf 93' lang='lat' dir='ltr'><strong>non</strong></span> <span class='ocrx_word' id='word_1_561' title='bbox 3547 1185 3751 1238; x_wconf 88' lang='lat' dir='ltr'><strong>habue-</strong></span> 
     </span>
    </p>
   </div>
   <div class='ocr_carea' id='block_1_69' title="bbox 2175 1275 3753 1360">
    <p class='ocr_par' dir='ltr' id='par_1_69' title="bbox 2175 1275 3753 1360">
     <span class='ocr_line' id='line_1_77' title="bbox 2175 1275 3753 1360; baseline -0.015 -12"><span class='ocrx_word' id='word_1_562' title='bbox 2175 1295 2273 1360; x_wconf 90' lang='lat' dir='ltr'><strong>rit,</strong></span> <span class='ocrx_word' id='word_1_563' title='bbox 2322 1292 2468 1346; x_wconf 84' lang='lat' dir='ltr'><strong>fratri</strong></span> <span class='ocrx_word' id='word_1_564' title='bbox 2515 1305 2634 1344; x_wconf 90' lang='lat' dir='ltr'><strong>mco</strong></span> <span class='ocrx_word' id='word_1_565' title='bbox 2661 1289 2807 1341; x_wconf 90' lang='lat' dir='ltr'><strong>dare.</strong></span> <span class='ocrx_word' id='word_1_566' title='bbox 2836 1285 3058 1353; x_wconf 88' lang='lat' dir='ltr'><strong>Qualem</strong></span> <span class='ocrx_word' id='word_1_567' title='bbox 3093 1288 3267 1350; x_wconf 80' lang='lat' dir='ltr'><strong>potest</strong></span> <span class='ocrx_word' id='word_1_568' title='bbox 3298 1277 3494 1331; x_wconf 88' lang='lat' dir='ltr'><strong>habere</strong></span> <span class='ocrx_word' id='word_1_569' title='bbox 3525 1275 3753 1345; x_wconf 82' lang='lat' dir='ltr'><strong>presby-</strong></span> 
     </span>
    </p>
   </div>
   <div class='ocr_carea' id='block_1_70' title="bbox 2177 1365 3754 1454">
    <p class='ocr_par' dir='ltr' id='par_1_70' title="bbox 2177 1365 3754 1454">
     <span class='ocr_line' id='line_1_78' title="bbox 2177 1365 3754 1454; baseline -0.013 -16"><span class='ocrx_word' id='word_1_570' title='bbox 2177 1394 2276 1452; x_wconf 88' lang='lat' dir='ltr'><strong>ter,</strong></span> <span class='ocrx_word' id='word_1_571' title='bbox 2317 1383 2525 1454; x_wconf 71' lang='lat' dir='ltr'><strong>qualem</strong></span> <span class='ocrx_word' id='word_1_572' title='bbox 2559 1391 2732 1451; x_wconf 88' lang='lat' dir='ltr'><strong>potest</strong></span> <span class='ocrx_word' id='word_1_573' title='bbox 2758 1378 2952 1432; x_wconf 90' lang='lat' dir='ltr'><strong>habere</strong></span> <span class='ocrx_word' id='word_1_574' title='bbox 2988 1375 3244 1429; x_wconf 88' lang='lat' dir='ltr'><strong>decenter</strong></span> <span class='ocrx_word' id='word_1_575' title='bbox 3267 1371 3520 1424; x_wconf 88' lang='lat' dir='ltr'><strong>diaconus</strong></span> <span class='ocrx_word' id='word_1_576' title='bbox 3546 1377 3599 1422; x_wconf 91' lang='lat' dir='ltr'><strong>et</strong></span> <span class='ocrx_word' id='word_1_577' title='bbox 3625 1365 3754 1420; x_wconf 89' lang='lat' dir='ltr'><strong>sub-</strong></span> 
     </span>
    </p>
   </div>
   <div class='ocr_carea' id='block_1_71' title="bbox 2175 1461 3755 1536">
    <p class='ocr_par' dir='ltr' id='par_1_71' title="bbox 2175 1461 3755 1536">
     <span class='ocr_line' id='line_1_79' title="bbox 2175 1461 3755 1536; baseline -0.013 -7"><span class='ocrx_word' id='word_1_578' title='bbox 2175 1475 2446 1536; x_wconf 75' lang='lat' dir='ltr'><strong>diaconus,</strong></span> <span class='ocrx_word' id='word_1_579' title='bbox 2474 1473 2630 1526; x_wconf 85' lang='lat' dir='ltr'><strong>talem</strong></span> <span class='ocrx_word' id='word_1_580' title='bbox 2661 1470 2782 1524; x_wconf 88' lang='lat' dir='ltr'><strong>volo</strong></span> <span class='ocrx_word' id='word_1_581' title='bbox 2802 1467 3044 1536; x_wconf 89' lang='lat' dir='ltr'><strong>accipere</strong></span> <span class='ocrx_word' id='word_1_582' title='bbox 3078 1482 3090 1516; x_wconf 92' lang='lat'><strong>:</strong></span> <span class='ocrx_word' id='word_1_583' title='bbox 3123 1463 3243 1533; x_wconf 93' lang='lat' dir='ltr'><strong>quia</strong></span> <span class='ocrx_word' id='word_1_584' title='bbox 3276 1461 3326 1514; x_wconf 94' lang='lat' dir='ltr'><strong>in</strong></span> <span class='ocrx_word' id='word_1_585' title='bbox 3353 1473 3634 1514; x_wconf 90' lang='lat' dir='ltr'><strong>commune</strong></span> <span class='ocrx_word' id='word_1_586' title='bbox 3659 1470 3755 1510; x_wconf 84' lang='lat' dir='ltr'><strong>ac-</strong></span> 
     </span>
    </p>
   </div>
   <div class='ocr_carea' id='block_1_72' title="bbox 2176 1547 3754 1635">
    <p class='ocr_par' dir='ltr' id='par_1_72' title="bbox 2176 1547 3754 1635">
     <span class='ocr_line' id='line_1_80' title="bbox 2176 1547 3754 1635; baseline -0.013 -13"><span class='ocrx_word' id='word_1_587' title='bbox 2176 1567 2335 1635; x_wconf 79' lang='lat' dir='ltr'><strong>cipio.</strong></span> <span class='ocrx_word' id='word_1_588' title='bbox 2384 1566 2440 1621; x_wconf 89' lang='lat' dir='ltr'><strong>Si</strong></span> <span class='ocrx_word' id='word_1_589' title='bbox 2488 1565 2607 1635; x_wconf 90' lang='lat' dir='ltr'><strong>quis</strong></span> <span class='ocrx_word' id='word_1_590' title='bbox 2652 1562 2927 1616; x_wconf 89' lang='lat' dir='ltr'><strong>meliorem</strong></span> <span class='ocrx_word' id='word_1_591' title='bbox 2976 1556 3179 1612; x_wconf 85' lang='lat' dir='ltr'><strong>dederit</strong></span> <span class='ocrx_word' id='word_1_592' title='bbox 3205 1596 3220 1616; x_wconf 88' lang='lat'><strong>.</strong></span> <span class='ocrx_word' id='word_1_593' title='bbox 3263 1552 3479 1608; x_wconf 89' lang='lat' dir='ltr'><strong>vendo:</strong></span> <span class='ocrx_word' id='word_1_594' title='bbox 3514 1547 3654 1620; x_wconf 91' lang='lat' dir='ltr'><strong>quod</strong></span> <span class='ocrx_word' id='word_1_595' title='bbox 3695 1555 3754 1602; x_wconf 90' lang='lat' dir='ltr'><strong>et</strong></span> 
     </span>
    </p>
   </div>
   <div class='ocr_carea' id='block_1_73' title="bbox 2177 1644 3754 1722">
    <p class='ocr_par' dir='ltr' id='par_1_73' title="bbox 2177 1644 3754 1722">
     <span class='ocr_line' id='line_1_81' title="bbox 2177 1644 3754 1722; baseline -0.013 -10"><span class='ocrx_word' id='word_1_596' title='bbox 2177 1659 2352 1712; x_wconf 83' lang='lat' dir='ltr'><strong>facere</strong></span> <span class='ocrx_word' id='word_1_597' title='bbox 2375 1656 2521 1710; x_wconf 88' lang='lat' dir='ltr'><strong>soleo</strong></span> <span class='ocrx_word' id='word_1_598' title='bbox 2545 1671 2559 1717; x_wconf 86' lang='lat'><strong>;</strong></span> <span class='ocrx_word' id='word_1_599' title='bbox 2603 1661 2659 1706; x_wconf 91' lang='lat' dir='ltr'><strong>ut</strong></span> <span class='ocrx_word' id='word_1_600' title='bbox 2683 1651 2895 1722; x_wconf 89' lang='lat' dir='ltr'><strong>quando</strong></span> <span class='ocrx_word' id='word_1_601' title='bbox 2921 1665 3028 1706; x_wconf 90' lang='lat' dir='ltr'><strong>non</strong></span> <span class='ocrx_word' id='word_1_602' title='bbox 3070 1653 3244 1718; x_wconf 80' lang='lat' dir='ltr'><strong>potest</strong></span> <span class='ocrx_word' id='word_1_603' title='bbox 3269 1644 3434 1722; x_wconf 72' lang='lat' dir='ltr'><strong>vestis</strong></span> <span class='ocrx_word' id='word_1_604' title='bbox 3457 1657 3575 1698; x_wconf 89' lang='lat' dir='ltr'><strong>esse</strong></span> <span class='ocrx_word' id='word_1_605' title='bbox 3599 1654 3754 1696; x_wconf 84' lang='lat' dir='ltr'><strong>com-</strong></span> 
     </span>
    </p>
   </div>
   <div class='ocr_carea' id='block_1_74' title="bbox 2181 1714 3753 1817">
    <p class='ocr_par' dir='ltr' id='par_1_74' title="bbox 2181 1714 3753 1817">
     <span class='ocr_line' id='line_1_82' title="bbox 2181 1714 3753 1817; baseline -0.013 -14"><span class='ocrx_word' id='word_1_606' title='bbox 2181 1750 2355 1804; x_wconf 87' lang='lat' dir='ltr'><strong>munis</strong></span> <span class='ocrx_word' id='word_1_607' title='bbox 2375 1787 2390 1812; x_wconf 95' lang='lat'><strong>,</strong></span> <span class='ocrx_word' id='word_1_608' title='bbox 2419 1746 2645 1817; x_wconf 90' lang='lat' dir='ltr'><strong>pretium</strong></span> <span class='ocrx_word' id='word_1_609' title='bbox 2672 1743 2835 1798; x_wconf 88' lang='lat' dir='ltr'><strong>vestis</strong></span> <span class='ocrx_word' id='word_1_610' title='bbox 2879 1741 3044 1811; x_wconf 89' lang='lat' dir='ltr'><strong>possit</strong></span> <span class='ocrx_word' id='word_1_611' title='bbox 3064 1753 3183 1793; x_wconf 84' lang='lat' dir='ltr'><strong>esse</strong></span> <span class='ocrx_word' id='word_1_612' title='bbox 3207 1714 3508 1792; x_wconf 71' lang='lat' dir='ltr'><strong>commune.</strong></span> <span class='ocrx_word' id='word_1_613' title='bbox 3541 1729 3753 1795; x_wconf 82' lang='lat' dir='ltr'><strong>Vende,</strong></span> 
     </span>
    </p>
   </div>
   <div class='ocr_carea' id='block_1_75' title="bbox 2181 1820 3758 1908">
    <p class='ocr_par' dir='ltr' id='par_1_75' title="bbox 2181 1820 3758 1908">
     <span class='ocr_line' id='line_1_83' title="bbox 2181 1820 3758 1908; baseline -0.015 -13"><span class='ocrx_word' id='word_1_614' title='bbox 2181 1849 2235 1896; x_wconf 91' lang='lat' dir='ltr'><strong>ct</strong></span> <span class='ocrx_word' id='word_1_615' title='bbox 2255 1853 2416 1908; x_wconf 82' lang='lat' dir='ltr'><strong>erogo</strong></span> <span class='ocrx_word' id='word_1_616' title='bbox 2439 1835 2776 1907; x_wconf 83' lang='lat' dir='ltr'><strong>pauperibus.</strong></span> <span class='ocrx_word' id='word_1_617' title='bbox 2815 1833 2871 1887; x_wconf 77' lang='lat' dir='ltr'><strong>Si</strong></span> <span class='ocrx_word' id='word_1_618' title='bbox 2903 1832 3001 1885; x_wconf 93' lang='lat' dir='ltr'><strong>hoc</strong></span> <span class='ocrx_word' id='word_1_619' title='bbox 3039 1845 3158 1885; x_wconf 91' lang='lat' dir='ltr'><strong>eum</strong></span> <span class='ocrx_word' id='word_1_620' title='bbox 3185 1826 3433 1888; x_wconf 87' lang='lat' dir='ltr'><strong>delectat,</strong></span> <span class='ocrx_word' id='word_1_621' title='bbox 3457 1831 3631 1891; x_wconf 77' lang='lat' dir='ltr'><strong>utego</strong></span> <span class='ocrx_word' id='word_1_622' title='bbox 3655 1820 3758 1873; x_wconf 55' lang='lat' dir='ltr'><strong>hac</strong></span> 
     </span>
    </p>
   </div>
   <div class='ocr_carea' id='block_1_76' title="bbox 2183 1912 3751 1994">
    <p class='ocr_par' dir='ltr' id='par_1_76' title="bbox 2183 1912 3751 1994">
     <span class='ocr_line' id='line_1_84' title="bbox 2183 1912 3751 1994; baseline -0.013 -9"><span class='ocrx_word' id='word_1_623' title='bbox 2183 1931 2335 1985; x_wconf 89' lang='lat' dir='ltr'><strong>beam</strong></span> <span class='ocrx_word' id='word_1_624' title='bbox 2361 1946 2375 1994; x_wconf 92' lang='lat'><strong>;</strong></span> <span class='ocrx_word' id='word_1_625' title='bbox 2410 1930 2564 1983; x_wconf 88' lang='lat' dir='ltr'><strong>talem</strong></span> <span class='ocrx_word' id='word_1_626' title='bbox 2585 1926 2693 1990; x_wconf 92' lang='lat' dir='ltr'><strong>det,</strong></span> <span class='ocrx_word' id='word_1_627' title='bbox 2721 1924 2861 1978; x_wconf 91' lang='lat' dir='ltr'><strong>unde</strong></span> <span class='ocrx_word' id='word_1_628' title='bbox 2889 1937 2991 1977; x_wconf 89' lang='lat' dir='ltr'><strong>non</strong></span> <span class='ocrx_word' id='word_1_629' title='bbox 3021 1921 3354 1975; x_wconf 85' lang='lat' dir='ltr'><strong>erubescam.</strong></span> <span class='ocrx_word' id='word_1_630' title='bbox 3382 1915 3575 1969; x_wconf 87' lang='lat' dir='ltr'><strong>Fateor</strong></span> <span class='ocrx_word' id='word_1_631' title='bbox 3607 1912 3751 1967; x_wconf 87' lang='lat' dir='ltr'><strong>enim</strong></span> 
     </span>
    </p>
   </div>
   <div class='ocr_carea' id='block_1_77' title="bbox 2187 2002 3759 2088">
    <p class='ocr_par' dir='ltr' id='par_1_77' title="bbox 2187 2002 3759 2088">
     <span class='ocr_line' id='line_1_85' title="bbox 2187 2002 3759 2088; baseline -0.014 -11"><span class='ocrx_word' id='word_1_632' title='bbox 2187 2022 2338 2076; x_wconf 85' lang='lat' dir='ltr'><strong>vobis</strong></span> <span class='ocrx_word' id='word_1_633' title='bbox 2361 2060 2376 2086; x_wconf 98' lang='lat'><strong>,</strong></span> <span class='ocrx_word' id='word_1_634' title='bbox 2422 2019 2490 2074; x_wconf 91' lang='lat' dir='ltr'><strong>de</strong></span> <span class='ocrx_word' id='word_1_635' title='bbox 2524 2018 2752 2088; x_wconf 87' lang='lat' dir='ltr'><strong>pretiosa</strong></span> <span class='ocrx_word' id='word_1_636' title='bbox 2789 2024 2934 2068; x_wconf 80' lang='lat' dir='ltr'><strong>veste</strong></span> <span class='ocrx_word' id='word_1_637' title='bbox 2969 2010 3228 2067; x_wconf 89' lang='lat' dir='ltr'><strong>erubesco</strong></span> <span class='ocrx_word' id='word_1_638' title='bbox 3258 2025 3271 2062; x_wconf 89' lang='lat'>:</span> <span class='ocrx_word' id='word_1_639' title='bbox 3298 2007 3419 2077; x_wconf 89' lang='lat' dir='ltr'><strong>quia</strong></span> <span class='ocrx_word' id='word_1_640' title='bbox 3459 2019 3563 2058; x_wconf 92' lang='lat' dir='ltr'><strong>non</strong></span> <span class='ocrx_word' id='word_1_641' title='bbox 3603 2002 3759 2057; x_wconf 89' lang='lat' dir='ltr'><strong>decet</strong></span> 
     </span>
    </p>
   </div>
   <div class='ocr_carea' id='block_1_78' title="bbox 2185 2095 3759 2183">
    <p class='ocr_par' dir='ltr' id='par_1_78' title="bbox 2185 2095 3759 2183">
     <span class='ocr_line' id='line_1_86' title="bbox 2185 2095 3759 2183; baseline -0.014 -14"><span class='ocrx_word' id='word_1_642' title='bbox 2185 2114 2321 2168; x_wconf 89' lang='lat' dir='ltr'><strong>hanc</strong></span> <span class='ocrx_word' id='word_1_643' title='bbox 2356 2112 2737 2183; x_wconf 80' lang='lat' dir='ltr'><strong>professionem</strong></span> <span class='ocrx_word' id='word_1_644' title='bbox 2765 2151 2779 2169; x_wconf 86' lang='lat'><strong>.</strong></span> <span class='ocrx_word' id='word_1_645' title='bbox 2810 2108 2943 2160; x_wconf 90' lang='lat' dir='ltr'><strong>hanc</strong></span> <span class='ocrx_word' id='word_1_646' title='bbox 2971 2101 3384 2159; x_wconf 88' lang='lat' dir='ltr'><strong>admonitionem</strong></span> <span class='ocrx_word' id='word_1_647' title='bbox 3408 2139 3422 2160; x_wconf 91' lang='lat'><strong>,</strong></span> <span class='ocrx_word' id='word_1_648' title='bbox 3469 2113 3573 2150; x_wconf 89' lang='lat' dir='ltr'><strong>non</strong></span> <span class='ocrx_word' id='word_1_649' title='bbox 3603 2095 3759 2149; x_wconf 90' lang='lat' dir='ltr'><strong>decet</strong></span> 
     </span>
    </p>
   </div>
   <div class='ocr_carea' id='block_1_79' title="bbox 2187 2185 3762 2267">
    <p class='ocr_par' dir='ltr' id='par_1_79' title="bbox 2187 2185 3762 2267">
     <span class='ocr_line' id='line_1_87' title="bbox 2187 2185 3762 2267; baseline -0.014 -8"><span class='ocrx_word' id='word_1_650' title='bbox 2187 2206 2299 2259; x_wconf 67' lang='lat' dir='ltr'><strong>haec</strong></span> <span class='ocrx_word' id='word_1_651' title='bbox 2326 2204 2582 2267; x_wconf 83' lang='lat' dir='ltr'><strong>membra,</strong></span> <span class='ocrx_word' id='word_1_652' title='bbox 2613 2216 2716 2254; x_wconf 85' lang='lat' dir='ltr'><strong>non</strong></span> <span class='ocrx_word' id='word_1_653' title='bbox 2747 2198 2899 2253; x_wconf 89' lang='lat' dir='ltr'><strong>decet</strong></span> <span class='ocrx_word' id='word_1_654' title='bbox 2925 2195 3021 2249; x_wconf 91' lang='lat' dir='ltr'><strong>hos</strong></span> <span class='ocrx_word' id='word_1_655' title='bbox 3046 2206 3227 2248; x_wconf 91' lang='lat' dir='ltr'><strong>canos.</strong></span> <span class='ocrx_word' id='word_1_656' title='bbox 3257 2191 3423 2244; x_wconf 89' lang='lat' dir='ltr'><strong>Etiam</strong></span> <span class='ocrx_word' id='word_1_657' title='bbox 3446 2186 3574 2242; x_wconf 89' lang='lat' dir='ltr'><strong>illud</strong></span> <span class='ocrx_word' id='word_1_658' title='bbox 3597 2185 3717 2239; x_wconf 88' lang='lat' dir='ltr'><strong>dico</strong></span> <span class='ocrx_word' id='word_1_659' title='bbox 3747 2201 3762 2238; x_wconf 87' lang='lat'><strong>:</strong></span> 
     </span>
    </p>
   </div>
   <div class='ocr_carea' id='block_1_80' title="bbox 2184 2279 3759 2352">
    <p class='ocr_par' dir='ltr' id='par_1_80' title="bbox 2184 2279 3759 2352">
     <span class='ocr_line' id='line_1_88' title="bbox 2184 2279 3759 2352; baseline -0.016 1"><span class='ocrx_word' id='word_1_660' title='bbox 2184 2297 2230 2352; x_wconf 85' lang='lat' dir='ltr'><strong>si</strong></span> <span class='ocrx_word' id='word_1_661' title='bbox 2273 2295 2408 2350; x_wconf 90' lang='lat' dir='ltr'><strong>forte</strong></span> <span class='ocrx_word' id='word_1_662' title='bbox 2437 2294 2487 2348; x_wconf 91' lang='lat' dir='ltr'><strong>in</strong></span> <span class='ocrx_word' id='word_1_663' title='bbox 2525 2300 2704 2347; x_wconf 85' lang='lat' dir='ltr'><strong>nostra</strong></span> <span class='ocrx_word' id='word_1_664' title='bbox 2732 2289 2892 2343; x_wconf 88' lang='lat' dir='ltr'><strong>domo</strong></span> <span class='ocrx_word' id='word_1_665' title='bbox 2914 2286 2998 2341; x_wconf 89' lang='lat' dir='ltr'><strong>vel</strong></span> <span class='ocrx_word' id='word_1_666' title='bbox 3042 2286 3094 2339; x_wconf 92' lang='lat' dir='ltr'><strong>in</strong></span> <span class='ocrx_word' id='word_1_667' title='bbox 3139 2291 3318 2337; x_wconf 88' lang='lat' dir='ltr'><strong>nostra</strong></span> <span class='ocrx_word' id='word_1_668' title='bbox 3345 2279 3597 2334; x_wconf 85' lang='lat' dir='ltr'><strong>societate</strong></span> <span class='ocrx_word' id='word_1_669' title='bbox 3621 2291 3759 2346; x_wconf 68' lang='lat' dir='ltr'><strong>aeger</strong></span> 
     </span>
    </p>
   </div>
   <div class='ocr_carea' id='block_1_81' title="bbox 2191 2368 3764 2456">
    <p class='ocr_par' dir='ltr' id='par_1_81' title="bbox 2191 2368 3764 2456">
     <span class='ocr_line' id='line_1_89' title="bbox 2191 2368 3764 2456; baseline -0.016 -12"><span class='ocrx_word' id='word_1_670' title='bbox 2191 2399 2269 2444; x_wconf 88' lang='lat' dir='ltr'><strong>est</strong></span> <span class='ocrx_word' id='word_1_671' title='bbox 2291 2386 2514 2456; x_wconf 86' lang='lat' dir='ltr'><strong>aliquis,</strong></span> <span class='ocrx_word' id='word_1_672' title='bbox 2541 2384 2623 2438; x_wconf 80' lang='lat' dir='ltr'><strong>vel</strong></span> <span class='ocrx_word' id='word_1_673' title='bbox 2653 2389 2771 2451; x_wconf 84' lang='lat' dir='ltr'><strong>post</strong></span> <span class='ocrx_word' id='word_1_674' title='bbox 2795 2377 3183 2448; x_wconf 68' lang='lat' dir='ltr'><strong>mgritudinem,</strong></span> <span class='ocrx_word' id='word_1_675' title='bbox 3211 2381 3270 2428; x_wconf 87' lang='lat' dir='ltr'><strong>ut</strong></span> <span class='ocrx_word' id='word_1_676' title='bbox 3300 2385 3518 2426; x_wconf 85' lang='lat' dir='ltr'><strong>necesse</strong></span> <span class='ocrx_word' id='word_1_677' title='bbox 3543 2368 3612 2423; x_wconf 90' lang='lat' dir='ltr'><strong>sit</strong></span> <span class='ocrx_word' id='word_1_678' title='bbox 3638 2382 3764 2422; x_wconf 89' lang='lat' dir='ltr'><strong>eum</strong></span> 
     </span>
    </p>
   </div>
   <div class='ocr_carea' id='block_1_82' title="bbox 2193 2458 3768 2543">
    <p class='ocr_par' dir='ltr' id='par_1_82' title="bbox 2193 2458 3768 2543">
     <span class='ocr_line' id='line_1_90' title="bbox 2193 2458 3768 2543; baseline -0.015 -10"><span class='ocrx_word' id='word_1_679' title='bbox 2193 2488 2315 2534; x_wconf 90' lang='lat' dir='ltr'><strong>autc</strong></span> <span class='ocrx_word' id='word_1_680' title='bbox 2343 2477 2526 2530; x_wconf 92' lang='lat' dir='ltr'><strong>horam</strong></span> <span class='ocrx_word' id='word_1_681' title='bbox 2556 2471 2758 2543; x_wconf 76' lang='lat' dir='ltr'><strong>prandii</strong></span> <span class='ocrx_word' id='word_1_682' title='bbox 2787 2469 3036 2532; x_wconf 85' lang='lat' dir='ltr'><strong>reficere;</strong></span> <span class='ocrx_word' id='word_1_683' title='bbox 3065 2480 3171 2519; x_wconf 91' lang='lat' dir='ltr'><strong>non</strong></span> <span class='ocrx_word' id='word_1_684' title='bbox 3195 2462 3451 2532; x_wconf 88' lang='lat' dir='ltr'><strong>prohibeo</strong></span> <span class='ocrx_word' id='word_1_685' title='bbox 3489 2458 3768 2527; x_wconf 70' lang='lat' dir='ltr'><strong>religiosos</strong></span> 
     </span>
    </p>
   </div>
   <div class='ocr_carea' id='block_1_83' title="bbox 2189 2547 3766 2637">
    <p class='ocr_par' dir='ltr' id='par_1_83' title="bbox 2189 2547 3766 2637">
     <span class='ocr_line' id='line_1_91' title="bbox 2189 2547 3766 2637; baseline -0.015 -14"><span class='ocrx_word' id='word_1_686' title='bbox 2189 2571 2271 2623; x_wconf 69' lang='lat' dir='ltr'><strong>vel</strong></span> <span class='ocrx_word' id='word_1_687' title='bbox 2320 2567 2590 2637; x_wconf 85' lang='lat' dir='ltr'><strong>religiosas</strong></span> <span class='ocrx_word' id='word_1_688' title='bbox 2639 2564 2846 2617; x_wconf 78' lang='lat' dir='ltr'><strong>mittere</strong></span> <span class='ocrx_word' id='word_1_689' title='bbox 2889 2560 2967 2612; x_wconf 89' lang='lat' dir='ltr'><strong>eis</strong></span> <span class='ocrx_word' id='word_1_690' title='bbox 3011 2555 3149 2626; x_wconf 88' lang='lat' dir='ltr'><strong>quod</strong></span> <span class='ocrx_word' id='word_1_691' title='bbox 3175 2555 3252 2608; x_wconf 86' lang='lat' dir='ltr'><strong>eis</strong></span> <span class='ocrx_word' id='word_1_692' title='bbox 3296 2553 3502 2607; x_wconf 86' lang='lat' dir='ltr'><strong>videtur</strong></span> <span class='ocrx_word' id='word_1_693' title='bbox 3541 2558 3596 2602; x_wconf 92' lang='lat' dir='ltr'><strong>ut</strong></span> <span class='ocrx_word' id='word_1_694' title='bbox 3639 2547 3766 2600; x_wconf 92' lang='lat' dir='ltr'><strong>mit-</strong></span> 
     </span>
    </p>
   </div>
   <div class='ocr_carea' id='block_1_84' title="bbox 2192 2637 3768 2729">
    <p class='ocr_par' dir='ltr' id='par_1_84' title="bbox 2192 2637 3768 2729">
     <span class='ocr_line' id='line_1_92' title="bbox 2192 2637 3768 2729; baseline -0.017 -12"><span class='ocrx_word' id='word_1_695' title='bbox 2192 2670 2303 2717; x_wconf 87' lang='lat' dir='ltr'><strong>tant</strong></span> <span class='ocrx_word' id='word_1_696' title='bbox 2335 2679 2347 2712; x_wconf 90' lang='lat'><strong>:</strong></span> <span class='ocrx_word' id='word_1_697' title='bbox 2379 2658 2654 2729; x_wconf 89' lang='lat' dir='ltr'><strong>prandium</strong></span> <span class='ocrx_word' id='word_1_698' title='bbox 2707 2664 2880 2708; x_wconf 87' lang='lat' dir='ltr'><strong>tamen</strong></span> <span class='ocrx_word' id='word_1_699' title='bbox 2927 2659 2982 2704; x_wconf 92' lang='lat' dir='ltr'><strong>ct</strong></span> <span class='ocrx_word' id='word_1_700' title='bbox 3023 2661 3232 2703; x_wconf 76' lang='lat' dir='ltr'><strong>ctenam</strong></span> <span class='ocrx_word' id='word_1_701' title='bbox 3279 2653 3430 2699; x_wconf 82' lang='lat' dir='ltr'><strong>extra</strong></span> <span class='ocrx_word' id='word_1_702' title='bbox 3477 2655 3632 2694; x_wconf 90' lang='lat' dir='ltr'><strong>nemo</strong></span> <span class='ocrx_word' id='word_1_703' title='bbox 3662 2637 3768 2692; x_wconf 76' lang='lat' dir='ltr'><strong>ha-</strong></span> 
     </span>
    </p>
   </div>
   <div class='ocr_carea' id='block_1_85' title="bbox 2193 2754 2353 2809">
    <p class='ocr_par' dir='ltr' id='par_1_85' title="bbox 2193 2754 2353 2809">
     <span class='ocr_line' id='line_1_93' title="bbox 2193 2754 2353 2809; baseline -0.006 0"><span class='ocrx_word' id='word_1_704' title='bbox 2193 2754 2353 2809; x_wconf 81' lang='lat' dir='ltr'><strong>bchit.</strong></span> 
     </span>
    </p>
   </div>
   <div class='ocr_carea' id='block_1_86' title="bbox 2264 2825 3771 2907">
    <p class='ocr_par' dir='ltr' id='par_1_86' title="bbox 2264 2825 3771 2907">
     <span class='ocr_line' id='line_1_94' title="bbox 2264 2825 3771 2907; baseline -0.018 -7"><span class='ocrx_word' id='word_1_705' title='bbox 2264 2845 2331 2900; x_wconf 69' lang='grc'><strong>14</strong></span> <span class='ocrx_word' id='word_1_706' title='bbox 2359 2841 2666 2899; x_wconf 86' lang='lat' dir='ltr'><strong>Clericorum</strong></span> <span class='ocrx_word' id='word_1_707' title='bbox 2687 2838 2798 2894; x_wconf 77' lang='lat' dir='ltr'><strong>albo</strong></span> <span class='ocrx_word' id='word_1_708' title='bbox 2821 2832 3205 2907; x_wconf 72' lang='lat' dir='ltr'><strong>expungendum</strong></span> <span class='ocrx_word' id='word_1_709' title='bbox 3221 2828 3411 2891; x_wconf 80' lang='lat' dir='ltr'><strong>statuit,</strong></span> <span class='ocrx_word' id='word_1_710' title='bbox 3438 2825 3521 2898; x_wconf 82' lang='lat' dir='ltr'><strong>qui</strong></span> <span class='ocrx_word' id='word_1_711' title='bbox 3547 2837 3771 2896; x_wconf 83' lang='lat' dir='ltr'><strong>pauper-</strong></span> 
     </span>
    </p>
   </div>
   <div class='ocr_carea' id='block_1_87' title="bbox 2195 2916 3775 3006">
    <p class='ocr_par' dir='ltr' id='par_1_87' title="bbox 2195 2916 3775 3006">
     <span class='ocr_line' id='line_1_95' title="bbox 2195 2916 3775 3006; baseline -0.018 -14"><span class='ocrx_word' id='word_1_712' title='bbox 2195 2939 2312 2992; x_wconf 75' lang='lat' dir='ltr'><strong>tatis</strong></span> <span class='ocrx_word' id='word_1_713' title='bbox 2343 2935 2653 3006; x_wconf 80' lang='lat' dir='ltr'><strong>propositum</strong></span> <span class='ocrx_word' id='word_1_714' title='bbox 2677 2929 2950 2984; x_wconf 79' lang='lat' dir='ltr'><strong>violaverit.</strong></span> <span class='ocrx_word' id='word_1_715' title='bbox 3015 2925 3151 2981; x_wconf 86' lang='lat' dir='ltr'><strong>Ecce</strong></span> <span class='ocrx_word' id='word_1_716' title='bbox 3192 2922 3313 2975; x_wconf 87' lang='lat' dir='ltr'><strong>dico</strong></span> <span class='ocrx_word' id='word_1_717' title='bbox 3335 2962 3352 2986; x_wconf 89' lang='lat'><strong>,</strong></span> <span class='ocrx_word' id='word_1_718' title='bbox 3391 2916 3642 2980; x_wconf 83' lang='lat' dir='ltr'><strong>audistis,</strong></span> <span class='ocrx_word' id='word_1_719' title='bbox 3671 2928 3775 2966; x_wconf 84' lang='lat' dir='ltr'><strong>au-</strong></span> 
     </span>
    </p>
   </div>
   <div class='ocr_carea' id='block_1_88' title="bbox 2194 3001 3775 3092">
    <p class='ocr_par' dir='ltr' id='par_1_88' title="bbox 2194 3001 3775 3092">
     <span class='ocr_line' id='line_1_96' title="bbox 2194 3001 3775 3092; baseline -0.02 -8"><span class='ocrx_word' id='word_1_720' title='bbox 2194 3029 2346 3084; x_wconf 89' lang='lat' dir='ltr'><strong>diunt</strong></span> <span class='ocrx_word' id='word_1_721' title='bbox 2375 3044 2388 3078; x_wconf 90' lang='lat'>:</span> <span class='ocrx_word' id='word_1_722' title='bbox 2421 3001 2519 3092; x_wconf 87' lang='lat' dir='ltr'><strong>Qui</strong></span> <span class='ocrx_word' id='word_1_723' title='bbox 2568 3023 2766 3077; x_wconf 90' lang='lat' dir='ltr'><strong>habere</strong></span> <span class='ocrx_word' id='word_1_724' title='bbox 2791 3017 3018 3073; x_wconf 88' lang='lat' dir='ltr'><strong>voluerit</strong></span> <span class='ocrx_word' id='word_1_725' title='bbox 3047 3013 3317 3085; x_wconf 89' lang='lat' dir='ltr'><strong>proprium</strong></span> <span class='ocrx_word' id='word_1_726' title='bbox 3359 3018 3410 3063; x_wconf 92' lang='lat' dir='ltr'><strong>et</strong></span> <span class='ocrx_word' id='word_1_727' title='bbox 3449 3007 3517 3060; x_wconf 89' lang='lat' dir='ltr'><strong>de</strong></span> <span class='ocrx_word' id='word_1_728' title='bbox 3556 3001 3775 3073; x_wconf 82' lang='lat' dir='ltr'><strong>praprio</strong></span> 
     </span>
    </p>
   </div>
   <div class='ocr_carea' id='block_1_89' title="bbox 2196 3101 3773 3182">
    <p class='ocr_par' dir='ltr' id='par_1_89' title="bbox 2196 3101 3773 3182">
     <span class='ocr_line' id='line_1_97' title="bbox 2196 3101 3773 3182; baseline -0.018 -8"><span class='ocrx_word' id='word_1_729' title='bbox 2196 3121 2391 3182; x_wconf 89' lang='lat' dir='ltr'><strong>vivere,</strong></span> <span class='ocrx_word' id='word_1_730' title='bbox 2423 3127 2477 3171; x_wconf 90' lang='lat' dir='ltr'><strong>et</strong></span> <span class='ocrx_word' id='word_1_731' title='bbox 2505 3123 2690 3170; x_wconf 90' lang='lat' dir='ltr'><strong>contra</strong></span> <span class='ocrx_word' id='word_1_732' title='bbox 2719 3113 2818 3166; x_wconf 90' lang='lat' dir='ltr'><strong>ista</strong></span> <span class='ocrx_word' id='word_1_733' title='bbox 2841 3116 3108 3180; x_wconf 60' lang='lat' dir='ltr'><strong>praecepta</strong></span> <span class='ocrx_word' id='word_1_734' title='bbox 3138 3113 3317 3159; x_wconf 89' lang='lat' dir='ltr'><strong>nostra</strong></span> <span class='ocrx_word' id='word_1_735' title='bbox 3349 3101 3549 3160; x_wconf 80' lang='lat' dir='ltr'><strong>facere,</strong></span> <span class='ocrx_word' id='word_1_736' title='bbox 3586 3109 3773 3165; x_wconf 86' lang='lat' dir='ltr'><strong>parum</strong></span> 
     </span>
    </p>
   </div>
   <div class='ocr_carea' id='block_1_90' title="bbox 2197 3185 3777 3281">
    <p class='ocr_par' dir='ltr' id='par_1_90' title="bbox 2197 3185 3777 3281">
     <span class='ocr_line' id='line_1_98' title="bbox 2197 3185 3777 3281; baseline -0.018 -15"><span class='ocrx_word' id='word_1_737' title='bbox 2197 3220 2280 3281; x_wconf 77' lang='lat' dir='ltr'><strong>est</strong></span> <span class='ocrx_word' id='word_1_738' title='bbox 2309 3217 2366 3264; x_wconf 90' lang='lat' dir='ltr'><strong>ut</strong></span> <span class='ocrx_word' id='word_1_739' title='bbox 2393 3208 2563 3263; x_wconf 88' lang='lat' dir='ltr'><strong>dicam</strong></span> <span class='ocrx_word' id='word_1_740' title='bbox 2592 3247 2608 3271; x_wconf 93' lang='lat'><strong>,</strong></span> <span class='ocrx_word' id='word_1_741' title='bbox 2657 3218 2764 3258; x_wconf 90' lang='lat' dir='ltr'><strong>non</strong></span> <span class='ocrx_word' id='word_1_742' title='bbox 2793 3215 3000 3255; x_wconf 90' lang='lat' dir='ltr'><strong>mecum</strong></span> <span class='ocrx_word' id='word_1_743' title='bbox 3051 3194 3284 3251; x_wconf 88' lang='lat' dir='ltr'><strong>manebit</strong></span> <span class='ocrx_word' id='word_1_744' title='bbox 3313 3210 3325 3246; x_wconf 94' lang='lat'>:</span> <span class='ocrx_word' id='word_1_745' title='bbox 3354 3190 3447 3246; x_wconf 89' lang='lat' dir='ltr'><strong>sed</strong></span> <span class='ocrx_word' id='word_1_746' title='bbox 3475 3197 3529 3243; x_wconf 84' lang='lat' dir='ltr'><strong>et</strong></span> <span class='ocrx_word' id='word_1_747' title='bbox 3553 3187 3614 3240; x_wconf 60' lang='lat' dir='ltr'><strong>cl:</strong></span> <span class='ocrx_word' id='word_1_748' title='bbox 3634 3185 3777 3238; x_wconf 83' lang='lat' dir='ltr'><strong>rieus</strong></span> 
     </span>
    </p>
   </div>
   <div class='ocr_carea' id='block_1_91' title="bbox 2198 3274 3778 3358">
    <p class='ocr_par' dir='ltr' id='par_1_91' title="bbox 2198 3274 3778 3358">
     <span class='ocr_line' id='line_1_99' title="bbox 2198 3274 3778 3358; baseline -0.02 -1"><span class='ocrx_word' id='word_1_749' title='bbox 2198 3319 2305 3358; x_wconf 91' lang='lat' dir='ltr'><strong>non</strong></span> <span class='ocrx_word' id='word_1_750' title='bbox 2335 3300 2456 3355; x_wconf 90' lang='lat' dir='ltr'><strong>erit.</strong></span> <span class='ocrx_word' id='word_1_751' title='bbox 2489 3297 2731 3351; x_wconf 79' lang='lat' dir='ltr'><strong>Dixeram</strong></span> <span class='ocrx_word' id='word_1_752' title='bbox 2768 3293 2908 3346; x_wconf 90' lang='lat' dir='ltr'><strong>enim</strong></span> <span class='ocrx_word' id='word_1_753' title='bbox 2934 3331 2948 3355; x_wconf 95' lang='lat'><strong>,</strong></span> <span class='ocrx_word' id='word_1_754' title='bbox 2973 3299 3024 3344; x_wconf 87' lang='lat' dir='ltr'><strong>et</strong></span> <span class='ocrx_word' id='word_1_755' title='bbox 3051 3288 3162 3342; x_wconf 88' lang='lat' dir='ltr'><strong>scio</strong></span> <span class='ocrx_word' id='word_1_756' title='bbox 3191 3300 3274 3339; x_wconf 90' lang='lat' dir='ltr'><strong>mc</strong></span> <span class='ocrx_word' id='word_1_757' title='bbox 3300 3282 3495 3338; x_wconf 74' lang='lat' dir='ltr'><strong>dixisse</strong></span> <span class='ocrx_word' id='word_1_758' title='bbox 3517 3319 3532 3344; x_wconf 88' lang='lat'><strong>,</strong></span> <span class='ocrx_word' id='word_1_759' title='bbox 3565 3276 3702 3346; x_wconf 89' lang='lat' dir='ltr'><strong>quod</strong></span> <span class='ocrx_word' id='word_1_760' title='bbox 3728 3274 3778 3327; x_wconf 88' lang='lat' dir='ltr'><strong>si</strong></span> 
     </span>
    </p>
   </div>
   <div class='ocr_carea' id='block_1_92' title="bbox 2201 3367 3781 3457">
    <p class='ocr_par' dir='ltr' id='par_1_92' title="bbox 2201 3367 3781 3457">
     <span class='ocr_line' id='line_1_100' title="bbox 2201 3367 3781 3457; baseline -0.018 -7"><span class='ocrx_word' id='word_1_761' title='bbox 2201 3395 2406 3451; x_wconf 88' lang='lat' dir='ltr'><strong>nollent</strong></span> <span class='ocrx_word' id='word_1_762' title='bbox 2445 3389 2716 3457; x_wconf 85' lang='lat' dir='ltr'><strong>suscipere</strong></span> <span class='ocrx_word' id='word_1_763' title='bbox 2741 3383 2992 3439; x_wconf 87' lang='lat' dir='ltr'><strong>socialem</strong></span> <span class='ocrx_word' id='word_1_764' title='bbox 3022 3381 3181 3432; x_wconf 78' lang='lat' dir='ltr'><strong>vitam</strong></span> <span class='ocrx_word' id='word_1_765' title='bbox 3217 3386 3448 3431; x_wconf 75' lang='lat' dir='ltr'><strong>uestram</strong></span> <span class='ocrx_word' id='word_1_766' title='bbox 3476 3413 3490 3436; x_wconf 96' lang='lat'><strong>,</strong></span> <span class='ocrx_word' id='word_1_767' title='bbox 3539 3385 3642 3425; x_wconf 91' lang='lat' dir='ltr'><strong>non</strong></span> <span class='ocrx_word' id='word_1_768' title='bbox 3671 3367 3781 3421; x_wconf 85' lang='lat' dir='ltr'><strong>illis</strong></span> 
     </span>
    </p>
   </div>
   <div class='ocr_carea' id='block_1_93' title="bbox 2205 3471 3786 3543">
    <p class='ocr_par' dir='ltr' id='par_1_93' title="bbox 2205 3471 3786 3543">
     <span class='ocr_line' id='line_1_101' title="bbox 2205 3471 3786 3543; baseline -0.021 0"><span class='ocrx_word' id='word_1_769' title='bbox 2205 3488 2445 3543; x_wconf 90' lang='lat' dir='ltr'><strong>tollerem</strong></span> <span class='ocrx_word' id='word_1_770' title='bbox 2484 3481 2829 3540; x_wconf 90' lang='lat' dir='ltr'><strong>clericatum;</strong></span> <span class='ocrx_word' id='word_1_771' title='bbox 2869 3473 2964 3530; x_wconf 79' lang='lat' dir='ltr'><strong>sed</strong></span> <span class='ocrx_word' id='word_1_772' title='bbox 3009 3485 3248 3526; x_wconf 87' lang='lat' dir='ltr'><strong>seorsum</strong></span> <span class='ocrx_word' id='word_1_773' title='bbox 3281 3471 3588 3528; x_wconf 87' lang='lat' dir='ltr'><strong>manerent,</strong></span> <span class='ocrx_word' id='word_1_774' title='bbox 3632 3474 3786 3514; x_wconf 85' lang='lat' dir='ltr'><strong>seor-</strong></span> 
     </span>
    </p>
   </div>
   <div class='ocr_carea' id='block_1_94' title="bbox 2205 3550 3785 3641">
    <p class='ocr_par' dir='ltr' id='par_1_94' title="bbox 2205 3550 3785 3641">
     <span class='ocr_line' id='line_1_102' title="bbox 2205 3550 3785 3641; baseline -0.021 -5"><span class='ocrx_word' id='word_1_775' title='bbox 2205 3596 2322 3636; x_wconf 88' lang='lat' dir='ltr'><strong>sum</strong></span> <span class='ocrx_word' id='word_1_776' title='bbox 2368 3577 2647 3635; x_wconf 88' lang='lat' dir='ltr'><strong>viverent,</strong></span> <span class='ocrx_word' id='word_1_777' title='bbox 2678 3566 2945 3641; x_wconf 88' lang='lat' dir='ltr'><strong>quomodo</strong></span> <span class='ocrx_word' id='word_1_778' title='bbox 2987 3570 3209 3619; x_wconf 75' lang='lat' dir='ltr'><strong>nossent</strong></span> <span class='ocrx_word' id='word_1_779' title='bbox 3252 3561 3360 3614; x_wconf 87' lang='lat' dir='ltr'><strong>Deo</strong></span> <span class='ocrx_word' id='word_1_780' title='bbox 3402 3558 3657 3611; x_wconf 84' lang='lat' dir='ltr'><strong>viverent.</strong></span> <span class='ocrx_word' id='word_1_781' title='bbox 3712 3550 3785 3604; x_wconf 84' lang='lat' dir='ltr'><strong>Et</strong></span> 
     </span>
    </p>
   </div>
   <div class='ocr_carea' id='block_1_95' title="bbox 2207 3646 3787 3727">
    <p class='ocr_par' dir='ltr' id='par_1_95' title="bbox 2207 3646 3787 3727">
     <span class='ocr_line' id='line_1_103' title="bbox 2207 3646 3787 3727; baseline -0.022 -1"><span class='ocrx_word' id='word_1_782' title='bbox 2207 3679 2293 3725; x_wconf 77' lang='lat' dir='ltr'><strong>tan</strong></span> <span class='ocrx_word' id='word_1_783' title='bbox 2317 3683 2382 3722; x_wconf 90' lang='lat' dir='ltr'><strong>en</strong></span> <span class='ocrx_word' id='word_1_784' title='bbox 2410 3674 2531 3719; x_wconf 89' lang='lat' dir='ltr'><strong>ante</strong></span> <span class='ocrx_word' id='word_1_785' title='bbox 2556 3662 2738 3717; x_wconf 89' lang='lat' dir='ltr'><strong>oculos</strong></span> <span class='ocrx_word' id='word_1_786' title='bbox 2776 3655 2927 3727; x_wconf 86' lang='lat' dir='ltr'><strong>posui</strong></span> <span class='ocrx_word' id='word_1_787' title='bbox 2951 3696 2967 3722; x_wconf 89' lang='lat'><strong>,</strong></span> <span class='ocrx_word' id='word_1_788' title='bbox 2996 3660 3249 3724; x_wconf 87' lang='lat' dir='ltr'><strong>quantum</strong></span> <span class='ocrx_word' id='word_1_789' title='bbox 3278 3649 3474 3702; x_wconf 86' lang='lat' dir='ltr'><strong>malum</strong></span> <span class='ocrx_word' id='word_1_790' title='bbox 3510 3646 3580 3700; x_wconf 86' lang='lat' dir='ltr'><strong>sit</strong></span> <span class='ocrx_word' id='word_1_791' title='bbox 3605 3661 3632 3695; x_wconf 92' lang='lat' dir='ltr'><strong>a</strong></span> <span class='ocrx_word' id='word_1_792' title='bbox 3662 3654 3787 3712; x_wconf 80' lang='lat' dir='ltr'><strong>pro-</strong></span> 
     </span>
    </p>
   </div>
   <div class='ocr_carea' id='block_1_96' title="bbox 2209 3737 3787 3830">
    <p class='ocr_par' dir='ltr' id='par_1_96' title="bbox 2209 3737 3787 3830">
     <span class='ocr_line' id='line_1_104' title="bbox 2209 3737 3787 3830; baseline -0.018 -16"><span class='ocrx_word' id='word_1_793' title='bbox 2209 3759 2380 3830; x_wconf 87' lang='lat' dir='ltr'><strong>posito</strong></span> <span class='ocrx_word' id='word_1_794' title='bbox 2404 3755 2613 3814; x_wconf 81' lang='lat' dir='ltr'><strong>cadere.</strong></span> <span class='ocrx_word' id='word_1_795' title='bbox 2633 3749 2789 3805; x_wconf 81' lang='lat' dir='ltr'><strong>Malui</strong></span> <span class='ocrx_word' id='word_1_796' title='bbox 2814 3748 2956 3803; x_wconf 88' lang='lat' dir='ltr'><strong>enim</strong></span> <span class='ocrx_word' id='word_1_797' title='bbox 2985 3745 3182 3798; x_wconf 86' lang='lat' dir='ltr'><strong>habere</strong></span> <span class='ocrx_word' id='word_1_798' title='bbox 3210 3741 3289 3796; x_wconf 88' lang='lat' dir='ltr'><strong>vel</strong></span> <span class='ocrx_word' id='word_1_799' title='bbox 3313 3737 3528 3793; x_wconf 85' lang='lat' dir='ltr'><strong>claudos</strong></span> <span class='ocrx_word' id='word_1_800' title='bbox 3553 3737 3591 3801; x_wconf 83' lang='lat'><strong>&#39;,</strong></span> <span class='ocrx_word' id='word_1_801' title='bbox 3623 3747 3787 3804; x_wconf 87' lang='lat' dir='ltr'><strong>quam</strong></span> 
     </span>
    </p>
   </div>
   <div class='ocr_carea' id='block_1_97' title="bbox 2212 3831 3791 3920">
    <p class='ocr_par' dir='ltr' id='par_1_97' title="bbox 2212 3831 3791 3920">
     <span class='ocr_line' id='line_1_105' title="bbox 2212 3831 3791 3920; baseline -0.018 -17"><span class='ocrx_word' id='word_1_802' title='bbox 2212 3850 2464 3920; x_wconf 80' lang='lat' dir='ltr'><strong>plangere</strong></span> <span class='ocrx_word' id='word_1_803' title='bbox 2485 3853 2750 3899; x_wconf 86' lang='lat' dir='ltr'><strong>mortuos.</strong></span> <span class='ocrx_word' id='word_1_804' title='bbox 2794 3838 2892 3906; x_wconf 90' lang='lat' dir='ltr'><strong>Qui</strong></span> <span class='ocrx_word' id='word_1_805' title='bbox 2917 3836 3058 3891; x_wconf 90' lang='lat' dir='ltr'><strong>enim</strong></span> <span class='ocrx_word' id='word_1_806' title='bbox 3087 3831 3362 3904; x_wconf 78' lang='lat' dir='ltr'><strong>hypocrita</strong></span> <span class='ocrx_word' id='word_1_807' title='bbox 3389 3837 3502 3892; x_wconf 88' lang='lat' dir='ltr'><strong>est,</strong></span> <span class='ocrx_word' id='word_1_808' title='bbox 3547 3832 3791 3880; x_wconf 82' lang='lat' dir='ltr'><strong>mortuus</strong></span> 
     </span>
    </p>
   </div>
   <div class='ocr_carea' id='block_1_98' title="bbox 2213 3920 3791 4003">
    <p class='ocr_par' dir='ltr' id='par_1_98' title="bbox 2213 3920 3791 4003">
     <span class='ocr_line' id='line_1_106' title="bbox 2213 3920 3791 4003; baseline -0.02 -9"><span class='ocrx_word' id='word_1_809' title='bbox 2213 3949 2313 3994; x_wconf 75' lang='lat' dir='ltr'><strong>cst.</strong></span> <span class='ocrx_word' id='word_1_810' title='bbox 2367 3933 2644 4003; x_wconf 80' lang='lat' dir='ltr'><strong>Quomodo</strong></span> <span class='ocrx_word' id='word_1_811' title='bbox 2680 3945 2808 3999; x_wconf 78' lang='lat' dir='ltr'><strong>ergo</strong></span> <span class='ocrx_word' id='word_1_812' title='bbox 2850 3927 3168 3997; x_wconf 90' lang='lat' dir='ltr'><strong>quicumque</strong></span> <span class='ocrx_word' id='word_1_813' title='bbox 3215 3920 3471 3973; x_wconf 87' lang='lat' dir='ltr'><strong>voluisset</strong></span> <span class='ocrx_word' id='word_1_814' title='bbox 3499 3927 3646 3971; x_wconf 83' lang='lat' dir='ltr'><strong>extra</strong></span> <span class='ocrx_word' id='word_1_815' title='bbox 3675 3928 3791 3966; x_wconf 82' lang='lat' dir='ltr'><strong>ma-</strong></span> 
     </span>
    </p>
   </div>
   <div class='ocr_carea' id='block_1_99' title="bbox 2215 4008 3790 4083">
    <p class='ocr_par' dir='ltr' id='par_1_99' title="bbox 2215 4008 3790 4083">
     <span class='ocr_line' id='line_1_107' title="bbox 2215 4008 3790 4083; baseline -0.017 -1"><span class='ocrx_word' id='word_1_816' title='bbox 2215 4044 2343 4083; x_wconf 88' lang='lat' dir='ltr'><strong>nere</strong></span> <span class='ocrx_word' id='word_1_817' title='bbox 2383 4038 2434 4080; x_wconf 88' lang='lat' dir='ltr'><strong>et</strong></span> <span class='ocrx_word' id='word_1_818' title='bbox 2474 4025 2544 4083; x_wconf 80' lang='lat' dir='ltr'><strong>de</strong></span> <span class='ocrx_word' id='word_1_819' title='bbox 2573 4037 2672 4078; x_wconf 90' lang='lat' dir='ltr'><strong>suo</strong></span> <span class='ocrx_word' id='word_1_820' title='bbox 2712 4021 2892 4074; x_wconf 89' lang='lat' dir='ltr'><strong>vivere</strong></span> <span class='ocrx_word' id='word_1_821' title='bbox 2915 4059 2929 4080; x_wconf 87' lang='lat'><strong>,</strong></span> <span class='ocrx_word' id='word_1_822' title='bbox 2964 4031 3068 4070; x_wconf 92' lang='lat' dir='ltr'><strong>non</strong></span> <span class='ocrx_word' id='word_1_823' title='bbox 3096 4015 3145 4068; x_wconf 92' lang='lat' dir='ltr'><strong>ei</strong></span> <span class='ocrx_word' id='word_1_824' title='bbox 3174 4012 3414 4066; x_wconf 87' lang='lat' dir='ltr'><strong>tollerem</strong></span> <span class='ocrx_word' id='word_1_825' title='bbox 3443 4008 3745 4062; x_wconf 87' lang='lat' dir='ltr'><strong>clericatum</strong></span> <span class='ocrx_word' id='word_1_826' title='bbox 3769 4020 3790 4056; x_wconf 90' lang='lat'><strong>:</strong></span> 
     </span>
    </p>
   </div>
   <div class='ocr_carea' id='block_1_100' title="bbox 2218 4094 3794 4186">
    <p class='ocr_par' dir='ltr' id='par_1_100' title="bbox 2218 4094 3794 4186">
     <span class='ocr_line' id='line_1_108' title="bbox 2218 4094 3794 4186; baseline -0.023 -1"><span class='ocrx_word' id='word_1_827' title='bbox 2218 4131 2287 4184; x_wconf 90' lang='lat' dir='ltr'><strong>ita</strong></span> <span class='ocrx_word' id='word_1_828' title='bbox 2318 4119 2476 4175; x_wconf 81' lang='lat' dir='ltr'><strong>modo</strong></span> <span class='ocrx_word' id='word_1_829' title='bbox 2506 4117 2630 4186; x_wconf 90' lang='lat' dir='ltr'><strong>quia</strong></span> <span class='ocrx_word' id='word_1_830' title='bbox 2659 4111 2850 4184; x_wconf 86' lang='lat' dir='ltr'><strong>placuit</strong></span> <span class='ocrx_word' id='word_1_831' title='bbox 2878 4109 3003 4170; x_wconf 75' lang='lat' dir='ltr'><strong>illis,</strong></span> <span class='ocrx_word' id='word_1_832' title='bbox 3028 4108 3135 4159; x_wconf 93' lang='lat' dir='ltr'><strong>Deo</strong></span> <span class='ocrx_word' id='word_1_833' title='bbox 3162 4102 3412 4172; x_wconf 88' lang='lat' dir='ltr'><strong>propitio,</strong></span> <span class='ocrx_word' id='word_1_834' title='bbox 3441 4097 3649 4154; x_wconf 86' lang='lat' dir='ltr'><strong>socialis</strong></span> <span class='ocrx_word' id='word_1_835' title='bbox 3674 4094 3794 4148; x_wconf 64' lang='lat' dir='ltr'><strong>haac</strong></span> 
     </span>
    </p>
   </div>
   <div class='ocr_carea' id='block_1_101' title="bbox 2216 4187 3797 4282">
    <p class='ocr_par' dir='ltr' id='par_1_101' title="bbox 2216 4187 3797 4282">
     <span class='ocr_line' id='line_1_109' title="bbox 2216 4187 3797 4282; baseline -0.023 -9"><span class='ocrx_word' id='word_1_836' title='bbox 2216 4221 2322 4272; x_wconf 86' lang='lat' dir='ltr'><strong>vita</strong></span> <span class='ocrx_word' id='word_1_837' title='bbox 2348 4255 2362 4279; x_wconf 91' lang='lat'><strong>,</strong></span> <span class='ocrx_word' id='word_1_838' title='bbox 2390 4207 2626 4282; x_wconf 89' lang='lat' dir='ltr'><strong>quisquis</strong></span> <span class='ocrx_word' id='word_1_839' title='bbox 2654 4218 2775 4258; x_wconf 91' lang='lat' dir='ltr'><strong>cum</strong></span> <span class='ocrx_word' id='word_1_840' title='bbox 2799 4195 3067 4270; x_wconf 85' lang='lat' dir='ltr'><strong>hypocrisi</strong></span> <span class='ocrx_word' id='word_1_841' title='bbox 3095 4193 3320 4256; x_wconf 81' lang='lat' dir='ltr'><strong>vixerit,</strong></span> <span class='ocrx_word' id='word_1_842' title='bbox 3352 4188 3588 4261; x_wconf 85' lang='lat' dir='ltr'><strong>quisquis</strong></span> <span class='ocrx_word' id='word_1_843' title='bbox 3609 4187 3797 4239; x_wconf 61' lang='lat' dir='ltr'><strong>invene</strong></span> 
     </span>
    </p>
   </div>
   <div class='ocr_carea' id='block_1_102' title="bbox 2223 4273 3797 4365">
    <p class='ocr_par' dir='ltr' id='par_1_102' title="bbox 2223 4273 3797 4365">
     <span class='ocr_line' id='line_1_110' title="bbox 2223 4273 3797 4365; baseline -0.024 0"><span class='ocrx_word' id='word_1_844' title='bbox 2223 4319 2310 4365; x_wconf 91' lang='lat' dir='ltr'><strong>tus</strong></span> <span class='ocrx_word' id='word_1_845' title='bbox 2342 4273 2499 4360; x_wconf 77' lang='lat' dir='ltr'><strong>fuerit</strong></span> <span class='ocrx_word' id='word_1_846' title='bbox 2522 4273 2724 4353; x_wconf 82' lang='lat' dir='ltr'><strong>habens</strong></span> <span class='ocrx_word' id='word_1_847' title='bbox 2747 4289 3016 4362; x_wconf 89' lang='lat' dir='ltr'><strong>pr0prium</strong></span> <span class='ocrx_word' id='word_1_848' title='bbox 3038 4329 3052 4352; x_wconf 95' lang='lat'><strong>,</strong></span> <span class='ocrx_word' id='word_1_849' title='bbox 3086 4301 3190 4340; x_wconf 90' lang='lat' dir='ltr'><strong>non</strong></span> <span class='ocrx_word' id='word_1_850' title='bbox 3217 4284 3292 4338; x_wconf 91' lang='lat' dir='ltr'><strong>illi</strong></span> <span class='ocrx_word' id='word_1_851' title='bbox 3319 4281 3565 4352; x_wconf 88' lang='lat' dir='ltr'><strong>permitto</strong></span> <span class='ocrx_word' id='word_1_852' title='bbox 3595 4286 3650 4333; x_wconf 92' lang='lat' dir='ltr'><strong>ut</strong></span> <span class='ocrx_word' id='word_1_853' title='bbox 3669 4273 3797 4330; x_wconf 87' lang='lat' dir='ltr'><strong>inde</strong></span> 
     </span>
    </p>
   </div>
   <div class='ocr_carea' id='block_1_103' title="bbox 2224 4367 3796 4457">
    <p class='ocr_par' dir='ltr' id='par_1_103' title="bbox 2224 4367 3796 4457">
     <span class='ocr_line' id='line_1_111' title="bbox 2224 4367 3796 4457; baseline -0.025 1"><span class='ocrx_word' id='word_1_854' title='bbox 2224 4401 2387 4457; x_wconf 90' lang='lat' dir='ltr'><strong>faciat</strong></span> <span class='ocrx_word' id='word_1_855' title='bbox 2411 4396 2807 4450; x_wconf 86' lang='lat' dir='ltr'><strong>testamentum,</strong></span> <span class='ocrx_word' id='word_1_856' title='bbox 2838 4379 2932 4435; x_wconf 84' lang='lat' dir='ltr'><strong>sed</strong></span> <span class='ocrx_word' id='word_1_857' title='bbox 2960 4377 3151 4432; x_wconf 89' lang='lat' dir='ltr'><strong>delebo</strong></span> <span class='ocrx_word' id='word_1_858' title='bbox 3183 4391 3303 4430; x_wconf 91' lang='lat' dir='ltr'><strong>cum</strong></span> <span class='ocrx_word' id='word_1_859' title='bbox 3331 4373 3398 4428; x_wconf 88' lang='lat' dir='ltr'><strong>de</strong></span> <span class='ocrx_word' id='word_1_860' title='bbox 3429 4370 3602 4428; x_wconf 87' lang='lat' dir='ltr'><strong>tabula</strong></span> <span class='ocrx_word' id='word_1_861' title='bbox 3630 4367 3796 4422; x_wconf 78' lang='lat' dir='ltr'><strong>cleri-</strong></span> 
     </span>
    </p>
   </div>
   <div class='ocr_carea' id='block_1_104' title="bbox 2225 4457 3799 4547">
    <p class='ocr_par' dir='ltr' id='par_1_104' title="bbox 2225 4457 3799 4547">
     <span class='ocr_line' id='line_1_112' title="bbox 2225 4457 3799 4547; baseline -0.024 -1"><span class='ocrx_word' id='word_1_862' title='bbox 2225 4503 2430 4546; x_wconf 90' lang='lat' dir='ltr'><strong>corum.</strong></span> <span class='ocrx_word' id='word_1_863' title='bbox 2460 4475 2768 4547; x_wconf 85' lang='lat' dir='ltr'><strong>interpellet</strong></span> <span class='ocrx_word' id='word_1_864' title='bbox 2791 4478 2978 4526; x_wconf 87' lang='lat' dir='ltr'><strong>contra</strong></span> <span class='ocrx_word' id='word_1_865' title='bbox 3005 4483 3092 4522; x_wconf 89' lang='lat' dir='ltr'><strong>me</strong></span> <span class='ocrx_word' id='word_1_866' title='bbox 3118 4466 3262 4521; x_wconf 87' lang='lat' dir='ltr'><strong>mille</strong></span> <span class='ocrx_word' id='word_1_867' title='bbox 3289 4463 3512 4519; x_wconf 89' lang='lat' dir='ltr'><strong>concilia</strong></span> <span class='ocrx_word' id='word_1_868' title='bbox 3537 4501 3554 4526; x_wconf 90' lang='lat'><strong>,</strong></span> <span class='ocrx_word' id='word_1_869' title='bbox 3583 4457 3799 4526; x_wconf 81' lang='lat' dir='ltr'><strong>naviget</strong></span> 
     </span>
    </p>
   </div>
   <div class='ocr_carea' id='block_1_105' title="bbox 2227 4548 3800 4639">
    <p class='ocr_par' dir='ltr' id='par_1_105' title="bbox 2227 4548 3800 4639">
     <span class='ocr_line' id='line_1_113' title="bbox 2227 4548 3800 4639; baseline -0.024 -3"><span class='ocrx_word' id='word_1_870' title='bbox 2227 4589 2411 4636; x_wconf 85' lang='lat' dir='ltr'><strong>contra</strong></span> <span class='ocrx_word' id='word_1_871' title='bbox 2435 4588 2520 4627; x_wconf 92' lang='lat' dir='ltr'><strong>me</strong></span> <span class='ocrx_word' id='word_1_872' title='bbox 2543 4583 2648 4639; x_wconf 93' lang='lat' dir='ltr'><strong>quo</strong></span> <span class='ocrx_word' id='word_1_873' title='bbox 2677 4561 2924 4628; x_wconf 87' lang='lat' dir='ltr'><strong>voluerit,</strong></span> <span class='ocrx_word' id='word_1_874' title='bbox 2954 4560 3023 4613; x_wconf 88' lang='lat' dir='ltr'><strong>sit</strong></span> <span class='ocrx_word' id='word_1_875' title='bbox 3051 4566 3197 4612; x_wconf 88' lang='lat' dir='ltr'><strong>certe</strong></span> <span class='ocrx_word' id='word_1_876' title='bbox 3225 4557 3311 4611; x_wconf 88' lang='lat' dir='ltr'><strong>ubi</strong></span> <span class='ocrx_word' id='word_1_877' title='bbox 3339 4553 3570 4626; x_wconf 89' lang='lat' dir='ltr'><strong>potuerit</strong></span> <span class='ocrx_word' id='word_1_878' title='bbox 3601 4568 3616 4605; x_wconf 90' lang='lat'><strong>:</strong></span> <span class='ocrx_word' id='word_1_879' title='bbox 3645 4548 3800 4618; x_wconf 86' lang='lat' dir='ltr'><strong>adju-</strong></span> 
     </span>
    </p>
   </div>
   <div class='ocr_carea' id='block_1_106' title="bbox 2229 4637 3797 4724">
    <p class='ocr_par' dir='ltr' id='par_1_106' title="bbox 2229 4637 3797 4724">
     <span class='ocr_line' id='line_1_114' title="bbox 2229 4637 3797 4724; baseline -0.022 0"><span class='ocrx_word' id='word_1_880' title='bbox 2229 4669 2372 4724; x_wconf 88' lang='lat' dir='ltr'><strong>vabit</strong></span> <span class='ocrx_word' id='word_1_881' title='bbox 2400 4677 2484 4719; x_wconf 87' lang='lat' dir='ltr'><strong>me</strong></span> <span class='ocrx_word' id='word_1_882' title='bbox 2510 4637 2649 4713; x_wconf 84' lang='lat' dir='ltr'><strong>Deus</strong></span> <span class='ocrx_word' id='word_1_883' title='bbox 2669 4696 2684 4721; x_wconf 95' lang='lat'><strong>,</strong></span> <span class='ocrx_word' id='word_1_884' title='bbox 2714 4663 2772 4710; x_wconf 91' lang='lat' dir='ltr'><strong>ut</strong></span> <span class='ocrx_word' id='word_1_885' title='bbox 2802 4651 2886 4706; x_wconf 91' lang='lat' dir='ltr'><strong>ubi</strong></span> <span class='ocrx_word' id='word_1_886' title='bbox 2909 4666 3007 4718; x_wconf 72' lang='lat' dir='ltr'><strong>ego</strong></span> <span class='ocrx_word' id='word_1_887' title='bbox 3036 4647 3319 4718; x_wconf 87' lang='lat' dir='ltr'><strong>episcopus</strong></span> <span class='ocrx_word' id='word_1_888' title='bbox 3343 4659 3490 4708; x_wconf 87' lang='lat' dir='ltr'><strong>sum,</strong></span> <span class='ocrx_word' id='word_1_889' title='bbox 3524 4641 3612 4696; x_wconf 90' lang='lat' dir='ltr'><strong>ille</strong></span> <span class='ocrx_word' id='word_1_890' title='bbox 3638 4637 3797 4694; x_wconf 68' lang='lat' dir='ltr'><strong>clerio</strong></span> 
     </span>
    </p>
   </div>
   <div class='ocr_carea' id='block_1_107' title="bbox 2229 4729 3802 4816">
    <p class='ocr_par' dir='ltr' id='par_1_107' title="bbox 2229 4729 3802 4816">
     <span class='ocr_line' id='line_1_115' title="bbox 2229 4729 3802 4816; baseline -0.022 -1"><span class='ocrx_word' id='word_1_891' title='bbox 2229 4775 2325 4816; x_wconf 89' lang='lat' dir='ltr'><strong>cus</strong></span> <span class='ocrx_word' id='word_1_892' title='bbox 2360 4768 2478 4810; x_wconf 89' lang='lat' dir='ltr'><strong>esse</strong></span> <span class='ocrx_word' id='word_1_893' title='bbox 2505 4765 2610 4804; x_wconf 90' lang='lat' dir='ltr'><strong>non</strong></span> <span class='ocrx_word' id='word_1_894' title='bbox 2653 4745 2836 4816; x_wconf 87' lang='lat' dir='ltr'><strong>possit.</strong></span> <span class='ocrx_word' id='word_1_895' title='bbox 2870 4739 3134 4803; x_wconf 80' lang='lat' dir='ltr'><strong>AudiSIis,</strong></span> <span class='ocrx_word' id='word_1_896' title='bbox 3163 4735 3464 4791; x_wconf 87' lang='lat' dir='ltr'><strong>audierunt.</strong></span> <span class='ocrx_word' id='word_1_897' title='bbox 3513 4729 3618 4786; x_wconf 91' lang='lat' dir='ltr'><strong>Sed</strong></span> <span class='ocrx_word' id='word_1_898' title='bbox 3641 4742 3802 4798; x_wconf 89' lang='lat' dir='ltr'><strong>spero</strong></span> 
     </span>
    </p>
   </div>
   <div class='ocr_carea' id='block_1_108' title="bbox 2232 4818 3806 4905">
    <p class='ocr_par' dir='ltr' id='par_1_108' title="bbox 2232 4818 3806 4905">
     <span class='ocr_line' id='line_1_116' title="bbox 2232 4818 3806 4905; baseline -0.021 -1"><span class='ocrx_word' id='word_1_899' title='bbox 2232 4852 2284 4905; x_wconf 91' lang='lat' dir='ltr'><strong>in</strong></span> <span class='ocrx_word' id='word_1_900' title='bbox 2317 4848 2478 4902; x_wconf 89' lang='lat' dir='ltr'><strong>Deum</strong></span> <span class='ocrx_word' id='word_1_901' title='bbox 2519 4848 2758 4896; x_wconf 91' lang='lat' dir='ltr'><strong>nostrum</strong></span> <span class='ocrx_word' id='word_1_902' title='bbox 2798 4841 2853 4889; x_wconf 88' lang='lat' dir='ltr'><strong>et</strong></span> <span class='ocrx_word' id='word_1_903' title='bbox 2876 4828 3288 4887; x_wconf 85' lang='lat' dir='ltr'><strong>misericordiam</strong></span> <span class='ocrx_word' id='word_1_904' title='bbox 3324 4825 3441 4892; x_wconf 83' lang='lat' dir='ltr'><strong>ejus</strong></span> <span class='ocrx_word' id='word_1_905' title='bbox 3461 4865 3478 4889; x_wconf 95' lang='lat'><strong>,</strong></span> <span class='ocrx_word' id='word_1_906' title='bbox 3519 4820 3641 4892; x_wconf 88' lang='lat' dir='ltr'><strong>quia</strong></span> <span class='ocrx_word' id='word_1_907' title='bbox 3665 4818 3806 4876; x_wconf 84' lang='lat' dir='ltr'><strong>sicut</strong></span> 
     </span>
    </p>
   </div>
   <div class='ocr_carea' id='block_1_109' title="bbox 2233 4914 3806 5013">
    <p class='ocr_par' dir='ltr' id='par_1_109' title="bbox 2233 4914 3806 5013">
     <span class='ocr_line' id='line_1_117' title="bbox 2233 4914 3806 5013; baseline -0.019 -14"><span class='ocrx_word' id='word_1_908' title='bbox 2233 4939 2634 5013; x_wconf 89' lang='lat' dir='ltr'><strong>dispositionem</strong></span> <span class='ocrx_word' id='word_1_909' title='bbox 2660 4945 2833 4986; x_wconf 90' lang='lat' dir='ltr'><strong>meam</strong></span> <span class='ocrx_word' id='word_1_910' title='bbox 2875 4927 3028 4981; x_wconf 91' lang='lat' dir='ltr'><strong>istam</strong></span> <span class='ocrx_word' id='word_1_911' title='bbox 3056 4921 3295 4976; x_wconf 88' lang='lat' dir='ltr'><strong>hilariter</strong></span> <span class='ocrx_word' id='word_1_912' title='bbox 3332 4921 3686 4986; x_wconf 87' lang='lat' dir='ltr'><strong>acceperunt,</strong></span> <span class='ocrx_word' id='word_1_913' title='bbox 3724 4914 3806 4969; x_wconf 89' lang='lat' dir='ltr'><strong>sic</strong></span> 
     </span>
    </p>
   </div>
   <div class='ocr_carea' id='block_1_110' title="bbox 2235 5016 3204 5100">
    <p class='ocr_par' dir='ltr' id='par_1_110' title="bbox 2235 5016 3204 5100">
     <span class='ocr_line' id='line_1_118' title="bbox 2235 5016 3204 5100; baseline -0.026 -9"><span class='ocrx_word' id='word_1_914' title='bbox 2235 5050 2354 5091; x_wconf 91' lang='lat' dir='ltr'><strong>eam</strong></span> <span class='ocrx_word' id='word_1_915' title='bbox 2389 5045 2516 5100; x_wconf 85' lang='lat' dir='ltr'><strong>pure</strong></span> <span class='ocrx_word' id='word_1_916' title='bbox 2543 5025 2871 5090; x_wconf 74' lang='lat' dir='ltr'><strong>fideliterque</strong></span> <span class='ocrx_word' id='word_1_917' title='bbox 2895 5016 3204 5076; x_wconf 85' lang='lat' dir='ltr'><strong>servabunt.</strong></span> 
     </span>
    </p>
   </div>
   <div class='ocr_carea' id='block_1_111' title="bbox 2308 5094 3806 5191">
    <p class='ocr_par' dir='ltr' id='par_1_111' title="bbox 2308 5094 3806 5191">
     <span class='ocr_line' id='line_1_119' title="bbox 2308 5094 3806 5191; baseline -0.021 -8"><span class='ocrx_word' id='word_1_918' title='bbox 2308 5094 2401 5182; x_wconf 43' lang='lat'><strong>15.-</strong></span> <span class='ocrx_word' id='word_1_919' title='bbox 2427 5119 2694 5191; x_wconf 81' lang='lat' dir='ltr'><strong>Presbyter</strong></span> <span class='ocrx_word' id='word_1_920' title='bbox 2720 5114 3001 5170; x_wconf 80' lang='lat' dir='ltr'><strong>Barnabas.</strong></span> <span class='ocrx_word' id='word_1_921' title='bbox 3032 5107 3147 5164; x_wconf 72' lang='lat' dir='ltr'><strong>Dixi</strong></span> <span class='ocrx_word' id='word_1_922' title='bbox 3173 5101 3366 5174; x_wconf 89' lang='lat' dir='ltr'><strong>aliquid</strong></span> <span class='ocrx_word' id='word_1_923' title='bbox 3393 5115 3544 5156; x_wconf 89' lang='lat' dir='ltr'><strong>suum</strong></span> <span class='ocrx_word' id='word_1_924' title='bbox 3574 5112 3676 5152; x_wconf 92' lang='lat' dir='ltr'><strong>non</strong></span> <span class='ocrx_word' id='word_1_925' title='bbox 3707 5094 3806 5152; x_wconf 83' lang='lat' dir='ltr'><strong>ha-</strong></span> 
     </span>
    </p>
   </div>
   <div class='ocr_carea' id='block_1_112' title="bbox 2238 5195 3809 5286">
    <p class='ocr_par' dir='ltr' id='par_1_112' title="bbox 2238 5195 3809 5286">
     <span class='ocr_line' id='line_1_120' title="bbox 2238 5195 3809 5286; baseline -0.023 -11"><span class='ocrx_word' id='word_1_926' title='bbox 2238 5221 2366 5275; x_wconf 85' lang='lat' dir='ltr'><strong>bere</strong></span> <span class='ocrx_word' id='word_1_927' title='bbox 2397 5215 2738 5286; x_wconf 82' lang='lat' dir='ltr'><strong>presbyteros</strong></span> <span class='ocrx_word' id='word_1_928' title='bbox 2759 5205 3147 5260; x_wconf 82' lang='lat' dir='ltr'><strong>coltahitatorcs</strong></span> <span class='ocrx_word' id='word_1_929' title='bbox 3174 5211 3325 5253; x_wconf 87' lang='lat' dir='ltr'><strong>meos</strong></span> <span class='ocrx_word' id='word_1_930' title='bbox 3350 5237 3366 5262; x_wconf 91' lang='lat'><strong>,</strong></span> <span class='ocrx_word' id='word_1_931' title='bbox 3405 5195 3544 5247; x_wconf 86' lang='lat' dir='ltr'><strong>inter</strong></span> <span class='ocrx_word' id='word_1_932' title='bbox 3569 5204 3700 5260; x_wconf 89' lang='lat' dir='ltr'><strong>quos</strong></span> <span class='ocrx_word' id='word_1_933' title='bbox 3727 5198 3809 5240; x_wconf 78' lang='lat' dir='ltr'><strong>est</strong></span> 
     </span>
    </p>
   </div>
   <div class='ocr_carea' id='block_1_113' title="bbox 2241 5279 3812 5378">
    <p class='ocr_par' dir='ltr' id='par_1_113' title="bbox 2241 5279 3812 5378">
     <span class='ocr_line' id='line_1_121' title="bbox 2241 5279 3812 5378; baseline -0.021 -13"><span class='ocrx_word' id='word_1_934' title='bbox 2241 5321 2293 5365; x_wconf 91' lang='lat' dir='ltr'><strong>et</strong></span> <span class='ocrx_word' id='word_1_935' title='bbox 2335 5279 2612 5378; x_wconf 58' lang='lat' dir='ltr'><strong>presbyter</strong></span> <span class='ocrx_word' id='word_1_936' title='bbox 2657 5297 2944 5353; x_wconf 82' lang='lat' dir='ltr'><strong>Barnabas.</strong></span> <span class='ocrx_word' id='word_1_937' title='bbox 2991 5291 3097 5348; x_wconf 88' lang='lat' dir='ltr'><strong>Sed</strong></span> <span class='ocrx_word' id='word_1_938' title='bbox 3145 5290 3211 5344; x_wconf 88' lang='lat' dir='ltr'><strong>de</strong></span> <span class='ocrx_word' id='word_1_939' title='bbox 3246 5289 3333 5342; x_wconf 92' lang='lat' dir='ltr'><strong>illo</strong></span> <span class='ocrx_word' id='word_1_940' title='bbox 3367 5284 3541 5340; x_wconf 89' lang='lat' dir='ltr'><strong>audivi</strong></span> <span class='ocrx_word' id='word_1_941' title='bbox 3570 5279 3812 5350; x_wconf 70' lang='grc' dir='ltr'><strong>(ιιιτιιάιιιιι</strong></span> 
     </span>
    </p>
   </div>
   <div class='ocr_carea' id='block_1_114' title="bbox 568 5364 2094 5480">
    <p class='ocr_par' dir='ltr' id='par_1_114' title="bbox 568 5364 2094 5480">
     <span class='ocr_line' id='line_1_122' title="bbox 568 5364 2090 5432; baseline -0.021 -20"><span class='ocrx_word' id='word_1_942' title='bbox 568 5380 702 5432; x_wconf 65' lang='lat' dir='ltr'><strong>Barea.</strong></span> <span class='ocrx_word' id='word_1_943' title='bbox 729 5364 1038 5421; x_wconf 77' lang='lat' dir='ltr'><strong>Augustinus</strong></span> <span class='ocrx_word' id='word_1_944' title='bbox 1059 5364 1225 5420; x_wconf 77' lang='lat' dir='ltr'><strong>supra,</strong></span> <span class='ocrx_word' id='word_1_945' title='bbox 1249 5364 1296 5394; x_wconf 81' lang='grc' dir='ltr'><strong>ιη</strong></span> <span class='ocrx_word' id='word_1_946' title='bbox 1331 5364 1564 5393; x_wconf 76' lang='lat' dir='ltr'><strong>sermone</strong></span> <span class='ocrx_word' id='word_1_947' title='bbox 1603 5364 1706 5400; x_wconf 81' lang='lat' dir='ltr'><strong>Im,</strong></span> <span class='ocrx_word' id='word_1_948' title='bbox 1731 5364 1839 5397; x_wconf 57' lang='lat' dir='ltr'><strong>tum.</strong></span> <span class='ocrx_word' id='word_1_949' title='bbox 1875 5364 1945 5392; x_wconf 87' lang='grc' dir='ltr'><strong>ιυ,</strong></span> <span class='ocrx_word' id='word_1_950' title='bbox 1989 5364 2039 5382; x_wconf 86' lang='grc' dir='ltr'><strong>ιι.</strong></span> <span class='ocrx_word' id='word_1_951' title='bbox 2077 5364 2090 5380; x_wconf 88' lang='grc' dir='ltr'>ι</span> 
     </span>
     <span class='ocr_line' id='line_1_123' title="bbox 568 5396 2094 5480; baseline -0.024 0"><span class='ocrx_word' id='word_1_952' title='bbox 568 5432 632 5480; x_wconf 90' lang='lat' dir='ltr'><strong>de</strong></span> <span class='ocrx_word' id='word_1_953' title='bbox 656 5421 839 5476; x_wconf 87' lang='lat' dir='ltr'><strong>femina</strong></span> <span class='ocrx_word' id='word_1_954' title='bbox 879 5418 940 5467; x_wconf 87' lang='lat' dir='ltr'><strong>ad</strong></span> <span class='ocrx_word' id='word_1_955' title='bbox 964 5423 1204 5480; x_wconf 77' lang='lat' dir='ltr'><strong>amasium</strong></span> <span class='ocrx_word' id='word_1_956' title='bbox 1222 5421 1362 5480; x_wconf 75' lang='lat' dir='ltr'><strong>suurn</strong></span> <span class='ocrx_word' id='word_1_957' title='bbox 1385 5421 1397 5454; x_wconf 87' lang='lat'>:</span> <span class='ocrx_word' id='word_1_958' title='bbox 1428 5396 2094 5480; x_wconf 39' lang='lat' dir='ltr'><strong>Luadixer&#39;it,nl\:)_lo_haige</strong></span> 
     </span>
    </p>
   </div>
   <div class='ocr_carea' id='block_1_115' title="bbox 2199 5364 3815 5480">
    <p class='ocr_par' dir='ltr' id='par_1_115' title="bbox 2243 5364 3815 5480">
     <span class='ocr_line' id='line_1_124' title="bbox 2243 5364 3815 5460; baseline -0.022 -11"><span class='ocrx_word' id='word_1_959' title='bbox 2243 5364 2406 5449; x_wconf 69' lang='lat' dir='ltr'><strong>fuisse</strong></span> <span class='ocrx_word' id='word_1_960' title='bbox 2432 5364 2646 5460; x_wconf 66' lang='lat' dir='ltr'><strong>iactata,</strong></span> <span class='ocrx_word' id='word_1_961' title='bbox 2682 5392 2805 5437; x_wconf 88' lang='lat' dir='ltr'><strong>ante</strong></span> <span class='ocrx_word' id='word_1_962' title='bbox 2826 5379 3002 5434; x_wconf 88' lang='lat' dir='ltr'><strong>omnia</strong></span> <span class='ocrx_word' id='word_1_963' title='bbox 3038 5375 3176 5444; x_wconf 89' lang='lat' dir='ltr'><strong>quod</strong></span> <span class='ocrx_word' id='word_1_964' title='bbox 3203 5374 3332 5427; x_wconf 90' lang='lat' dir='ltr'><strong>emit</strong></span> <span class='ocrx_word' id='word_1_965' title='bbox 3360 5370 3538 5424; x_wconf 89' lang='lat' dir='ltr'><strong>villam</strong></span> <span class='ocrx_word' id='word_1_966' title='bbox 3565 5381 3592 5418; x_wconf 90' lang='lat' dir='ltr'><strong>a</strong></span> <span class='ocrx_word' id='word_1_967' title='bbox 3619 5364 3815 5418; x_wconf 86' lang='lat' dir='ltr'><strong>dilecto</strong></span> 
     </span>
     <span class='ocr_line' id='line_1_125' title="bbox 2581 5458 3815 5480; baseline -0.021 26"><span class='ocrx_word' id='word_1_968' title='bbox 2687 5474 2747 5480; x_wconf 77' lang='grc'><strong>”’“</strong></span> <span class='ocrx_word' id='word_1_969' title='bbox 2991 5468 3049 5480; x_wconf 82' lang='lat'><strong>&quot;&#39;</strong></span> <span class='ocrx_word' id='word_1_970' title='bbox 3155 5467 3164 5476; x_wconf 90' lang='lat'>&#39;</span> <span class='ocrx_word' id='word_1_971' title='bbox 3315 5461 3420 5480; x_wconf 50' lang='lat' dir='ltr'><strong>&quot;-A</strong></span> <span class='ocrx_word' id='word_1_972' title='bbox 3468 5458 3533 5480; x_wconf 61' lang='grc' dir='ltr'><strong>Β]</strong></span> <span class='ocrx_word' id='word_1_973' title='bbox 3551 5472 3650 5480; x_wconf 70' lang='grc' dir='ltr'><strong>η.-.-</strong></span> <span class='ocrx_word' id='word_1_974' title='bbox 3696 5463 3770 5480; x_wconf 55' lang='lat' dir='ltr'><strong>Ann</strong></span> <span class='ocrx_word' id='word_1_975' title='bbox 3803 5467 3815 5480; x_wconf 80' lang='grc'>.</span> 
     </span>
    </p>
   </div>
   <div class='ocr_carea' id='block_1_116' title="bbox 570 5457 2094 5610">
    <p class='ocr_par' dir='ltr' id='par_1_116' title="bbox 570 5457 2094 5610">
     <span class='ocr_line' id='line_1_126' title="bbox 570 5457 2094 5544; baseline -0.02 -9"><span class='ocrx_word' id='word_1_976' title='bbox 570 5457 1355 5544; x_wconf 22' lang='grc' dir='ltr'><strong>(1011⁷11οὺ01.</strong></span> <span class='ocrx_word' id='word_1_977' title='bbox 1383 5483 1402 5516; x_wconf 74' lang='grc' dir='ltr'><strong><em>ι</em></strong></span> <span class='ocrx_word' id='word_1_978' title='bbox 1430 5468 1703 5516; x_wconf 76' lang='lat' dir='ltr'><strong>Messianus</strong></span> <span class='ocrx_word' id='word_1_979' title='bbox 1727 5457 1998 5514; x_wconf 31' lang='lat' dir='ltr'><strong>in&#39;CtBsarii</strong></span> <span class='ocrx_word' id='word_1_980' title='bbox 2024 5457 2094 5505; x_wconf 84' lang='lat' dir='ltr'><strong>Vit</strong></span> 
     </span>
     <span class='ocr_line' id='line_1_127' title="bbox 570 5519 2094 5610; baseline -0.027 -5"><span class='ocrx_word' id='word_1_981' title='bbox 570 5567 622 5605; x_wconf 72' lang='grc' dir='ltr'><strong>η.</strong></span> <span class='ocrx_word' id='word_1_982' title='bbox 672 5553 720 5609; x_wconf 85' lang='grc'><strong>9,</strong></span> <span class='ocrx_word' id='word_1_983' title='bbox 757 5551 963 5610; x_wconf 75' lang='lat' dir='ltr'><strong>ipseque</strong></span> <span class='ocrx_word' id='word_1_984' title='bbox 1004 5533 1355 5610; x_wconf 50' lang='lat' dir='ltr'><strong>tia‘sarius‘iu</strong></span> <span class='ocrx_word' id='word_1_985' title='bbox 1382 5519 2094 5610; x_wconf 32' lang='lat' dir='ltr'><strong>suoignarae-nit:mamlipul‘a&#39;l</strong></span> 
     </span>
    </p>
   </div>
   <div class='ocr_carea' id='block_1_117' title="bbox 2199 5457 3818 5610">
    <p class='ocr_par' dir='ltr' id='par_1_117' title="bbox 2245 5457 3818 5541">
     <span class='ocr_line' id='line_1_128' title="bbox 2245 5457 3818 5541; baseline -0.023 0"><span class='ocrx_word' id='word_1_986' title='bbox 2245 5494 2299 5541; x_wconf 87' lang='lat' dir='ltr'><strong>ct</strong></span> <span class='ocrx_word' id='word_1_987' title='bbox 2339 5457 2634 5538; x_wconf 78' lang='lat' dir='ltr'><strong>honorabili</strong></span> <span class='ocrx_word' id='word_1_988' title='bbox 2681 5474 2787 5529; x_wconf 85' lang='lat' dir='ltr'><strong>tilio</strong></span> <span class='ocrx_word' id='word_1_989' title='bbox 2830 5485 2950 5529; x_wconf 87' lang='lat' dir='ltr'><strong>meo</strong></span> <span class='ocrx_word' id='word_1_990' title='bbox 2991 5467 3262 5525; x_wconf 80' lang='lat' dir='ltr'><strong>Eleusino.</strong></span> <span class='ocrx_word' id='word_1_991' title='bbox 3315 5461 3427 5522; x_wconf 83' lang='lat' dir='ltr'><strong>Hoc</strong></span> <span class='ocrx_word' id='word_1_992' title='bbox 3468 5458 3652 5514; x_wconf 81' lang='lat' dir='ltr'><strong>falsum</strong></span> <span class='ocrx_word' id='word_1_993' title='bbox 3694 5463 3818 5518; x_wconf 85' lang='lat' dir='ltr'><strong>est;</strong></span> 
     </span>
    </p>
   </div>
   <div class='ocr_carea' id='block_1_118' title="bbox 573 5588 2158 5670">
    <p class='ocr_par' dir='ltr' id='par_1_118' title="bbox 573 5588 2158 5670">
     <span class='ocr_line' id='line_1_129' title="bbox 573 5588 2158 5670; baseline -0.023 -6"><span class='ocrx_word' id='word_1_994' title='bbox 573 5588 1110 5670; x_wconf 30' lang='lat' dir='ltr'><strong>iii&#39;rrlii&#39;sit&#39;i&#39;mre—miuit.</strong></span> <span class='ocrx_word' id='word_1_995' title='bbox 1145 5595 1358 5670; x_wconf 57' lang='lat' dir='ltr'><strong>Duelius</strong></span> <span class='ocrx_word' id='word_1_996' title='bbox 1379 5589 1523 5661; x_wconf 72' lang='lat' dir='ltr'><strong>albus</strong></span> <span class='ocrx_word' id='word_1_997' title='bbox 1553 5590 1714 5670; x_wconf 66' lang='lat' dir='ltr'><strong>dictus</strong></span> <span class='ocrx_word' id='word_1_998' title='bbox 1747 5588 1895 5658; x_wconf 83' lang='lat' dir='ltr'><strong>etiam</strong></span> <span class='ocrx_word' id='word_1_999' title='bbox 1919 5591 2013 5640; x_wconf 88' lang='lat' dir='ltr'><strong>est,</strong></span> <span class='ocrx_word' id='word_1_1000' title='bbox 2057 5592 2158 5642; x_wconf 89' lang='lat' dir='ltr'><strong>quo</strong></span> 
     </span>
    </p>
   </div>
   <div class='ocr_carea' id='block_1_119' title="bbox 576 5651 2160 5724">
    <p class='ocr_par' dir='ltr' id='par_1_119' title="bbox 576 5651 2160 5724">
     <span class='ocr_line' id='line_1_130' title="bbox 576 5651 2160 5724; baseline -0.021 0"><span class='ocrx_word' id='word_1_1001' title='bbox 576 5651 1122 5724; x_wconf 55' lang='lat' dir='ltr'><strong>Tatiuéisi&#39;ﬁitii&quot;imm</strong></span> <span class='ocrx_word' id='word_1_1002' title='bbox 1162 5651 1410 5720; x_wconf 79' lang='lat' dir='ltr'><strong>baptizati,</strong></span> <span class='ocrx_word' id='word_1_1003' title='bbox 1451 5651 1578 5715; x_wconf 78' lang='lat' dir='ltr'><strong>apud</strong></span> <span class='ocrx_word' id='word_1_1004' title='bbox 1619 5651 1909 5712; x_wconf 49' lang='lat' dir='ltr'><strong>Gregorium</strong></span> <span class='ocrx_word' id='word_1_1005' title='bbox 1955 5658 2160 5702; x_wconf 75' lang='lat' dir='ltr'><strong>papam,</strong></span> 
     </span>
    </p>
   </div>
   <div class='ocr_carea' id='block_1_120' title="bbox 591 5634 2094 5789">
    <p class='ocr_par' dir='ltr' id='par_1_120' title="bbox 591 5634 2094 5789">
     <span class='ocr_line' id='line_1_131' title="bbox 591 5634 2090 5670; baseline -0.023 -8"><span class='ocrx_word' id='word_1_1006' title='bbox 591 5634 743 5670; x_wconf 71' lang='lat' dir='ltr'><strong>))&#39;l‘|&#39;l|l</strong></span> <span class='ocrx_word' id='word_1_1007' title='bbox 767 5634 846 5658; x_wconf 65' lang='lat'><strong>3|”</strong></span> <span class='ocrx_word' id='word_1_1008' title='bbox 870 5634 1110 5657; x_wconf 75' lang='lat' dir='ltr'><strong>IIIClIlIIIIIo</strong></span> <span class='ocrx_word' id='word_1_1009' title='bbox 1146 5634 1519 5655; x_wconf 42' lang='grc' dir='ltr'><strong>ιν,·--------τγ----</strong></span> <span class='ocrx_word' id='word_1_1010' title='bbox 1569 5634 1645 5637; x_wconf 64' lang='grc' dir='ltr'><strong>η-.</strong></span> <span class='ocrx_word' id='word_1_1011' title='bbox 1691 5634 1704 5635; x_wconf 32' lang='grc' dir='ltr'><em>κ</em></span> <span class='ocrx_word' id='word_1_1012' title='bbox 1761 5634 1768 5636; x_wconf 22' lang='grc' dir='ltr'><strong>Ἴ</strong></span> <span class='ocrx_word' id='word_1_1013' title='bbox 2004 5634 2012 5640; x_wconf 41' lang='grc'><strong>1</strong></span> <span class='ocrx_word' id='word_1_1014' title='bbox 2076 5634 2090 5642; x_wconf 83' lang='lat'>_</span> 
     </span>
     <span class='ocr_line' id='line_1_132' title="bbox 591 5651 2094 5784; baseline -0.024 -61"><span class='ocrx_word' id='word_1_1015' title='bbox 591 5673 920 5784; x_wconf 47' lang='lat' dir='ltr'><strong>.uttjlugbautlur1</strong></span> <span class='ocrx_word' id='word_1_1016' title='bbox 945 5652 1410 5776; x_wconf 41' lang='lat' dir='ltr'><strong>rgeiertls‘haptizati,</strong></span> <span class='ocrx_word' id='word_1_1017' title='bbox 1451 5651 1578 5715; x_wconf 78' lang='lat' dir='ltr'><strong>apud</strong></span> <span class='ocrx_word' id='word_1_1018' title='bbox 1619 5651 1909 5712; x_wconf 65' lang='lat' dir='ltr'><strong>Urego-ium</strong></span> <span class='ocrx_word' id='word_1_1019' title='bbox 1955 5658 2094 5702; x_wconf 74' lang='lat' dir='ltr'><strong>papa:</strong></span> 
     </span>
     <span class='ocr_line' id='line_1_133' title="bbox 591 5739 1190 5789; baseline -0.028 -2"><span class='ocrx_word' id='word_1_1020' title='bbox 591 5746 616 5787; x_wconf 71' lang='grc' dir='ltr'>α</span> <span class='ocrx_word' id='word_1_1021' title='bbox 659 5756 717 5784; x_wconf 84' lang='grc'><strong>.(</strong></span> <span class='ocrx_word' id='word_1_1022' title='bbox 769 5749 830 5782; x_wconf 80' lang='lat' dir='ltr'><strong>ltt&#39;</strong></span> <span class='ocrx_word' id='word_1_1023' title='bbox 893 5741 938 5788; x_wconf 66' lang='grc' dir='ltr'><strong>ζ,</strong></span> <span class='ocrx_word' id='word_1_1024' title='bbox 1002 5742 1063 5789; x_wconf 64' lang='grc' dir='ltr'><strong>ιιι</strong></span> <span class='ocrx_word' id='word_1_1025' title='bbox 1106 5739 1190 5770; x_wconf 55' lang='grc' dir='ltr'><strong>μ).</strong></span> 
     </span>
    </p>
   </div>
   <div class='ocr_carea' id='block_1_121' title="bbox 2199 5634 3814 5789">
    <p class='ocr_par' dir='ltr' id='par_1_121' title="bbox 2252 5634 3814 5774">
     <span class='ocr_line' id='line_1_134' title="bbox 2313 5634 3814 5728; baseline -0.026 -17"><span class='ocrx_word' id='word_1_1026' title='bbox 2313 5658 2338 5728; x_wconf 47' lang='grc'><strong>⁸,</strong></span> <span class='ocrx_word' id='word_1_1027' title='bbox 2365 5653 2498 5728; x_wconf 59' lang='lat' dir='ltr'><strong>mili.</strong></span> <span class='ocrx_word' id='word_1_1028' title='bbox 2524 5660 2676 5701; x_wconf 72' lang='lat' dir='ltr'><strong>arras</strong></span> <span class='ocrx_word' id='word_1_1029' title='bbox 2715 5644 2785 5697; x_wconf 70' lang='lat' dir='ltr'><strong>uel</strong></span> <span class='ocrx_word' id='word_1_1030' title='bbox 2819 5641 3022 5694; x_wconf 66' lang='lat' dir='ltr'><strong>&#39;laudos.</strong></span> <span class='ocrx_word' id='word_1_1031' title='bbox 3067 5647 3184 5698; x_wconf 65' lang='lat' dir='ltr'><strong>Vox,</strong></span> <span class='ocrx_word' id='word_1_1032' title='bbox 3222 5648 3390 5694; x_wconf 71' lang='lat' dir='ltr'><strong>aeros,</strong></span> <span class='ocrx_word' id='word_1_1033' title='bbox 3422 5634 3558 5682; x_wconf 80' lang='lat' dir='ltr'><strong>abest</strong></span> <span class='ocrx_word' id='word_1_1034' title='bbox 3593 5641 3619 5677; x_wconf 90' lang='lat' dir='ltr'><strong>a</strong></span> <span class='ocrx_word' id='word_1_1035' title='bbox 3653 5638 3814 5674; x_wconf 57' lang='lat' dir='ltr'><strong>mox.</strong></span> 
     </span>
     <span class='ocr_line' id='line_1_135' title="bbox 2252 5727 2453 5774; baseline -0.025 -5"><span class='ocrx_word' id='word_1_1036' title='bbox 2252 5733 2359 5774; x_wconf 73' lang='lat' dir='ltr'><strong>seru</strong></span> <span class='ocrx_word' id='word_1_1037' title='bbox 2378 5727 2453 5765; x_wconf 78' lang='lat' dir='ltr'><strong>Us.</strong></span> 
     </span>
    </p>
   </div>
   <div class='ocr_carea' id='block_1_122' title="bbox 659 5728 2094 5788">
    <p class='ocr_par' dir='ltr' id='par_1_122' title="bbox 659 5728 1190 5788">
     <span class='ocr_line' id='line_1_136' title="bbox 659 5728 1190 5788; baseline -0.028 -3"><span class='ocrx_word' id='word_1_1038' title='bbox 659 5773 669 5784; x_wconf 92' lang='lat'><strong>.</strong></span> <span class='ocrx_word' id='word_1_1039' title='bbox 697 5736 721 5784; x_wconf 75' lang='grc' dir='ltr'><strong>ἶ</strong></span> <span class='ocrx_word' id='word_1_1040' title='bbox 769 5735 846 5782; x_wconf 85' lang='lat' dir='ltr'><strong>ind</strong></span> <span class='ocrx_word' id='word_1_1041' title='bbox 893 5732 938 5788; x_wconf 63' lang='grc' dir='ltr'><strong>Ξ,</strong></span> <span class='ocrx_word' id='word_1_1042' title='bbox 967 5730 1113 5788; x_wconf 58' lang='lat' dir='ltr'><strong>epit</strong></span> <span class='ocrx_word' id='word_1_1043' title='bbox 1145 5728 1190 5770; x_wconf 72' lang='lat' dir='ltr'><strong>Ti.</strong></span> 
     </span>
    </p>
   </div>
   <div class='ocr_carea' id='block_1_123' title="bbox 2199 5728 3820 5788">
    <p class='ocr_par' dir='ltr' id='par_1_123' title="bbox 2252 5728 3820 5774">
     <span class='ocr_line' id='line_1_137' title="bbox 2252 5728 3820 5774; baseline -0.024 -5"><span class='ocrx_word' id='word_1_1044' title='bbox 2252 5733 2359 5774; x_wconf 64' lang='grc' dir='ltr'><strong>ςεῖιί</strong></span> <span class='ocrx_word' id='word_1_1045' title='bbox 2378 5728 2453 5765; x_wconf 66' lang='grc' dir='ltr'><strong>υς.</strong></span> <span class='ocrx_word' id='word_1_1046' title='bbox 3817 5728 3820 5731; x_wconf 95' lang='grc'>.</span> 
     </span>
    </p>
   </div>
   <div class='ocr_carea' id='block_1_124' title="bbox 2252 5720 2453 5774">
    <p class='ocr_par' dir='ltr' id='par_1_124' title="bbox 2252 5720 2453 5774">
     <span class='ocr_line' id='line_1_138' title="bbox 2252 5720 2453 5774; baseline -0.025 -5"><span class='ocrx_word' id='word_1_1047' title='bbox 2252 5720 2359 5774; x_wconf 62' lang='lat' dir='ltr'><strong>seri;</strong></span> <span class='ocrx_word' id='word_1_1048' title='bbox 2378 5721 2453 5765; x_wconf 78' lang='lat' dir='ltr'><strong>tis.</strong></span> 
     </span>
    </p>
   </div>
  </div>
