3996 6462
252 246 377 299 issi
1223 316 1230 321 _

248 362 571 416 monasterio
597 360 811 415 donavit
831 361 1059 426 ille,noa
1089 360 1340 416 vendidit.
1372 362 1480 432 Ego
1506 376 1621 417 sum
1646 363 1815 418 testis.

248 450 388 517 Quid
438 451 662 519 amplius
717 452 1006 521 quaeratis,
1058 450 1261 520 ignoro.
1312 452 1421 521 Ego
1464 467 1581 505 sum
1632 454 1816 513 testis:

248 542 465 595 donavit
516 541 641 603 ille,
684 556 788 596 non
834 541 1084 595 vendidit.
1136 542 1240 596 Sed
1277 542 1399 603 dum
1449 558 1552 603 non
1586 544 1821 602 creditur

244 629 444 685 donare
505 632 781 700 potuisse,
835 624 1069 687 creditus
1113 640 1194 686 est
1239 628 1557 689 vendidisse.
1627 634 1817 690 Beatus

248 723 430 789 homo,
462 724 551 793 qui
581 734 687 778 tam
718 724 911 779 bonum
938 739 1070 794 cpus
1099 725 1239 788 fecit,
1267 735 1325 778 ut
1352 743 1454 780 non
1481 727 1813 782 crederetur.

242 813 442 869 Tamen
470 814 552 868 vel
580 815 738 869 modo
765 815 986 879 Credite,
1010 826 1062 871 et
1081 815 1408 873 detractores
1434 818 1616 873 audire
1647 818 1813 873 liben-

242 914 322 957 ter
361 904 608 960 desinite.
653 905 769 961 Jam
800 906 943 970 dixi,
987 922 1086 975 ego
1116 922 1230 960 sum
1277 908 1443 961 testis.
1484 908 1688 963 Dictum
1733 917 1817 964 est

237 995 305 1048 de
330 996 419 1049 illo
444 994 521 1069 (a)
544 997 682 1066 quod
710 1013 849 1053 anno
868 998 1228 1068 pra'positurx
1249 1014 1359 1053 suae
1385 1015 1480 1069 per
1504 1000 1812 1056 industriam

235 1085 410 1140 debita
440 1087 657 1151 fecerit,
702 1098 758 1142 ut
784 1089 908 1142 dum
938 1091 1058 1144 volo
1082 1105 1180 1159 ego
1207 1090 1353 1144 reddi
1381 1090 1555 1145 debita
1579 1132 1595 1157 ,
1628 1091 1811 1147 darem

237 1175 310 1228 illi
353 1177 620 1231 licentiam
673 1180 689 1210 ¹
744 1180 993 1248 poscendi
1038 1178 1254 1233 fundum
1304 1176 1760 1239 'Victorianensem
1796 1202 1816 1243 ε.

235 1272 488 1335 tanquam
532 1267 752 1323 dixisset
782 1268 906 1322 mihi
932 1310 947 1335 ,
994 1269 1063 1326 Ut
1103 1270 1321 1325 reddam
1351 1271 1527 1326 debita
1553 1288 1669 1329 mea
1694 1315 1710 1342 ,
1744 1274 1809 1329 da

232 1357 363 1411 mihi
411 1358 461 1412 in
509 1358 694 1414 decem
736 1375 905 1414 annos
951 1358 1171 1415 fundum
1209 1361 1685 1431 Victorianensem.
1742 1362 1811 1429 Et

232 1448 335 1503 hoc
358 1448 547 1504 falsum
574 1459 676 1505 est.
708 1449 813 1506 Sed
850 1451 941 1505 fuit
977 1451 1115 1507 unde
1158 1468 1340 1508 rumor
1368 1462 1701 1519 nasceretur,
1727 1454 1809 1510 fe-

230 1539 302 1592 cit
330 1539 505 1594 debita
556 1540 845 1596 reddenda.
907 1544 949 1597 A
980 1539 1132 1598 nobis
1174 1543 1375 1609 reddita
1426 1554 1547 1608 sunt
1592 1546 1804 1616 partim,

230 1630 372 1684 unde
400 1640 703 1700 potuerunt.
755 1633 1029 1697 Remansit
1057 1633 1254 1705 aliquid
1283 1634 1420 1706 quod
1451 1651 1553 1689 non
1579 1635 1811 1690 debeba-

233 1725 396 1784 tur’,
451 1724 611 1785 etiam
657 1726 980 1781 monasterio
1027 1726 1103 1789 illi
1151 1727 1292 1797 quod
1324 1742 1417 1797 per
1460 1728 1630 1798 ipsum
1664 1729 1806 1785 Deus

230 1812 482 1868 instituit.
533 1815 666 1877 Cum
705 1833 832 1887 ergo
859 1818 1235 1885 remansisset,
1280 1820 1807 1891 cmpimusqumrcre

225 1903 367 1960 unde
414 1905 650 1963 debitum
690 1907 1055 1963 redderemus.
1104 1908 1183 1963 Ad
1214 1908 1617 1965 conductionem
1643 1912 1805 1980 ipsius

225 1994 372 2057 fundi
404 1995 579 2049 nullus
600 1998 824 2051 accessit
847 2038 865 2063 ,
911 1998 1010 2052 nisi
1036 1998 1381 2070 quadraginta
1407 2000 1695 2055 solidorum
1726 2000 1804 2055 of-

220 2084 401 2139 ferens
418 2086 745 2155 pensionem.
778 2087 880 2143 Sed
901 2088 1126 2143 vidimus
1152 2088 1369 2143 fundum
1398 2090 1623 2160 amplius
1648 2106 1804 2161 posse

218 2168 383 2235 dare,
436 2182 493 2224 ut
537 2172 763 2227 celerius
804 2173 1117 2227 redderetur
1158 2174 1437 2240 debitum;
1483 2185 1537 2230 et
1561 2176 1800 2230 commisi

220 2261 347 2317 fidei
374 2262 517 2329 ejus,
551 2272 608 2321 ut
631 2264 698 2318 de
728 2264 838 2341 ipsa
870 2264 1222 2325 eonduetione
1248 2266 1394 2323 lucra
1429 2283 1535 2328 non
1563 2269 1803 2338 requiro—

220 2359 346 2405 rent
394 2353 616 2418 fratres;
675 2354 768 2408 sed
812 2354 1062 2423 quidquid
1098 2355 1250 2411 daret
1293 2356 1516 2425 fundus,
1565 2357 1632 2413 de
1675 2359 1801 2427 ipsis

218 2442 482 2499 fructibus
511 2444 831 2514 imputarent
860 2445 924 2503 ad
957 2446 1214 2501 debitum.
1246 2448 1375 2507 Fide
1401 2450 1593 2520 agitur.
1633 2450 1799 2506 Para-

218 2545 308 2588 tus
336 2544 416 2589 est
444 2536 723 2606 presbyter
750 2546 805 2589 ut
826 2537 983 2591 alium
1012 2539 1352 2607 constituam,
1386 2541 1473 2610 qni
1511 2539 1578 2593 de
1605 2538 1796 2595 fructi-

218 2626 320 2677 bus
349 2625 599 2681 fratribus
627 2626 812 2681 reddat
842 2627 881 2681 ⁸.
914 2628 987 2682 Ex
1018 2644 1242 2684 numero
1270 2641 1447 2688 vestro
1486 2631 1555 2685 sit
1583 2632 1795 2707 aliquis,

214 2718 303 2769 cui
338 2716 451 2771 lucc
478 2717 836 2784 committam;
877 2733 943 2779 ex
969 2735 1194 2781 numero
1232 2720 1464 2790 ipsorum
1495 2722 1582 2797 qui
1613 2720 1677 2776 ad
1702 2737 1799 2783 nos

214 2809 341 2862 talia
386 2808 734 2879 pertulerunt.
778 2810 914 2865 Sunt
943 2811 1083 2869 enim
1116 2811 1167 2867 in
1197 2813 1346 2873 vobis
1391 2813 1632 2868 homines
1671 2814 1800 2872 reli-

213 2902 393 2972 giosi,
443 2903 530 2972 qui
587 2918 707 2957 eum
752 2919 1020 2960 rumorem
1078 2904 1210 2969 falso
1258 2906 1637 2976 reprehensum
1679 2922 1798 2963 esse

209 2992 536 3061 diduernnt,
586 3000 641 3047 et
685 3000 863 3048 tamen
902 2992 1244 3051 crediderunt
1284 2996 1499 3055 factum.
1550 2994 1628 3050 Ex
1668 2996 1798 3067 ipsis

210 3095 348 3150 ergo
386 3082 574 3155 aliquis
606 3081 781 3137 veniat
816 3082 880 3139 ad
914 3098 1044 3146 nos,
1090 3085 1340 3154 suscipiat
1378 3086 1793 3154 possessionem,

207 3187 402 3228 omnes
432 3172 633 3227 fruetus
658 3173 842 3243 pretiis
867 3174 976 3229 suis
1002 3174 1230 3233 fideliter
1270 3175 1497 3242 vendat,
1548 3185 1606 3231 ut
1645 3177 1794 3233 reddi

207 3262 384 3332 possit
427 3262 632 3318 facilius
679 3263 820 3334 quod
866 3263 1090 3319 debetur
1114 3306 1129 3331 ,
1177 3275 1229 3320 et
1259 3264 1417 3321 hodie
1444 3266 1641 3321 recedit
1673 3267 1795 3322 inde

205 3368 337 3411 cura
363 3352 677 3428 presbyteri.
709 3353 882 3408 Locus
902 3354 1059 3407 etiam
1103 3356 1244 3425 ipse,
1282 3355 1371 3410 ubi
1410 3355 1792 3411 monasterium

203 3444 553 3497 eotastitutum
572 3454 651 3499 est
671 3460 699 3498 a
724 3456 1016 3499 memorato
1043 3445 1339 3501 honorabili
1369 3447 1474 3503 ﬁlio
1500 3463 1619 3504 meo
1644 3448 1795 3504 Eleu-

202 3534 350 3599 sino,
394 3536 491 3603 ipsi
527 3535 840 3606 presbytero
869 3536 1120 3591 Barnabm
1141 3536 1365 3592 donatus
1402 3546 1485 3593 est
1508 3545 1791 3609 antequam

201 3626 547 3679 ordinaretur
572 3627 877 3698 presbyter;
925 3628 976 3682 in
1008 3627 1123 3697 ipso
1159 3628 1276 3683 loco
1302 3631 1682 3685 monasterium
1710 3631 1791 3685 in-

200 3717 396 3771 Stilttil.
450 3716 553 3773 Sed
604 3727 777 3773 tamen
823 3719 942 3789 quia
966 3712 1199 3776 nomine
1229 3721 1393 3797 ipsius
1421 3721 1646 3776 donatus
1674 3730 1790 3783 erat

199 3809 391 3870 locus,
442 3810 661 3864 mutavit
711 3810 1095 3876 instrumenta,
1147 3821 1202 3866 ut
1241 3813 1454 3877 nomine
1479 3814 1787 3869 monasterii

200 3902 559 3971 possideatur.
610 3904 685 3959 De
714 3903 876 3958 fundo
900 3904 1285 3959 Vietorlanensi
1305 3946 1319 3971 ,
1358 3919 1456 3973 ego
1482 3920 1610 3975 rogo
1631 3947 1645 3971 ,
1686 3921 1786 3975 ego

199 3993 418 4053 hortor,
446 4008 544 4062 ego
576 4004 719 4062 peto,
755 4002 811 4047 ut
837 3994 879 4046 si
910 3994 1027 4064 quis
1057 3994 1336 4063 religiosus
1365 4003 1467 4059 est,
1501 3996 1603 4050 fide
1640 4006 1781 4066 agat,

195 4092 254 4137 et
298 4083 551 4136 exhibeat
576 4084 827 4137 Ecelesim
872 4083 1023 4137 istam
1056 4099 1303 4153 operam,
1335 4093 1390 4138 ut
1417 4086 1523 4139 cito
1545 4085 1781 4141 debitum

196 4174 447 4230 reddam.
497 4174 646 4254 Quod
679 4174 721 4227 si
752 4189 907 4228 nemo
936 4174 1001 4228 de
1030 4174 1179 4229 laicis
1206 4174 1364 4229 fuerit
1393 4176 1654 4240 inventus,
1683 4192 1782 4245 ego

194 4280 456 4336 pra‘pnno
484 4263 504 4295 ⁸
533 4265 712 4329 alium,
747 4265 843 4318 iste
873 4265 996 4320 illuc
1025 4279 1126 4318 non
1166 4265 1400 4319 accedet.
1454 4264 1591 4332 Quid
1622 4267 1781 4321 vultis

192 4356 464 4425 amplius?
498 4355 663 4409 Nemo
700 4355 899 4410 laceret
941 4370 1129 4410 servos
1159 4355 1251 4410 Dei
1293 4374 1306 4409 :
1339 4357 1459 4427 quia
1488 4372 1592 4412 non
1621 4373 1782 4426 expe-

193 4449 275 4501 dit
307 4447 682 4507 lacerantibus.
712 4447 892 4502 Servis
917 4447 1010 4502 Dei
1039 4447 1252 4518 quidem
1287 4464 1494 4504 merces
1518 4448 1663 4503 falsis
1687 4450 1775 4505 dc-

193 4540 545 4605 tractiouibus
590 4539 782 4593 crescit
814 4557 825 4591 :
857 4538 951 4594 sed
992 4540 1185 4595 crescit
1214 4541 1372 4595 etiam
1406 4556 1557 4609 poena
1602 4541 1780 4596 detra-

193 4629 469 4696 hentihus.
503 4628 617 4685 Non
652 4630 768 4684 sine
801 4645 957 4684 causa
989 4629 1184 4685 dictum
1215 4640 1330 4699 est,
1375 4631 1601 4688 Gaudete
1619 4642 1664 4688 et
1692 4650 1779 4688 ea:-

190 4724 399 4787 sultate,
431 4723 636 4793 quando
657 4722 923 4775 detrahunt
944 4722 1005 4775 de
1033 4724 1188 4790 vobis,
1217 4724 1436 4789 dicentes
1466 4725 1597 4799 falsa
1619 4742 1638 4779 :
1657 4727 1777 4798 quia

192 4832 385 4868 merces
417 4824 578 4868 vestra
614 4831 796 4884 magna
832 4826 902 4868 est
928 4815 979 4867 in
1005 4814 1142 4870 caelis
1175 4816 1384 4887 (Matth.
1414 4832 1481 4885 v,
1512 4818 1569 4872 Η
1594 4860 1607 4881 ,
1659 4819 1771 4888 12).

190 4905 451 4960 Nolumus
509 4920 629 4959 cum
677 4904 995 4967 detriinento
1047 4914 1225 4962 vestro
1279 4924 1525 4978 magnam
1577 4909 1776 4967 habere

191 4994 521 5049 mercedem.
577 4994 750 5049 Minus
778 4996 848 5050 ibi
872 4996 1181 5062 habeamus,
1213 5006 1267 5052 et
1293 5005 1467 5053 tamen
1498 4999 1772 5055 vobiscum

190 5085 261 5138 ibi
292 5100 603 5155 reguemus.

254 5259 268 5290 ¹
310 5266 419 5329 Mss.
452 5267 619 5329 carent
642 5274 789 5329 voce,
823 5258 1079 5311 lierntimn.
1108 5262 1365 5329 _ttac_forte
1408 5265 1582 5329 omissa
1604 5300 1619 5329 ι
1646 5264 1767 5329 loco,

189 5319 437 5387 poscendi,
455 5321 736 5387 degentium
762 5330 885 5387 erat.
910 5323 1137 5387 pascam,
1156 5323 1263 5384 vel,
1296 5337 1387 5387 pro
1416 5324 1555 5377 matis
1586 5319 1769 5379 decem:

188 5383 357 5491 “uti
389 5381 663 5432 Comertino
695 5385 859 5433 codice
892 5381 999 5446 seri;
1020 5392 1121 5435 tum
1152 5398 1180 5434 a
1222 5381 1373 5448 prima
1405 5400 1549 5439 mnu
1581 5388 1769 5451 fuerat,

338 5456 415 5491 ur.

338 5456 415 5491 ur.

253 5504 273 5535 ³
308 5504 447 5567 Fditi,
472 5501 680 5555 debitum
704 5505 895 5567 reddat.
923 5514 975 5556 Αι
997 5514 1103 5556 Mss.
1130 5522 1222 5557 non
1248 5508 1446 5567 habent,
1476 5510 1703 5562 debitum.

252 5569 274 5632 ξ
305 5565 442 5632 talin,
467 5579 690 5632 propono.
706 5566 869 5616 \telius
890 5574 1273 5632 Mss.,pm7:ono.

252 5627 323 5687 (ιι)
347 5634 503 5689 Forte,
532 5627 713 5679 dictum
735 5635 802 5679 cst
833 5634 877 5681 et
907 5628 967 5678 de
994 5627 1093 5690 illo,
1130 5627 1313 5681 scilicet
1339 5635 1545 5683 Barnaha
1571 5637 1767 5701 presby-

195 5694 255 5737 t2t
268 5702 311 5743 μ.

1604 246 1830 305 ςιςιῑλιο
1868 246 2149 313 CCCLV".

3374 282 3508 347 1383

2359 371 2587 430 SERMO
2626 376 2887 435 CCCLVH
2920 388 2933 404 ⁰
2976 382 3074 455 (a).

2490 483 2567 539 De
2598 488 2748 544 laude
2781 494 2937 562 paris.

1926 587 2056 650 Apud
2068 590 2611 677 tartltminem‘hplzitu‘s,
2628 600 2837 677 instant};
2845 603 3221 677 collatione‘cum
3230 616 3439 666 Donatist
3447 620 3502 677 is,

2291 666 2415 704 anno
2435 656 2543 717 411,
2564 660 2756 711 circiter
2776 664 2834 714 15
2850 666 2980 715 diem
3002 656 3131 720 ntaii.

1996 774 2045 827 1.
2080 773 2229 831 Pacis
2266 776 2398 832 laus.
2440 780 2673 853 Tempus
2716 796 2797 842 est
2846 789 3118 850 exhortari
3174 796 3495 858 Charitatem

1922 876 2170 933 vestram,
2199 885 2292 939 pro
2313 872 2509 928 viribus
2529 890 2660 945 quas
2691 879 2941 938 Dominus
2965 884 3148 954 donat,
3201 891 3266 946 ad
3311 908 3493 962 pacem

1920 958 2221 1026 amandum,
2246 970 2301 1015 et
2328 977 2424 1031 pro
2469 980 2596 1033 pace
2638 968 2916 1027 Dominum
2958 958 3370 1047 deprecandum.
3419 986 3498 1041 Sit

1918 1062 2045 1118 ergo
2078 1067 2174 1119 pax
2204 1052 2393 1108 dilecta
2414 1067 2590 1112 nostra
2615 1069 2668 1114 et
2706 1064 2894 1132 amica,
2917 1082 3035 1122 cunt
3057 1086 3158 1141 qua
3198 1074 3267 1128 sit
3291 1085 3493 1133 castum

1916 1141 2089 1195 cubile
2116 1157 2210 1198 cor
2231 1155 2504 1214 nostrum;
2533 1164 2654 1205 cum
2701 1170 2801 1224 qua
2831 1158 2900 1211 sit
2928 1159 3030 1215 fida
3061 1164 3271 1234 requies
3297 1175 3353 1221 et
3387 1184 3491 1222 non

1915 1245 2154 1288 amarum
2182 1241 2535 1306 consortium,
2562 1258 2684 1298 eum
2732 1262 2831 1316 qua
2863 1250 2933 1305 sit
2980 1252 3153 1310 dulcis
3186 1260 3497 1328 complexus

1914 1329 1967 1375 et
1988 1322 2353 1416 inseparabilis
2373 1331 2622 1387 amicitia.
2652 1334 2841 1392 Pacem
2868 1340 3084 1399 laudare
3097 1322 3369 1405 difficilius
3388 1362 3490 1416 cst.

1914 1424 2070 1480 quam
2103 1414 2317 1472 habere.
2348 1418 2404 1474 Si
2432 1421 2575 1477 enim
2622 1440 2740 1480 eam
2787 1427 3006 1488 laudare
3038 1434 3301 1503 volumus,
3349 1414 3491 1497 vires

1912 1511 2177 1571 Optamus,
2200 1520 2389 1563 sensus
2411 1526 2719 1581 quan-Imus,
2743 1520 2901 1575 verba
2922 1521 3177 1582 libramus
3204 1546 3217 1583 :
3242 1531 3285 1584 si
3311 1540 3490 1588 autem

1913 1592 2109 1650 habere
2152 1598 2415 1667 volumus,
2437 1604 2553 1660 sine
2578 1607 2754 1678 aliquo
2779 1611 2957 1670 labore
2993 1615 3249 1676 habemus
3291 1632 3345 1679 et
3370 1641 3492 1696 pos.

1910 1684 2167 1786 sidemns.
2200 1689 2476 1750 Laudandi
2510 1708 2634 1752 sunt
2665 1703 2753 1771 qui
2790 1716 2972 1761 amant
3010 1725 3191 1777 pacem
3221 1730 3235 1767 :
3262 1717 3352 1786 qui
3370 1684 3488 1773 .au—

1912 1781 2016 1829 tem
2041 1777 2290 1849 oderunt,
2318 1786 2508 1842 melius
2529 1788 2739 1847 interim
2776 1794 3018 1854 docendo
3059 1817 3121 1856 ac
3153 1777 3377 1864 tacendo
3396 1826 3490 1880 pa:-

1908 1868 2087 1934 candi,
2126 1888 2284 1941 quam
2331 1877 2682 1948 vituperando
2728 1891 3070 1953 provocandi.
3112 1893 3284 1951 Verus
3344 1868 3489 1969 pacis

1908 1967 2116 2015 amator
2143 1962 2475 2025 inimicorum
2506 1970 2622 2039 ejus
2646 1983 2853 2031 amator
2891 1988 2993 2035 est.
3029 1962 3487 2051 Quemadmodum

1906 2048 2071 2113 enim,
2092 2051 2135 2105 si
2156 2052 2325 2109 lucem
2350 2057 2503 2113 istam
2533 2075 2765 2129 amares,
2798 2068 2955 2123 cmcis
2998 2048 3103 2127 non
3141 2074 3445 2135 irascereris
3468 2120 3485 2150 ,

1906 2140 1999 2194 sed
2024 2157 2117 2196 eos
2142 2144 2387 2214 doleres;
2418 2150 2573 2221 quale
2597 2155 2739 2210 enim
2764 2157 2960 2215 bonum
2988 2171 3041 2219 tu
3086 2179 3327 2236 caperes.
3362 2140 3489 2227 nos;

1905 2246 2011 2331 ses,
2040 2243 2095 2331 et
2120 2235 2240 2292 ideo
2259 2249 2459 2309 quanto
2482 2243 2625 2299 bono
2646 2247 2721 2302 illi
2740 2247 3112 2312 fraudarentur
3129 2262 3482 2331 conspiciens,

1904 2322 2266 2383 misericordia
2290 2330 2388 2385 tibi
2416 2332 2563 2402 digni
2592 2336 2932 2408 viderentur;
2978 2353 3033 2399 et
3072 2346 3118 2401 si
3155 2322 3288 2419 opes
3316 2322 3487 2409 habe;

1904 2427 2013 2475 res,
2042 2416 2084 2469 si
2117 2427 2308 2485 artem,
2355 2422 2400 2476 si
2431 2425 2898 2497 medicamentum,
2946 2439 3121 2504 potius
3162 2416 3228 2496 ad
3269 2458 3363 2500 eos
3398 2461 3486 2501 sa-

1904 2504 2110 2561 nandos
2133 2524 2400 2578 curreres,
2423 2531 2580 2583 quam
2602 2518 2933 2581 damnandos
2961 2544 2974 2579 :
3004 2528 3072 2582 ita
3094 2532 3138 2584 si
3166 2535 3311 2603 pacis
3333 2551 3483 2593 ama-

1904 2603 1989 2651 tor
2011 2613 2089 2664 es,
2121 2601 2360 2671 quisquis
2392 2620 2469 2672 es,
2502 2609 2758 2667 miserere
2785 2629 2907 2669 eum
2937 2619 3025 2689 qui
3052 2601 3321 2681 non—amat
3340 2630 3481 2699 quod

1901 2700 2070 2752 amas.
2107 2691 2194 2759 qui
2210 2708 2329 2787 non
2368 2694 2528 2752 habet
2576 2702 2717 2771 quod
2769 2704 2951 2762 habes.
3002 2709 3147 2768 Talis
3169 2691 3375 2787 quippe.
3398 2731 3484 2776 est

1901 2792 1989 2873 res
2014 2795 2170 2849 quam
2192 2782 2386 2855 diligis,
2411 2797 2467 2842 ut
2505 2805 2610 2845 non
2641 2793 2884 2853 invideas
2919 2782 3335 2873 compossessori
3365 2819 3479 2868 tuo.

1900 2866 2283 2970 Iiabctteeum‘
2314 2890 2521 2946 pacem,
2573 2890 2628 2936 et
2672 2885 2763 2939 tibi
2800 2903 2907 2945 non
2972 2866 3218 2964 angustat
3263 2866 3481 2970 posses;

1899 2958 2124 3051 sionem.
2149 2964 2411 3035 Quidquid
2436 2978 2704 3029 terrenum
2734 2990 2902 3047 amas,
2931 2958 3146 3043 difficile
3186 2958 3277 3045 est.
3296 3001 3353 3048 ut
3386 2993 3481 3051 ha-

1899 3048 2048 3105 benti
2078 3069 2184 3108 non
2206 3056 2463 3114 invideas.
2512 3062 2713 3122 Deinde
2754 3069 2801 3123 si
2828 3069 2965 3129 forte
2991 3080 3230 3135 ascendit
3262 3083 3314 3138 in
3358 3048 3478 3142 ani-

1897 3246 2017 3326 cum
2047 3237 2238 3304 amico,
2261 3248 2318 3294 ut
2345 3242 2586 3300 laudetur
2612 3248 2979 3312 benevolentia
3008 3269 3116 3326 tua,
3150 3269 3385 3323 utetiam
3420 3272 3471 3325 in

1898 3324 2014 3435 istis
2043 3332 2422 3435 temporalibus
2452 3339 2611 3394 rebus
2640 3342 2873 3403 charitas
2896 3324 3215 3419 prtedieetur
3236 3376 3250 3412 :
3271 3360 3317 3416 si
3346 3378 3477 3435 ergo

1896 3417 2030 3520 velis
2056 3424 2446 3489 possessionem
2492 3439 2632 3487 tuam
2684 3417 2970 3510 terrenam,
3015 3446 3160 3503 velut
3193 3417 3471 3520 praedium.

1896 3507 2043 3563 velut
2078 3510 2315 3580 domum,
2366 3519 2453 3574 vel
2495 3524 2768 3591 quodlibet
2806 3507 3129 3603 itujttsmodi,

1893 3610 2018 3653 care
2044 3614 2163 3655 cum
2203 3606 2408 3673 amico;
2446 3616 2804 3673 communicas
2831 3636 2949 3676 cum
3001 3641 3127 3693 uno,
3166 3640 3222 3685 et
3239 3634 3472 3694 admittis

1893 3703 2013 3792 eum
2040 3692 2106 3746 ad
2136 3695 2467 3794 societatem,
2498 3712 2550 3757 et
2591 3707 2787 3775 gaudes
2814 3726 2934 3767 cum
2986 3716 3351 3794 illo.Cogitas
3378 3692 3471 3787 ad;

1891 3781 2104 3837 mittere
2130 3787 2342 3842 tertium
2362 3789 2626 3861 fortassis,
2686 3807 2739 3854 et
2784 3814 3026 3871 quartum
3056 3828 3069 3863 :
3089 3811 3198 3880 jam
3217 3781 3471 3877 “attendis

1890 3881 2119 3966 quantos
2143 3877 2335 3945 capiat,
2367 3893 2595 3949 quantos
2624 3886 2778 3956 ferat,
2826 3894 2907 3949 vel
2934 3877 3126 3958 demus
3148 3905 3213 3958 ad
3256 3906 3467 3966 inhabi-

1890 3963 2129 4029 tandum,
2159 3968 2243 4021 vel
2266 3984 2400 4070 ager
2423 3973 2488 4027 ad
2516 3980 2873 4049 pascendum;
2902 3996 2956 4041 et
2981 3988 3133 4056 dicis,
3163 3994 3280 4052 Jam
3308 3963 3464 4070 quin-

1889 4062 1999 4108 tum
2031 4072 2135 4111 non
2162 4060 2323 4128 capit,
2347 4074 2528 4118 sextus
2550 4066 2790 4127 habitare
2820 4089 2924 4130 non
2967 4090 3138 4147 potest
3165 4060 3461 4153 nobiscum.

1886 4145 2171 4215 septimum
2204 4151 2416 4218 quando
2444 4158 2611 4223 pascit
2636 4162 2838 4218 tantilla
2867 4145 3177 4235 possessio?
3222 4145 3465 4237 Excludii

1886 4249 2015 4305 ergo
2040 4246 2281 4305 creteros,
2307 4258 2412 4297 non
2436 4252 2511 4311 tu,
2535 4248 2628 4302 sed
2646 4257 2904 4322 angustia.
2930 4259 3061 4315 Ama
3086 4279 3285 4331 pacem,
3322 4268 3458 4327 habe

1885 4339 2091 4427 pacem,
2118 4331 2331 4427 posside
2358 4350 2561 4405 pacem,
2602 4355 2734 4412 cape
2758 4345 2822 4399 ad
2864 4354 2913 4401 te
2950 4362 3176 4419 quantos
3213 4369 3361 4427 potes
3388 4364 3461 4419 ad

1885 4417 2257 4523 possidendam
2285 4438 2467 4492 pacem
2493 4446 2505 4481 :
2543 4439 2689 4485 tanto
2716 4433 2871 4491 latior
2895 4417 3016 4506 erit,
3047 4417 3245 4513 quanto
3284 4466 3312 4503 a
3339 4417 3454 4523 plu:

1885 4506 2031 4563 ribus
2055 4513 2426 4578 possidebitur.
2456 4519 2656 4577 Domus
2680 4534 2887 4583 terrena
2905 4532 3295 4598 cohabitatores
3321 4506 3457 4600 muL

1884 4606 1967 4691 tos
1991 4615 2096 4656 non
2121 4604 2300 4671 capit:
2329 4612 2596 4678 possessio
2620 4617 2766 4685 pacis
2790 4633 2908 4676 cum
2939 4625 3117 4684 multis
3142 4629 3419 4691 habitatori
3436 4668 3453 4679 -

1880 4687 1983 4745 bus
2004 4693 2213 4748 crescit.

1951 4782 2006 4834 2.
2039 4781 2225 4837 Pacem
2251 4787 2346 4840 hoc
2394 4802 2466 4845 est
2506 4794 2704 4861 habere,
2749 4804 2886 4871 quod
2926 4822 3114 4879 amare.
3156 4811 3325 4879 Quam
3353 4819 3443 4875 bo-

1881 4884 2008 4973 num
2030 4880 2344 4933 estamarel
2378 4881 2491 4937 iioc
2527 4886 2669 4941 enim
2730 4900 2812 4946 est
2850 4876 3067 4953 habere.
3105 4876 3233 4969 Quis
3270 4920 3446 4973 autem

1876 4962 2015 5017 nolit
2035 4978 2278 5021 crescere
2319 4972 2460 5038 quod
2487 4977 2669 5030 amat?
2687 4980 2739 5033 Si
2784 4998 2979 5050 paucos
3009 4962 3181 5046 tecuin
3209 4994 3289 5049 vis
3330 4962 3451 5054 esse

1878 5050 1932 5105 iu
1965 5067 2114 5156 pace,
2146 5070 2322 5157 parva
2340 5060 2432 5114 tibi
2452 5063 2555 5118 erit
2582 5082 2699 5134 pax.
2722 5071 2777 5126 Si
2792 5074 3126 5135 viserescere
3145 5082 3300 5147 istam

1878 5145 2194 5244 sessionem,
2220 5150 2358 5209 adde
2380 5168 2765 5221 possessorem.
2794 5162 2925 5218 Nam
2954 5168 3083 5225 illud
3129 5145 3268 5244 quod
3314 5145 3443 5240 dixi.

1877 5233 2090 5304 fratres,
2118 5238 2321 5295 Bonum
2350 5255 2429 5297 cst
2455 5261 2635 5303 amare
2666 5264 2869 5320 pacem.
2897 5266 2951 5312 et
2972 5233 3347 5329 ipsum'amare
3370 5233 3451 5324 est

1877 5324 2093 5426 habere,
2115 5332 2293 5399 quanti
2324 5338 2566 5391 constat?
2592 5355 2692 5409 qua
2716 5356 2845 5401 voce
2870 5324 3130 5420 laudetur,
3161 5372 3266 5426 quo
3287 5361 3449 5415 corde

1876 5417 2173 5486 cogitetur:
2213 5420 2320 5476 lioc
2359 5435 2440 5479 est
2476 5426 2692 5497 habere,
2718 5438 2857 5504 quod
2910 5417 3128 5498 amaret
3163 5417 3449 5515 éonsidcre

1876 5515 2089 5573 caetera,
2121 5526 2346 5580 quorum
2371 5514 2614 5576 homines
2644 5527 2930 5595 cupiditate
2958 5534 3445 5613 conflagrantNidp

1940 5641 2278 5715 ‘lt‘ttnendatus
2321 5650 2381 5715 ad
2423 5651 2484 5701 cl.
2531 5668 2577 5704 v.
2623 5665 2672 5708 et
2728 5660 2786 5709 ad
2829 5665 2963 5715 sirm.

1942 5702 2013 5763 (α)
2034 5704 2153 5763 Alias
2195 5708 2323 5763 imm.
2343 5702 2689 5778 ﬁrmamina}
