3968 6470
447 280 580 336 ista:
1678 265 1734 319 s.
1777 256 2135 316 AUGUS’I‘INI
2179 258 2477 314 EPISCOPI
3584 257 3718 314 4534

445 397 606 449 alium
634 406 813 445 amare
842 386 1049 449 fundos,
1080 392 1377 454 argentum,
1411 395 1621 448 aurum,
1669 378 1803 431 filios
1834 391 2024 430 nume—

448 503 621 547 rosos,
674 484 930 555 pretiosas
974 489 1027 534 et
1056 487 1269 532 ornatas
1309 474 1518 535 domos,
1570 469 1927 525 ammaissima
1979 474 2031 519 et

448 578 829 649 pretiosissima
849 573 1065 644 praedia.
1085 573 1237 624 Amat
1261 568 1359 621 hoc
1379 568 1400 619 ?
1423 568 1598 620 Amat.
1615 560 1879 631 Numquid
1897 560 2027 629 jam,

450 671 541 740 qui
567 678 726 731 amat,
746 666 948 720 habet?
978 665 1159 718 Potest
1185 661 1297 715 ﬁeri
1321 669 1375 713 ut
1405 658 1592 711 horum
1619 654 1854 709 omnium
1883 668 2031 704 ama-

454 773 538 816 tor
565 761 734 816 inanis
761 762 843 815 sit.
869 755 1089 825 Quando
1118 769 1220 808 non
1252 752 1411 808 habet
1438 758 1601 815 amat,
1631 746 1918 817 cupiditate
1942 758 2035 797 ar-

455 858 540 910 det
569 865 624 909 ut
654 853 845 907 habeat
876 870 887 902 :
918 865 1039 904 cum
1079 858 1253 903 autem
1312 845 1508 899 habere
1552 840 1795 910 coeperit,
1845 837 2039 892 timore

453 949 719 1002 cruciatur
749 958 814 998 ne
847 940 1051 1013 perdat.
1084 939 1241 994 Amat
1288 934 1568 997 honorem,
1621 938 1764 985 amat
1807 935 2042 997 potesta—

458 1052 584 1095 tem.
608 1036 798 1107 Quanti
829 1033 1071 1089 homines
1100 1028 1451 1099 potestatibus
1494 1021 1816 1093 accipiendis
1853 1019 2039 1089 privati

458 1130 747 1202 suSpirant?
764 1137 817 1183 et
836 1128 1143 1196 plerumque
1159 1121 1414 1177 anteillos
1428 1124 1653 1186 occupat
1672 1115 1889 1168 ultimus
1902 1112 2041 1176 dies,

460 1240 614 1295 quam
644 1220 955 1296 perveniant
976 1216 1041 1270 ad
1074 1214 1125 1269 id
1151 1212 1289 1283 quod
1313 1219 1510 1266 amant.
1543 1207 1736 1275 Quanti
1763 1219 1889 1275 ergo
1912 1218 2043 1257 con-

377 1387 384 1392 _
462 1328 586 1381 stat,
616 1316 759 1387 quod
789 1328 909 1369 cum
933 1309 1213 1372 amaveris,
1248 1304 1511 1360 habebis?
1540 1302 1653 1357 Non
1687 1301 1859 1372 pretio
1900 1312 2045 1367 qum-

463 1411 540 1465 ris
559 1408 701 1478 quod
730 1418 906 1470 amas;
943 1419 1046 1457 non
1075 1399 1317 1455 ambulas
1341 1398 1406 1452 ad
1432 1405 1733 1467 patronum,
1772 1407 1866 1461 per
1890 1404 2046 1459 quem

468 1500 770 1571 pervenias.
797 1497 933 1552 Ecce
953 1494 1044 1550 ubi
1086 1501 1214 1557 stas,
1262 1504 1381 1544 ama
1404 1504 1610 1557 pacem,
1657 1494 1711 1538 et
1752 1493 1925 1538 tecum
1970 1488 2051 1533 est

466 1570 605 1661 quod
635 1602 801 1645 amas.
835 1587 939 1641 [tes
967 1585 1067 1640 ista
1094 1580 1271 1636 cordis
1307 1588 1426 1633 est:
1459 1592 1555 1631 nec
1599 1576 1677 1629 sic
1704 1588 1825 1628 cum
1867 1570 2053 1624 amicis

466 1678 831 1737 communicas
855 1690 1060 1746 pacem,
1090 1670 1359 1743 quomodo
1392 1683 1601 1738 panem.
1632 1666 1831 1719 Panem
1858 1663 2053 1731 quippe

470 1772 513 1823 si
567 1770 966 1824 communicare
1012 1764 1165 1829 velis,
1219 1767 1419 1830 quanto
1473 1759 1651 1827 plures
1694 1762 1819 1809 sunt
1863 1752 2054 1822 quibus

477 1862 749 1932 frangitur,
789 1866 934 1918 tanto
964 1856 1141 1910 minus
1173 1854 1230 1907 ﬁt
1261 1851 1403 1908 unde
1442 1851 1618 1905 datur.
1644 1848 1752 1903 Pax
1776 1856 1951 1900 autem
1980 1844 2055 1898 illi

474 1960 591 2027 pani
618 1956 806 2013 similis
835 1964 939 2019 est,
973 1955 1060 2023 qui
1079 1952 1137 2005 in
1156 1949 1401 2004 manibus
1440 1944 1820 2014 discipulorum
1848 1939 2057 1995 Domini

472 2046 765 2115 frangendo
795 2055 842 2099 et
874 2043 1051 2097 dando
1076 2040 1369 2095 crescebat.

543 2140 598 2194 5.
632 2135 957 2195 Schismatici
1006 2133 1072 2187 ad
1102 2148 1274 2202 pacem
1316 2128 1528 2200 paci/ire
1572 2124 1857 2179 revocandi.
1893 2122 2061 2175 Dona-

474 2235 703 2287 tistarum
731 2229 932 2283 anitnus
956 2226 1018 2280 ab
1067 2226 1261 2279 unitate
1281 2223 1496 2276 alienus.
1526 2219 1727 2273 llabete
1777 2215 1933 2283 igitur
1964 2229 2059 2283 pav

476 2340 612 2390 coni,
638 2323 843 2377 fratres.
868 2319 922 2375 Si
956 2318 1116 2373 vultis
1130 2315 1195 2369 ad
1226 2314 1367 2367 illam
1392 2312 1602 2366 trahere
1627 2316 1871 2370 caeteros,
1904 2304 2059 2373 primi

477 2420 618 2472 illam
652 2417 861 2477 habete,
919 2411 1079 2482 primi
1135 2410 1279 2465 illam
1332 2414 1525 2462 tenete.
1559 2404 1615 2459 Ia
1670 2403 1821 2456 vobis
1863 2400 2065 2454 ferveat

475 2509 615 2579 quod
652 2508 878 2569 habetis,
910 2514 966 2558 ιιι
1011 2503 1146 2557 alios
1193 2498 1470 2553 accendat.
1491 2495 1615 2553 Odit
1642 2508 1823 2563 pacem
1855 2490 2067 2545 lucreti-

476 2617 592 2665 cus,
624 2601 868 2654 ctluccm
902 2598 1095 2665 lippus.
1136 2590 1400 2661 Numquid
1451 2588 1571 2642 ideo
1621 2586 1758 2641 mala
1810 2582 2062 2650 lux,quia

478 2693 652 2760 lippus
684 2706 785 2744 non
828 2696 1000 2757 potest
1023 2699 1140 2739 eam
1184 2680 1450 2737 tolerare?
1478 2678 1599 2733 Odit
1649 2677 1819 2730 lucem
1847 2676 2018 2743 lippus
2048 2690 2064 2728 :

479 2782 573 2837 sed
602 2793 773 2835 tamen
826 2786 1040 2849 propter
1082 2776 1255 2829 lucem
1282 2781 1490 2826 creatus
1518 2776 1599 2823 est
1649 2767 1857 2822 oculus.
1901 2766 2065 2818 Datur

480 2875 659 2941 itaque
682 2886 842 2939 opera
874 2868 941 2922 ab
977 2869 1055 2921 eis
1084 2865 1172 2936 qui
1215 2873 1396 2918 amant
1432 2876 1637 2930 pacem,
1671 2869 1724 2913 et
1767 2858 1951 2911 volunt
1980 2871 2066 2910 se-

481 2980 601 3021 (‘tlul
626 2960 885 3029 possideri
914 2956 1054 3027 quod
1076 2965 1275 3018 amant,
1304 2962 1363 3007 ut
1380 2965 1693 3023 possessore
1722 2948 1907 3002 addito
1935 2953 2068 3001 'crc-

483 3068 597 3113 seat
636 3054 931 3124 possessio.
953 3052 1093 3107 Dent
1141 3064 1269 3118 ergo
1299 3060 1515 3115 operam
1557 3042 1729 3096 curari
1758 3041 1943 3094 oculos
1964 3040 2067 3108 lip-

482 3166 693 3219 porum,
727 3145 964 3215 qualibet
990 3157 1113 3211 ope,
1147 3138 1390 3209 quolibet
1416 3144 1633 3190 conatu.
1678 3132 1874 3186 Nolens
1919 3146 2071 3185 cura-

489 3252 595 3300 tur,
630 3253 732 3290 non
765 3236 874 3288 vult
902 3233 1027 3287 dum
1073 3239 1291 3284 curatur
1323 3246 1335 3281 :
1368 3226 1459 3280 sed
1490 3224 1616 3279 dum
1658 3223 1827 3275 lucem
1858 3221 2067 3285 viderit,

489 3329 857 3385 delectabitur.
892 3326 1022 3379 Puta
1050 3322 1170 3391 quia
1202 3324 1508 3379 succenset;
1554 3317 1659 3371 noli
1684 3312 1928 3367 instando
1973 3312 2070 3365 de~

490 3420 718 3489 fatigari.
746 3420 963 3473 Amator
986 3413 1152 3483 pacis,
1181 3408 1413 3471 attende,
1439 3417 1491 3462 et
1537 3406 1803 3461 delectare
1844 3414 1899 3458 tu
1930 3403 2073 3471 prior

489 3510 886 3587 pulchritudine
906 3508 1115 3563 dilecta:
1143 3512 1265 3565 tuae,
1292 3512 1345 3556 et
1365 3499 1641 3555 inardesce
1663 3498 1729 3551 ad
1758 3493 2070 3550 trahendum

487 3610 739 3663 alterum.
776 3602 963 3657 Videat
989 3598 1129 3668 quod
1162 3596 1329 3661 vides,
1363 3601 1505 3647 amet
1532 3590 1673 3661 quod
1701 3604 1868 3651 amas,
1900 3594 2075 3641 teneat

489 3700 630 3766 quod
661 3708 831 3752 tenes.
868 3692 1166 3760 Alloquitur
1193 3698 1246 3742 te
1271 3687 1463 3741 dilecta
1521 3692 1629 3747 tua,
1672 3696 1829 3752 quam
1853 3679 2026 3747 diligis
2057 3694 2070 3730 :

496 3790 726 3855 loquitur
756 3785 868 3843 tibi,
902 3784 1032 3835 Ama
1075 3796 1181 3843 me,
1212 3786 1268 3833 et
1312 3777 1563 3831 continuo
1608 3774 1771 3827 habes
1822 3786 1929 3825 me.
1968 3769 2076 3823 Ado

490 3884 594 3933 duc
625 3890 794 3932 tecum
826 3888 959 3944 quos
983 3881 1132 3941 potes
1153 3869 1217 3925 ad
1249 3866 1531 3921 amandum
1565 3881 1681 3928 me;
1711 3877 1855 3919 casta
1882 3878 1996 3926 ero,
2024 3870 2078 3916 et

499 3972 702 4041 integra
749 3962 1093 4035 permanebo.
1146 3958 1331 4013 Adduc
1373 3972 1509 4026 quos
1563 3965 1733 4025 potes,
1784 3954 2073 4019 inveniant,

495 4066 736 4123 teneant,
760 4053 1121 4126 perfruantur.
1145 4050 1200 4103 Si
1221 4050 1394 4103 lucem
1424 4047 1577 4100 istam
1609 4062 1713 4099 non
1732 4053 2079 4113 corrumpant

496 4151 645 4205 multi
679 4148 954 4208 videntes,
984 4158 1071 4197 me
1099 4148 1447 4208 corrumpunt
1477 4136 1627 4190 multi
1651 4135 1928 4190 amantes?
1967 4135 2073 4190 Sed

496 4242 683 4297 nolunt
712 4237 916 4299 venire,
938 4234 1060 4304 quia
1093 4248 1197 4285 non
1231 4231 1428 4284 habent
1456 4227 1597 4283 unde
1634 4243 1719 4282 me
1759 4227 1967 4298 possint
1997 4228 2076 4281 vi-

430 4359 439 4366 -
496 4336 645 4391 dere.
674 4330 871 4385 Nolunt
904 4326 1110 4387 venire,
1139 4323 1261 4393 quia
1293 4320 1545 4390 splendor
1580 4319 1725 4388 pacis
1771 4319 2077 4374 reverberat

496 4421 867 4494 lippitudinem
910 4414 1281 4473 dissensionis.
1316 4411 1448 4466 Vide
1490 4409 1843 4464 miserandam
1890 4425 2077 4465 vocem

498 4516 786 4587 lippot‘um.
840 4505 1118 4581 Nuntiatur
1162 4502 1283 4567 illis,
1317 4501 1499 4555 Visum
1550 4510 1633 4554 est
1676 4508 1734 4553 ut
1775 4516 1955 4569 pacem
1988 4500 2081 4555 ha-

501 4608 662 4660 beant
711 4597 1021 4657 Christiani.
1048 4594 1162 4650 Tali
1188 4593 1373 4649 nuntio
1398 4592 1471 4646 illi
1503 4601 1742 4660 accepto,
1774 4590 1921 4645 aiunt
1945 4590 2082 4645 inter

497 4716 578 4765 se,
616 4697 704 4751 Vze
733 4694 906 4749 nobis.
942 4689 1163 4758 Quare?
1193 4686 1376 4741 Unitas
1405 4685 1566 4738 venit.
1613 4683 1751 4749 Quid
1796 4684 1918 4737 est?
1961 4698 2082 4752 quae

503 4805 625 4849 vox,
657 4786 744 4839 Van
776 4783 950 4845 nobis,
974 4780 1151 4835 unitas
1194 4774 1379 4831 venit?
1409 4774 1619 4840 Quanto
1662 4773 1852 4842 justius
1880 4772 2084 4827 dicere-

446 4884 451 4887 ‘
501 4880 589 4941 tis,
609 4877 699 4931 Vm
722 4876 895 4939 nobis,
918 4870 1182 4929 dissensio
1208 4867 1387 4923 venit?
1404 4866 1685 4930 Absithoc,
1711 4874 1768 4919 ut
1787 4865 2083 4919 vcniatdis-

448 4988 469 5047 ’δ
497 4970 677 5026 sensie
698 4988 709 5023 :
730 4968 842 5022 hate
864 4966 1096 5021 tenebrae
1114 4960 1559 5018 suntvidentium.
1575 4958 1707 5013 Nam
1730 4958 1871 5012 venit
1888 4957 2079 5023 unitas,

450 5062 455 5069 ’
496 5060 838 5133 gaudendum
866 5068 963 5123 est,
990 5057 1199 5111 fratres.
1232 5051 1369 5121 Quid
1401 5048 1899 5120 expavisti?Unitas
1916 5048 2080 5111 venit,

498 5158 699 5209 dictant
720 5160 798 5205 cst
809 5187 822 5199 .
836 5148 969 5202 Num
989 5147 1184 5201 dictum
1199 5154 1298 5211 est,
1316 5142 1448 5198 Fcra
1462 5142 1624 5207 venit,
1642 5142 1775 5210 ignis
1789 5140 1953 5193 venit?
1968 5140 2087 5194 Uni-

504 5258 585 5304 tas
615 5243 780 5307 venit,
802 5241 887 5294 lux
903 5239 1065 5292 venit.
1091 5237 1145 5292 Si
1169 5237 1295 5291 velit
1320 5234 1551 5290 veridice
1571 5230 1916 5301 respondere,
1943 5230 2084 5283 dicet

505 5342 661 5397 vobis
687 5356 700 5391 :
729 5336 844 5391 Non
868 5330 1076 5401 expavi,
1104 5329 1225 5399 quia
1248 5328 1355 5383 fera
1377 5329 1549 5382 venit:
1583 5342 1686 5380 nou
1709 5325 1849 5379 enim
1874 5323 2087 5377 timidus

500 5449 622 5489 sum
653 5450 665 5485 :
700 5427 795 5483 sed
824 5422 1032 5493 evpavi,
1063 5422 1183 5489 quia
1214 5420 1303 5472 lux
1329 5420 1471 5472 venit
1497 5434 1511 5482 ;
1540 5418 1712 5486 lippus
1761 5417 1900 5470 enim
1945 5430 2082 5469 sum.

503 5526 681 5585 haud;
740 5523 897 5593 igitur
944 5531 1107 5585 opera
1160 5510 1400 5565 curandi.
1445 5509 1954 5563 (lomtnunicaudum
2005 5516 2087 5561 est

501 5638 619 5681 Clltll
656 5619 779 5682 illis,
823 5612 961 5685 quod
993 5603 1475 5663 communicatione
1522 5617 1625 5654 non
1680 5604 1735 5654 tit
1783 5609 2084 5670 angusttnn,

504 5731 598 5785 pro
614 5710 845 5773 viribus,
872 5713 1126 5775 «punitum
1165 5695 1417 5761 valemus,
1452 5701 1703 5763 quantum
1733 5691 1892 5746 donat
1923 5692 2083 5745 Deus.

2207 374 2257 427 4.
2296 373 2625 429 Mansuetudo
2644 375 2886 430 Ita'reticis
2911 375 3187 429 exhibenda
3205 375 3515 444 litigantibus
3536 388 3583 430 et
3601 394 3725 430 con-

2137 467 2449 520 viciantibus.
2478 466 2594 519 Non
2609 467 2817 537 jurgiis,
2839 466 2925 519 sed
2955 467 3115 537 magis
3138 468 3275 534 apud
3300 466 3458 520 Deum
3488 467 3719 536 precibus

2138 558 2389 627 agendum
2430 569 2499 611 est
2557 568 2732 610 contra
2773 558 3049 613 luereticos.
3101 557 3351 623 Proinde,
3395 557 3719 626 charissimi,

2140 648 2393 703 exhortor
2421 650 2745 704 (Iliaritatem
2767 662 3019 715 vestram,
3051 658 3107 705 ut
3136 650 3429 705 exhibealis
3451 651 3553 705 illis
3573 651 3725 705 chri-

2142 741 2368 795 stianam
2399 751 2452 796 et
2476 744 2789 797 catholicam
2820 743 3305 797 mansuetudinem.
3334 743 3485 799 Nunc
3528 759 3726 799 curan-

2143 834 2226 888 dis
2272 836 2515 889 instatur.
2578 834 2633 890 ln
2696 836 2904 891 fervore
2958 845 3083 893 sunt
3152 837 3291 892 oculi
3350 838 3723 902 sanctorum',

2145 935 2298 981 caute
2319 927 2557 989 curandi,
2588 928 2882 997 leniterque
2912 928 3168 981 tractandi
3196 937 3339 982 sunt.
3364 928 3531 983 Nemo
3556 930 3727 984 susei-

2148 1018 2256 1086 piat
2296 1033 2415 1071 cmn
2463 1019 2641 1087 aliquo
2672 1019 2839 1084 litem,
2886 1033 3044 1073 nemo
3094 1019 3220 1073 velit
3250 1034 3391 1074 nunc
3423 1021 3506 1074 vel
3558 1021 3727 1090 ipsam

2148 1124 2296 1162 suam
2332 1108 2485 1164 ﬁdem
2522 1111 2826 1164 altercando
2873 1110 3181 1175 defendere,
3232 1127 3298 1164 ne
3338 1112 3404 1166 de
3434 1112 3524 1167 lite
3579 1112 3726 1168 sein-

2149 1201 2259 1252 tilla
2302 1210 2568 1263 nascatur,
2619 1217 2683 1256 nc
2729 1201 3089 1271 qurerentibus
3143 1204 3475 1257 occasionem
3521 1204 3732 1259 occasio

2152 1294 2469 1362 praibeatur.
2516 1293 2742 1348 Prorsus
2778 1294 3075 1349 convicium
3125 1295 3297 1361 audis,
3336 1295 3523 1362 tolera,
3570 1296 3733 1350 (115δί-

2152 1384 2331 1449 mula,
2376 1384 2606 1454 praeteri.
2662 1384 2925 1439 Memento
2977 1384 3288 1439 curandum.
3337 1384 3526 1440 Videte
3576 1400 3736 1455 quam

2155 1473 2332 1527 blzmdi
2361 1484 2482 1528 sunt
2508 1475 2696 1529 medici
2727 1476 2803 1530 eis
2833 1490 2966 1545 quos
2994 1478 3151 1530 etiam
3177 1476 3498 1531 ntordaciter
3523 1486 3735 1532 curant.

2163 1566 2398 1620 Audiunt
2458 1567 2774 1633 coovicium,
2832 1568 3068 1637 pra-bent
3115 1568 3591 1637 medicamentum,
3638 1586 3741 1626 nec

2158 1659 2385 1713 reddunt
2436 1660 2732 1714 convicium
2784 1660 3045 1715 convicio.
3081 1659 3314 1717 Verbum
3345 1662 3414 1715 sit
3444 1664 3607 1717 verbo
3636 1682 3649 1718 :
3678 1673 3737 1718 ut

2160 1766 2295 1803 unus
2320 1750 2390 1803 sit
2431 1751 2716 1815 curandus,
2750 1751 2883 1805 alter
2912 1760 3063 1806 curat
3092 1768 3103 1802 :
3139 1768 3243 1804 non
3299 1751 3407 1805 duo
3451 1752 3742 1822 litigantes.

2161 1838 2393 1906 Fcrtotc,
2418 1839 2661 1905 obsecro,
2701 1839 2889 1895 fratres
2920 1840 3044 1894 mei.
3075 1840 3177 1895 Sed
3218 1856 3321 1894 non
3357 1842 3491 1907 fero,
3545 1843 3741 1912 inquit,

2160 1933 2281 2003 quia
2318 1934 2653 2004 blasphemat
2695 1934 3008 1989 Ecclesiam.
3054 1935 3165 1989 lloc
3208 1943 3258 1989 te
3290 1943 3438 2003 rogat
3484 1936 3745 2009 Ecclesia,

2163 2034 2220 2080 ut
2250 2027 2408 2093 feras,
2459 2028 2580 2097 quia
2627 2026 3024 2097 blaSphcmatur
3074 2031 3328 2086 Ecclesia.
3364 2034 3623 2102 Detrahit,
3666 2037 3751 2090 in-

2162 2117 2295 2186 quit,
2363 2117 2614 2187 episcopo
2665 2133 2814 2182 meo;
2874 2120 3076 2174 crimen
3129 2122 3257 2176 dicit
3328 2125 3379 2179 in
3436 2126 3747 2197 episcopum

2164 2216 2437 2273 meum,et
2459 2208 2648 2262 taceo?
2675 2208 2886 2264 Crimen
2928 2210 3088 2275 dicat,
3135 2224 3187 2267 et
3216 2224 3368 2281 tace;
3421 2233 3527 2271 non
3583 2235 3752 2289 agno-

2165 2297 2384 2362 scendo,
2430 2298 2523 2351 sed
2562 2298 2800 2353 ferendo.
2862 2299 2972 2355 Hoc
3006 2313 3227 2370 prmstas
3268 2307 3519 2377 episcopo
3555 2317 3662 2375 tuo,
3703 2312 3750 2366 si

2167 2390 2369 2458 proillo
2398 2399 2635 2459 tempore
2660 2406 2763 2446 non
2787 2392 3085 2448 miscearis.
3119 2394 3358 2468 Intelligo
3392 2408 3620 2473 tempus,
3657 2404 3755 2455 ha-

2167 2481 2290 2535 beto
2314 2482 2616 2537 consilium.
2645 2483 2812 2536 Deum
2842 2494 2987 2538 tttum
3020 2489 3199 2556 quanti
3227 2490 3643 2560 blasphemant?
3670 2497 3751 2552 Τιι

2168 2573 2339 2636 audis,
2371 2582 2423 2626 ct
2449 2574 2534 2627 ille
2563 2591 2666 2627 non
2707 2575 2895 2629 audit?
2926 2586 2978 2629 tu
3023 2579 3180 2643 nosti,
3227 2591 3280 2634 et
3308 2582 3393 2635 ille
3425 2600 3525 2637 non
3568 2588 3755 2641 novit?

2170 2662 2235 2718 Ει
2268 2675 2443 2719 tamen
2473 2668 2593 2736 facit
2616 2668 2738 2721 oriri
2762 2669 2915 2721 solent
2936 2687 3088 2739 super
3109 2671 3261 2726 bonos
3287 2684 3331 2727 et
3352 2678 3530 2741 malos,
3556 2689 3601 2731 et
3622 2679 3781 2750 pluit'

2168 2774 2321 2828 super
2353 2758 2524 2827 justas
2549 2770 2592 2811 et
2644 2760 2857 2828 injustas
2894 2760 3114 2830 (Matth.
3150 2780 3200 2828 v,
3379 2766 3620 2823 Ostendit
3671 2787 3757 2839 pa-

2171 2848 2428 2912 lit'ntiam,
2457 2847 2633 2902 differt
2654 2851 2965 2918 potentiam.
2997 2853 3083 2906 Sic
3113 2864 3166 2908 et
3194 2862 3246 2906 tu
3273 2870 3498 2925 agnosce
3523 2868 3753 2929 tempus,

2172 2939 2276 2991 noli
2303 2954 2588 3007 provocare
2608 2949 2872 2996 tmncntes
2891 2943 3073 2997 oculos
3101 2943 3165 2999 ad
3195 2946 3489 3003 turbandos
3510 2965 3567 3004 sc
3589 2950 3752 3019 ipsos.

2173 3032 2396 3084 Antator
2425 3031 2567 3100 pacis
2598 3033 2694 3087 es?
2732 3032 2812 3087 Sit
2842 3033 2930 3087 tibi
2962 3034 3013 3088 in
3040 3034 3200 3089 corde
3221 3037 3358 3094 bene
3395 3054 3513 3093 eum
3562 3041 3755 3100 dilecta

2178 3124 2377 3177 tua.Et
2403 3124 2525 3192 quid
2555 3125 2939 3194 agam?llabes
2990 3127 3132 3197 quod
3181 3145 3325 3199 agas.
3369 3131 3517 3187 Tolle
3559 3134 3755 3205 jurgia,

2174 3226 2487 3271 convertere
2516 3217 2578 3271 ad
2610 3234 2813 3287 preces.
2845 3219 2959 3273 Noli
3009 3222 3269 3277 conviciis
3324 3227 3585 3295 repellere
3623 3245 3756 3284 con-

2176 3310 2476 3375 viciantem,
2506 3311 2599 3365 sed
2622 3328 2712 3364 ora
2740 3328 2832 3380 pro
2854 3327 2936 3365 co.
2967 3313 3133 3384 Loqui
3162 3315 3240 3369 vis
3268 3316 3337 3370 illi
3362 3294 3546 3373 eontra
3569 3320 3712 3375 illum
3739 3340 3754 3375 :

2176 3404 2396 3476 loquere
2426 3407 2535 3459 Deo
2560 3422 2653 3473 pro
2682 3405 2790 3460 illo.
2825 3406 2938 3460 Non
2970 3408 3057 3460 tibi
3088 3408 3206 3461 dico
3237 3411 3375 3479 quod
3415 3421 3586 3467 taceas
3621 3433 3634 3471 :
3662 3415 3758 3470 sed

2177 3498 2322 3565 elige
2354 3498 2521 3567 magis
2550 3497 2633 3551 ubi
2664 3499 2915 3567 loquaris,
2945 3500 3082 3567 apud
3115 3516 3269 3569 quem
3294 3503 3483 3557 tacitus
3505 3504 3757 3574 loqueris.

2180 3588 2332 3643 labiis
2363 3589 2578 3655 clausis,
2608 3589 2769 3643 corde
2798 3590 3082 3648 clamante.
3133 3590 3229 3647 Ubi
3263 3608 3367 3646 non
3400 3602 3451 3647 te
3479 3594 3640 3663 videt,
3690 3596 3760 3650 ibi

2178 3691 2293 3733 esto
2320 3680 2489 3734 bonus
2522 3697 2612 3749 pro
2647 3681 2756 3735 illo.
2782 3681 2857 3735 llli
2886 3692 3060 3734 autem
3093 3698 3273 3749 pacem
3304 3700 3406 3737 non
3440 3686 3659 3749 amanti,
3699 3697 3752 3740 et

2181 3770 2386 3841 litigare
2412 3771 2627 3835 volenti,
2659 3771 2921 3841 responde
2943 3771 3192 3841 paciﬁcus
3224 3790 3237 3826 :
3261 3772 3525 3843 Quidquid
3568 3776 3650 3829 vis
3677 3776 3763 3830 di-

2181 3879 2289 3928 cas,
2320 3865 2707 3934 quantumlibet
2725 3863 2923 3930 oderis,
2953 3874 3011 3919 ut
3036 3865 3292 3933 placuerit
3321 3865 3625 3928 dctesteris,
3661 3869 3766 3922 fra-

2183 3964 2262 4010 ter
2296 3972 2444 4011 meas
2463 3971 2540 4011 es.
2570 3956 2706 4022 Quid
2733 3957 2865 4026 agis,
2895 3965 3075 4011 utnon
3100 3957 3172 4010 sis
3203 3956 3367 4013 frater
3390 3959 3581 4013 meus?
3606 3960 3770 4014 Pror-

2182 4062 2273 4101 Stts
2302 4049 2493 4111 bonus,
2529 4048 2944 4114 tnalus,volcns,
2978 4048 3186 4115 nolens,
3221 4048 3383 4103 frater
3406 4066 3654 4106 incuses.
3699 4051 3766 4106 Et

2184 4138 2273 4193 illc
2304 4154 2315 4190 :
2350 4138 2497 4192 Unde
2527 4154 2643 4192 sum
2691 4137 2855 4195 frater
2904 4148 3043 4203 tuus,
3090 4138 3278 4205 hostis,
3307 4141 3518 4197 inimice
3546 4142 3649 4212 (a)?
3677 4145 3766 4201 Sic

2183 4229 2448 4300 quomodo
2472 4231 2568 4283 ista
2598 4229 2750 4295 dicis,
2783 4230 2946 4283 frater
2980 4246 3129 4285 meus
3156 4245 3232 4285 es.
3268 4222 3457 4289 Mirum
3510 4233 3718 4287 videtur
3749 4253 3763 4288 :

2184 4321 2317 4386 odit,
2347 4320 2660 4384 detestatur,
2697 4330 2749 4374 et
2775 4319 2938 4373 frater
2972 4323 3092 4374 est?
3133 4321 3206 4375 llli
3251 4322 3389 4375 enim
3426 4326 3507 4377 vis
3551 4302 3765 4379 credam

2186 4416 2442 4470 nescienti
2472 4412 2597 4484 quid
2620 4412 3072 4481 loquatur?cojus
3102 4422 3228 4481 apto
3257 4414 3558 4481 sanitatem,
3602 4424 3658 4469 ut
3690 4416 3767 4470 lu-

2186 4522 2301 4561 cem
2331 4505 2527 4570 videat,
2561 4513 2613 4558 et
2643 4504 2855 4558 fratrem
2886 4510 3155 4573 agnoscat.
3184 4504 3258 4559 llli
3284 4519 3411 4575 ergo
3428 4506 3507 4560 vis
3531 4506 3766 4575 credam,

2187 4598 2307 4667 quia
2337 4613 2440 4649 non
2469 4612 2583 4649 sum
2614 4594 2777 4647 frater
2799 4593 2984 4663 ipsius,
3010 4593 3131 4663 quia
3155 4593 3467 4663 detestatur,
3498 4598 3617 4666 quia
3635 4598 3767 4664 odit,

2187 4700 2241 4744 et
2268 4703 2375 4743 non
2417 4688 2588 4756 petius
2637 4686 2735 4756 ipsi
2787 4685 2925 4739 luci?
2963 4685 3254 4740 Audiamus
3296 4688 3419 4755 quid
3473 4688 3614 4742 dicat
3658 4690 3771 4757 ipsa

2189 4779 2298 4834 lux.
2332 4778 2648 4847 PrOphetam
2680 4778 2793 4846 lege
2824 4794 2836 4829 :
2862 4776 3064 4841 Audite,
3087 4777 3172 4844 qui
3193 4779 3403 4847 pavetis,
3428 4780 3629 4831 verbum
3661 4779 3771 4832 Do-

2190 4870 2329 4923 mini.
2357 4868 2581 4937 Spiritus
2601 4878 2813 4921 sanctus
2837 4868 3067 4937 loquitur
3089 4882 3181 4936 per
3206 4867 3388 4921 Isaiam
3414 4871 3724 4939 prophetam
3757 4890 3769 4924 :

2190 4964 2388 5026 Audite,
2435 4962 2520 5031 qui
2565 4961 2772 5031 pavetis,
2810 4962 3011 5014 verbum
3051 4958 3276 5015 Domini.
3333 4959 3513 5021 Dicite,
3564 4959 3777 5019 Fratres

2256 5144 2272 5175 ί
2310 5148 2468 5194 Forte.
2493 5136 2782 5190 sauciorum.

2253 5204 2325 5266 (α)
2352 5202 2606 5266 colebant.
2637 5200 2949 5266 videlicetse
2986 5197 3162 5247 fratres
3181 5197 3273 5247 dici
3304 5199 3585 5266 Donatistze,
3613 5204 3663 5266 et
3706 5203 3782 5246 ta-

2190 5258 2320 5317 men
2344 5264 2517 5313 fratres
2548 5278 2575 5312 a
2615 5263 2792 5311 nostris
2830 5261 3129 5309 dicebantur.
3176 5267 3389 5321 Optatus,
3430 5258 3513 5307 lib.
3547 5261 3563 5307 1
3606 5259 3781 5306 adver-

2190 5341 2277 5377 sus
2320 5328 2747 5380 Parmenianum,»
2796 5322 2998 5380 Nolunt,
3023 5338 3045 5365 ι
3090 5323 3275 5385 inquit,
3317 5340 3339 5367 α
3373 5334 3431 5371 se
3473 5321 3565 5371 dici
3603 5322 3783 5385 fratres

2199 5408 2221 5435 α
2247 5398 2449 5438 nostros.
2486 5395 2604 5437 Sunt
2640 5388 2747 5435 sine
2785 5385 2933 5433 dubio
2957 5384 3167 5437 fratres.
3185 5384 3404 5446 quamvis
3442 5396 3535 5431 non
3569 5384 3719 5446 boni;
3749 5399 3773 5425 ι

2195 5461 2243 5501 ct
2269 5451 2353 5499 lib.
2377 5450 2424 5509 4,
2458 5468 2479 5494 α
2502 5459 2599 5497 non
2639 5449 2766 5497 enim
2800 5448 3003 5507 potestis
3040 5460 3132 5493 non
3159 5445 3270 5494 esse
3308 5452 3507 5509 tratres,
3534 5456 3667 5509 quos
3694 5445 3781 5509 iis--

2200 5533 2222 5560 α
2244 5514 2355 5562 dem
2378 5504 2785 5560 sacramentorum
2802 5504 3071 5556 visceribus
3092 5520 3185 5555 una
3197 5514 3351 5555 mater
3367 5504 3575 5555 Ecclesia
3587 5507 3779 5566 genuit,

2201 5594 2221 5621 «
2245 5588 2369 5637 quos
2392 5573 2565 5622 eodem
2588 5571 2727 5637 modo
2764 5570 3011 5637 adoptivos
3038 5568 3161 5617 ﬁlios
3181 5577 3324 5637 _I)eus
3346 5576 3484 5628 teter
3509 5568 3718 5637 eacepit.
3750 5584 3773 5610 ι

2192 5630 2292 5695 ouo
2316 5637 2363 5706 ia
2390 5647 2597 5706 genere
2630 5630 2766 5691 plura
2805 5634 2949 5681 etiam
2993 5634 3312 5693 augustinus,
3336 5642 3446 5677 cum
3476 5630 3577 5693 agit
3612 5636 3780 5678 contra

2195 5702 2472 5747 Donatisfas.
2549 5702 2679 5742 Stult.
