3996 6476
303 475 324 530 l
337 469 438 531 .585

299 593 456 644 nostri
477 591 611 654 estis,
638 593 706 647 eis
726 595 814 663 qui
855 609 938 648 vos
965 594 1198 658 oderunt,
1226 599 1271 646 et
1289 593 1376 662 qui
1419 607 1502 646 vos
1547 591 1870 644 detestantur.

295 679 430 748 Quid
461 683 576 737 est?
632 683 871 739 Radiavit
923 683 1032 750 lux,
1083 675 1314 738 ostemlit
1364 685 1744 738 fraternitatem
1778 691 1871 736 :et

296 769 468 826 adhuc
499 769 622 830 dicit
647 773 840 844 lippus,
885 773 1084 830 Claude
1129 771 1432 830 fenestram.
1467 773 1648 827 l‘rzebe
1690 773 1874 828 oculos

299 873 417 916 tuos
439 861 542 918 luci
573 879 586 916 :
620 873 846 934 agnosce
877 865 1092 920 fratrem
1127 867 1178 919 in
1211 865 1442 920 tenebris
1477 879 1578 918 non
1609 863 1870 917 constitu-

295 957 427 1014 tum,
453 951 502 1005 in
527 953 758 1008 tenebrls
779 955 1131 1011 consumtus:
1155 963 1208 1010 et
1226 955 1327 1017 dic,
1351 953 1435 1008 die
1455 969 1690 1016 securus,
1715 955 1870 1032 verba

297 1039 388 1096 Dei
415 1041 547 1097 dicis
573 1053 628 1098 et
657 1059 760 1099 non
803 1057 940 1100 mea.
973 1046 1155 1110 Dicite,
1187 1043 1314 1100 dicit
1345 1047 1500 1106 Deus,
1541 1045 1750 1100 Fratres
1776 1061 1864 1100 no-

291 1133 383 1186 stri
405 1135 524 1189 estis
547 1151 566 1189 :
595 1135 830 1206 quibus?
853 1139 922 1190 eis
947 1138 1034 1210 qui
1076 1153 1160 1192 vos
1188 1137 1418 1192 oderunt.
1451 1137 1579 1192 Nam
1613 1135 1736 1208 quid
1771 1137 1870 1191 ml-

289 1233 412 1278 rum
433 1227 480 1280 si
509 1221 684 1280 dicitis
707 1227 785 1282 eis
811 1228 898 1296 qui
945 1241 1039 1282 vos
1066 1227 1326 1298 diligunt?
1349 1227 1446 1282 llis
1483 1229 1568 1298 qui
1611 1245 1696 1281 vos
1741 1227 1864 1281 ode-

289 1321 428 1378 runt,
456 1323 503 1368 et
531 1316 616 1382 qui
638 1331 722 1371 eos
748 1317 1069 1370 detestantur.
1095 1317 1290 1388 thuid
1319 1319 1455 1373 hoc?
1479 1319 1633 1386 Audi,
1665 1329 1712 1375 et
1743 1331 1867 1374 cau-

287 1413 364 1457 sa:
416 1407 593 1476 aspice
635 1406 883 1462 fluctum.
937 1409 1090 1464 Velut
1131 1403 1538 1480 interrogaveris
1583 1413 1864 1469 Dominmu

288 1493 452 1548 Deum
487 1505 652 1562 tuu’m,
709 1507 762 1554 et
811 1499 1028 1564 dixeris,
1072 1499 1314 1570 Domine,
1353 1504 1618 1573 quomodo
1670 1505 1860 1570 dicam,

286 1581 475 1638 Frater
497 1601 643 1641 meus
693 1601 772 1654 es,
815 1590 902 1659 qui
931 1591 1058 1656 odit,
1087 1593 1175 1662 qui
1199 1591 1527 1648 detestatur?
1556 1593 1652 1648 Die
1675 1587 1860 1664 quare.

289 1671 358 1728 Ut
391 1691 568 1730 nomen
608 1675 814 1732 Domini
864 1679 1240 1749 Itonoriﬁcetur.
1291 1683 1548 1752 Appareat
1585 1684 1664 1738 vel
1703 1687 1754 1738 in
1771 1688 1864 1755 ju-

283 1766 541 1820 cunditate
562 1783 582 1817 :
605 1769 706 1838 ipsi
731 1781 897 1824 autem
938 1773 1227 1826 erubescant
1266 1771 1434 1846 (Isai.
1480 1791 1623 1842 vat,
1652 1777 1704 1842 5,
1758 1793 1857 1831 sec.

283 1845 493 1926 LXX).
539 1859 688 1924 Vide,
741 1863 1000 1926 obst'cro,
1059 1845 1287 1919 fructum
1337 1868 1642 1936 patientite,
1701 1877 1860 1923 tanne

282 1947 718 2004 ntausuetmlinls.
756 1949 938 2018 Dicite,
983 1951 1191 2010 Fratres
1214 1958 1368 2010 nostri
1383 1959 1518 2012 estis.
1551 1959 1758 2026 Quare?
1794 1959 1859 2014 Ut

279 2049 460 2092 nomen
507 2029 716 2096 Domini
775 2044 1151 2116 honori/iretur.
1199 2049 1373 2117 Quare
1419 2061 1595 2106 autem
1645 2069 1748 2107 non
1807 2063 1858 2108 te

278 2133 520 2198 agnoscit
549 2129 814 2188 fratrem?
843 2137 973 2203 Quia
1005 2155 1195 2194 llOlllCll
1230 2143 1458 2197 hominis
1483 2143 1726 2200 homines
1758 2145 1854 2198 ho-

279 2219 594 2274 norificavit.
619 2221 760 2294 Ergo
790 2223 896 2292 die,
924 2227 1108 2282 Frater
1151 2245 1302 2284 meus
1333 2249 1344 2282 :
1371 2233 1548 2287 oderis
1589 2235 1732 2298 licet,
1765 2235 1860 2290 de-

282 2312 494 2366 testeris
522 2311 659 2379 liCct,
693 2311 858 2370 frater
887 2333 1031 2372 meus
1073 2334 1152 2374 es.
1186 2321 1428 2390 Agnosco
1466 2323 1516 2375 in
1551 2333 1600 2378 te
1645 2327 1853 2396 signum

275 2400 443 2468 patris
465 2403 586 2456 mei.
617 2405 806 2459 Sermo
841 2409 1002 2476 patris
1028 2411 1215 2464 nostri.
1261 2407 1394 2466 Male
1421 2409 1604 2480 frater,
1631 2417 1855 2484 litigioso

275 2489 456 2554 frater,
483 2493 644 2548 frater
665 2509 814 2552 meus
842 2513 898 2554 es
947 2507 1019 2554 tu.
1053 2499 1196 2556 Dicis
1234 2503 1428 2557 etenim
1467 2513 1541 2572 tu,
1587 2505 1854 2576 quomodo

273 2589 326 2634 ct
354 2595 472 2650 ego,
508 2579 660 2638 Pater
712 2599 879 2641 noster
928 2590 1013 2658 qui
1064 2608 1115 2645 es
1151 2593 1202 2644 in
1249 2594 1385 2646 carlis
1429 2593 1638 2666 (Matth.
1669 2613 1740 2664 vl,
1774 2597 1849 2670 9).

277 2665 447 2725 Unum
476 2673 701 2731 dicimus
729 2691 742 2729 :
776 2695 937 2748 quare
965 2681 1018 2734 in
1059 2697 1166 2736 uno
1197 2699 1299 2737 nou
1332 2685 1556 2740 sunms?
1585 2685 1732 2758 Ilogo
1778 2687 1849 2754 te,

273 2761 456 2828 frater,
488 2781 715 2834 agnosce
757 2769 896 2838 quod
947 2785 1152 2826 mecmn
1203 2773 1352 2839 dicis,
1384 2785 1437 2829 et
1483 2776 1673 2831 damna
1711 2779 1852 2848 quod

271 2866 452 2908 contra
481 2872 564 2912 me
595 2859 741 2913 facis.
775 2859 1005 2918 Adverte
1028 2865 1186 2920 verba
1215 2869 1461 2921 exeuntia
1503 2868 1570 2923 de
1613 2885 1704 2924 ore
1733 2880 1843 2924 tuo.

271 2945 430 3010 Audi,
489 2961 592 3001 non
645 2966 764 3016 me,
816 2952 908 3005 sed
957 2959 1026 3007 te.
1077 2953 1208 3009 Vide
1254 2957 1335 3010 cui
1390 2957 1637 3024 dicimus,
1691 2957 1850 3014 Pater

271 3043 440 3088 noster
479 3037 564 3104 qui
617 3054 668 3092 es
714 3040 765 3092 in
814 3041 970 3096 (telis.
1015 3041 1132 3098 Non
1176 3046 1398 3112 amicus,
1450 3063 1554 3102 non
1601 3049 1846 3116 vicinus;

269 3125 368 3178 sed
419 3125 529 3195 ipse
555 3129 636 3183 cui
666 3129 912 3196 dicimus,
961 3137 1286 3192 concordare
1329 3155 1424 3192 nos
1451 3139 1620 3208 jubet.
1679 3142 1850 3198 Simul

271 3214 530 3272 habemus
550 3221 686 3289 apud
711 3223 919 3278 Patrem
948 3243 1106 3283 unam
1131 3243 1311 3284 vocem
1337 3247 1350 3286 :
1374 3247 1538 3302 quare
1559 3249 1663 3288 non
1691 3237 1847 3290 simul

269 3307 526 3365 habemus
553 3329 709 3368 unam
740 3319 960 3386 pacem?

339 3401 392 3456 5.
424 3401 522 3456 Pia
549 3421 701 3474 Opera
731 3426 822 3478 pro
853 3407 1094 3466 Ecclesia:
1122 3413 1387 3468 obtinenda
1417 3433 1556 3486 pace.
1581 3415 1847 3488 Jejunium

264 3493 488 3547 solemne
521 3507 632 3566 post
662 3497 1009 3555 Pentecosten.
1042 3501 1376 3574 Hospitalitas
1411 3509 1461 3560 in
1492 3524 1575 3561 eos
1607 3510 1692 3578 qui
1723 3509 1848 3564 Car-

265 3583 524 3654 thaginem
552 3589 751 3642 veniunt
779 3591 1060 3646 collationis
1088 3611 1260 3648 causa.
1290 3595 1438 3650 Talia
1465 3595 1624 3652 dicite
1649 3597 1844 3653 arden-

265 3683 369 3742 ter,
401 3675 560 3732 dicite
587 3679 798 3736 leniter.
833 3683 999 3739 Dicite
1033 3685 1282 3742 ardentes
1318 3687 1521 3743 fervore
1551 3689 1841 3754 charitatis,

263 3783 370 3820 non
391 3777 596 3826 tumore
613 3773 978 3843 dissensionis,
999 3788 1051 3832 et
1068 3777 1424 3848 deprecamini
1443 3782 1714 3838 nobiscum
1737 3785 1842 3839 Do-

260 3858 464 3913 minum
495 3862 822 3920 solemnibus
846 3865 1083 3936 jejuniis.
1107 3869 1234 3935 Qua:
1269 3871 1378 3940 jam
1414 3873 1683 3929 reddimus
1711 3875 1839 3944 Deo,

259 3949 549 4006 reddamus
590 3962 644 4008 et
690 3970 788 4026 pro
827 3971 1004 4011 causa.
1045 3957 1160 4013 Jam
1206 3961 1346 4014 enim
1385 3961 1687 4032 jejunamus
1726 3976 1844 4034 post

259 4041 615 4098 Pentecosten
681 4045 991 4101 solenmiter
1035 4065 1048 4102 :
1099 4060 1150 4104 ct
1203 4049 1380 4120 utique
1427 4051 1838 4126 jejunaremus,

257 4131 471 4184 etiamsi
511 4131 608 4187 ista
638 4148 796 4188 causa
825 4151 927 4190 non
953 4147 1112 4192 esset.
1138 4139 1270 4207 Quid
1297 4157 1426 4212 ergo
1449 4143 1702 4202 debemus
1731 4146 1840 4201 fra-

260 4221 432 4276 tribus
453 4223 670 4291 nostris,
698 4241 830 4296 quos
857 4228 906 4282 iu
931 4229 1146 4286 nomine
1169 4233 1374 4288 Domini
1397 4235 1490 4292 Dei
1513 4239 1700 4306 nostri,
1725 4257 1840 4296 me-

261 4315 368 4369 dici
395 4313 580 4381 nostri,
606 4315 870 4372 curandos
896 4319 1265 4394 sanandosque
1291 4328 1626 4397 suscipimus,
1651 4330 1726 4385 illi
1752 4331 1838 4386 of-

256 4407 490 4462 ferentes
513 4413 568 4460 ut
587 4419 859 4478 sanentur,
888 4427 992 4466 non
1021 4414 1173 4470 nobis
1199 4431 1386 4472 manus
1416 4419 1607 4474 medici
1639 4438 1840 4490 praesu-

254 4497 500 4552 mentes?
524 4497 626 4553 Sed
649 4499 774 4568 quid
800 4499 1058 4558 facimus?
1083 4505 1441 4574 Deprecemur
1465 4510 1636 4580 ipsum
1663 4514 1836 4569 medi-

255 4610 424 4662 cum,
479 4595 786 4664 jejunautes
849 4598 1034 4654 humili
1085 4601 1288 4670 corde,
1342 4603 1424 4672 pia
1479 4605 1832 4674 confessione,

256 4687 448 4742 timore
491 4687 746 4744 fraterno.
769 4689 1130 4747 Exhibeamus
1165 4692 1388 4748 Domino
1431 4695 1700 4764 pietatem,
1733 4700 1835 4756 fra-

253 4777 426 4834 tribus
446 4779 780 4836 charitatem.
804 4781 1056 4836 Crescaut
1078 4785 1218 4838 enim
1242 4785 1594 4858 eleemosyute
1613 4801 1828 4858 nostra},

249 4871 444 4942 quibus
486 4872 837 4928 exaudiantur
881 4873 1090 4928 facilius
1133 4877 1400 4934 orationes
1439 4890 1633 4936 nostra:
1660 4883 1696 4934 ¹.
1725 4883 1832 4938 Ho-

245 4959 594 5030 spitalitatem
615 4963 914 5018 sectamini.
934 4963 1166 5034 Tempus
1185 4975 1267 5022 est
1285 4985 1297 5018 :
1317 4970 1454 5023 servi
1481 4971 1571 5026 Dei
1593 4974 1826 5029 veniunt.

247 5051 484 5122 Tempus
509 5063 612 5120 est,
642 5054 853 5109 occasio
895 5063 998 5122 est,
1039 5071 1205 5125 quare
1243 5059 1412 5126 perit?
1446 5063 1674 5120 Attende
1701 5067 1827 5136 quid

246 5141 414 5197 habes
455 5142 511 5196 in
548 5145 822 5198 caenaculo
861 5144 1052 5200 domus
1091 5156 1194 5202 tuae
1215 5148 1252 5200 ³.
1279 5150 1508 5208 Attende
1531 5163 1584 5208 et
1613 5169 1824 5212 sursum

243 5231 370 5304 quid
401 5247 648 5304 reponas,
681 5235 805 5306 quid
837 5229 948 5290 tibi'
971 5251 1171 5302 serves,
1205 5237 1270 5294 de
1296 5255 1402 5308 quo
1428 5241 1675 5299 thesauro
1707 5248 1824 5302 solo

243 5325 467 5380 securus
492 5339 573 5380 es.
603 5325 748 5382 Pone
780 5342 1012 5392 sursum,
1036 5329 1345 5384 commenda
1375 5347 1482 5386 non
1519 5349 1674 5391 servo
1709 5347 1819 5406 tuo,

243 5415 336 5472 sed
366 5416 590 5470 Domino
618 5426 725 5471 tuo.
757 5418 1016 5488 Numquid
1048 5419 1152 5475 illic
1189 5421 1342 5476 times
1372 5439 1436 5477 ne
1467 5423 1551 5480 fur
1576 5427 1817 5497 obrepat,

241 5521 312 5564 ne
350 5505 596 5564 eil‘ractor
636 5507 866 5574 invadat,
909 5525 975 5563 ne
1019 5509 1185 5566 hostis
1233 5513 1562 5571 turbulentus
1599 5519 1818 5590 eripiat?

303 5681 320 5713 ⁸
357 5688 404 5730 In
427 5695 524 5762 unJo
543 5687 646 5744 315.,
672 5681 984 5762 Crebrescunt
1005 5683 1148 5762 etiam
1179 5685 1488 5762 elermosyna:
1509 5699 1695 5758 uestra',
1709 5697 1815 5762 qni-

240 5740 327 5792 lms
348 5740 673 5794 exandiunttir
695 5742 888 5806 facilius
911 5746 1148 5806 oratimzes
1165 5756 1352 5800 vestrm.

301 5809 322 5834 ²
355 5811 402 5854 tu
437 5807 614 5858 eodem
637 5805 736 5868 51s.,
783 5805 982 5862 Attende
1013 5808 1130 5871 quid
1169 5810 1308 5864 habes
1347 5812 1396 5864 in
1438 5817 1626 5868 sacculo
1649 5817 1814 5872 domus

237 5872 348 5916 tute.

1622 473 1848 530 SERMO
1886 473 2191 534 CCCLVill.

3441 459 3576 549 isse

1985 587 2087 642 Fac
2116 601 2168 644 ut
2193 592 2386 649 habeas
2417 599 2554 668 quod
2587 603 2675 656 tibi
2701 605 2972 660 reddatur.
3002 609 3108 666 Nec
3141 611 3240 666 huc
3270 615 3362 669 tibi
3389 617 3562 672 reddi-

1984 683 2128 748 tur',
2154 685 2293 753 quod
2329 691 2588 756 posueris.
2628 693 3000 756 Fencratorem
3043 713 3092 758 te
3134 707 3238 760 vult
3277 707 3556 778 Dominus,

1981 771 2071 826 Sed
2099 787 2272 842 suum,
2304 795 2407 834 non
2436 783 2660 851 proximi
2689 789 2782 842 tui.

2389 935 2616 995 senae
2665 941 3144 1020 CCCLvut-nu-

2471 1069 2546 1124 De
2571 1091 2694 1142 pace
2712 1087 2759 1130 et
2788 1079 3052 1135 charltnte.

2025 1217 2306 1282 carthagine
2329 1222 2676 1287 habitus,.ante
2695 1229 2999 1285 collationem
3023 1249 3129 1288 cum
3153 1245 3421 1306 Donatistis,
3451 1263 3498 1298 π.

2045 1366 2095 1420 1.
2131 1366 2286 1424 Pacis
2307 1374 2640 1430 conciliandae
2663 1394 2784 1434 cura
2808 1383 3070 1439 catholicis
3096 1388 3368 1459 episcopis.
3407 1391 3550 1448 Vinci

1971 1457 2143 1512 nolens
2166 1475 2198 1512 α
2225 1462 2452 1527 veritate,
2499 1466 2710 1522 vincitur
2755 1469 2820 1524 ab
2864 1489 3064 1528 errore-
3090 1476 3280 1534 Curam
3313 1495 3550 1538 nostram

1971 1563 2067 1616 pro
2097 1550 2277 1616 vobis,
2321 1563 2376 1608 et
2403 1569 2498 1625 pro
2523 1557 2752 1616 inimicis
2795 1567 2992 1621 nostris
3017 1577 3070 1622 et
3098 1573 3320 1640 vestris,
3354 1583 3408 1629 ct
3453 1594 3547 1647 pro

1967 1639 2136 1694 salute
2163 1644 2438 1710 omnium,
2473 1663 2568 1715 pro
2596 1651 2772 1719 quiete
2792 1695 2807 1720 ,
2835 1669 2932 1724 pro
2967 1673 3094 1727 pace
3119 1668 3386 1719 communi
3405 1707 3422 1734 ,
3453 1685 3548 1736 pro

1969 1728 2166 1784 unitate
2203 1747 2360 1800 quam
2393 1735 2644 1794 Dominus
2683 1741 2874 1810 jussit,
2915 1746 3168 1804 Dominus
3209 1728 3418 1824 diligit;
3451 1728 3547 1810 ad-

1959 1817 2144 1888 jnvent
2173 1837 2356 1892 preces
2381 1827 2684 1885 Sanetitatis
2715 1843 2932 1901 vestras,
2967 1849 3024 1892 ut
3051 1839 3118 1894 de
3147 1842 3230 1896 illa
3255 1817 3542 1902 identidem

1965 1918 2018 1964 et
2045 1909 2110 1964 ad
2135 1927 2228 1967 vos
2257 1913 2552 1984 loquamur,
2583 1929 2636 1974 et
2663 1923 2930 1980 vobiscum
2959 1930 3302 1998 gaudeamus.
3335 1937 3542 1992 Etenim

1963 1998 2030 2052 de
2063 2016 2188 2069 pace
2210 2012 2262 2058 et
2289 2005 2548 2063 charitate
2577 2009 2716 2081 loqui
2737 2053 2752 2078 ,
2784 2015 2828 2068 si
2847 2031 3058 2088 semper
3086 2037 3357 2090 amamus,
3399 2043 3542 2082 sem-

1961 2107 2056 2160 per
2082 2092 2358 2150 debemus.
2389 2097 2552 2152 hlulto
2581 2103 2748 2172 magis
2766 2121 2894 2176 ergo
2917 2108 3016 2162 isto
3039 2119 3274 2181 tempore
3291 2156 3308 2180 ,
3329 2119 3544 2186 quando

1961 2197 2062 2250 pax
2091 2183 2166 2238 sic
2187 2195 2394 2240 aniatur
2413 2229 2428 2252 ,
2458 2199 2512 2242 ιιι
2535 2190 2584 2244 in
2610 2194 2842 2260 periculo
2857 2197 2974 2266 ejus
3001 2202 3326 2260 amaudm'et
3348 2183 3542 2264 terteu-
3569 2269 3576 2278 ,

1960 2270 2042 2324 da:
2067 2275 2336 2330 constituti
2367 2278 2438 2330 illi
2456 2320 2470 2342 ,
2493 2281 2684 2348 quibus
2713 2286 2910 2340 malum
2941 2304 3034 2358 pro
3064 2294 3204 2346 malo
3232 2310 3334 2350 non
3367 2299 3543 2354 reddi-

1961 2377 2078 2418 mus
2099 2405 2112 2426 ,
2145 2377 2198 2419 et
2225 2381 2344 2420 cum
2374 2369 2586 2438 quibus,
2613 2373 2749 2427 sicut
2775 2378 3028 2446 scriptum
3051 2390 3126 2436 est
3149 2425 3164 2448 ,
3191 2385 3315 2440 odio
3341 2385 3540 2444 haben-

1961 2455 2096 2510 tibus
2123 2473 2304 2526 pacem
2334 2475 2516 2516 sumus
2547 2466 2746 2532 pacifici
2767 2510 2782 2534 ,
2825 2477 2880 2524 et
2905 2474 3024 2541 quia
3058 2491 3240 2544 pacem
3275 2480 3540 2548 loquimur

1958 2547 2054 2610 eis,
2072 2548 2340 2606 debellare
2360 2569 2456 2608 nos
2478 2557 2656 2610 volunt
2691 2559 2852 2627 gratis
2873 2561 3206 2634 (Psal.cxix,
3229 2567 3306 2640 7).
3327 2571 3540 2644 Illiergo

1957 2639 2046 2706 qui
2064 2639 2194 2695 tales
2219 2651 2360 2708 sunt,
2389 2646 2748 2714 periclitantur
2765 2651 2904 2708 inter
2924 2669 3160 2712 artiorem
3181 2639 3324 2729 pacis
3347 2674 3399 2718 et
3419 2639 3540 2720 coii-

1956 2729 2220 2786 fusionem
2247 2735 2498 2803 pudoris:
2531 2757 2628 2795 nec
2646 2742 2694 2796 id
2717 2754 2898 2812 agunt,
2921 2761 3042 2802 cum
3065 2752 3202 2806 vinci
3227 2755 3410 2810 nolunt
3431 2799 3446 2824 ,
3481 2773 3538 2813 ut

1957 2820 2132 2876 invicti
2159 2825 2282 2878 sint.
2307 2827 2406 2892 Qui
2429 2829 2568 2884 enim
2595 2833 2728 2887 \inci
2747 2849 2774 2888 a
2797 2837 3017 2894 veritate
3044 2841 3248 2910 nolunt,
3267 2845 3334 2898 ab
3353 2863 3538 2904 errore

1956 2911 2256 2969 vincuntur.
2298 2917 2342 2971 O
2379 2919 2426 2972 si
2452 2934 2544 2974 eos
2570 2921 2801 2980 Charitas
2829 2929 3004 2995 potius
3033 2946 3188 3000 quam
3230 2937 3538 2993 animositas

1954 3007 2264 3071 superaret!
2303 3006 2426 3062 Inde
2457 3011 2682 3068 victores
2721 3013 2936 3080 ﬁerent,
2987 3021 3124 3076 unde
3169 3024 3292 3078 victi
3329 3041 3533 3082 essent.

1953 3090 2061 3145 Nos
2086 3105 2260 3148 autem
2291 3095 2582 3152 Ecclesium
2612 3104 2959 3174 catholicam,
3001 3109 3066 3163 ad
3097 3113 3250 3181 cujus
3271 3129 3454 3181 pacem
3481 3130 3534 3173 rt

1951 3185 2288 3240 concordiam
2330 3197 2383 3242 et
2425 3192 2910 3251 reconciliationem
2961 3199 3244 3258 invitamus
3291 3206 3533 3263 inimicos

1951 3273 2100 3342 ejus,
2137 3290 2242 3330 non
2274 3275 2520 3334 humanis
2541 3283 2908 3354 opinionibus,
2941 3289 3033 3344 scd
3074 3292 3266 3348 divinis
3292 3300 3530 3354 testimo-

1951 3364 2077 3430 niis,
2126 3381 2394 3434 amamus,
2439 3379 2680 3431 tenemus
2734 3386 2786 3432 et
2827 3379 3178 3439 defendimus.
3228 3388 3363 3454 Quid
3407 3403 3538 3446 cum-

1951 3453 2041 3508 illo
2061 3470 2210 3526 agam
2229 3498 2242 3522 ,
2275 3461 2364 3529 qui
2389 3477 2484 3531 pro
2503 3473 2654 3534 parte
2675 3467 2900 3536 clamat,
2933 3481 2986 3526 et
3015 3485 3196 3530 contra
3227 3453 3392 3534 totum
3421 3481 3528 3536 liti-

1948 3557 2035 3616 gat
2055 3549 2078 3602 ‘t
2101 3549 2288 3606 Nonne
2311 3553 2506 3610 bonum
2538 3557 2612 3612 illi
2639 3569 2722 3616 est
2747 3562 2882 3617 vinci
2903 3605 2918 3630 ,
2950 3566 3036 3635 qui
3063 3570 3107 3622 si
3141 3569 3308 3626 victus
3337 3571 3524 3638 fuerit,

1953 3647 2115 3693 totmn
2143 3643 2369 3706 tenebit;
2401 3645 2444 3701 si
2477 3647 2677 3726 vicerit,
2713 3652 2766 3704 in
2797 3661 2946 3721 parte
2977 3659 3316 3714 remanebit?
3345 3662 3454 3718 lmo
3481 3667 3526 3720 si

1949 3731 2160 3788 vincere
2184 3735 2286 3789 sibi
2315 3737 2594 3794 videbitur.
2623 3741 2754 3797 Nam
2793 3761 2900 3802 non
2945 3747 3108 3805 vincit
3136 3751 3238 3808 nisi
3279 3759 3478 3812 veritas
3508 3776 3524 3812 :

1948 3823 2162 3880 victoria
2189 3829 2428 3884 veritatis
2453 3839 2536 3886 est
2565 3833 2816 3892 charitas.
2993 3892 2995 3894 .

2015 3913 2070 3965 2.
2098 3913 2402 3972 Testimonia
2427 3937 2520 3990 pro
2541 3921 2782 3980 Ecclesiw
2798 3929 3060 3986 catholica:
3078 3935 3284 3990 unitate.
3307 3936 3524 3995 Conten-

1947 4007 2015 4060 tio
2041 4007 2402 4064 catholicorum
2418 4015 2666 4082 quomodo
2695 4017 2982 4076 dilectionis
3001 4032 3092 4090 est,
3115 4040 3215 4080 non
3236 4027 3357 4082 litis.
3385 4028 3524 4098 Quid

1946 4109 2072 4164 ergo
2098 4097 2277 4164 vobis,
2323 4100 2516 4157 fratres
2536 4145 2550 4170 ,
2585 4105 2874 4164 Ecclesiam
2903 4112 3214 4170 catholicam
3244 4125 3354 4174 toto
3391 4121 3524 4176 orbe

1947 4195 2206 4242 terrarum
2249 4188 2654 4250 fructificantem
2692 4205 2854 4268 atque
2877 4213 3202 4261 crescentem
3245 4222 3522 4266 commen-

1944 4274 2064 4330 dem
2091 4277 2272 4334 multis
2292 4280 2467 4336 verbis
2487 4325 2516 4348 ,λ
2534 4293 2589 4340 et
2625 4287 2776 4342 meis.
2808 4287 3074 4348 Habemus
3101 4297 3262 4350 verba
3311 4297 3522 4354 Domini

1945 4382 2040 4434 pro
2061 4367 2177 4435 illa,
2209 4379 2262 4424 et
2287 4385 2384 4441 pro
2405 4373 2576 4428 nobis.
2607 4375 2888 4445 Dominus,
2923 4381 3121 4452 inquit,
3151 4385 3278 4440 dixit
3307 4388 3374 4442 ad
3402 4406 3480 4444 me
3503 4409 3520 4443 :

1943 4455 2108 4512 Filius
2130 4477 2268 4516 meus
2290 4479 2340 4518 es
2362 4472 2414 4517 tu
2432 4505 2448 4532 ,
2475 4481 2568 4538 ego
2592 4467 2741 4524 ltoclie
2765 4473 2918 4542 genui
2944 4482 3009 4527 te.
3037 4474 3252 4532 Postulo
3279 4496 3310 4533 a
3332 4497 3410 4536 me
3427 4523 3442 4545 ,
3473 4493 3519 4538 et

1941 4549 2069 4603 dabo
2091 4552 2180 4605 tibi
2197 4563 2366 4624 gentes
2381 4557 2724 4614 Itwreditatem
2743 4571 2903 4632 tuam,
2932 4575 2980 4620 et
3003 4571 3360 4636 possessionem
3378 4581 3518 4628 tuom

1939 4641 2064 4707 ﬁnes
2094 4651 2240 4698 terra:
2279 4645 2452 4716 (Psal.
2479 4665 2534 4717 ιι,
2568 4651 2600 4706 7
2627 4663 2672 4706 et
2696 4651 2790 4725 8).
2823 4654 3000 4722 Quare
3020 4673 3166 4730 ergo,
3211 4660 3424 4730 fratres,
3449 4665 3518 4720 de

1939 4735 2276 4802 possessione
2302 4737 2588 4808 litigamus,
2621 4753 2674 4798 et
2715 4759 2820 4800 non
2861 4747 3034 4817 potius
3072 4761 3281 4806 sanctas
3309 4751 3517 4810 tabulas

1939 4825 2266 4880 recitamus?
2297 4827 2517 4885 Venisse
2565 4848 2662 4888 nos
2705 4836 2986 4905 epinemur
3029 4841 3096 4894 ad
3139 4841 3394 4909 judicem.
3441 4847 3515 4902 De

1937 4915 2271 4980 possessione
2294 4921 2562 4976 contentio
2583 4931 2665 4978 est
2689 4941 2702 4978 :
2733 4933 2786 4980 et
2813 4925 2927 4982 han
2950 4932 3220 4987 contentio
3249 4949 3354 4988 non
3384 4935 3508 5002 litis,

1934 5002 2028 5056 sed
2059 5003 2358 5062 dilectionis
2379 5018 2477 5064 est.
2511 5010 2748 5082 Denique
2787 5015 3021 5089 litigator
3043 5029 3268 5080 terrente
3296 5041 3518 5096 posses-

1933 5092 2098 5148 sionis
2122 5094 2188 5149 ad
2219 5098 2321 5152 hoc
2339 5098 2522 5170 litigat,
2553 5111 2610 5158 ut
2631 5105 2879 5162 excludat
2904 5107 3268 5171 adversarium
3289 5092 3308 5168 ξ
3331 5133 3430 5172 nos
3455 5129 3520 5174 ut

1931 5181 2363 5242 intromittamus.
2397 5189 2651 5262 Litigator
2695 5204 2918 5254 terrente
2955 5206 3342 5274 possessionis,
3385 5225 3506 5265 cum

1929 5274 2156 5329 audierit
2193 5276 2552 5338 adversarium
2581 5285 2844 5344 dicentem
2867 5331 2882 5355 ,
2927 5290 3210 5354 Possidere
3239 5299 3396 5368 volo;
3423 5316 3508 5356 re-

1928 5363 2174 5432 spondet,
2207 5365 2320 5422 Non
2347 5375 2613 5438 permitto.
2649 5376 2759 5448 Ego
2781 5389 2958 5436 autem
2989 5383 3133 5440 fratri
3155 5387 3294 5452 dico,
3325 5363 3504 5443 Possi-

1927 5453 2053 5508 dcas
2079 5471 2284 5512 mecum
2313 5462 2434 5516 volo
2461 5481 2474 5518 :
2507 5465 2594 5522 ille
2621 5468 2872 5539 litigandi)
2899 5475 3054 5542 dicit,
3077 5477 3228 5542 Nolo.
3260 5479 3374 5532 Non
3407 5483 3502 5536 ita.

1926 5561 2028 5614 que
2059 5547 2218 5604 timeo
2245 5567 2310 5606 ne
2335 5564 2639 5614 contemnat
2680 5577 2764 5617 me
2793 5563 3044 5619 Dominus
3065 5608 3078 5630 ,
3123 5577 3174 5622 ct
3213 5571 3495 5640 corripiat,

1987 5702 2002 5781 ξ
2030 5709 2088 5786 ¹ξι]
2105 5717 2203 5786 uno
2228 5713 2326 5786 iis"
2355 5716 2445 5786 {ec
2467 5709 2554 5760 hoc
2578 5711 2667 5786 tibi
2684 5715 2832 5786 solum
2857 5717 3094 5778 redditur,
3115 5721 3240 5780 quod
3263 5727 3498 5786 posueris.

1937 5823 1950 5871 ἰ
1987 5764 2313 5876 ’.Ειιιιίηάτιιυς
2334 5772 2392 5818 ad
2417 5781 2518 5821 Mss.
2541 5783 2592 5824 et
2607 5777 2716 5824 i-Jdtl.
2741 5779 2788 5825 in
3079 5764 3340 5837 incenderitle

1921 5839 1934 5868 ‹
1956 5838 2122 5876 esterno
2145 5841 2215 5876 os.

1986 5841 2215 5876 srrnatos.

1986 5861 2058 5950 (n3
2080 5888 2214 5950 Alias,
2234 5893 2358 5942 inter
2381 5895 2728 5946 Sirmondiauos
2749 5899 2840 5950 38.
