3996 6466
538 482 672 548 om

535 635 672 687 sicut
713 629 829 684 illos
856 624 1076 690 fratres,
1107 619 1190 676 vel
1215 620 1362 675 illum
1390 616 1602 671 fratrem
1621 657 1636 679 ,
1667 613 1758 684 qui
1787 627 1908 667 eum
1940 611 2110 665 inter-

537 719 751 791 pellavit
770 711 821 773 in
849 714 1042 789 pepulo
1065 753 1080 777 ,
1105 721 1160 768 et
1184 711 1258 766 ait
1285 727 1298 764 :
1330 696 1548 763 Domine
1567 749 1582 772 ,
1609 706 1690 760 dic
1709 703 1862 791 fratri
1889 717 1999 756 meo
2018 741 2033 768 ,
2062 710 2115 754 ut

533 785 724 866 dividat
764 785 956 864 mecum
1002 801 1364 860 hereditatem.
1409 798 1673 855 Continuo
1701 785 1954 849 Dominus
1993 807 2116 860 pro-

535 903 712 957 ferens
739 898 1151 967 corrcptionem,
1202 894 1327 964 quia
1372 890 1560 945 oderat
1603 887 1917 943 divisionem
1946 877 2112 949 :Dic,

533 997 682 1048 homo
701 1035 714 1058 ,
747 991 914 1061 inquit
938 1032 952 1057 ,
983 989 1093 1058 quis
1118 1003 1197 1040 me
1225 983 1481 1040 constituit
1499 981 1724 1052 judicem
1745 1021 1760 1044 ,
1792 987 1878 1031 aut
1918 977 2111 1031 diviso-

471 1068 478 1074 .
533 1101 642 1139 rem
667 1081 971 1140 hereditatis
992 1080 1121 1133 inter
1143 1076 1271 1132 vos?
1301 1074 1414 1146 Ego
1436 1083 1603 1128 autem
1623 1072 1734 1125 dico
1761 1068 1917 1133 nobis,
1946 1075 2117 1122 cavete

537 1175 595 1229 ab
615 1174 750 1229 omni
786 1171 1059 1243 cupiditate
1078 1167 1228 1240 (Luc.
1271 1182 1376 1233 xu,
1409 1165 1615 1233 15-15).
1646 1161 1801 1217 Istam
1825 1159 2104 1230 correptio-

541 1281 659 1322 nem
683 1280 788 1320 non
811 1264 994 1317 timeo.
1016 1259 1302 1329 interpello
1331 1257 1473 1312 enim
1498 1255 1775 1308 Dominum
1797 1266 1974 1307 meum
1999 1292 2012 1316 ,
2038 1249 2115 1304 fa-

537 1371 654 1414 teor
677 1399 692 1424 ,
721 1354 1023 1425 interpello.
1055 1351 1168 1407 Non
1200 1361 1375 1406 tamen
1400 1350 1539 1416 dico,
1583 1347 1819 1414 Domine,
1850 1347 1932 1400 die
1966 1345 2116 1418 fratri

537 1464 670 1513 meo,
701 1457 756 1502 ut
775 1446 966 1500 dividat
986 1444 1321 1499 hmreditatem
1345 1457 1536 1495 mecum
1553 1456 1572 1494 :
1593 1439 1686 1494 sed
1708 1439 1849 1503 dico,
1867 1437 2115 1503 Domine,

540 1541 628 1594 dic
648 1539 796 1594 fratri
821 1554 958 1602 meo,
992 1545 1052 1592 ut
1077 1543 1254 1590 teneat
1295 1549 1499 1588 mecum
1526 1533 1804 1587 unitatem.
1836 1530 1972 1584 Ecce
1997 1543 2116 1599 pos-

541 1632 803 1688 sessionis
830 1630 987 1700 hujus
1032 1629 1235 1683 tabulas
1265 1628 1430 1682 recito
1454 1669 1469 1692 ,
1516 1641 1619 1680 non
1650 1625 1713 1680 ad
1751 1624 1851 1679 hoc
1882 1632 1936 1678 ut
1975 1623 2120 1678 solus

544 1723 841 1791 possideam
866 1764 880 1786 ,
911 1721 1002 1776 sed
1035 1729 1090 1774 ut
1119 1721 1331 1773 fratrem
1380 1731 1555 1773 meum
1603 1730 1808 1771 mecum
1855 1715 2118 1769 nolentem

544 1812 817 1880 possidere
853 1812 1183 1865 convincam.
1230 1810 1363 1862 Ecce
1393 1808 1599 1862 tabulas
1619 1849 1633 1866 .
1684 1806 1880 1860 frater:
1908 1803 2122 1858 Postulo

541 1921 574 1955 a
596 1919 706 1966 me,
735 1901 921 1970 inquit,
945 1911 990 1954 et
1027 1899 1155 1952 dabo
1180 1899 1267 1952 tibi
1292 1908 1459 1969 gentes
1491 1896 1834 1950 [nereditatem
1875 1905 2011 1948 tuam
2029 1937 2043 1960 ,
2077 1903 2122 1948 et

544 1995 903 2061 possessionem
925 2003 1060 2045 tuam
1082 1993 1206 2059 ﬁnes
1229 2000 1391 2044 terra).
1423 1990 1633 2044 Christo
1660 1988 1858 2042 dictum
1885 1998 1986 2042 est.
2014 1986 2124 2041 No-

547 2087 629 2138 bis
647 2099 775 2154 ergo
793 2083 991 2137 dictum
1012 2090 1120 2147 est,
1144 2082 1264 2151 quia
1290 2080 1489 2135 Christi
1511 2079 1744 2134 membra
1763 2094 1963 2133 sumus.
1989 2077 2124 2144 Quid

545 2179 717 2232 curris
745 2177 797 2232 in
829 2176 1018 2246 parte?
1046 2184 1137 2229 aut
1163 2174 1287 2244 quid
1314 2162 1558 2228 remanes
1589 2172 1638 2226 iu
1669 2172 1857 2242 parte?
1885 2171 2022 2226 Ecce
2047 2181 2128 2225 to-

548 2280 659 2323 tum
692 2278 810 2323 tene
839 2268 976 2338 quod
1006 2268 1056 2322 in
1086 2266 1296 2321 tabulis.
1324 2265 1529 2334 aneris
1556 2265 1692 2319 inter
1710 2280 1866 2334 quem
1893 2272 1946 2319 et
1968 2279 2125 2335 quem

550 2356 840 2425 possideas,
863 2356 1130 2427 quomodo
1151 2356 1323 2410 solent
1343 2353 1706 2409 instrumentis
1730 2354 1893 2424 qumri
1919 2367 2128 2422 posscs-

547 2463 718 2514 sores,
751 2447 888 2502 inter
909 2463 1042 2518 quos
1079 2447 1187 2502 sint
1213 2447 1418 2500 affines.
1435 2445 1537 2512 Qui
1568 2445 1660 2500 tibi
1685 2445 1830 2500 dedit
1858 2459 2044 2500 omnes
2069 2446 2130 2498 li-

550 2553 666 2601 nes,
694 2537 867 2592 nullos
885 2536 1090 2591 dimisit
1112 2535 1318 2590 affines.

621 2629 676 2683 ὃ.
703 2625 1060 2682 Testimonium
1081 2643 1174 2696 pro
1197 2625 1445 2680 catholica
1471 2626 1713 2681 Ecclesia.
1734 2628 1888 2681 Aliud
1908 2628 2128 2681 testimo-

551 2721 713 2774 nium.
751 2718 886 2774 Audi
925 2727 1224 2773 sanctarum
1255 2719 1397 2773 aliud
1429 2718 1785 2774 testimonium
1814 2719 2129 2773 tabularum.

557 2814 634 2867 De
662 2811 885 2865 Domino
911 2810 1103 2866 dicitur
1122 2810 1334 2866 Christo
1367 2811 1418 2865 iu
1445 2810 1611 2881 figura
1652 2809 1951 2865 Salomonis
1977 2828 1990 2864 :
2019 2807 2133 2863 Do-

555 2902 831 2956 minabitur
857 2919 888 2955 a
914 2903 1044 2956 mari
1069 2918 1222 2972 usque
1248 2902 1316 2955 ad
1341 2919 1497 2968 mare,
1526 2911 1571 2956 et
1598 2918 1629 2954 a
1649 2902 1858 2971 ﬂumine
1885 2918 2042 2970 usque
2065 2903 2132 2954 ad

557 2995 794 3050 terminos
821 2995 954 3049 orbis
979 3004 1140 3049 tet-rw.
1170 2995 1351 3049 Coram
1368 2994 1454 3048 illo
1475 2994 1731 3064 procident
1754 2993 2024 3064 /Ethiopes
2043 3037 2057 3060 ,
2089 3004 2134 3048 et

560 3089 752 3143 inimici
771 3091 878 3156 eius
897 3099 1082 3143 terram
1100 3091 1310 3159 fingent.
1350 3087 1508 3159 Reges
1524 3087 1733 3142 Tharsis
1753 3097 1796 3142 et
1817 3088 1996 3142 insulae
2025 3104 2137 3141 ntu-

558 3196 682 3237 nera
701 3181 945 3248 oﬂerent:
967 3197 1106 3252 reges
1129 3180 1350 3234 Arabum
1371 3190 1416 3233 et
1444 3179 1583 3234 Saba
1603 3179 1736 3233 dona
1775 3179 2044 3234 adducent.
2071 3178 2138 3234 Et

563 3271 846 3326 adorabunt
867 3288 978 3325 eum
996 3287 1165 3324 omnes
1186 3287 1326 3342 reges
1347 3279 1490 3324 terra:
1511 3285 1529 3324 .°
1551 3286 1719 3324 omnes
1739 3280 1906 3342 gentes
1925 3273 2137 3325 servient

557 3363 655 3416 illi.
683 3361 852 3434 (Psal.
887 3378 1028 3425 Lxxt,
1049 3360 1216 3432 8-H).
1235 3361 1456 3430 Quando
1472 3361 1765 3426 dicebatur,
1790 3360 2135 3416 credebatur:

560 3453 774 3524 quando
788 3453 1051 3522 impletur,
1075 3462 1315 3523 negatur.
1333 3451 1478 3506 Tene
1498 3468 1623 3521 ergo
1639 3467 1843 3507 mecum
1862 3451 2140 3507 haeredita-

562 3557 668 3600 tcm
684 3564 715 3601 a
729 3547 856 3600 mari
871 3545 1112 3617 usquead
1126 3561 1289 3609 mare,
1310 3554 1401 3600 cta
1421 3544 1654 3609 flumine,
1675 3544 1873 3598 scilicet
1888 3543 2138 3612 lordane,

562 3639 652 3693 ubi
667 3647 899 3708 coeptum
913 3648 994 3693 est
1009 3637 1203 3692 Christi
1223 3635 1604 3707 magisterium,
1624 3651 1790 3706 usque
1805 3633 1868 3690 ad
1887 3636 2140 3690 terminos

560 3729 708 3784 orbis
729 3739 905 3784 terrae.
925 3729 1100 3796 Quare
1123 3745 1226 3784 non
1248 3729 1368 3783 vis?
1387 3729 1562 3797 Quare
1583 3727 1707 3782 huic
1733 3727 2066 3797 promissioni
2087 3736 2142 3782 et

569 3818 889 3885 lttnreditati,
912 3818 1110 3873 divitiis
1134 3820 1260 3881 tuis,
1289 3818 1534 3872 inimicus
1557 3832 1616 3872 es
1639 3819 1663 3871 ’l
1687 3818 1860 3885 Quare
1889 3833 1991 3872 non
2023 3818 2143 3872 vis?

567 3911 790 3980 Propter
813 3910 1109 3964 Donatum?
1137 3919 1351 3981 prOpter
1370 3910 1709 3965 Cmcilianum
1729 3911 1754 3964 ?
1773 3911 1901 3979 Quis
1922 3911 2020 3964 fuit
2041 3911 2144 3964 Do-

564 4009 721 4057 natus
732 4000 756 4055 ?
769 4001 886 4072 quis
901 4001 1246 4057 Cacilianus?
1263 4001 1450 4072 Utique
1473 4001 1733 4056 homines.
1757 4002 1812 4056 Si
1836 4001 1982 4068 boni,
2005 4003 2145 4058 bono

565 4107 665 4148 suo
687 4133 702 4159 ,
732 4108 838 4148 non
869 4107 988 4148 meo
1015 4111 1029 4148 :
1057 4108 1183 4165 ergo
1219 4101 1273 4148 et
1297 4093 1341 4146 si
1369 4093 1523 4156 mali,
1555 4093 1695 4146 malo
1723 4107 1840 4158 suo,
1871 4108 1974 4147 non
2003 4109 2140 4149 meo.

566 4184 645 4239 Tu
675 4185 940 4240 Christum
981 4185 1160 4254 accipe
1185 4227 1200 4251 ,
1241 4192 1295 4239 et
1324 4184 1584 4239 zelantem
1612 4183 1824 4238 Christo
1853 4184 1969 4253 ejus
1999 4185 2140 4254 Apo-

566 4277 760 4331 stolum
806 4277 1055 4332 attende:
1085 4275 1348 4344 Numquid
1386 4275 1580 4329 Paulus
1625 4276 1900 4344 cruciﬁxus
1940 4288 2011 4332 cst
2053 4296 2145 4348 pro

567 4370 700 4422 nobis
721 4369 747 4422 .9
769 4379 854 4421 aut
881 4370 930 4422 in
961 4369 1160 4422 nomine
1184 4366 1339 4422 Pauli
1379 4367 1620 4438 baptizali
1657 4368 1814 4422 estis?
1857 4368 1925 4424 Ut
1969 4379 2145 4426 autem

566 4461 668 4514 hoc
689 4459 892 4514 diceret
917 4501 932 4525 ,
975 4459 1092 4514 vide
1117 4458 1238 4528 quid
1267 4458 1474 4514 horruit
1503 4476 1517 4512 :
1550 4457 1904 4528 Unusquisque
1932 4471 2146 4515 vestrum

564 4551 706 4616 dicit,
743 4550 850 4621 Ego
878 4551 1078 4621 quidem
1105 4566 1218 4604 sunt
1245 4548 1427 4612 Pauli,
1473 4565 1568 4618 ego
1607 4558 1773 4601 autem
1810 4550 1992 4620 Apollo
2013 4594 2027 4616 ,
2057 4568 2147 4622 ego

565 4661 678 4699 vero
719 4643 935 4714 (Iephte,
967 4659 1059 4713 ego
1083 4652 1248 4696 autem
1271 4639 1479 4696 Christi.
1524 4640 1725 4696 Divisus
1764 4653 1836 4696 est
1873 4642 2098 4698 Christus
2121 4645 2147 4697 1’

569 4734 833 4804 Numquid
883 4731 1076 4789 Paulus
1108 4749 1198 4804 pro
1226 4733 1360 4787 vobis
1387 4733 1656 4802 cruci/imus
1686 4744 1759 4787 est
1780 4734 1806 4787 Σ)
1833 4744 1922 4788 aut
1964 4736 2016 4789 in
2055 4752 2146 4789 no-

566 4829 700 4882 mine
728 4827 883 4882 Pauli
909 4828 1148 4898 baptizati
1170 4825 1328 4900 estis(
1355 4827 1374 4881 i
1401 4825 1518 4881 Cor.
1565 4842 1601 4892 l,
1637 4826 1703 4880 i9.
1723 4836 1767 4879 et
1798 4827 1883 4897 15)
1905 4826 1930 4880 ?
1955 4826 2008 4882 Si
2039 4844 2143 4882 non

570 4920 620 4971 in
652 4921 866 4975 nomine
892 4921 1039 4976 Pauli
1065 4963 1080 4986 ,
1114 4921 1283 4977 multo
1311 4920 1486 4974 minus
1517 4919 1567 4974 in
1600 4920 1813 4974 nomine
1842 4921 2142 4986 Otaciliani;

570 5011 737 5065 multo
775 5011 1018 5079 amplius,
1045 5022 1100 5068 et
1123 5013 1291 5067 multo
1337 5012 1549 5066 minus‘
1582 5011 1633 5065 in
1681 5012 1892 5067 nomine
1933 5013 2142 5068 Donati.

571 5100 640 5156 Et
663 5111 836 5159 tamen
861 5102 1035 5158 adhuc
1061 5115 1178 5173 post
1205 5103 1524 5174 apostolicas
1543 5119 1722 5168 voces,
1754 5114 1871 5173 post
1896 5105 2147 5162 Ecclesia:

573 5193 983 5250 declarationem
1013 5203 1066 5247 et
1106 5205 1216 5248 toto
1263 5193 1459 5248 munda
1502 5193 1863 5248 dilatationem
1889 5235 1903 5259 ,
1953 5195 2148 5255 dicitur

574 5285 723 5352 mihi,
743 5283 864 5340 «Non
887 5284 1096 5339 dimitto
1117 5287 1402 5352 Donatum,
1433 5303 1535 5340 non
1554 5288 1760 5343 dimitto
1787 5289 1964 5343 nescio
1989 5305 2144 5362 quem

579 5378 758 5435 Gaium
784 5421 798 5445 ,
846 5376 1064 5433 Lucium
1095 5379 1116 5408 ’
1143 5417 1159 5443 ,
1189 5377 1592 5433 Parmeniatmm
1622 5396 1636 5442 ;
1699 5379 1842 5434 mille
1897 5382 2107 5435 nomina
2128 5425 2143 5448 ,

575 5473 714 5530 mille
732 5474 1010 5529 scissuras.
1035 5469 1275 5524 Privabis
1301 5479 1372 5536 te,
1398 5471 1665 5540 sequendo
1688 5472 1979 5539 hominem,
2003 5481 2146 5528 taiua

637 5651 653 5682 ¹
688 5658 796 5700 Haec
835 5649 1003 5705 verba.
1050 5644 1100 5696 in
1142 5644 1328 5695 nomine
1359 5642 1628 5708 t‘teciliani,
1672 5643 1819 5708 multo
1852 5645 2061 5708 amplius
2103 5652 2150 5696 et

576 5710 722 5760 multo
743 5710 914 5767 omnis,
939 5713 1114 5759 absunt
1134 5722 1161 5757 a
1187 5715 1286 5756 \tss.
1313 5705 1584 5756 Colnertino
1603 5713 1654 5754 et
1679 5707 1932 5767 Victorino.

640 5777 658 5802 ³
691 5773 846 5828 sirm,
871 5766 1066 5828 rarum,
1101 5768 1308 5820 larium.
1344 5767 1616 5829 tegendum
1642 5766 1831 5815 videtur
1853 5767 2036 5829 ouium.
2063 5778 2148 5818 Lu-

574 5832 736 5890 cium;
780 5827 889 5891 quis
926 5827 1205 5897 pronOmina
1240 5838 1366 5897 sunt
1387 5827 1500 5893 poni
1539 5827 1801 5897 solita_pt-o
1824 5840 1898 5889 qu‘
1919 5827 2037 5880 libet
2061 5829 2148 5880 ho-

571 5889 727 5954 mine,
750 5889 895 5958 nisui
913 5889 964 5944 ra
990 5909 1036 5942 ιη
1060 5905 1285 5942 sermone
1312 5889 1513 5952 43,001»
1542 5889 1590 5950 5,
1615 5903 1661 5937 η.
1688 5889 1736 5938 5.

1765 475 1824 530 s.
1863 435 2230 530 AucusTtNt
2268 461 2571 525 Eiuseort

3669 462 3812 524 tas;

2224 605 2566 670 barreditate,
2605 605 2672 660 de
2704 603 2806 676 qua
2838 597 2994 660 modo
3018 601 3247 668 audisti,
3283 601 3327 657 Α
3373 601 3504 657 mari
3541 618 3698 668 usque
3734 603 3806 654 ad

2220 714 2359 752 mare
2374 740 2389 763 ,
2422 714 2453 748 a
2471 697 2680 767 ﬂumine
2706 712 2861 764 usque
2883 694 2952 749 ad
2976 706 3213 750 termmos
3239 693 3372 748 orbis
3393 693 3586 748 teme?
3628 692 3809 759 Quare

2220 791 2363 846 illam
2394 805 2499 845 non
2518 791 2702 845 tenes?
2727 789 2858 857 Quia
2876 788 3146 842 hominem
3166 801 3340 860 amas.
3359 786 3494 853 Quid
3520 793 3601 840 est
3619 785 3804 846 homo.

2220 883 2323 938 nisi
2348 881 2540 936 animal
2569 881 2828 936 rationale
2856 881 3048 935 factum
3077 878 3144 933 de
3173 877 3358 933 terra?
3388 876 3513 931 Ideo
3539 890 3669 946 ergo
3697 876 3804 930 ini.

2221 970 2390 1026 micus
2433 985 2524 1034 es,
2551 971 2673 1040 quia
2717 978 2910 1024 terram
2961 969 3138 1039 lingis.
3184 968 3408 1037 DeSpice
3457 967 3561 1021 hoc
3605 968 3784 1036 potius

2221 1060 2337 1117 Noli
2363 1059 2564 1132 lingere
2591 1069 2807 1125 terram,
2837 1067 2894 1114 ut
2919 1075 3067 1129 spem
3098 1071 3264 1128 ponas
3297 1058 3348 1111 in
3383 1072 3504 1112 eum
3544 1057 3636 1126 qui
3680 1047 3805 1110 fecit

2220 1154 2414 1209 coelum
2441 1162 2495 1208 et
2520 1163 2733 1208 terram.
2760 1141 2885 1206 iitec
2905 1166 3029 1221 spes
3055 1160 3236 1205 nostra
3262 1190 3276 1214 ,
3310 1148 3426 1203 htec
3473 1147 3800 1202 testimonia.

2227 1242 2359 1299 Deus
2379 1245 2582 1298 deorum
2607 1242 2852 1296 Dominus
2876 1241 3071 1296 locutus
3093 1251 3186 1306 est,
3214 1249 3261 1294 et
3281 1233 3472 1294 vocavit
3497 1248 3682 1292 terram
3705 1279 3721 1304 ,
3767 1255 3800 1291 a

2221 1333 2343 1390 solis
2367 1344 2478 1389 ortu
2503 1349 2658 1405 usque
2684 1333 2750 1386 ad
2770 1348 3000 1386 occasum
3022 1329 3042 1405 <
3071 1329 3213 1385 Psal.
3245 1346 3370 1385 xu:
3390 1369 3406 1394 ,
3440 1330 3461 1384 l
3486 1327 3529 1402 ).
3556 1321 3675 1383 Noli
3717 1343 3803 1384 re-

2222 1441 2439 1482 manere
2463 1425 2514 1479 iu
2543 1434 2682 1480 terra
2706 1466 2720 1488 ,
2750 1422 2842 1478 scd
2873 1438 2978 1492 quo
3009 1429 3193 1476 vocata
3221 1429 3302 1476 est
3333 1429 3496 1475 terra.

2293 1517 2346 1572 4.
2374 1516 2604 1572 Charitas
2631 1516 2788 1569 latum
2816 1515 3128 1580 mandatum,
3151 1530 3250 1580 quo
3279 1529 3380 1583 pax
3406 1513 3796 1584 redintegratur.

2224 1609 2291 1665 Et
2318 1609 2436 1678 quis
2466 1617 2639 1678 potest
2669 1608 2739 1663 ibi
2783 1608 2961 1662 omnia
2990 1606 3057 1661 de
3101 1607 3293 1660 tabulis
3339 1606 3539 1660 sanctis
3587 1619 3807 1674 posses-

2225 1702 2390 1756 sionis
2434 1702 2590 1769 hujus
2638 1699 2939 1755 testimonia
2986 1697 3255 1753 recitare?
3304 1697 3480 1766 Quare
3525 1712 3654 1768 ergo
3700 1712 3807 1750 non

2225 1800 2608 1847 convertuntur
2647 1791 2712 1845 ad
2740 1789 3033 1845 Ecclesiatu
3053 1831 3069 1855 ,
3113 1787 3214 1842 nisi
3244 1788 3366 1858 quia
3406 1787 3573 1857 ipsius
3599 1795 3683 1842 est
3706 1802 3811 1841 vox

2227 1879 2501 1946 Ecclesim,
2533 1877 2899 1936 Convertuntur
2925 1885 2992 1933 ad
3019 1896 3097 1934 me
3121 1880 3208 1950 qui
3237 1880 3410 1932 timent
3436 1887 3515 1945 te,
3547 1888 3593 1932 et
3620 1894 3812 1948 cogno-

2228 1984 2369 2028 scant
2401 1971 2682 2027 testimonia
2713 1971 2846 2026 tua?
2884 1969 3028 2026 Vidit
3069 1962 3170 2025 hoc
3210 1965 3446 2025 Ecclesia
3466 2011 3481 2032 ,
3509 1968 3653 2039 quod
3679 1969 3815 2023 dixit

2230 2065 2282 2118 in
2313 2063 2526 2118 Psalmo
2554 2080 2567 2116 :
2599 2061 2758 2116 modo
2802 2057 3060 2124 audistis;
3110 2060 3344 2115 recentia
3390 2064 3515 2114 sunt
3547 2058 3711 2112 verba
3756 2057 3810 2115 in

2229 2155 2446 2210 auribus
2486 2162 2541 2208 et
2582 2147 2830 2207 cordibus
2872 2151 3085 2206 vestris.
3144 2149 3322 2204 Omnis
3364 2141 3812 2203 commorationis

2232 2244 2334 2299 vidi
2384 2246 2558 2312 ﬁnem.
2626 2240 2762 2310 Quid
2804 2249 2926 2306 est,
2984 2235 3162 2298 Omnis
3212 2229 3660 2293 consummationis
3710 2229 3814 2290 vidi

2237 2336 2432 2406 ﬁnem?
2476 2331 2959 2389 Consuunnationis
2987 2323 3360 2401 perfectionis,
3407 2344 3513 2384 non
3557 2342 3811 2384 consum-

2237 2427 2432 2498 ptionis
2472 2443 2485 2480 :
2529 2425 2633 2479 vidi
2685 2425 2842 2478 liuent
2893 2423 3272 2492 perfectionis,
3324 2433 3432 2478 non
3481 2421 3810 2476 abolitionis.

2238 2517 2414 2572 Omnis
2441 2515 2880 2570 consummationis
2908 2514 3011 2568 vidi
3039 2515 3210 2582 finem.
3257 2512 3384 2581 Quis
3411 2521 3490 2567 est
3517 2512 3616 2566 iste
3646 2512 3815 2568 finis?

2238 2606 2418 2661 Latum
2461 2607 2750 2660 mandatum
2794 2614 2934 2659 tuum
2975 2604 3121 2659 valde
3154 2602 3322 2675 (Psal.
3351 2617 3509 2657 cxvut
3530 2643 3544 2666 ,
3579 2594 3668 2666 79,
3697 2595 3810 2669 96).

2238 2697 2384 2752 Finis
2429 2697 2568 2752 enim
2623 2696 2861 2766 prwcepti
2907 2704 3020 2759 est,
3082 2695 3191 2765 jam
3240 2708 3332 2748 vos
3388 2693 3549 2746 dicite
3601 2707 3813 2747 mecura

2239 2791 2305 2858 (a
2349 2788 2542 2858 populo
2585 2789 2930 2842 acclamatum
2961 2785 3097 2855 est),
3143 2785 3363 2838 charitas
3403 2785 3465 2838 de
3502 2784 3655 2838 corde
3688 2801 3815 2855 puro

2241 2875 2281 2950 (l
2313 2878 2443 2934 Tim.
2475 2895 2509 2940 I,
2543 2877 2621 2947 5).
2668 2876 2868 2931 Omnes
2897 2875 3139 2942 dixistis,
3170 2875 3311 2946 quod
3340 2890 3444 2928 non
3490 2875 3817 2929 infructuose

2239 2979 2451 3040 semper
2476 2967 2715 3022 audistis.
2767 2965 2913 3022 Finis
2943 2967 3179 3037 prazcepti
3202 2975 3276 3020 est
3317 2965 3539 3018 charitas
3567 2964 3631 3019 de
3667 2965 3818 3018 corde

2243 3079 2388 3132 puro.
2436 3061 2583 3114 Finis
2607 3101 2621 3124 ,
2661 3074 2765 3129 quo
2793 3057 3128 3129 perficiatur,
3162 3075 3264 3111 non
3292 3072 3396 3126 quo
3431 3057 3814 3112 consumimur.
3859 3109 3864 3113 .

2241 3153 2348 3207 iste
2378 3151 2494 3205 linis
2541 3150 2677 3204 latus
2708 3158 2821 3213 est,
2865 3149 2986 3218 quia
3016 3146 3320 3202 mandatum
3352 3148 3443 3202 Dei
3474 3157 3590 3212 est,
3617 3147 3687 3202 de
3714 3161 3820 3217 quo

2242 3241 2440 3297 dictum
2471 3249 2572 3307 est,
2605 3239 2789 3292 Latum
2815 3236 3111 3292 mandatum
3135 3248 3275 3291 tuum
3306 3238 3470 3292 valde.
3509 3237 3816 3292 Mandatum

2245 3349 2426 3386 novum
2461 3331 2526 3383 do
2561 3330 2731 3395 vobis,
2777 3340 2830 3382 ut
2865 3346 2951 3382 ros
2989 3328 3199 3382 invicem
3235 3325 3456 3400 diligatis
3499 3327 3676 3400 (Joan.
3702 3345 3815 3392 xui,

2245 3420 2357 3493 54).
2389 3421 2524 3475 Vide
2549 3419 2879 3474 latitudinem
2914 3418 3144 3474 mandati
3173 3418 3348 3488 hujus.
3381 3414 3480 3476 Ubi
3511 3420 3673 3474 latum
3702 3423 3818 3475 est?

2245 3511 2497 3582 numquid
2545 3512 2596 3565 in
2641 3511 2844 3566 carne?
2889 3509 2948 3566 in
2990 3510 3154 3565 corde
3189 3510 3383 3581 potius.
3436 3509 3566 3564 Nam
3598 3511 3643 3564 si
3673 3520 3729 3566 et
3767 3512 3818 3565 in

2245 3619 2404 3658 carne
2435 3604 2597 3657 latum
2628 3607 2804 3668 esset,
2835 3601 3104 3657 auditores
3131 3599 3387 3667 studiosi,
3418 3601 3688 3670 angustias
3714 3617 3819 3656 non

2248 3697 2581 3768 pateremini.
2634 3696 2688 3749 in
2716 3694 2879 3749 corde
2904 3695 3066 3749 latum
3096 3702 3198 3748 est.
3249 3691 3347 3748 Ubi
3379 3692 3540 3746 latum
3571 3701 3654 3747 eat
3679 3689 3819 3755 vide.

2247 3792 2289 3844 si
2322 3790 2391 3843 sit
2436 3787 2574 3842 unde
2601 3787 2816 3851 videas,
2861 3795 2916 3842 et
2958 3786 3081 3841 hinc
3126 3785 3246 3840 audi
3275 3786 3622 3854 Apostolum,
3663 3803 3820 3856 quam

2247 3882 2410 3936 latum
2451 3889 2532 3934 est
2563 3878 2866 3934 mandatum
2903 3877 3196 3932 charitatis.
3243 3877 3474 3932 Charitas
3515 3886 3684 3931 autem
3732 3878 3824 3931 Dei

2247 3972 2436 4040 cli/fusa
2461 3981 2531 4026 est
2574 3973 2627 4026 in
2665 3970 2898 4025 cordibus
2921 3971 3096 4024 vestris
3122 3968 3297 4039 (Rom.
3329 3985 3383 4034 v,
3416 3968 3494 4037 5).
3522 3968 3640 4022 Non
3669 3969 3822 4033 dixit,

2250 4064 2454 4118 Inclusa
2479 4079 2493 4126 ;
2526 4061 2641 4126 sed,
2675 4061 2879 4129 di/fusa.
2908 4061 3136 4115 Verbum
3163 4060 3303 4115 enim
3326 4059 3464 4129 quod
3494 4069 3576 4114 est
3601 4059 3820 4124 inclusa,

2249 4155 2403 4222 quasi
2431 4152 2700 4222 angustias
2727 4161 2882 4205 sonat
2913 4168 2925 4204 :
2963 4150 3104 4220 quod
3130 4161 3213 4204 est
3238 4149 3426 4216 diffusa
3445 4190 3461 4216 ,
3493 4149 3824 4204 latitudinem

2252 4241 2502 4306 insinuat.
2549 4242 2733 4296 Latum
2758 4256 2887 4312 ergo
2916 4241 3210 4295 mandatum
3237 4251 3379 4294 tuum
3404 4239 3568 4294 ualde.
3603 4241 3827 4294 Domine

2254 4337 2390 4390 Deus
2419 4342 2619 4401 noster,
2653 4333 2884 4406 approba
2914 4333 3032 4404 quia
3061 4341 3277 4404 propter
3301 4332 3467 4402 ipsam
3495 4331 3822 4406 latitudinem

2252 4427 2441 4482 fratres
2493 4431 2706 4481 nostros
2758 4425 2824 4482 ad
2885 4425 3274 4494 possessionem
3327 4423 3470 4493 pacis
3520 4423 3822 4478 invitamus.

2251 4517 2496 4589 Episcopi
2528 4517 2686 4571 vultis
2713 4517 2876 4580 esse?
2904 4515 3184 4570 Nobiscum
3213 4523 3406 4570 estote.
3438 4514 3552 4569 Non
3585 4515 3696 4569 vult
3727 4531 3824 4584 po-

2251 4611 2407 4679 pulus
2427 4609 2559 4662 duos
2583 4608 2878 4678 episcopos.
2905 4607 3188 4669 Nobiscum
3220 4608 3269 4660 in
3299 4606 3608 4661 hasrcditate
3634 4606 3828 4661 fratres

2251 4711 2441 4757 estote.
2473 4699 2586 4754 Non
2616 4687 2829 4769 propter
2857 4699 3086 4754 honores
3113 4709 3322 4760 nostros
3358 4697 3708 4766 impediamus
3735 4714 3825 4767 pa-

2251 4809 2366 4848 cem
2397 4791 2611 4847 Clu-isti.
2661 4791 2828 4857 Quem
2859 4789 3112 4852 honorem
3158 4790 3209 4843 in
3249 4788 3451 4844 caelesti
3499 4803 3628 4857 pace
3673 4805 3827 4843 acre-

2249 4883 2392 4953 pturi
2422 4886 2605 4936 sumus
2630 4924 2644 4946 ,
2691 4881 2735 4934 si
2782 4881 3038 4935 honorem
3084 4887 3319 4936 nostrum
3360 4892 3498 4932 nunc
3535 4878 3586 4932 in
3619 4887 3826 4932 terrena

2254 4974 2343 5028 lite
2372 4971 2760 5027 defendamus?
2803 4970 3043 5025 Tollatur
3090 4971 3261 5040 paries
3297 4969 3529 5032 erroris,
3575 4978 3627 5022 et
3671 4969 3829 5023 simul

2251 5066 2438 5118 simus.
2471 5063 2713 5132 Agnosco
2755 5077 2842 5116 me
2884 5061 3099 5115 fratrem
3139 5077 3151 5112 :
3196 5071 3426 5129 agnosco
3467 5067 3520 5112 te
3563 5057 3777 5122 fratrem
3814 5077 3826 5111 :

2252 5155 2345 5209 sed
2374 5163 2597 5223 excepto
2623 5152 2906 5206 schismate
2930 5191 2944 5214 ,
2981 5159 3202 5220 excepto
3227 5163 3408 5214 errore
3425 5191 3439 5214 ,
3471 5157 3691 5218 excepta
3719 5148 3829 5203 dis-

2252 5248 2522 5304 sensione.
2582 5245 2706 5300 iitrc
2748 5244 3077 5313 corrigatur,
3124 5252 3176 5296 et
3217 5257 3367 5295 meus
3407 5254 3484 5294 es.
3535 5241 3725 5300 Annon
3754 5239 3830 5294 vis

2252 5355 2369 5395 esse
2399 5354 2547 5394 meus
2567 5338 2592 5390 ἲ
2633 5323 2765 5407 Ego,
2795 5335 2836 5388 si
2868 5343 2919 5388 te
2945 5334 3198 5403 corrigas,
3228 5333 3349 5386 volo
3371 5345 3489 5388 esse
3516 5337 3657 5390 tuus.
3691 5331 3846 5400 Ergo.

2253 5431 2462 5485 sublato
2501 5444 2680 5482 errore
2706 5426 2772 5480 de
2802 5423 3005 5488 medio,
3055 5433 3301 5492 tanquam
3353 5421 3550 5490 pariete
3581 5421 3823 5484 anuceria:

2253 5519 2686 5577 contradictionis
2715 5526 2769 5571 et
2797 5515 3092 5580 divisionis,
3122 5524 3238 5568 esto
3266 5516 3426 5568 frater
3450 5528 3616 5574 meus,
3646 5523 3698 5566 et
3724 5526 3822 5583 ego

2255 5613 2352 5668 sint
2382 5611 2547 5666 frater
2578 5619 2718 5670 tuus,
2754 5616 2809 5662 ut
2837 5607 2993 5661 ambo
3021 5607 3184 5660 simus
3211 5605 3325 5674 ejus
3355 5605 3442 5675 qui
3474 5604 3725 5658 Dominus
3751 5614 3828 5657 cst

2255 5714 2309 5759 et
2335 5717 2504 5766 meus,
2534 5711 2588 5756 et
2618 5711 2755 5753 tuus.

2325 5794 2379 5847 5.
2411 5790 2656 5847 Catholici
2682 5807 2782 5860 quo
2813 5789 2982 5841 animo
3010 5788 3210 5841 ueniunt
3245 5787 3311 5838 ad
3339 5785 3673 5840 collationem.
3727 5787 3830 5840 iioc

2261 5884 2484 5938 dicimus
2515 5897 2694 5934 amare
2730 5881 2870 5950 pacis
2895 5919 2910 5947 ,
2959 5895 3060 5934 non
3102 5878 3390 5933 diffidentia
3419 5877 3671 5938 veritatis.
3727 5878 3828 5933 Hoc
