3996 6524
267 437 300 490 1
311 433 420 490 589

265 549 422 600 enim
454 546 820 616 rescripsimus
841 585 857 610 ,
903 545 1008 602 hoc
1035 543 1364 616 propositum
1403 541 1605 613 legistis
1641 541 1852 614 (Ερὶειι.

275 633 386 688 128
407 644 458 688 et
487 633 646 706 129);
673 635 793 706 quia
819 649 1034 690 causam
1063 633 1438 689 conferendam
1465 647 1567 688 non
1599 632 1847 702 fugimus,

273 723 392 778 imo
435 735 490 780 ut
514 724 814 780 conferatur
843 726 1135 790 instamus;
1177 731 1234 779 ut
1261 739 1380 778 eum
1418 723 1852 778 demonstravcro

275 815 704 882 possessionem,
741 817 820 871 sic
859 830 980 870 eum
1021 815 1114 870 illo
1153 814 1540 870 communicem
1570 811 1852 867 haeredita-

277 913 412 958 tem.
465 904 762 977 Intrepidus
815 905 1030 970 veniat,
1077 919 1298 960 securus
1360 903 1566 968 veniat,
1614 902 1802 958 doctus
1829 901 1846 931 ¹

275 993 462 1048 veniat
503 1012 516 1048 :
567 995 692 1048 nolo
741 995 1052 1049 auctoritate
1103 993 1468 1064 pnejudicare.
1533 992 1846 1060 Aperiamus

271 1082 464 1138 oculos
504 1083 571 1138 ad
619 1085 764 1140 illum
807 1085 898 1154 qui
938 1097 1121 1140 errare
1161 1097 1264 1138 non
1315 1091 1488 1154 potest
1527 1099 1542 1138 :
1593 1081 1706 1151 ipse
1748 1096 1847 1136 nos

269 1171 468 1228 doceat
512 1189 632 1244 qua:
668 1173 738 1228 sit
779 1173 1035 1230 Ecclesia.
1085 1171 1326 1228 Audistis
1369 1172 1668 1227 testimonia
1707 1171 1844 1241 ejus.

271 1264 392 1319 Non
435 1279 556 1320 eam
603 1267 964 1321 contaminant
1010 1265 1240 1320 humana
1266 1264 1488 1329 delicta,
1540 1279 1698 1334 quam
1737 1277 1844 1318 non

269 1357 500 1413 redemit
521 1357 750 1414 humana
771 1358 995 1428 justitia.
1019 1357 1087 1412 Et
1111 1365 1307 1422 tamen,
1329 1371 1448 1412 cum
1469 1356 1570 1410 alia
1596 1357 1664 1410 sit
1687 1369 1846 1410 causa

269 1447 526 1502 Ecclesiae
549 1487 566 1512 ,
615 1446 718 1502 alia
762 1447 1068 1514 hominum,
1117 1455 1172 1502 et
1209 1446 1428 1502 omnino
1468 1445 1712 1502 distincta
1751 1447 1837 1510 sit,

267 1553 370 1593 nec
399 1536 672 1592 hominum
703 1553 914 1592 causam
957 1537 1334 1603 formidamus,
1379 1551 1512 1606 quos
1555 1551 1842 1591 accusave-

266 1640 396 1684 runt
419 1639 472 1684 et
497 1631 812 1686 convincere
838 1647 942 1684 non
973 1639 1273 1700 potuerunt.
1299 1630 1556 1700 Purgatos
1577 1628 1838 1692 novimus,

269 1737 524 1796 purgatos
551 1726 794 1796 legimus.
839 1726 940 1794 Qui
969 1725 1014 1780 si
1041 1739 1146 1779 non
1172 1731 1350 1780 essent
1379 1723 1582 1794 purgati
1607 1763 1624 1783 .
1652 1737 1756 1778 non
1787 1722 1838 1776 in

261 1831 429 1870 causa
452 1832 636 1871 eorum
661 1817 954 1872 Eeclesiam
979 1815 1377 1881 constituerem,
1401 1829 1502 1870 nec
1523 1814 1838 1869 aediﬁcarent

263 1921 432 1975 super
469 1921 721 1972 arenam,
764 1915 818 1961 ct
862 1905 1144 1976 dejicerem
1187 1905 1252 1960 de
1295 1915 1464 1974 petra.
1515 1903 1648 1970 Quia
1692 1918 1840 1973 super

263 1996 400 2049 hanc
439 2007 662 2066 petram,
707 1997 910 2065 inquit,
959 1994 1220 2062 aedificabo
1247 1994 1524 2050 Ecclesium
1553 2009 1748 2059 meam,
1793 2001 1840 2048 et

262 2097 429 2154 porta:
469 2086 746 2156 inferorum
789 2103 890 2140 non
940 2087 1136 2140 uincent
1180 2101 1291 2139 eam
1335 2085 1544 2154 (Matth.
1573 2101 1691 2148 xw,
1724 2083 1834 2154 18).

262 2177 426 2232 Petra
449 2185 626 2232 autem
653 2186 768 2232 erat
783 2176 1045 2232 Christus.
1079 2175 1338 2246 Numquid
1361 2175 1556 2230 Paulus
1585 2193 1675 2244 pro
1701 2175 1838 2229 vobis

261 2267 540 2335 cruciﬁxus
565 2276 633 2322 est
655 2266 682 2319 .9
721 2266 834 2322 Hoc
862 2273 1064 2333 tenete,
1107 2263 1204 2336 hoc
1233 2273 1436 2333 amate,
1481 2265 1580 2320 hoc
1607 2266 1838 2320 fraterne

259 2365 322 2410 ct
353 2357 569 2425 pacitice
591 2355 769 2411 dicite.

337 2448 390 2503 6.
419 2449 580 2519 Rogat
602 2465 664 2502 ne
684 2449 944 2518 quisquam
969 2450 1031 2502 de
1056 2449 1197 2518 plebe
1223 2449 1384 2501 irruat
1409 2449 1462 2502 in
1489 2449 1656 2503 locum
1681 2449 1839 2502 colla-

265 2539 440 2594 tionis.
489 2538 570 2592 Ad
607 2538 906 2593 collationis
948 2537 1122 2592 locum
1167 2538 1343 2594 nullus
1377 2550 1609 2592 vesnum
1649 2538 1835 2602 irruat,

266 2630 459 2686 fratres
487 2625 611 2686 mei.
657 2630 901 2694 Prorsus,
932 2631 976 2684 si
1005 2628 1119 2684 fieri
1151 2637 1360 2699 potest,
1383 2631 1542 2684 etiam
1567 2646 1662 2700 per
1687 2631 1838 2686 illum

264 2721 442 2774 locum
470 2720 752 2774 transitum
777 2719 1010 2774 devitate
1026 2761 1040 2782 ,
1073 2735 1140 2774 ne
1167 2720 1298 2774 forte
1321 2719 1510 2788 aliquis
1537 2721 1836 2774 contentio-

265 2813 350 2866 nis
373 2821 428 2868 et
451 2813 558 2866 litis
583 2811 762 2867 aditus
803 2811 1121 2877 inveniatur,
1157 2811 1237 2866 vel
1263 2811 1472 2866 occasio
1496 2810 1672 2880 aliqua
1700 2826 1835 2880 prte-

265 2904 488 2966 beatur,
519 2910 576 2958 et
610 2902 880 2957 inveniant
919 2901 1086 2971 ipsam
1109 2901 1566 2970 occasionemqui.
1597 2909 1838 2970 qumrunt

263 2993 622 3048 occasionem.
688 2991 914 3048 Maxime
969 2991 1216 3062 quoniam
1275 2991 1366 3061 qui
1429 3006 1611 3061 parum
1671 2991 1836 3046 Deum

265 3083 494 3146 timent,
533 3090 624 3136 aut
659 3081 1074 3136 admonitionem
1113 3091 1348 3136 nostram
1397 3081 1556 3150 parvi.
1581 3081 1834 3150 pendunt,

263 3176 354 3228 vel
391 3172 514 3242 quia
550 3171 828 3242 prtesentia
871 3170 1114 3241 diligunt,
1156 3170 1352 3226 debent
1394 3171 1836 3226 saltemterrcnae

263 3261 543 3331 potestatis
581 3261 914 3316 severitatem
949 3261 1186 3316 venerari
1212 3263 1256 3313 '.
1302 3261 1546 3316 Edictum
1574 3261 1676 3317 viri
1715 3261 1836 3316 illu-

265 3351 396 3408 stris
425 3349 502 3424 (a)
541 3351 750 3422 publice
788 3351 1112 3422 propositum
1159 3349 1360 3421 legistis
1395 3369 1408 3405 :
1449 3351 1590 3422 quod
1619 3351 1834 3422 quidem

265 3461 376 3500 non
419 3453 634 3514 propter
661 3459 752 3499 vos
789 3445 1113 3516 propositum
1151 3451 1234 3499 est
1275 3442 1366 3514 qui
1410 3445 1576 3500 Deum
1617 3445 1833 3514 timetis,

263 3545 322 3590 et
343 3535 810 3589 commonitionem
841 3535 1210 3604 episcoporum
1233 3543 1529 3588 vestrorum
1570 3549 1674 3589 non
1708 3551 1838 3590 cons

267 3623 543 3687 temnitis;
589 3623 681 3678 sed
725 3639 794 3678 ne
830 3624 950 3693 quis
991 3625 1086 3678 ista
1115 3639 1220 3680 non
1257 3633 1440 3690 curet,
1473 3641 1540 3680 ne
1578 3627 1697 3696 quis
1738 3628 1835 3681 ista

269 3722 594 3768 contemnat.
637 3713 862 3768 Videant
893 3715 1048 3783 igitur
1070 3716 1252 3784 quales
1277 3724 1401 3770 sunt
1431 3733 1442 3768 :
1477 3733 1543 3770 ne
1573 3717 1706 3771 forte
1735 3717 1836 3772 illis

261 3807 470 3860 eveniat
495 3807 632 3876 quod
660 3809 732 3860 ait
755 3807 1060 3876 Apostolus,
1091 3805 1190 3872 Qui
1212 3808 1345 3860 enim
1371 3807 1553 3862 resistit
1579 3809 1832 3878 potestati,

265 3898 362 3952 Dei
423 3899 730 3951 ordinationi
791 3897 995 3952 resistit.
1060 3895 1326 3967 Principes
1378 3899 1512 3950 enim
1564 3913 1666 3951 non
1717 3907 1834 3953 sunt

263 3988 473 4042 timendi
496 3987 624 4040 bono
649 4002 818 4055 opere,
847 3985 938 4039 sed
959 3987 1094 4039 malo
1121 3985 1296 4056 (Rom.
1323 4003 1436 4050 xnt,
1462 3986 1498 4040 2
1519 3997 1564 4040 et
1580 3987 1656 4056 5).
1686 3987 1829 4042 Vite-

263 4091 386 4131 mus
435 4091 622 4130 omnes
665 4075 952 4130 seditiones
979 4116 996 4142 ,
1050 4089 1236 4130 omnes
1290 4091 1478 4130 causas
1537 4077 1828 4132 seditionis.

265 4167 425 4222 Forte
453 4166 631 4220 dicitis
659 4183 674 4219 :
707 4163 896 4220 Intenti
925 4179 1108 4220 sumus
1143 4165 1270 4236 quid
1299 4165 1484 4221 facturi
1515 4182 1720 4222 sumus.
1767 4169 1832 4223 Et

201 4265 204 4268 ’
261 4257 384 4327 quid
417 4257 564 4312 vobis
602 4255 974 4326 injuugamus?
1001 4255 1184 4310 Partes
1209 4255 1344 4310 forte
1381 4257 1572 4311 uberes
1599 4257 1826 4327 pietatis.

263 4347 370 4404 Nos
411 4348 742 4417 disputemus
789 4365 884 4417 pro
929 4349 1080 4404 vobis
1119 4365 1132 4401 :
1179 4364 1272 4404 vos
1315 4357 1466 4403 orate
1511 4363 1607 4418 pro
1655 4349 1825 4404 nobis.

264 4440 542 4495 Orationes
579 4439 740 4494 etiam
770 4446 974 4493 vestras
993 4479 1009 4505 ,
1055 4439 1192 4493 sicut
1226 4437 1336 4507 jam
1363 4446 1486 4491 ante
1513 4439 1830 4507 pnnmouui-

263 4543 400 4594 mus,
425 4527 640 4597 jejuniis
665 4535 720 4581 et
744 4528 1098 4598 eleemosynis
1119 4529 1384 4597 adjuvate.
1409 4527 1601 4583 Addite
1631 4544 1829 4596 pennas

261 4620 398 4687 illis,
425 4619 616 4690 quibus
643 4617 822 4674 volant
858 4619 922 4674 ad
951 4621 1137 4675 Deum.
1166 4619 1253 4676 Sic
1279 4631 1496 4690 agentes
1533 4621 1823 4692 negotium,

262 4709 482 4764 fortasse
509 4709 746 4764 utiliores
773 4709 928 4764 nobis
954 4711 1308 4780 eritis,.quam
1338 4726 1435 4766 nos
1459 4712 1626 4766 vobis.
1657 4712 1824 4766 Nemo

257 4799 396 4854 enim
426 4809 660 4854 nostrum
689 4798 744 4853 in
785 4799 882 4853 hac
909 4799 1262 4868 disputatione
1290 4801 1358 4856 de
1383 4817 1440 4857 se
1468 4803 1738 4871 praesumit
1763 4803 1783 4836 ³
1806 4822 1821 4859 :

259 4889 308 4942 in
343 4889 450 4943 Deo
489 4899 573 4942 est
615 4897 722 4943 tota
769 4903 910 4958 spes.
961 4889 1142 4958 Neque
1169 4892 1308 4944 enim
1352 4893 1598 4948 meliores
1640 4907 1824 4948 sumus

257 4980 530 5048 Apostolo,
560 4979 651 5050 qui
685 4980 840 5046 dicit,
870 4979 1032 5036 Orate
1067 4995 1166 5050 pro
1195 4982 1368 5037 nobis.
1418 4983 1606 5050 Orate,
1633 4983 1820 5055 inquit,

314 5193 336 5226 ι
365 5199 448 5242 Its.
472 5205 542 5252 ν..
563 5190 778 5243 ἰηάοαω
805 5189 976 5244 variat.

311 5255 332 5285 '
364 5261 448 5302 Its.
501 5253 586 5315 eL,
613 5259 820 5306 terrena
853 5252 1092 5318 potestatis
1133 5253 1298 5304 timere
1348 5254 1657 5306 teter-itarem.
1706 5255 1822 5308 Edi-

254 5321 520 5425 mfnt’taeiaci
543 5375 716 5425 eodem
733 5381 814 5424 Its.
839 5372 902 5425 cl.
927 5375 1100 5440 [prose
1121 5373 1404 5440 praetum'tJ

310 5455 384 5518 (ti)
405 5455 565 5519 tdest,
582 5453 840 5519 ΝειλοθΠὶηῇ
1072 5463 1124 5519 et
1145 5455 1334 5517 notarii,
1357 5457 1438 5519 qui
1457 5457 1608 5519 iudex
1631 5461 1820 5510 Honorii

255 5515 446 5580 Augusti
477 5519 672 5582 nomine
719 5517 910 5582 praefuit
940 5515 1198 5582 collationi.
1238 5515 1348 5582 Ejus
1375 5515 1560 5582 edicto,
1599 5521 1727 5582 quod
1768 5521 1817 5570 in

255 5577 410 5643 uestis
445 5577 610 5643 primae
631 5577 929 5643 cognitionis
969 5577 1280 5643 continetur;
1303 5579 1368 5628 de
1400 5577 1696 5643 admouenda
1731 5593 1820 5643 per

257 5636 504 5701 episcopos
540 5636 852 5748 Plebe'inter
886 5646 1065 5689 caetera
1097 5641 1375 5698 cavebatur,
1410 5647 1464 5688 ut
1495 5657 1516 5686 ι
1548 5639 1710 5690 nullus
1733 5636 1820 5692 'ch

263 5719 281 5740 α
305 5699 456 5748 laicus
475 5711 536 5748 ve
579 5699 848 5748 euisconus.
859 5697 983 5748 ultra
1001 5714 1250 5748 numerum
1275 5703 1590 5748 trzestitutum
1613 5704 1661 5748 in
1687 5702 1819 5748 illum

263 5697 456 5748 (laicus
475 5697 562 5762 vel
579 5699 848 5760 episcopus,
859 5697 983 5762 ultra
1001 5714 1250 5749 numerum
1275 5697 1590 5762 |rzestitutum
1613 5704 1661 5752 in
1687 5702 1819 5752 illum

263 5779 283 5805 α
304 5759 755 5824 tranquillissimum
766 5760 946 5809 concilii
968 5760 1120 5812 locum
1132 5759 1292 5813 contra
1319 5763 1465 5824 probi!
1489 5764 1602 5812 itum
1627 5763 1818 5815 molire-

265 5839 284 5868 ι
307 5829 384 5872 tur
407 5821 659 5882 accedere,
685 5838 706 5867 ιο
740 5828 834 5872 etc.
860 5831 987 5872 Sina.

1629 430 1858 487 SERSIO
1894 427 2158 486 εεειιιι..

3399 441 3533 495 4590

1959 559 2050 610 pro
2088 559 2194 608 me,
2247 553 2298 596 ut
2325 543 2468 598 detur
2496 545 2616 598 milli
2657 561 2826 602 sernw-
2867 547 3080 618 (Ephes.
3111 562 3181 614 vi,
3215 547 3322 620 19).
3381 549 3530 604 llltnn

1955 648 2084 703 ergo
2111 649 2204 702 pro
2233 635 2384 690 nobis
2411 637 2626 706 rogetis,
2658 638 2710 692 in
2743 653 2848 708 quo
2875 653 3024 706 spem
3055 653 3346 708 posunnus.
3381 649 3436 694 ut
3463 643 3529 692 de

1955 737 2136 780 nostra
2179 723 2534 796 disputatione
2559 729 2853 798 gaudeatis.
2904 731 3104 786 Tencte
3145 733 3264 796 ista,
3315 732 3526 797 fratres,

1952 814 2296 872 obsecramus
2323 832 2416 872 vos
2445 833 2458 872 :
2491 833 2588 888 per
2612 833 2808 875 nomen
2837 819 3002 890 ipsius
3033 819 3270 886 Domini,
3313 837 3408 892 per
3433 840 3528 876 au-

1951 913 2154 961 ctorem
2182 907 2324 976 pacis
2343 947 2360 973 ,
2404 908 2754 977 plantatorem
2785 911 2931 980 pacis
2953 951 2970 976 ,
3015 911 3325 966 dilectorem
3359 913 3523 980 pacis,

1951 1011 2164 1051 orantus
2192 1011 2285 1064 vos
2312 999 2354 1064 ',
2385 1007 2444 1053 ut
2467 1014 2589 1054 eum
2619 1001 2836 1070 pacitice
2861 1003 3058 1066 oretis,
3089 1004 3306 1072 pacitice
3333 1003 3524 1074 depro-

1949 1087 2142 1142 ccmiui
2168 1104 2183 1152 ;
2225 1098 2281 1143 et
2306 1091 2656 1146 memineritis
2683 1107 2804 1148 esse
2833 1093 2928 1150 ﬁlii
2953 1095 3068 1164 ejus
3088 1135 3104 1162 ,
3131 1111 3160 1148 a
3187 1112 3294 1166 quo
3321 1096 3520 1150 dictum

1949 1191 2073 1245 est,
2123 1179 2267 1234 Beati
2319 1183 2558 1252 paciﬁci,
2614 1183 2854 1256 quoniam
2909 1185 3007 1255 filii
3063 1185 3158 1241 Dei
3215 1187 3522 1242 vocabantur

1951 1269 2160 1343 (Matth.
2190 1287 2246 1338 v,
2273 1273 2354 1343 9).

2389 1426 2614 1484 SERMO
2653 1427 2894 1484 CCCLIX
2924 1435 2939 1452 ‘
2975 1431 3072 1502 (ιι).

1947 1537 2021 1590 De
2051 1555 2105 1592 eo
2134 1538 2267 1608 quod
2296 1539 2536 1608 scriptum
2567 1551 2637 1594 est
2665 1542 2717 1594 in
2747 1540 3120 1606 Ecclesiastico,
3150 1559 3265 1610 cap.
3303 1559 3424 1604 xxv,
3460 1543 3516 1600 2.

2015 1631 2308 1686 Concordia
2347 1631 2589 1696 fratrum,
2622 1643 2675 1686 ct
2711 1648 2862 1689 amor
2895 1634 3288 1704 proximorum,
3321 1645 3412 1688 etc.
3445 1633 3516 1690 De

2015 1723 2100 1778 lite
2125 1733 2169 1778 et
2195 1725 2465 1779 concordia
2487 1741 2602 1778 cum
2635 1724 2913 1782 Donatistis
2939 1725 3036 1800 (li).
3303 1705 3308 1710 ί

2390 1860 2586 1910 Habitus
2609 1859 3065 1924 post-collationem.

2013 1991 2062 2042 t.
2097 1987 2217 2040 Tria
2260 1987 2571 2042 excellentia.
2618 1987 2899 2044 Concordia
2926 2005 3086 2054 rora,
3117 2005 3290 2058 quare.
3342 1989 3512 2042 l’ritua

1944 2077 2097 2131 lectio
2126 2078 2426 2133 divinorum
2459 2077 2788 2146 eloquiorum
2809 2119 2824 2146 ,
2853 2079 2920 2133 de
2945 2078 3082 2134 libro
3109 2079 3195 2146 qui
3224 2077 3516 2148 appellatur

1941 2167 2377 2235 EcclesiaSticns,
2418 2167 2810 2224 commendavit
2844 2169 2998 2224 nobis
3030 2170 3126 2222 tria
3154 2168 3394 2239 qua:dam
3425 2185 3516 2221 ex.-

1939 2259 2183 2313 celleutia
2221 2270 2273 2313 et
2315 2261 2740 2316 consideratione
2783 2260 3089 2330 dignissima
3115 2303 3131 2328 ,
3179 2261 3513 2315 concordiam

1942 2349 2184 2412 fratrum,
2210 2359 2264 2404 et
2293 2363 2525 2404 amorem
2555 2350 2938 2420 proximorum,
2969 2358 3024 2405 et
3051 2351 3218 2402 virum
3245 2364 3308 2404 ac
3330 2348 3516 2404 mulie-

1941 2453 2053 2492 rem
2079 2439 2178 2492 sibi
2205 2439 2619 2494 consentientes.
2653 2439 2794 2494 Bona
2827 2438 2940 2493 haec
2966 2449 3088 2493 sunt
3117 2439 3295 2509 plane,
3323 2439 3514 2506 jucun-

1939 2528 2004 2582 da
2043 2538 2097 2584 et
2143 2528 2418 2584 laudabilia
2464 2529 2516 2583 in
2562 2529 2720 2583 rebus
2758 2529 3039 2594 humanis;
3089 2529 3182 2586 sed
3225 2529 3274 2582 in
3315 2528 3510 2584 divinis

1939 2620 2098 2675 rebus
2127 2619 2292 2676 niulto
2328 2620 2648 2692 potentiora.
2694 2621 2824 2690 Quis
2853 2629 2937 2676 est
2963 2620 3104 2677 enim
3133 2623 3218 2692 qni
3259 2637 3363 2675 non
3388 2639 3514 2675 con-

1937 2713 2132 2782 gaudet
2179 2712 2533 2768 concordibus
2582 2713 2877 2767 fratribus?
2925 2713 2992 2768 Et
3036 2713 3176 2784 quod
3225 2713 3510 2769 dolendum

1939 2811 2014 2858 est
2037 2843 2054 2869 ,
2097 2803 2148 2856 in
2180 2801 2338 2857 rebus
2367 2801 2608 2857 humanis
2635 2811 2740 2857 tam
2773 2819 2957 2876 magna
2992 2819 3080 2859 res
3121 2819 3240 2859 rara
3270 2815 3350 2859 est
3379 2821 3390 2856 :
3425 2819 3510 2858 res

1938 2893 2006 2948 ab
2033 2893 2278 2948 omnibus
2309 2893 2569 2962 laudatur,
2598 2909 2625 2946 a
2655 2894 2984 2964 paucissimis
3011 2895 3323 2950 custoditur.
3369 2896 3512 2950 Beati

1941 2980 2030 3053 qui
2076 2983 2128 3037 in
2176 2998 2236 3038 se
2281 2983 2408 3052 ipsis
2445 2984 2868 3052 amplectuntur,
2918 2984 3058 3056 quod
3103 2987 3261 3040 etiam
3303 2987 3354 3040 in
3394 2987 3511 3040 aliis

1938 3071 2160 3130 laudare
2185 3085 2464 3145 coguntur.
2511 3075 2652 3130 Nulli
2691 3073 2878 3130 fratres
2914 3091 3016 3132 non
3053 3077 3267 3131 laudant
3293 3094 3514 3132 cuneor-

1939 3166 2127 3221 dantes
2157 3167 2364 3222 fratres.
2411 3167 2478 3224 Et
2521 3166 2660 3222 unde
2695 3167 2887 3223 fratres
2911 3168 3205 3224 concordes
3233 3185 3351 3224 esse
3374 3169 3511 3224 diffi-

1939 3257 2040 3312 cile
2082 3257 2201 3312 est?
2243 3258 2376 3326 Quia
2419 3259 2624 3330 litigant
2663 3257 2730 3314 de
2779 3267 2919 3314 terra
2945 3301 2960 3327 ,
3005 3261 3126 3330 quia
3170 3263 3350 3314 volunt
3393 3277 3512 3316 esse

1939 3359 2100 3404 terra.
2146 3350 2360 3406 Audivit
2395 3351 2535 3407 enim
2564 3349 2632 3406 ab
2674 3351 2822 3406 initio
2853 3359 3098 3422 peccator
3131 3351 3290 3407 homo
3310 3395 3324 3416 ,
3355 3352 3512 3407 Terra

1936 3457 1988 3496 es
2007 3484 2021 3509 ,
2064 3451 2112 3496 et
2140 3443 2192 3496 in
2224 3451 2406 3498 terram
2433 3441 2528 3496 ibis
2553 3441 2702 3516 (Gen.
2731 3459 2786 3497 ιιι
2805 3484 2821 3508 ,
2853 3443 2964 3514 19).
2993 3443 3146 3501 Unde
3171 3443 3510 3499 discutiamus

1936 3541 1991 3588 et
2017 3541 2414 3602 perscrutemur
2439 3547 2622 3587 vocem
2644 3573 2670 3598 ν
2688 3548 2845 3602 quam
2871 3533 3044 3602 justus
3081 3535 3237 3589 debet
3271 3535 3452 3589 audire
3479 3553 3508 3588 a

1935 3623 2224 3676 contrario.
2269 3621 2329 3714 §i
2355 3623 2494 3676 enim
2526 3633 2667 3677 recte
2692 3623 2890 3678 dictum
2919 3634 3000 3678 est
3031 3625 3288 3692 peccatori
3309 3667 3321 3688 ,
3352 3623 3510 3679 Τενιή

1935 3730 1985 3768 es
2005 3755 2019 3780 ,
2050 3723 2096 3766 et
2123 3714 2174 3766 in
2201 3723 2387 3766 terram
2416 3714 2536 3772 ibis.
2589 3725 2732 3770 recte
2771 3715 2961 3769 dicitur
2986 3717 3127 3784 justo
3149 3759 3161 3780 ,
3192 3717 3396 3772 Cwium
3427 3735 3504 3782 es,

1935 3813 1986 3858 et
2029 3789 2080 3858 in
2107 3805 2301 3859 Ctelum
2341 3804 2457 3858 ibis.
2503 3806 2608 3859 Aut
2647 3821 2750 3859 non
2777 3817 2898 3859 sunt
2933 3807 3060 3874 justi
3103 3807 3244 3873 cutli,
3292 3826 3410 3862 cum
3441 3811 3508 3864 du

1937 3894 2288 3964 Evangelistis
2329 3896 2663 3964 apertissime
2706 3895 2903 3952 dictum
2943 3899 3050 3962 sit,
3101 3899 3222 3954 Cicli
3269 3913 3507 3954 ettarmnl

1933 3985 2148 4057 gloriam
2175 3983 2320 4039 Dei?
2364 3985 2431 4040 Et
2475 3985 2686 4056 quidem
2731 3987 2852 4054 quia
2892 3987 2961 4042 de
3003 3989 3131 4058 ipsis
3167 3989 3363 4044 dictum
3404 4001 3504 4051 est.

1933 4073 2308 4144 consequentia
2333 4075 2462 4130 satis
2486 4075 2731 4132 edocent.
2759 4075 2824 4130 Et
2851 4093 3025 4148 opera,
3050 4078 3236 4148 inquit,
3265 4097 3504 4133 manuum

1932 4165 2040 4233 ejus
2066 4163 2332 4218 annuntiat
2356 4166 2745 4234 ﬁrmamentum.
2795 4166 2938 4236 Quos
2963 4167 3094 4222 dixit
3129 4170 3294 4226 caelos
3314 4211 3329 4236 ,
3363 4169 3506 4240 ipsos

1931 4255 2499 4309 dixit'lirmamentum.
2547 4255 2669 4311 Dies
2697 4257 2795 4311 diei
2824 4267 3014 4311 eructat
3051 4259 3249 4314 verbum
3269 4302 3283 4326 ,
3322 4269 3368 4314 et
3398 4277 3498 4314 nos:

1931 4345 2064 4398 nocti
2092 4345 2284 4398 indicat
2307 4345 2585 4400 scientiam.
2619 4343 2743 4400 Non
2769 4356 2884 4400 sunt
2913 4347 3158 4418 loquella,
3209 4365 3365 4419 neque
3391 4365 3501 4404 scr-

1931 4452 2129 4500 mones,
2177 4452 2388 4506 quorum
2429 4451 2529 4490 non
2573 4437 2846 4492 audiantur
2875 4455 3013 4494 uoces
3057 4457 3248 4496 eorum.
3291 4442 3499 4510 Qumris

1929 4541 2186 4596 quorum,
2226 4535 2284 4582 et
2307 4544 2411 4582 non
2443 4528 2646 4583 invenis
2677 4529 2774 4584 nisi
2815 4531 3089 4588 caelorum.
3140 4533 3342 4588 Dictum
3372 4551 3500 4604 ergo

1927 4617 1994 4671 de
2029 4617 2301 4687 Apostolis
2325 4659 2340 4683 ,
2387 4616 2584 4671 dictum
2626 4617 2693 4673 de
2739 4620 3201 4678 annuntiatoribus
3237 4623 3496 4678 veritatis.

1930 4705 2079 4762 Unde
2105 4708 2370 4777 sequitur,
2420 4707 2487 4762 In
2512 4725 2706 4763 omnem
2737 4719 2921 4764 terram
2948 4712 3096 4767 exivit
3122 4729 3274 4767 sonus
3303 4731 3496 4778 eorum,

1927 4807 1974 4851 et
1996 4795 2058 4850 in
2076 4797 2202 4865 ﬁnes
2226 4798 2358 4851 orbis
2384 4807 2530 4852 terra:
2554 4798 2698 4852 verba
2724 4816 2916 4854 eorum.
2965 4799 3082 4855 Non
3121 4811 3238 4856 sunt
3262 4804 3493 4875 loquelcc.

1927 4903 2084 4956 neque
2108 4901 2360 4942 sermones
2383 4928 2397 4949 ,
2441 4905 2654 4957 quorum
2692 4907 2790 4943 non
2832 4892 3104 4946 audiantur
3147 4909 3286 4950 voces
3323 4911 3494 4950 comm

1928 4979 2094 5048 (Psul.
2127 4993 2252 5033 xvm
2273 5021 2288 5046 ,
2313 4978 2458 5048 2-5).
2489 4979 2710 5047 Quando
2748 4983 2797 5035 in
2825 4999 2917 5036 eos
2944 4985 3086 5038 venit
3111 4987 3340 5056 Spiritus
3369 5005 3494 5043 san~

1923 5081 2074 5133 ctus,
2124 5079 2177 5123 et
2217 5070 2378 5138 coepit
2407 5069 2546 5123 Deus
2592 5069 2827 5126 habitare
2853 5073 3044 5128 caelum
3091 5077 3231 5145 quod
3267 5079 3390 5133 fecit
3425 5079 3496 5134 de

1925 5169 2083 5226 terra,
2108 5160 2264 5213 locuti
2287 5167 2429 5225 sunt,
2463 5159 2710 5230 implente
2735 5171 2787 5215 et
2812 5161 3043 5219 donante
3064 5167 3258 5236 Spiritu
3285 5179 3487 5236 sancto,

1995 5307 2010 5336 ³
2037 5317 2104 5384 tta
2125 5311 2387 5384 tegendum
2412 5324 2520 5360 cum
2541 5325 2638 5362 uno
2660 5313 2835 5384 Its._cl.
2856 5315 2961 5380 [per
2999 5331 3310 5382 cinerem-pot
3321 5319 3380 5380 is,
3404 5333 3492 5384 per

1922 5369 2234 5434 pltauatorein
2257 5371 2407 5436 pacis,
2429 5385 2622 5425 oramus
2641 5377 2759 5438 rosa]

1985 5457 2002 5476 '
2036 5454 2320 5505 Emendatus
2347 5456 2405 5506 ad
2439 5455 2500 5507 cl.
2525 5471 2571 5506 v.
2599 5465 2650 5508 et
2678 5459 2736 5508 ad
2775 5457 2910 5511 sirm.

1983 5536 2056 5660 Ea;
2081 5535 2218 5610 Alias,
2241 5537 2304 5586 de
2327 5539 2538 5588 Diversis
2551 5537 2631 5600 9i,
2657 5547 2706 5590 et
2727 5555 2790 5590 ex
2813 5543 3146 5591 sirmmtdianis
3167 5543 3244 5590 37.

2006 5598 2032 5644 ι)
2077 5603 2202 5660 citat
2217 5597 2498 5660 Florus-adi
2525 5601 2691 5651 Thess.
2731 5619 2792 5652 ut.
2829 5603 3042 5652 Nicolaus
3063 5605 3210 5652 Faber

2006 5597 2054 5660 ὁ)
2077 5597 2498 5668 Οἰμιξ-ιςΊοζρες-θᾱί
2525 5597 2691 5651 Thess.
2731 5619 2792 5652 ut.
2829 5603 3042 5668 Nicolaus
3063 5605 3210 5652 Faber
3246 5607 3294 5653 in
3319 5609 3487 5668 prte’av

1923 5658 2053 5734 nque
2170 5658 2646 5734 Siliilariinl'ragmenta
2661 5698 2674 5722 ,
2702 5675 2807 5734 pag.
2835 5663 2926 5734 49_,_
2961 5666 3181 5734 (minatur
3203 5658 3487 5734 (Tartl'tagiao

1921 5701 2135 5770 agnus
2170 5701 2223 5768 in
2255 5701 3172 5790 anis:n;;;;;;f.aaitz-2;r'.ntua?
3196 5701 3275 5774 δῖ’
3292 5701 3489 5778 manu;

1923 5795 2166 5846 episcopo,
2187 5784 2268 5846 qui
2305 5790 2354 5831 et
2379 5784 2570 5832 l-‘lorens
2591 5786 2852 5842 diceretur,
2877 5789 3236 5846 cognominatae.
3276 5791 3386 5838 \ide
3407 5806 3492 5841 ιιυη

1921 5850 2020 5892 tam
2044 5843 2112 5906 (Ιι)
2141 5843 2274 5904 infra,
2301 5858 2408 5906 pag.
2441 5847 2570 5895 lb‘J'i.
