3996 6458
515 393 648 455 εδει

511 506 705 586 linguis
753 512 991 570 omnium
1039 513 1291 585 gentium.
1345 506 1472 566 Inde
1515 509 1750 572 dictum,
1806 503 1924 558 Non
1971 511 2089 557 sunt

477 643 480 648 -
512 605 752 676 loquela,
785 622 943 676 neque
966 619 1244 669 sermones,
1286 616 1498 672 quorum
1525 616 1625 653 non
1649 597 1923 651 audiantur
1952 610 2090 648 voces

509 713 702 750 eorum.
757 696 825 752 Et
861 695 983 768 quia
1025 693 1149 749 inde
1191 693 1339 747 missi
1386 699 1509 746 sont
1547 689 1612 743 ad
1659 687 2090 758 prardicationem

511 788 782 857 l-Zvangclii
825 803 918 857 per
943 802 1130 841 omnes
1157 794 1370 856 gentes,
1404 782 1470 837 In
1497 798 1698 836 omnem
1725 791 1912 835 terram
1941 777 2091 832 exit-it

503 896 656 934 sonus
685 897 877 945 eorum,
907 888 955 933 et
983 879 1035 932 in
1063 879 1190 948 ﬁnes
1215 877 1349 932 orbis
1377 886 1526 930 terra:
1553 877 1698 929 verba
1728 890 1920 927 eorum.
1947 872 2090 939 Quo-

501 971 665 1025 rum?
703 971 995 1038 C(elorum,
1039 972 1232 1041 quibus
1256 978 1399 1026 recte
1427 969 1639 1035 dicitur,
1682 967 1890 1024 Casium
1933 980 2013 1031 es,
2037 973 2092 1020 et

503 1063 555 1114 in
593 1063 786 1117 coelum
817 1063 917 1118 ibis
945 1083 957 1117 ;
985 1063 1122 1117 sicut
1161 1071 1308 1117 recte
1353 1060 1640 1130 peceatori,
1673 1058 1830 1112 Terra
1859 1074 1930 1133 es,
1962 1066 2007 1110 et
2035 1057 2087 1110 in

504 1165 688 1206 terram
718 1152 832 1208 ibis.

574 1244 629 1298 2.
663 1244 895 1300 Terrena:
925 1243 1254 1314 possessionis
1283 1261 1425 1298 amor
1451 1261 1605 1298 causa
1640 1243 1924 1297 discordiae.
1959 1241 2089 1296 Fra-

505 1345 618 1390 tres
637 1351 764 1406 ergo
785 1336 830 1390 si
856 1335 1034 1390 volunt
1055 1351 1175 1391 esse
1198 1335 1515 1402 concordes,
1532 1350 1638 1390 non
1662 1343 1843 1389 ament
1867 1339 2084 1388 terram.

506 1425 613 1479 Sed
659 1427 703 1480 si
751 1425 936 1480 volunt
980 1441 1089 1481 non
1128 1441 1308 1481 amare
1352 1435 1574 1491 terram,
1622 1441 1728 1480 non
1775 1423 1878 1479 sint
1923 1434 2083 1480 terra.

502 1520 757 1584 Qumrant
803 1520 1199 1589 possessionem
1247 1536 1366 1590 quae
1410 1519 1573 1573 dividi
1625 1534 1730 1572 non
1785 1528 1987 1589 potest,
2035 1523 2112 1573 et'

499 1625 716 1680 semper
754 1610 1047 1665 concordes
1089 1620 1267 1666 erunt.
1304 1610 1450 1666 Unde
1481 1610 1618 1666 inter
1648 1610 1841 1664 fratres
1884 1609 2086 1664 discor-

499 1701 625 1757 dia?
658 1703 797 1757 unde
832 1704 1159 1772 perturbatio
1187 1704 1432 1774 pietatis?
1458 1703 1599 1758 unde
1630 1717 1766 1757 unus
1793 1713 2005 1768 uterus,
2033 1711 2087 1756 et

499 1807 607 1845 non
630 1807 764 1845 unus
791 1794 1022 1857 animus,
1049 1794 1151 1848 nisi
1177 1794 1301 1848 dum
1331 1803 1582 1848 curvatur
1599 1795 1774 1848 anima
1801 1809 2008 1858 eorum,
2031 1802 2086 1848 et

498 1890 706 1950 partem
733 1897 881 1936 suam
905 1883 1129 1954 quisque
1148 1885 1384 1955 reSpicit,
1407 1893 1462 1939 et
1486 1885 1623 1954 parti
1651 1899 1764 1939 sua:
1786 1883 2086 1952 opimandm

497 1982 553 2025 et
593 1975 974 2043 exaggeranda:
1009 1989 1227 2044 Operam
1267 1975 1552 2045 impendit,
1585 1983 1638 2030 et
1665 1978 1717 2030 in
1749 1976 2084 2045 possessione

496 2069 592 2116 sna
622 2064 729 2118 vult
749 2064 944 2119 habere
961 2065 1215 2120 unitatem
1238 2109 1252 2132 ,
1285 2067 1372 2137 qui
1392 2083 1511 2121 cum
1531 2067 1692 2121 fratre
1721 2081 1819 2120 suo
1851 2067 2086 2136 possidet

499 2155 855 2210 divisionem?
878 2157 1021 2211 Bona
1044 2167 1126 2213 est
1147 2158 1244 2212 ista
1269 2159 1556 2228 possessio,
1580 2159 1731 2227 cujus
1753 2168 1834 2213 est
1850 2158 1875 2213 'l
1893 2157 2081 2213 Nostra

497 2256 600 2302 est.
643 2248 828 2319 Magna
856 2251 1164 2320 possessio!
1208 2251 1296 2305 Sic
1331 2251 1434 2305 dici
1477 2251 1632 2306 solet.
1673 2251 1806 2306 Tota
1848 2261 1933 2306 tua
1963 2259 2081 2318 est,

497 2339 700 2392 frater?
729 2338 877 2404 Non;
905 2340 1074 2394 habeo
1103 2340 1187 2395 hic
1208 2351 1511 2395 consortem
1544 2359 1556 2394 :
1587 2342 1678 2395 sed
1709 2342 1751 2395 si
1781 2341 1890 2395 vult
1918 2342 2079 2408 Deus,

495 2430 692 2484 vendet
714 2431 838 2485 mihi
867 2435 1071 2503 partem
1094 2448 1263 2487 suam.
1292 2431 1549 2487 Adulator
1570 2433 1874 2503 respondet,
1903 2434 2082 2489 Faciat

498 2522 659 2577 Deus.
704 2524 840 2588 Quid
871 2524 1032 2578 faciat
1079 2525 1257 2579 Deus?
1293 2525 1360 2580 Ut
1404 2527 1735 2595 opprimatur
1761 2527 1962 2580 vicinus
1983 2567 1998 2592 ,
2029 2535 2082 2581 et

497 2625 702 2682 partem
745 2629 894 2669 snam
935 2616 1130 2670 vendat
1167 2617 1362 2671 vicino.
1397 2617 1578 2672 Faciat
1607 2618 1751 2673 Deus
1782 2638 1794 2673 :
1822 2619 1956 2674 bene
1985 2635 2079 2674 co-

495 2708 651 2774 gitas,
685 2708 952 2776 compleat
979 2709 1070 2763 tibi
1106 2711 1264 2764 Deus.
1307 2710 1559 2778 Quoniam
1590 2711 1828 2766 laudatur
1851 2722 2082 2782 peccator

493 2798 548 2849 in
579 2797 843 2852 desideriis
868 2801 1051 2854 animae
1074 2817 1207 2865 suat;
1231 2811 1276 2854 et
1304 2803 1390 2874 qui
1415 2803 1585 2873 iniqua
1604 2805 1748 2875 gerit,
1773 2803 2082 2857 benedicitur

501 2885 672 2957 (Psal.
701 2904 754 2952 ι,
789 2889 866 2961 5).
891 2889 1025 2957 Quid
1052 2901 1155 2946 tam
1186 2892 1424 2964 iniquum
1470 2911 1628 2964 quam
1652 2895 1789 2950 velle
1819 2895 2082 2951 ditescere

494 2977 716 3033 alterius
745 2985 1098 3052 paupertate?
1127 2983 1194 3037 Et
1224 2993 1400 3040 tamen
1427 2985 1661 3041 abundat
1691 2985 1791 3040 hoc
1820 3005 1834 3042 :
1863 2987 1948 3055 qui
1978 2987 2079 3040 ini-

494 3091 595 3144 qua
631 3077 792 3145 gerit,
842 3075 1181 3144 benedicitur;
1227 3089 1280 3133 et
1321 3078 1457 3134 forte
1497 3079 1808 3148 praevaluit,
1849 3089 1902 3134 et
1944 3078 2080 3134 forte

496 3167 690 3234 pressit
717 3177 766 3222 et
797 3170 1081 3236 oppressit,
1114 3171 1266 3223 torsit
1295 3179 1346 3224 et
1371 3171 1613 3237 extorsit,
1641 3187 1742 3226 non
1766 3185 2078 3240 quemcum-

495 3272 600 3325 que
641 3267 978 3321 consortem,
1024 3259 1118 3314 sed
1164 3261 1380 3314 forsitan
1425 3260 1660 3314 fratrem.
1706 3261 1887 3315 Melius
1916 3272 2080 3316 estut

494 3364 596 3418 ego
617 3364 811 3413 emam,
839 3365 994 3419 quam
1025 3361 1328 3405 extraneos.
1355 3353 1419 3406 Et
1453 3352 1541 3406 ille
1575 3351 1726 3407 facile
1757 3369 2075 3423 Oppressus,

493 3442 538 3493 si
565 3449 648 3494 est
677 3439 888 3509 justus,
921 3440 1078 3496 habet
1118 3442 1559 3496 consolationem.
1603 3443 1796 3497 Audiat
1839 3445 2077 3514 Scriptu-

494 3548 646 3600 ratn,
683 3549 842 3604 quam
880 3535 1040 3590 modo
1061 3535 1279 3589 audivit.
1304 3535 1397 3589 Ille
1433 3536 1635 3589 laborat
1674 3536 1879 3604 inOpia,
1914 3537 2078 3592 frater

495 3625 612 3694 ejus
637 3626 823 3695 plenus
849 3635 930 3680 est
956 3627 1126 3697 copia.
1155 3625 1258 3683 Sed
1284 3627 1473 3698 plenus
1504 3635 1586 3681 est
1614 3637 1748 3681 terra
1770 3670 1783 3690 ,
1819 3638 1869 3682 et
1907 3629 2078 3682 inanis

487 3717 726 3788 illSlllltP.
757 3719 987 3776 Advorte
1017 3731 1186 3787 terra,
1209 3722 1334 3791 quid
1365 3720 1545 3776 audiat
1583 3721 1669 3775 ille
1708 3738 1923 3791 panper.
1953 3722 2079 3776 Noli

489 3812 684 3873 timere,
713 3828 826 3863 cum
852 3811 986 3866 dives
1012 3817 1176 3884 factus
1201 3815 1350 3884 fuerit
1375 3817 1522 3867 homo
1543 3856 1557 3880 ,
1591 3833 1745 3884 neque
1771 3834 1879 3869 cum
1906 3819 2079 3870 multi-

493 3900 680 3968 plicata
702 3900 852 3968 fuerit
885 3900 1050 3970 gloria
1081 3903 1260 3956 domus
1287 3905 1396 3973 ejus
1433 3921 1450 3956 :
1489 3907 1726 3974 quoniam
1756 3923 1866 3958 cum
1896 3910 2076 3962 morie-

493 4004 607 4058 tur,
638 4010 739 4046 non
773 3995 982 4064 accipiet
1016 4013 1074 4048 ea
1115 3995 1288 4064 (Psal.
1338 4012 1532 4063 XLVIII,
1563 3999 1660 4063 l7,
1693 3999 1803 4067 18).
1847 3998 1990 4054 Tene
2019 4009 2073 4054 tu

494 4100 694 4155 pauper
721 4086 858 4152 quod
885 4103 988 4141 non
1020 4088 1255 4142 dimittas
1279 4090 1511 4143 moriens
1532 4132 1547 4156 ,
1576 4099 1629 4144 ct
1664 4092 1805 4160 quod
1832 4094 2075 4161 acquiras

492 4179 543 4228 in
576 4189 832 4232 internum
861 4181 1064 4234 vivens.
1098 4181 1243 4237 Tene
1265 4181 1545 4252 justitiam,
1579 4198 1684 4237 non
1717 4193 1766 4238 te
1797 4186 2071 4254 pteniteat.

487 4269 832 4326 Contristaris
861 4272 980 4342 quia
1012 4274 1061 4326 in
1095 4283 1234 4329 terra
1277 4289 1475 4342 panper
1514 4289 1570 4328 es
1613 4274 1703 4328 tu?
1745 4275 1955 4344 Pauper
1988 4275 2073 4330 hic

492 4364 587 4416 fuit
612 4364 703 4432 qui
734 4366 934 4418 creavit
972 4374 1188 4419 terram.
1219 4365 1537 4419 Consolatur
1566 4375 1614 4420 te
1645 4367 1898 4420 Dominus
1934 4367 2073 4421 Deus

489 4467 610 4510 tuus
636 4497 650 4513 .
679 4457 985 4511 consolatur
1015 4467 1065 4511 te
1099 4458 1321 4512 Creator
1361 4468 1479 4511 tuus
1501 4501 1514 4524 ,
1556 4461 1860 4514 consolatur
1892 4470 1942 4514 te
1971 4461 2074 4514 lle-

488 4549 734 4618 demptrr
765 4558 904 4602 tuus.
948 4547 1264 4604 Consolatur
1293 4559 1342 4604 te
1379 4563 1482 4603 non
1518 4565 1710 4604 avarus
1738 4550 1898 4604 frater
1929 4561 2069 4605 tuus.

490 4638 743 4709 Dignatus
789 4647 870 4693 est
909 4640 1048 4694 enim
1093 4656 1211 4693 esse
1255 4638 1416 4694 frater
1461 4649 1642 4694 noster
1686 4640 1774 4693 il?e
1819 4641 2073 4695 Dominus

488 4744 688 4789 noster.
718 4733 875 4788 Solus
902 4733 1063 4787 frater
1093 4734 1209 4788 sine
1234 4731 1564 4787 dubitatione
1600 4732 1885 4788 fidissimus
1905 4772 1919 4798 ,
1951 4748 2070 4786 cum

489 4839 595 4892 quo
619 4826 901 4880 concnrdia
936 4825 1252 4895 possidenda
1281 4836 1379 4878 est.
1416 4825 1530 4879 Dixi
1554 4840 1674 4878 eum
1701 4839 1804 4878 non
1830 4839 2068 4889 avarum,

487 4925 541 4970 et
581 4919 714 4970 forte
753 4917 963 4973 invenio
993 4933 1232 4972 avarum.
1281 4917 1487 4971 Avarus
1531 4924 1612 4970 est
1646 4934 1659 4969 :
1689 4915 1782 4970 sed
1826 4930 1923 4969 nos
1963 4917 2074 4969 vu!t

491 5009 707 5073 habere,
733 5025 829 5065 nos
851 5011 960 5064 vult
985 5009 1282 5082 acquirere.
1312 5010 1414 5064 Pro
1441 5009 1594 5063 nobis
1618 5018 1818 5061 tantmn
1842 5007 2071 5077 pretium

488 5101 636 5155 dedit
664 5116 722 5154 se
763 5102 931 5169 ipsum
965 5121 976 5154 :
1013 5103 1140 5156 nihil
1187 5102 1253 5156 ad
1298 5101 1400 5154 hoc
1441 5101 1667 5170 pretium
1713 5099 1834 5154 addi
1880 5109 2067 5168 potest.

494 5191 646 5248 Dedit
673 5191 900 5261 pretium
929 5206 985 5245 se
1016 5193 1208 5260 ipsum,
1237 5200 1290 5246 et
1322 5191 1490 5244 factus
1518 5199 1596 5245 est
1627 5190 1951 5257 Redemptor
1980 5203 2073 5241 no-

487 5295 616 5341 ster.
643 5283 758 5339 Non
781 5282 922 5337 enim
952 5283 1030 5336 sic
1064 5296 1122 5337 se
1147 5283 1291 5337 dedit
1318 5282 1574 5350 pretium,
1611 5289 1671 5334 ut
1705 5297 1800 5334 nos
1829 5280 2070 5332 inimicus

485 5377 816 5440 dimitteret,
847 5384 900 5428 et
947 5373 1117 5444 ipsum
1147 5372 1460 5442 possideret.
1492 5373 1644 5426 Dedit
1676 5388 1733 5426 se
1764 5373 1949 5435 morti,
1979 5386 2072 5424 oc-

489 5471 674 5524 cidens
707 5477 955 5524 mortem.
999 5465 1168 5519 Morte
1209 5464 1405 5534 quippe
1441 5479 1532 5518 sua
1574 5474 1798 5517 mortem
1841 5463 2029 5517 occidit
2055 5503 2069 5526 ,

489 5577 595 5616 non
624 5571 795 5617 morte
816 5561 1024 5614 occisus
1048 5566 1158 5621 est;
1187 5565 1240 5611 et
1272 5564 1442 5611 morte
1464 5556 1636 5609 occisa
1659 5596 1674 5619 ,
1706 5555 1950 5609 liberavit
1977 5569 2073 5607 nos

487 5671 515 5705 a
544 5664 730 5708 Inorte.
772 5653 991 5707 Vivebat
1013 5650 1153 5707 enim
1187 5650 1536 5707 morientibus
1572 5649 1724 5703 nobis
1752 5664 1894 5704 mors
1917 5691 1930 5712 ,
1961 5663 2077 5700 Ino-

493 5745 659 5797 rictur
691 5742 988 5798 viventibus
1030 5741 1181 5796 nobis
1207 5781 1222 5807 ,
1263 5739 1476 5810 quando
1516 5741 1564 5794 ei
1605 5738 1807 5793 dicetur
1831 5779 1844 5806 ,
1878 5737 1972 5793 Ubi
2002 5745 2094 5805 est,

496 5849 646 5903 mors,
678 5837 928 5890 contentio
955 5845 1039 5890 tua
1064 5835 1119 5903 (Ι
1144 5835 1258 5891 Cor.
1283 5849 1372 5904 xv,
1399 5833 1470 5890 55
1482 5830 1546 5906 )?

1712 389 1767 445 S.
1810 384 2168 442 AUGUSTINI
2209 387 2508 445 EPISCOPI

3652 401 3803 460 1593

2271 499 2324 559 3.
2359 504 2603 560 Dominus
2627 507 2974 578 interpellatus
2999 519 3053 564 ut
3073 510 3222 579 fratri
3242 513 3410 577 iubeat
3434 514 3796 570 hereditatem

2197 595 2377 664 partiri
2396 637 2412 662 ,
2448 612 2538 650 cur
2565 597 2731 665 facere
2767 600 2953 652 renuit.
2986 598 3304 670 Praeceptum
3339 610 3396 655 ut
3427 603 3606 658 demus
3641 607 3792 658 omni

2198 688 2424 756 petenti,
2455 689 2706 758 quomodo
2735 688 3066 760 implendum.
3092 690 3237 746 Talis
3259 707 3388 763 ergo
3415 693 3582 750 frater
3609 695 3790 751 inter-

2196 776 2426 847 pellatus
2463 787 2545 833 est
2582 794 2610 833 a
2649 780 2878 850 quodam
2921 781 3083 837 fratre
3119 791 3302 838 contra
3345 783 3600 852 fratrem,
3639 785 3792 843 inter

2196 885 2329 940 quos
2359 887 2465 925 non
2499 883 2615 928 erat
2653 873 2939 928 concordia
2980 883 3198 944 pr0pter
3223 883 3417 930 terram
3438 917 3452 938 .
3479 889 3534 935 et
3557 879 3637 933 ait
3658 881 3741 935 illi
3766 900 3780 936 :

2196 959 2433 1028 Domine,
2459 965 2540 1018 dic
2569 966 2718 1036 fratri
2745 982 2871 1028 meo,
2898 975 2954 1020 ut
2977 965 3168 1020 dividat
3193 983 3385 1020 mecum
3413 967 3790 1026 hereditatem.

2195 1053 2385 1108 Totam
2408 1056 2554 1121 tulit,
2586 1057 2716 1111 mihi
2745 1065 2952 1128 partem
2979 1073 3152 1112 meam
3181 1073 3288 1136 non
3317 1059 3429 1112 vult
3452 1059 3616 1127 dare,
3643 1077 3789 1116 con-

2195 1147 2382 1200 temnit
2407 1163 2513 1214 me,
2545 1148 2726 1204 audiat
2762 1151 2842 1204 vel
2874 1158 2944 1204 te.
2985 1151 3119 1218 Quid
3150 1151 3454 1221 pertinebat
3488 1153 3554 1208 ad
3597 1154 3790 1208 Domi-

2193 1239 2360 1291 num?
2383 1238 2531 1292 Sicut
2556 1240 2851 1310 cogitamus
2874 1255 2972 1295 nos
2993 1239 3221 1296 humiles
3241 1241 3484 1308 humilia,
3506 1252 3793 1314 reptantes

2194 1325 2246 1380 in
2276 1337 2414 1382 terra
2438 1370 2451 1393 ,
2483 1331 2754 1384 constituti
2785 1331 2838 1384 in
2869 1331 2968 1386 hac
2996 1332 3134 1396 vita,
3163 1340 3218 1386 et
3243 1334 3510 1388 neminem
3538 1335 3788 1390 volentes

2193 1420 2530 1487 contristari,
2555 1431 2608 1475 et
2634 1421 2943 1491 plerumque
2971 1422 3092 1477 inde
3130 1424 3342 1493 gravius
3361 1427 3746 1481 contristantes
3767 1469 3787 1494 ,

2193 1509 2317 1578 quid
2341 1509 2682 1566 diceremus?
2709 1513 2858 1578 Veni,
2885 1513 3068 1577 frater,
3093 1515 3260 1570 redde
3288 1516 3434 1570 fratri
3459 1527 3549 1572 tuo
3569 1530 3784 1588 partem

2193 1614 2364 1654 suam.
2394 1601 2508 1655 Non
2535 1601 2638 1656 hoc
2664 1602 2800 1656 dixit
2831 1604 3104 1659 Dominus.
3148 1605 3214 1660 Et
3257 1606 3383 1676 quid
3422 1607 3514 1662 illo
3542 1608 3785 1678 iustius?

2191 1690 2321 1755 Quis
2351 1693 2508 1746 talem
2535 1693 2767 1762 judicem
2789 1693 3042 1760 inveniat,
3062 1711 3226 1765 quem
3257 1697 3561 1766 interpellet
3586 1710 3784 1754 contra

2191 1784 2464 1837 avaritiam
2490 1783 2667 1840 fratris
2692 1787 2814 1840 sui?
2842 1786 3030 1856 Nonne
3064 1788 3327 1858 gaudebat
3356 1789 3445 1844 ille
3475 1789 3637 1844 homo
3659 1800 3786 1846 tan-

2191 1875 2312 1929 dem
2337 1892 2394 1930 se
2424 1877 2692 1932 invenisse
2714 1894 2961 1948 magnum
2985 1879 3533 1950 solatium?Magnum
3563 1893 3783 1952 quoque

2189 1965 2511 2035 adjotorium
2556 1970 2672 2023 sine
2709 1969 3040 2025 dubitatione
3080 1971 3358 2040 sperabat,
3401 1971 3586 2026 dicens
3629 1982 3782 2028 tanto

2187 2055 2368 2124 iudici,
2401 2057 2636 2122 Domine,
2668 2061 2750 2113 die
2779 2061 2927 2130 fratri
2947 2077 3076 2125 meo,
3104 2071 3160 2114 ut
3185 2061 3376 2115 dividat
3397 2078 3591 2116 mecum
3611 2063 3781 2116 luere-

2193 2149 2416 2204 ditatem.
2447 2155 2511 2206 At
2543 2153 2629 2206 ille
2657 2153 2781 2222 quid
2812 2153 2982 2206 dixit?
3014 2154 3057 2206 Ο
3084 2155 3255 2219 homo,
3279 2155 3391 2223 quis
3418 2170 3498 2207 me
3517 2156 3779 2208 constituit

2189 2242 2455 2297 divisorem
2480 2245 2787 2299 Ita’reditatis
2816 2247 2946 2300 inter
2973 2246 3098 2299 vos?
3117 2245 3329 2315 Repulit
3352 2247 3604 2300 Dominus
3622 2289 3635 2310 ,
3669 2264 3777 2300 non

2188 2335 2338 2390 dedit
2361 2338 2498 2406 quod
2533 2339 2828 2406 petebatur,
2863 2353 2967 2392 non
2995 2339 3263 2393 concessit
3290 2340 3577 2408 gratuitum
3609 2340 3778 2393 liene-

2189 2431 2388 2485 ficium.
2415 2431 2550 2498 Quid
2578 2446 2824 2500 magnum
2847 2431 3002 2486 erat?
3022 2431 3156 2499 Quid
3186 2430 3307 2486 inde
3331 2431 3619 2500 perdebat?
3646 2429 3778 2500 quid

2188 2521 2240 2576 in
2269 2535 2336 2577 eo
2361 2522 2616 2577 beneficio
2636 2522 2824 2575 saltem
2855 2521 3167 2576 laborabat?
3194 2521 3307 2575 Non
3335 2522 3502 2575 dedit.
3525 2521 3626 2577 Ubi
3653 2531 3741 2576 est
3761 2563 3777 2589 ,

2191 2611 2344 2666 Omni
2382 2613 2567 2683 petenti
2597 2623 2675 2678 te,
2711 2613 2778 2666 da
2806 2612 2953 2685 (Luc.
2989 2627 3062 2678 vI,
3094 2613 3224 2682 50)?
3247 2613 3360 2667 Non
3391 2614 3493 2667 hoc
3518 2613 3624 2683 egit
3652 2613 3779 2678 ille,

2186 2704 2275 2772 qui
2306 2705 2458 2757 nobis
2488 2704 2694 2757 vivendi
2733 2704 2961 2772 praebuit
2985 2703 3310 2773 exemplum.
3353 2703 3634 2771 Quomodo
3675 2717 3781 2758 nos

2187 2793 2240 2848 id
2281 2793 2469 2847 facturi
2498 2794 2722 2848 sumus?
2751 2795 2854 2846 Aut
2895 2793 3164 2863 quomodo
3203 2794 3448 2848 dabimus
3485 2793 3627 2863 quod
3673 2793 3781 2847 im-

2187 2886 2487 2955 pendimus,
2519 2887 2562 2940 si
2601 2903 2704 2939 non
2733 2886 2919 2939 damus
2949 2885 3263 2939 beneﬁcium
3289 2885 3378 2938 ubi
3407 2884 3538 2938 nihil
3566 2885 3782 2953 impen-

2185 2975 2382 3041 dimus,
2412 2976 2501 3029 ubi
2529 2976 2660 3029 nihil
2689 2990 2990 3045 erogamus,
3020 2975 3107 3030 ubi
3135 2975 3262 3028 nihil
3299 2973 3628 3029 amittimus?
3655 2974 3776 3028 Non

2185 3066 2331 3122 dedit
2369 3067 2628 3122 Dominus
2667 3066 2802 3132 hoc,
2847 3080 2947 3120 nec
2991 3075 3173 3120 tamen
3211 3064 3341 3119 nihil
3383 3065 3550 3120 dedit.
3594 3065 3778 3121 Mtntis

2187 3159 2420 3229 negavit,
2447 3157 2538 3212 sed
2575 3157 2714 3227 quod
2734 3157 2868 3226 plus
2896 3165 2977 3210 est
3002 3155 3239 3210 donavit.
3274 3155 3414 3209 Dixit
3445 3153 3730 3210 manifeste
3757 3196 3773 3223 ,

2187 3250 2337 3314 dixit,
2369 3248 2525 3302 Omni
2553 3250 2734 3318 petenti
2761 3258 2825 3313 te,
2855 3247 2940 3299 da.
2973 3246 3130 3314 Quid,
3151 3247 3194 3300 si
3222 3247 3412 3316 aliquis
3441 3255 3585 3315 petat
3611 3262 3642 3299 a
3674 3255 3728 3302 te
3749 3283 3766 3313 ,

2187 3358 2290 3396 non
2334 3342 2453 3396 dico
2491 3342 2633 3411 quod
2678 3341 2862 3395 inutile
2889 3349 2972 3394 est
3002 3339 3158 3402 dare,
3188 3339 3282 3393 sed
3324 3338 3467 3408 quod
3508 3347 3662 3408 turpe
3687 3349 3778 3394 est

2185 3433 2348 3488 dare?
2371 3433 2528 3503 Quid,
2554 3433 2594 3486 si
2619 3441 2766 3502 petat
2796 3433 2989 3485 mulier
3015 3431 3211 3500 aliqua,
3233 3431 3373 3500 quod
3396 3431 3542 3500 petiit
3576 3431 3776 3486 mulier

2183 3541 2212 3578 a
2244 3521 2483 3592 .loseph?
2509 3523 2666 3590 Quid,
2700 3522 2743 3576 si
2766 3530 2909 3592 petat
2933 3523 3012 3574 vir
3037 3521 3248 3591 aliquis,
3273 3521 3413 3590 quod
3444 3520 3562 3574 falsi
3585 3522 3772 3576 senio-

2188 3631 2274 3668 res
2299 3631 2327 3668 a
2358 3615 2596 3670 Susanna
2622 3613 2924 3681 petierunt?
2954 3612 3124 3664 Etiam
3160 3612 3244 3664 hic
3271 3611 3539 3684 sequenda
3567 3620 3650 3666 est
3680 3611 3771 3665 illa

2185 3715 2433 3774 tanquam
2477 3703 2741 3774 generalis
2779 3701 3040 3756 sententia
3063 3742 3078 3767 ,
3128 3700 3280 3754 Omni
3325 3702 3511 3770 petenti
3545 3711 3594 3779 te
3615 3741 3628 3764 ,
3659 3701 3773 3754 da?

2184 3796 2354 3849 Absit.
2386 3795 2663 3849 Faciemus
2685 3807 2814 3863 ergo
2843 3793 2928 3845 hic
2951 3800 3138 3845 contra
3166 3800 3490 3859 prmeeptum
3523 3791 3770 3844 Domini?

2185 3887 2293 3940 lmo
2324 3886 2574 3939 faciamus
2606 3883 2898 3938 secundum
2924 3891 3246 3952 przeceptum
3278 3881 3520 3948 Domini,
3543 3890 3597 3935 et
3625 3883 3763 3935 mala

2186 3980 2483 4047 petentibus
2515 3993 2618 4030 nun
2658 3978 2877 4040 demus,
2908 3991 3004 4029 nec
3038 3985 3225 4030 contra
3253 3973 3410 4028 istam
3442 3974 3766 4028 sententiam

2185 4071 2459 4123 facientes.
2493 4069 2698 4122 Dictum
2734 4075 2817 4122 est
2846 4068 3011 4132 enim,
3043 4065 3195 4119 Omni
3219 4065 3404 4133 petenti
3429 4073 3494 4130 te,
3527 4063 3614 4116 da.
3646 4063 3763 4118 Non

2181 4170 2264 4214 est
2289 4159 2509 4224 dictum,
2535 4158 2723 4212 Omnia
2755 4157 2953 4227 petenti
2985 4167 3036 4210 te
3060 4155 3146 4210 da.
3181 4156 3333 4209 Omni
3354 4155 3540 4224 petenti
3565 4163 3631 4220 te,
3655 4154 3724 4207 da
3746 4170 3767 4210 :

2183 4265 2400 4321 prorsus
2433 4249 2532 4315 da;
2556 4249 2653 4304 etsi
2678 4263 2781 4302 non
2807 4247 2947 4318 quod
2972 4247 3122 4315 petit,
3151 4257 3207 4300 tu
3231 4255 3405 4300 tamen
3429 4246 3628 4315 aliquid
3651 4246 3719 4299 da
3749 4265 3762 4300 :

2183 4343 2376 4396 malum
2408 4343 2558 4411 petit,
2589 4349 2644 4395 tu
2667 4341 2805 4394 bona
2835 4339 2920 4392 da.
2947 4338 3094 4393 Fecit
3118 4339 3216 4392 hoc
3237 4337 3457 4406 Joseph.
3481 4337 3596 4390 Non
3617 4337 3770 4394 dedit

2181 4432 2318 4503 quod
2359 4433 2570 4502 petebat
2600 4432 2793 4485 mulier
2826 4429 3126 4499 impudica;
3156 4437 3210 4482 et
3242 4428 3391 4483 dedit
3418 4436 3594 4483 tamen
3621 4428 3765 4496 quod

2182 4527 2364 4581 audire
2395 4525 2644 4590 deberet,
2675 4540 2741 4578 ne
2784 4522 3048 4592 impudica
3092 4530 3237 4576 esset
3263 4521 3508 4589 exemplo
3535 4536 3635 4575 suo
3664 4537 3677 4573 :
3711 4527 3770 4575 et

2183 4619 2293 4688 ipse
2317 4633 2420 4670 non
2443 4616 2628 4671 incidit
2649 4616 2699 4669 in
2730 4614 2935 4669 foveam
2961 4613 3216 4678 libidinis,
3244 4621 3298 4666 et
3319 4612 3462 4667 dedit
3481 4612 3766 4666 consilium

2180 4711 2458 4765 castitatis.
2504 4709 2617 4764 lloc
2650 4708 2793 4763 enim
2823 4706 3098 4775 reSpondit
3131 4723 3143 4758 :
3172 4705 3312 4758 Absit
3349 4721 3380 4756 a
3418 4721 3529 4770 me,
3567 4721 3631 4756 ne
3669 4705 3770 4758 hoc

2181 4802 2368 4873 faciam
2397 4800 2598 4853 domino
2627 4814 2751 4862 meo,
2781 4813 2844 4850 ne
2869 4797 3098 4867 polluant
3128 4803 3290 4847 torum
3317 4795 3427 4863 ejus
3445 4794 3527 4863 qui
3549 4794 3769 4848 credidit

2180 4894 2303 4947 mihi
2327 4894 2497 4946 omnia
2523 4893 2574 4945 in
2603 4894 2752 4945 domo
2786 4907 2880 4944 sua
2913 4889 3062 4961 (Gen.
3101 4890 3314 4959 xvxrx).
3343 4888 3400 4942 Si
3440 4901 3627 4942 servus
3657 4904 3770 4943 mre

2180 4995 2392 5054 emptus
2422 4983 2557 5037 hanc
2588 4981 2746 5036 fidem
2791 4981 3022 5036 servavit
3065 4978 3282 5033 domino
3304 5020 3318 5045 ,
3354 4978 3564 5049 qualem
3603 4977 3771 5033 debet

2179 5076 2370 5144 eonjux
2421 5089 2636 5128 servare
2683 5071 2914 5128 marito?
2961 5071 3073 5126 Hoc
3123 5079 3238 5125 erat
3282 5071 3594 5124 admonere.
3651 5069 3769 5140 Ego

2179 5184 2368 5223 servus
2395 5168 2493 5222 hoc
2524 5182 2626 5220 non
2655 5166 2840 5221 faciam
2867 5165 3083 5219 domino
3109 5179 3231 5219 meo
3258 5181 3270 5217 :
3298 5173 3355 5217 tu
3374 5163 3566 5233 coniux
3593 5163 3766 5218 debes

2181 5263 2280 5315 hoc
2313 5261 2485 5315 facere
2514 5261 2706 5316 marito
2739 5259 2866 5312 tuo?
2897 5257 3051 5311 Dedit
3071 5267 3124 5311 et
3143 5257 3406 5323 Susanna,
3437 5272 3535 5311 nec
3565 5257 3767 5312 dimisit

2180 5369 2272 5406 eos
2299 5352 2503 5415 inanes,
2536 5351 2581 5404 si
2613 5349 2817 5419 impleri
2849 5349 3048 5404 vellent
3076 5349 3298 5403 consilio
3331 5349 3614 5418 pudicitim.
3646 5349 3765 5403 Non

2182 5444 2351 5496 solum
2382 5442 2522 5496 enim
2556 5456 2659 5494 non
2688 5439 2990 5504 consensit;
3036 5438 3132 5492 sed
3161 5447 3212 5492 et
3249 5454 3354 5492 non
3397 5439 3558 5494 tacuit
3598 5454 3770 5507 quare

2181 5548 2285 5587 non
2316 5533 2604 5586 consensit.
2641 5529 2701 5584 Si
2733 5529 3004 5591 consentio,
3039 5529 3225 5598 inquit,
3257 5529 3413 5593 vobis,
3443 5545 3590 5599 pereo
3621 5527 3767 5592 Deo;

2181 5626 2222 5676 si
2263 5641 2361 5676 non
2404 5621 2693 5683 consentio,
2738 5636 2836 5672 non
2876 5618 3060 5690 effugio
3103 5635 3281 5671 manus
3321 5629 3509 5672 vestras
3539 5634 3558 5671 :
3585 5625 3767 5672 melius

2184 5725 2349 5768 autem
2389 5714 2534 5766 estin
2566 5727 2743 5764 manus
2774 5719 2957 5763 vestras
2993 5709 3243 5774 incidere,
3271 5725 3424 5778 quant
3470 5708 3573 5762 Deo
3602 5710 3770 5776 perire

2195 5806 2350 5878 (Dan.
2388 5805 2519 5868 xm).
2551 5803 2683 5870 Quid
2721 5813 2798 5857 est
2825 5812 3034 5868 autem,
3073 5801 3252 5855 .llelins
3283 5813 3352 5855 est
3393 5803 3442 5858 in
3471 5818 3646 5857 manus
3677 5816 3763 5859 ve-
