3996 6462
235 401 378 460 1593

235 527 368 572 atras
389 515 622 580 incidere,
647 531 800 582 quant
827 513 932 570 Deo
955 514 1162 584 perire?
1189 513 1296 569 Vos
1317 511 1427 568 Deo
1453 513 1662 582 peristis
1681 549 1697 578 ,
1722 513 1814 581 qui

238 610 359 663 talia
379 609 632 679 qumritis.
655 608 796 680 Ergo
817 607 950 662 hanc
971 608 1208 677 regulam
1232 615 1428 662 tenete.
1453 607 1582 660 Date
1601 605 1815 674 quando

239 701 500 770 petimini,
522 699 624 756 etsi
647 715 748 754 non
775 699 876 755 hoc
899 699 1040 770 quod
1067 699 1326 770 petimini.
1350 697 1463 752 Hoc
1483 697 1608 752 fecit
1631 697 1816 751 Domi-

238 809 358 848 nus.
389 793 610 848 Petebat
633 793 750 856 ille,
777 792 946 863 quid?
977 793 1296 847 Divisionem
1326 789 1672 844 haereditatis.
1709 789 1818 843 De-

235 883 313 938 dit
350 884 604 940 Dominus
623 926 638 950 ,
667 883 835 954 quid?
871 883 1302 952 Peremptionem
1328 881 1651 950 cupiditatis.
1679 877 1816 948 Quid

237 975 484 1044 petebat?
509 973 632 1044 quid
653 975 890 1041 accepit?
915 973 1012 1027 Dic
1040 973 1188 1044 fratri
1227 987 1336 1026 meo
1358 1013 1373 1038 ,
1399 981 1452 1024 ut
1481 969 1672 1024 diuidat
1707 985 1816 1022 me-

234 1079 350 1118 cum
375 1065 738 1118 Ita-reditatem.
768 1064 886 1130 Dic,
913 1067 1081 1126 homo,
1111 1064 1224 1131 quis
1245 1079 1322 1116 tne
1349 1061 1606 1115 constituit
1631 1061 1817 1113 diviso-

235 1173 340 1208 rem
369 1157 674 1210 harreditatis
699 1157 829 1209 inter
857 1155 983 1210 vos?
1013 1153 1124 1223 Ego
1144 1162 1309 1206 autem
1335 1153 1448 1206 dico
1473 1151 1626 1215 vobis,
1650 1147 1819 1220 quid?

235 1247 416 1302 Cauete
435 1247 499 1301 ab
525 1247 662 1301 omni
681 1245 956 1318 cupiditate
985 1247 1024 1297 ⁸.
1057 1245 1122 1298 Et
1143 1243 1264 1298 dico
1283 1257 1469 1313 quare.
1493 1241 1652 1296 Forte
1675 1241 1818 1296 enim

238 1337 516 1392 dimidium
547 1336 868 1392 hazreditatis
889 1333 954 1388 ad
979 1335 1080 1389 hoc
1109 1334 1263 1404 petis,
1287 1341 1344 1387 ut
1363 1333 1611 1388 ditescas.
1637 1329 1770 1386 Audi
1801 1347 1812 1382 :

237 1421 478 1481 Hominis
513 1426 780 1496 cujusdam
820 1425 992 1480 diuitis
1032 1425 1270 1479 successit
1315 1424 1486 1494 regio;
1537 1437 1818 1476 successus

235 1531 458 1588 magnos
505 1515 724 1582 habuit,
767 1515 822 1570 id
859 1525 976 1582 est,
1017 1515 1204 1570 multis
1245 1512 1504 1569 fructibus
1537 1512 1816 1568 fecundata

233 1617 318 1664 cst
347 1609 388 1662 '.
421 1606 486 1660 Et
521 1607 753 1678 cogitavit
785 1607 924 1677 apud
951 1623 1004 1660 sc
1037 1606 1206 1661 dicens
1237 1621 1256 1660 :
1283 1605 1419 1672 Quid
1457 1605 1678 1674 faciant,
1719 1617 1819 1674 quo

235 1715 534 1770 congrege»:
565 1702 758 1768 fructus
783 1715 916 1752 meos
927 1698 962 1761 ,2
1002 1697 1068 1752 Ει
1095 1698 1376 1767 diligenter
1415 1697 1657 1766 cogitans
1676 1737 1690 1762 ,
1717 1695 1817 1750 Iit-

233 1790 374 1854 veni,
405 1789 607 1859 inquit,
629 1789 752 1860 quid
775 1789 980 1858 faciant.
1009 1785 1280 1842 Destruam
1300 1797 1486 1840 ueteres
1515 1787 1816 1856 apothecas,

233 1883 420 1953 faciam
443 1897 614 1946 novas,
643 1880 860 1950 implebo
879 1897 984 1934 eas.
1015 1879 1242 1949 Majores
1259 1880 1400 1934 enim
1425 1879 1637 1945 faciam,
1659 1893 1820 1947 quam

234 1985 392 2032 erant
431 1985 660 2031 veteres.
689 1973 756 2029 Et
800 1975 968 2028 dicam
1008 1975 1192 2028 anima:
1229 1989 1352 2027 mete
1391 1989 1410 2027 :
1453 1972 1620 2026 llabes
1663 1972 1820 2024 ntnlta

233 2068 402 2132 bona;
437 2067 660 2131 satiare,
690 2065 1000 2136 jucundare.
1041 2065 1130 2118 Ait
1169 2063 1245 2118 illi
1283 2064 1422 2118 Deus
1451 2081 1464 2115 :
1498 2061 1698 2127 Stulte,
1731 2061 1820 2130 qui

233 2157 394 2212 Valde
443 2156 536 2210 tibi
576 2155 774 2210 videris
803 2155 825 2186 ⁸
851 2168 974 2210 esse
1015 2153 1264 2208 cordatus
1307 2170 1322 2206 :
1367 2152 1507 2206 nosti
1543 2151 1684 2204 enim
1727 2151 1822 2204 de-

239 2256 452 2302 struere
475 2255 654 2302 vetera
675 2286 689 2310 ,
717 2253 772 2300 et
797 2243 1060 2300 :cditicare
1097 2257 1232 2300 nova
1249 2285 1263 2308 ,
1304 2251 1358 2297 et
1388 2250 1442 2296 tu
1477 2242 1532 2296 in
1559 2249 1822 2296 vetustate

238 2341 409 2396 ruina:
435 2338 738 2395 remansisti
757 2378 770 2402 ,
804 2337 895 2408 qui
925 2345 1104 2392 vetera
1134 2336 1184 2389 in
1215 2344 1266 2390 te
1293 2336 1410 2404 ipso
1427 2334 1704 2388 destruere
1732 2332 1826 2386 dc-

235 2431 419 2494 buisti,
453 2438 512 2484 ut
534 2430 643 2498 jam
675 2437 884 2483 terrena
910 2442 1014 2482 non
1045 2439 1262 2496 sapores
1287 2443 1300 2479 :
1329 2425 1517 2490 Stulte,
1543 2425 1666 2493 quid
1690 2423 1826 2478 dixi-

237 2521 344 2576 sti?
372 2521 456 2575 cui
484 2519 700 2576 dixisti?
729 2518 938 2576 Anima:
961 2525 1064 2572 tua:
1090 2515 1266 2570 dixisti
1290 2558 1304 2582 ,
1329 2515 1642 2578 Jucundare,
1673 2513 1824 2568 habes

235 2613 400 2665 multa
437 2611 588 2665 bona.
631 2608 744 2663 Hac
768 2619 912 2662 nocte
949 2617 1198 2678 repetetur
1235 2607 1406 2660 anima
1433 2614 1548 2670 tua,
1580 2607 1662 2660 cui
1702 2603 1824 2658 talia

239 2703 556 2774 promisisti.
587 2702 714 2767 Quae
738 2699 1042 2769 promisisti,
1068 2699 1216 2769 cujus
1239 2707 1384 2754 erunt
1405 2695 1558 2768 (Luc.
1591 2712 1703 2762 xu,
1733 2697 1828 2750 l5-

238 2795 374 2866 20)?
403 2793 526 2848 Noli
565 2807 696 2863 ergo
724 2793 917 2857 tinwre,
949 2807 1063 2844 cum
1102 2791 1240 2844 dives
1263 2790 1428 2860 [actus
1453 2789 1606 2859 fuerit
1639 2788 1788 2842 homo
1806 2803 1826 2854 ;

239 2887 360 2959 quia
389 2901 488 2940 non
508 2927 523 2949 ,
553 2899 666 2938 cum
693 2883 950 2948 morietur,
981 2879 1190 2951 accipiet
1215 2897 1294 2935 ea.

313 2976 366 3030 4.
398 2973 682 3030 Concordia
709 2977 928 3044 fratrum
964 2971 1018 3027 in
1050 2971 1236 3026 caelesti
1262 2970 1574 3026 hwreditate.
1605 2969 1828 3042 Litigars

240 3067 356 3138 quis
385 3065 683 3120 censendus.
715 3065 852 3118 Ecce
875 3064 1030 3134 quale
1051 3063 1330 3118 consiliqu
1366 3063 1620 3118 Dominus
1645 3061 1826 3118 fratri-

243 3159 346 3212 bus
382 3156 528 3212 dedit
565 3155 981 3221 dissidentibus,
1031 3169 1136 3224 quo
1179 3153 1472 3209 concordes
1515 3163 1730 3220 essent,
1773 3159 1829 3208 ut

243 3257 494 3306 carerent
522 3248 829 3318 cupiditate,
853 3257 907 3303 et
923 3249 1177 3302 continuo
1204 3247 1554 3316 implerentur
1581 3246 1825 3300 veritate.

243 3341 586 3396 inveniamus
613 3353 742 3409 ergo
771 3339 925 3392 talem
959 3337 1340 3393 [nereditatem
1369 3337 1630 3405 Quamdiu
1653 3335 1828 3406 loqui-

241 3449 366 3488 mur
385 3433 454 3488 de
471 3431 756 3487 concordia
787 3441 1121 3486 terrenorum
1149 3429 1393 3496 fratrum,
1426 3445 1544 3500 qua:
1573 3445 1694 3485 rara
1721 3439 1823 3498 est,

241 3541 366 3594 qua:
393 3532 640 3594 suspecta
665 3532 764 3586 est,
791 3537 910 3592 qua:
931 3521 1160 3577 difﬁcilis
1185 3521 1304 3577 est?
1327 3521 1631 3592 Loquamur
1649 3521 1717 3577 de
1737 3523 1827 3576 illa

239 3617 462 3670 fratrum
491 3614 774 3670 concordia
796 3657 810 3682 ,
843 3630 962 3684 quae
1008 3629 1132 3670 vera
1171 3629 1292 3670 esse
1323 3614 1509 3680 debet,
1549 3623 1602 3669 ct
1633 3623 1824 3684 potest.

239 3707 460 3768 Fratres
489 3709 594 3762 sint
613 3705 900 3762 Christiani
927 3721 1133 3772 omnes,
1163 3707 1354 3762 fratres
1379 3708 1484 3762 sint
1507 3707 1692 3762 fideles
1711 3721 1826 3762 om-

239 3813 375 3864 nes,
403 3799 595 3860 fratres
623 3799 731 3852 sint
755 3800 863 3853 nati
891 3815 956 3854 cx
994 3799 1102 3853 Deo
1136 3808 1189 3854 et
1218 3814 1284 3854 ex
1315 3800 1609 3854 visceribus
1645 3801 1828 3855 matris

241 3889 504 3945 Ecclesiae
525 3903 620 3958 per
641 3889 898 3959 Spiritum
923 3901 1164 3944 sanctum
1191 3905 1205 3941 :
1237 3891 1426 3944 fratres
1445 3890 1570 3954 sint,
1601 3889 1830 3946 habeant

233 3993 298 4036 et
321 3981 420 4050 ipsi
441 3980 808 4038 luereditatem
831 3979 1060 4034 dandam
1083 3980 1126 4045 ³,
1153 3989 1206 4034 et
1227 3995 1330 4034 non
1361 3981 1700 4036 dividendam
1727 3979 1825 4052 (a).

237 4069 542 4125 Ilacreditas
571 4085 757 4124 eorum
788 4071 928 4126 Deus
968 4071 1082 4140 ipse
1109 4081 1210 4125 est.
1241 4071 1406 4140 Cujus
1433 4083 1554 4126 sunt
1581 4073 1676 4141 ipsi
1715 4073 1828 4126 ha:-

235 4163 462 4227 reditas,
493 4163 608 4232 ipse
633 4171 716 4217 est
744 4163 986 4218 vicissim
1011 4177 1197 4218 eorum
1224 4163 1524 4219 luereditas.
1551 4166 1829 4232 Quomodo

235 4261 364 4307 sunt
411 4252 512 4321 ipsi
553 4251 670 4321 ejus
699 4251 1020 4308 htcreditas?
1059 4252 1276 4308 Postulo
1309 4270 1340 4306 a
1369 4271 1476 4321 me,
1503 4261 1552 4308 et
1580 4255 1711 4310 dabo
1741 4256 1828 4310 tibi

277 4353 414 4398 entes
447 4344 790 4398 hereditatem
831 4355 968 4398 tuam
997 4345 1174 4417 (Paul.
1206 4361 1281 4412 ιι,
1311 4347 1391 4419 8).
1431 4351 1710 4415 Quomodo
1747 4361 1828 4405 est

237 4434 336 4490 ille
381 4434 617 4504 ipsorum
670 4434 996 4490 haereditas?
1047 4435 1298 4492 Dominus
1349 4455 1470 4510 pars
1521 4439 1828 4496 hereditatis

237 4541 404 4594 metu,
429 4535 478 4581 et
511 4527 684 4580 colicis
725 4528 825 4581 mei
864 4527 1032 4598 (Psal.
1067 4544 1171 4594 xv,
1195 4529 1273 4600 5).
1307 4529 1362 4584 lu
1393 4531 1492 4586 hac
1523 4531 1828 4589 haireditate

237 4619 532 4677 cencordia
557 4621 854 4675 custoditur
885 4640 898 4675 :
929 4635 1024 4691 pro
1055 4621 1154 4677 hac
1183 4622 1493 4680 hrercditate
1515 4639 1619 4679 non
1651 4625 1828 4696 litiga-

237 4723 352 4769 tur.
369 4713 484 4768 Alia
509 4713 792 4768 hazreditas
813 4715 1066 4786 litigando
1088 4717 1380 4786 acquiritur
1406 4735 1420 4770 :
1448 4719 1545 4772 ista
1573 4719 1829 4790 litigando

235 4807 521 4864 amittitur.
551 4806 803 4862 Nolentes
835 4807 1080 4862 homines
1123 4808 1258 4863 hanc
1301 4809 1664 4865 hmreditatem
1705 4827 1829 4881 per-

236 4899 372 4953 dere
395 4939 410 4964 ,
435 4897 602 4952 vitant
641 4897 868 4968 litigare.
913 4899 976 4953 Et
1009 4899 1222 4968 quando
1265 4899 1402 4956 forte
1441 4901 1691 4958 videntur
1721 4905 1827 4959 liti-

235 5005 402 5063 gare,
452 5005 558 5046 non
602 4991 828 5062 litigant.
865 4991 972 5047 Sed
1005 4990 1142 5047 forte
1179 4991 1427 5048 videntur
1465 4995 1707 5065 litigare,
1736 5007 1828 5054 aut

237 5091 496 5154 putantur
541 5083 750 5154 litigare
777 5126 790 5150 ,
836 5097 958 5137 cum
1003 5083 1186 5138 volunt
1229 5083 1482 5140 fratribus
1525 5089 1823 5145 consulere.

237 5175 434 5232 Videte
461 5191 620 5246 quam
646 5191 866 5232 consors
901 5175 970 5232 sit
997 5191 1180 5230 eorum
1211 5177 1428 5247 litigatio
1448 5219 1461 5243 ,
1491 5195 1646 5250 quam
1678 5185 1825 5252 paci-

305 5334 322 5365 ⁸
357 5332 440 5382 llic
457 5331 590 5398 addit
610 5332 764 5398 codex
784 5331 868 5398 (τι,
893 5332 1602 5398 κατῃᾳαίάμρριξῑονῳπᾼίηαηεηι
1625 5337 1824 5398 dimisit,

233 5401 399 5466 ct__uon
421 5391 789 5466 potiztslveritate
806 5391 1038 5466 implerit;
1054 5395 1101 5466 si
1120 5394 1201 5446 ille
1222 5394 1413 5462 impleri
1435 5397 1570 5450 vellet
1583 5399 1644 5450 ab
1667 5415 1722 5452 eo
1743 5391 1828 5466 qui

233 5454 324 5514 ait,
349 5454 520 5519 ('at'ete
543 5455 602 5504 ab
622 5454 750 5519 ρηυή
773 5454 1034 5519 cupiditate
1052 5457 1076 5506 1’

302 5520 322 5587 ξ
355 5523 420 5587 tta
459 5515 724 5587 legendum
746 5531 808 5568 ex
833 5515 1006 5587 eodem
1043 5518 1210 5587 codice
1232 5519 1294 5570 cl.
1322 5519 1601 5587 _[snccessus
1626 5534 1820 5587 magnos

236 5577 421 5644 habuit,
445 5583 490 5644 et
512 5577 672 5644 inultis
694 5579 929 5640 ﬂuctibus
954 5581 1213 5644 [ecundata
1232 5577 1340 5644 83L}

303 5641 322 5710 ξ
355 5639 731 5712 tta_legendum
755 5653 857 5712 rex.
888 5639 1270 5712 eodenrctxljce
1307 5639 1367 5694 cl.
1416 5653 1466 5694 et
1510 5651 1615 5696 Lov.
1643 5647 1778 5696 sirm.
1805 5686 1818 5708 ,

233 5701 350 5762 quia
373 5700 512 5751 valde
525 5700 727 5752 uideris.
755 5700 857 5764 [qui
882 5700 1018 5752 valde
1043 5703 1262 5767 videris]

303 5767 320 5793 ι
357 5762 541 5824 Aliquot
567 5762 694 5822 libri,
718 5763 987 5813 tenendam.

303 5798 1064 5884 (
1087 5825 1150 5878 de
1176 5829 1384 5880 Diversis
1407 5831 1484 5882 91.

1573 397 1798 454 SERMO
1835 395 2105 454 CCCLIX.

3367 412 3500 468 159's
3563 485 3581 496 _

1923 510 2053 578 lica,
2081 529 2238 582 quam
2269 517 2494 588 benigna
2514 561 2529 586 ,
2557 533 2714 590 quam
2740 521 2914 593 justa,
2947 537 3104 595 quam
3145 525 3334 581 fidelis.
3364 528 3495 584 Nam

1923 619 2020 661 nos
2048 607 2254 677 litigare
2281 611 2524 666 videmur
2548 628 2668 668 cum
2697 615 2984 672 Donatistis
3015 637 3029 672 :
3068 618 3161 674 sed
3193 635 3300 674 non
3329 621 3503 690 litiga-

1923 713 2060 754 mus.
2093 700 2186 756 llle
2211 703 2350 757 enim
2381 703 2580 774 litigat,
2609 706 2696 776 qui
2727 707 3034 764 adversario
3059 725 3155 764 suo
3187 713 3324 767 male
3349 715 3497 780 vult;

1923 789 2092 860 litigat
2125 791 2214 846 ille
2239 793 2330 863 qui
2369 795 2728 851 adversarium
2773 813 2927 853 suum
2970 801 3082 854 vult
3119 801 3496 859 detrimentum

1925 884 2051 952 pati,
2077 899 2136 940 se
2162 897 2536 956 augmentum;
2574 891 2646 946 illi
2673 892 2868 964 aliquid
2895 895 3156 953 decedere
3175 941 3189 963 ,
3219 899 3317 954 sibi
3349 917 3502 955 accc-

1923 975 2070 1032 dere.
2095 977 2210 1032 Non
2233 981 2311 1034 sic
2331 997 2515 1034 sumus
2537 997 2654 1037 nos.
2677 985 2835 1040 Scitis
2855 997 2906 1042 et
2931 1003 3044 1051 vos,
3069 990 3216 1044 scitis
3239 993 3324 1060 qui
3348 1001 3496 1045 extra

1923 1066 2180 1120 unitatem
2222 1069 2474 1139 litigatis;
2506 1073 2651 1126 scitis
2677 1083 2731 1128 et
2759 1091 2884 1138 vos,
2915 1079 3002 1146 qui
3031 1095 3094 1132 ex
3126 1081 3383 1134 divisione
3413 1097 3502 1134 ac—

1921 1159 2102 1229 quisiti
2131 1161 2262 1214 eszis
2295 1179 2306 1214 :
2337 1163 2486 1218 scitis
2509 1165 2628 1232 quia
2658 1167 2752 1219 ista
2785 1165 2848 1220 lis
2881 1185 2982 1222 non
3011 1179 3094 1224 est
3117 1173 3234 1224 talis
3263 1173 3348 1238 lis,
3374 1175 3496 1243 quia

1923 1267 2028 1306 non
2056 1263 2138 1308 est
2165 1257 2457 1324 malevola,
2495 1259 2616 1328 quia
2661 1276 2762 1314 non
2811 1262 2978 1316 tendit
3025 1263 3076 1317 in
3123 1265 3499 1320 detrimentum

1921 1343 2248 1410 adversarii,
2294 1348 2386 1402 sed
2423 1351 2590 1418 magis
2635 1352 2685 1405 in
2731 1352 2956 1407 lucrum.
3002 1354 3319 1409 Volebamus
3361 1361 3500 1410 enim

1921 1453 2035 1501 eos,
2067 1453 2186 1493 cum
2223 1441 2413 1510 quibus
2439 1443 2644 1512 litigare
2669 1441 3011 1512 videbamur,
3041 1447 3124 1501 vel
3153 1447 3324 1501 adhuc
3351 1447 3504 1502 vide-

1922 1543 2074 1595 mur,
2107 1533 2382 1601 acquirere
2407 1534 2720 1600 nobiscum;
2751 1549 2856 1590 non
2903 1537 3126 1606 perdere
3147 1581 3160 1601 ,
3193 1547 3250 1593 ut
3281 1555 3376 1594 nos
3408 1555 3502 1591 ar.-

1921 1621 2213 1690 quiramur.
2261 1623 2500 1694 Denique
2537 1625 2636 1679 alia
2683 1643 2784 1680 vox
2831 1638 3010 1682 nostra
3063 1639 3176 1692 cst,
3211 1645 3367 1700 quam
3413 1631 3503 1684 fuit

1923 1711 2101 1768 fratris
2127 1714 2268 1769 illius
2289 1758 2302 1779 ,
2342 1717 2429 1787 qui
2459 1719 2816 1787 interpellavit
2843 1721 3113 1776 Christum
3145 1724 3196 1776 in
3227 1731 3366 1777 terra
3395 1741 3508 1777 am-

1925 1801 2213 1860 bulantem.
2262 1803 2394 1862 Nam
2451 1817 2504 1863 ct
2543 1825 2640 1865 nos
2683 1811 3086 1882 interpellamus
3130 1831 3250 1868 eum
3305 1817 3356 1870 in
3409 1817 3509 1872 hac

1923 1909 2080 1950 causa
2123 1897 2175 1951 in
2216 1899 2354 1953 cmlo
2390 1899 2666 1956 sedentem
2693 1921 2706 1956 :
2737 1915 2790 1957 et
2819 1919 2921 1958 non
2948 1905 3175 1960 dicimus
3200 1947 3213 1969 ,
3253 1907 3467 1960 Domine
3492 1949 3506 1974 ,

1925 1987 2006 2039 dic
2029 1989 2176 2058 fratri
2207 2005 2338 2056 meo,
2365 1999 2418 2044 ut
2438 1993 2628 2046 dividat
2649 2011 2840 2047 mecum
2867 1995 3207 2050 Itwrcditatem
3229 2015 3246 2064 ;
3269 1997 3382 2064 sed,
3411 2000 3508 2054 Dic

1925 2075 2074 2132 fratri
2105 2095 2226 2132 meo
2248 2121 2262 2144 ,
2295 2089 2352 2134 ut
2384 2091 2560 2136 teneat
2589 2099 2798 2138 mecum
2831 2085 3214 2141 hmreditatem.

1997 2168 2052 2222 5.
2089 2167 2462 2224 Cat/tolicorum
2489 2175 2802 2244 propositum
2826 2185 2870 2228 et
2893 2177 3124 2230 voluntas
3152 2197 3240 2245 pro
3262 2177 3501 2234 Ecclesia

1927 2275 2069 2328 pace.
2098 2261 2359 2328 Quoniam
2391 2264 2494 2319 hoc
2531 2267 2774 2322 volumus
2801 2277 2855 2323 et
2883 2269 3088 2338 publica
3119 2271 3276 2326 Gesta
3309 2281 3510 2326 testan-

1929 2359 2016 2406 tur
2045 2371 2058 2406 :
2091 2353 2338 2422 quoniam
2369 2353 2472 2410 hoc
2509 2357 2856 2424 voluerimus,
2887 2359 3088 2414 indices
3110 2371 3232 2414 sunt
3263 2377 3365 2415 non
3399 2373 3513 2417 tan-

1929 2451 2038 2497 tum
2069 2459 2366 2512 sermones,
2399 2447 2493 2502 scd
2525 2449 2714 2502 littera:
2745 2459 2938 2504 nostra:
2967 2451 3102 2505 data:
3133 2453 3198 2506 ad
3223 2455 3357 2507 illm.
3384 2453 3512 2522 Epi-

1928 2543 2201 2603 scopatum
2240 2537 2472 2591 amatis?
2518 2537 2802 2593 Nobiscum
2835 2540 3046 2596 habete.
3095 2540 3150 2595 In
3196 2543 3344 2598 vobis
3383 2543 3514 2597 nihil

1929 2626 2174 2692 odimus,
2227 2629 2354 2682 nihil
2399 2630 2750 2695 detestamur,
2795 2631 2924 2686 nihil
2973 2647 3331 2700 exsecramur,
3381 2635 3514 2690 nihil

1929 2718 2351 2788 anathemamus,
2375 2721 2474 2775 nisi
2499 2721 2784 2776 humanum
2808 2739 3064 2778 errorem.
3092 2725 3411 2792 Humanum,
3435 2727 3517 2782 di-
3557 2763 3562 2768 -

1929 2811 2122 2878 ximus,
2153 2811 2479 2867 detestamur
2501 2829 2762 2873 errorem.
2795 2829 2899 2868 non
2928 2815 3159 2870 divinam
3195 2817 3470 2871 veritatem
3499 2838 3512 2872 τ

1929 2901 2024 2954 sed
2045 2902 2184 2971 quod
2215 2903 2304 2956 Dei
2333 2901 2556 2966 habetis,
2588 2905 2924 2974 agnoscimus
2948 2922 2961 2970 ;
2987 2907 3125 2976 quod
3153 2919 3386 2962 vestrum
3413 2909 3517 2962 im-

1931 2992 2155 3062 probum
2203 2991 2442 3059 habetis,
2492 2995 2830 3065 corrigimus.
2873 2995 3092 3065 Signum
3137 2997 3344 3052 Domini
3377 2999 3514 3060 mei.

1931 3087 2140 3156 signum
2187 3085 2526 3154 imperatoris
2570 3089 2696 3155 mei,
2737 3085 3098 3143 characterem
3131 3087 3289 3158 Regis
3319 3089 3518 3160 mei,in

1931 3177 2208 3233 desertore
2230 3193 2462 3248 agnosco
2480 3195 2494 3244 ;
2515 3195 2718 3248 quaero,
2744 3179 2975 3248 invenio,
2999 3181 3276 3244 admoveo,
3300 3179 3518 3248 accedo,

1931 3267 2292 3339 apprehende,
2315 3267 2469 3334 duco,
2500 3271 2708 3340 corrigo
2729 3269 3080 3336 desertorem,
3104 3287 3208 3325 non
3239 3271 3376 3324 violo
3393 3271 3517 3325 cha-

1931 3369 2212 3415 racterem.
2245 3360 2301 3415 Si
2330 3361 2448 3430 quis
2475 3361 2736 3428 advertat,
2770 3363 2812 3417 si
2845 3363 2966 3432 quis
2995 3365 3253 3428 attemlat,
3283 3363 3383 3418 hoc
3413 3381 3518 3421 non

1854 3513 1860 3518 λ
1932 3459 2010 3506 est
2038 3451 2263 3520 litigare,
2293 3451 2386 3505 sed
2412 3467 2611 3506 amare.
2645 3453 2879 3508 Diximus
2907 3471 3063 3524 posse
3109 3456 3158 3510 in
3201 3472 3300 3509 una
3330 3455 3517 3511 Eccle-

1933 3545 2030 3610 sia,
2067 3543 2216 3614 paeis
2259 3557 2438 3609 causa,
2489 3559 2608 3598 esse
2654 3545 2842 3600 fratres
2882 3547 3175 3600 concordes
3219 3565 3231 3602 :
3278 3548 3518 3615 speciosa

1933 3633 2072 3686 enim
2119 3648 2206 3687 res
2233 3641 2313 3688 est
2341 3634 2622 3688 concordia
2657 3633 2876 3688 fratrum
2917 3635 3019 3706 (a).
3047 3635 3162 3689 Non
3197 3651 3352 3705 posse
3376 3637 3516 3692 enim

1933 3723 2066 3777 duos
2103 3737 2224 3778 esse
2258 3724 2555 3793 episcopos.
2591 3725 2827 3778 Diximus
2849 3767 2862 3789 ,
2908 3735 2964 3779 ut
2993 3725 3148 3780 ambo
3177 3725 3394 3780 sedeant
3416 3729 3430 3758 ¹
3465 3729 3516 3782 in

1935 3833 2033 3870 una
2063 3816 2284 3886 simplici
2315 3814 2530 3870 basilica
2554 3833 2567 3882 ;
2599 3817 2686 3872 ille
2711 3817 2762 3870 in
2789 3817 3064 3886 cathedra,
3091 3819 3177 3874 ille
3203 3829 3260 3873 ut
3289 3823 3520 3892 pert-gri-

1934 3923 2069 3972 nus;
2102 3909 2187 3962 ille
2215 3909 2266 3964 in
2293 3911 2541 3966 cathedra
2565 3911 2875 3978 christiana,
2902 3911 2988 3966 ille
3011 3913 3062 3966 in
3091 3911 3340 3968 haeretica
3369 3917 3516 3984 quasi

1933 3997 2132 4068 collega
2155 3999 2310 4068 juxta
2338 4001 2520 4055 sedeat
2549 4019 2563 4055 :
2596 4015 2781 4056 rursus
2811 4002 2900 4056 ille
2921 4001 2972 4056 in
2999 4007 3404 4076 congregatione
3425 4023 3518 4060 sua

1931 4089 2278 4161 prmsideat',
2311 4093 2543 4146 vicissim
2578 4092 2664 4146 ille
2693 4093 2742 4146 in
2774 4109 2886 4147 sua.
2920 4093 3288 4148 Pmnitentiam
3321 4096 3518 4166 prtcdi-

1932 4189 2103 4234 catam
2144 4195 2264 4237 csse
2301 4181 2354 4235 in
2401 4182 2766 4237 remissionem
2810 4193 3145 4252 peccatorum
3193 4200 3290 4254 per
3333 4201 3519 4240 omnes

1932 4283 2116 4343 gentes
2143 4274 2211 4328 ab
2239 4275 2512 4344 Apostolis
2543 4275 2917 4347 incipit-utilius
2943 4277 3010 4331 ab
3037 4275 3350 4343 Jerusalem,
3379 4278 3516 4334 dixi.

1933 4381 2070 4420 mus.
2107 4365 2244 4434 Quid
2289 4367 2635 4437 respondebis
2681 4368 2800 4423 huic
2841 4368 3116 4436 Ecclesiae,
3160 4385 3278 4440 qua:
3317 4379 3398 4425 est
3428 4387 3520 4440 per

1933 4470 2119 4511 omnes
2153 4467 2336 4527 gentes
2359 4458 2427 4513 ab
2448 4459 2715 4529 Apostolis
2741 4459 3109 4530 incipientibus
3139 4459 3205 4516 ab
3225 4461 3517 4518 Jerusalem

1933 4547 2228 4603 :rdilicata?
2259 4549 2495 4605 Diximus
2522 4569 2536 4606 :
2565 4551 2835 4605 Ponamus
2860 4551 3079 4606 omnino
3102 4553 3518 4612 malamhabuc-

1933 4639 2002 4694 rit
2043 4655 2255 4696 causam
2287 4643 2600 4698 Cmcilianus
2621 4643 2663 4696 ³.
2697 4641 2848 4699 Unus
2891 4645 3050 4698 homo
3086 4646 3274 4699 malam
3305 4663 3518 4700 causam

1933 4729 2136 4788 habens
2160 4776 2174 4800 ,
2207 4733 2312 4788 duo
2342 4735 2614 4800 homines,
2646 4737 2880 4806 quinque
2900 4779 2914 4804 ,
2944 4735 3129 4791 decem
3156 4779 3171 4806 ,
3206 4737 3519 4808 pra-judica-

1933 4823 2065 4878 bunt
2095 4832 2171 4878 tot
2199 4823 2432 4880 millibus
2463 4823 2700 4879 ﬁdelium
2742 4835 2853 4880 toto
2881 4827 3009 4880 orbe
3052 4837 3308 4882 terrarum
3341 4830 3520 4884 nutlti-

1934 4915 2054 4985 plici
2105 4899 2428 4970 fecunditate
2470 4914 2826 4970 diﬂ'usorum?
2859 4917 3096 4972 Diximus
3125 4919 3242 4972 ista.
3287 4919 3522 4976 Credidit

1933 5006 2222 5070 Abraham,
2257 5015 2310 5060 et
2337 5005 2610 5076 promissa:
2637 5016 2761 5061 sunt
2789 5007 2836 5064 ei
2867 5023 3052 5062 omnes
3079 5018 3262 5080 gentes
3293 5028 3306 5064 :
3338 5025 3522 5080 pecca.

1932 5098 2006 5151 vit
2033 5098 2364 5161 Caecilianus,
2388 5107 2440 5152 et
2464 5098 2738 5168 perierunt
2765 5113 2954 5154 omnes
2973 5109 3176 5169 gentes,
3209 5110 3266 5154 ut
3293 5102 3408 5169 plus
3433 5117 3521 5154 va-

1933 5189 2036 5243 leat
2061 5187 2200 5258 quod
2235 5189 2480 5260 iniquitas
2505 5189 2789 5251 commisit,
2820 5205 2977 5259 quam
3001 5191 3142 5260 quin]
3167 5192 3360 5245 veritas
3391 5207 3516 5259 pro-

1933 5281 2115 5337 misit?
2161 5283 2304 5337 Dicta
2356 5281 2478 5337 sont
2517 5281 2630 5336 lucc
2675 5301 2688 5336 :
2733 5283 3000 5353 leguntur.
3049 5283 3279 5338 Ou‘tnino
3331 5293 3515 5337 contra

2007 5462 2194 5530 {codex
2221 5461 2304 5530 cl.,
2329 5468 2379 5511 ut
2401 5461 2576 5530 alterni
2595 5463 2812 5530 sedeant.
2840 5523 2850 5530 _
3171 5520 3180 5530 ,

2001 5527 2020 5557 ¹
2051 5525 2190 5594 Idem
2216 5525 2370 5575 codex
2397 5523 2480 5585 cl.,
2505 5539 2672 5576 rursus
2709 5523 2789 5576 iile
2833 5523 2882 5574 in
2907 5521 3267 5586 congregatione
3297 5521 3512 5584 fa'aterna

1932 5599 1976 5637 ι’
1991 5587 2344 5696 Τῖιίέιᾝιοοειρτ
2367 5646 2449 5706 cl.,
2479 5657 2711 5698 I'onamus
2735 5647 2923 5696 omnino
2945 5645 3070 5708 quod
3094 5642 3274 5694 natlem
3299 5643 3514 5694 habuerit

1931 5721 2125 5760 causam
2146 5708 2444 5760 (‘teciliunus

1929 5771 2064 5884 2560)
2089 5771 2198 5823 Vide
2227 5773 2367 5834 epist.
2399 5769 2485 5822 128
2511 5773 2634 5821 inter
2659 5769 3040 5832 Attgustiuiauas,
3069 5776 3119 5820 ct
3146 5768 3312 5822 collat.
3337 5771 3382 5828 5,
3403 5781 3515 5832 cap.
