3996 6454
514 386 653 441 I595

452 560 453 563 η
509 500 749 569 exempla
786 498 983 562 divina,
1022 506 1203 550 contra
1232 492 1549 554 testimonia,
1577 506 1694 563 qua:
1716 499 1957 546 asserunt
1982 490 2083 545 Ec-

511 591 726 645 clesium
766 599 875 643 toto
915 588 1045 642 orbe
1075 598 1333 641 terrarum
1362 583 1605 650 diffundi,
1636 582 1787 650 cujus
1832 582 2084 636 Ecclesia:

510 686 564 735 in
588 681 799 735 nomine
827 679 1029 734 Domini
1050 687 1289 733 tenemus
1309 678 1583 741 unitatem,
1614 674 1740 729 nihil
1772 675 1842 728 illi
1866 688 2086 743 respon-

509 773 638 829 dere
664 779 964 842 potuemnt.

582 861 633 918 6'.
677 862 751 916 De
771 861 1058 929 Ccciliano,
1088 862 1230 917 salva
1263 861 1503 915 Ecclesia:
1521 876 1695 922 causa,
1715 858 1971 930 judicium
1992 857 2087 910 lia-

506 952 614 1007 beri
633 953 911 1008 voluerunt.
942 952 1237 1009 Cccilianus
1256 954 1481 1007 inventus
1501 953 1755 1006 innocens.
1784 950 1935 1006 Salva
1956 965 2085 1018 ergo

508 1057 669 1097 causa
707 1042 980 1110 Ecclesize,
1005 1042 1312 1097 confirmata
1330 1085 1344 1108 ,
1371 1053 1427 1097 et
1456 1041 1955 1097 incommutabiliter
1980 1040 2083 1095 lixa

508 1149 571 1189 ac
593 1134 842 1200 stabilita,
861 1145 1108 1205 tanquam
1128 1150 1286 1206 supra
1306 1134 1702 1191 fundamentum
1724 1144 1904 1204 petra},
1924 1150 2082 1204 quam

511 1235 680 1292 portu:
722 1225 1009 1279 inferorum
1042 1240 1145 1279 non
1173 1226 1427 1280 vincauto:
1457 1226 1555 1279 hac
1582 1241 1708 1296 ergo
1736 1226 1899 1290 salva,
1934 1224 2083 1278 veni-

510 1329 628 1367 mus
661 1324 711 1370 et
738 1314 806 1370 ad
833 1330 1045 1369 causam
1073 1315 1358 1380 Cmciliaui,
1381 1316 1489 1384 jatn
1516 1318 1687 1371 securi
1715 1314 1969 1386 quidquid
1996 1314 2085 1370 ille

512 1404 837 1459 inveniretur
855 1404 1152 1461 admisisse.
1179 1404 1337 1459 Forte
1365 1405 1529 1470 cnim,
1553 1406 1596 1459 si
1620 1415 1675 1459 ut
1701 1406 1859 1459 homo
1881 1406 2084 1460 inveni-

510 1505 657 1549 retur
680 1496 730 1549 in
757 1496 927 1566 aliqua
948 1496 1122 1566 culpa,
1148 1511 1244 1550 nos
1267 1496 1515 1566 litigaturi
1534 1512 1765 1563 eramus,
1785 1505 1841 1550 ut
1872 1504 2085 1565 propter

510 1587 720 1655 culpam
748 1588 903 1642 unius
930 1588 1159 1642 hominis
1185 1588 1465 1643 damnandi
1504 1598 1595 1642 aut
1623 1589 1977 1659 rebaptizandi
1993 1590 2083 1659 ju-

511 1674 847 1731 dicaremur?
879 1678 942 1731 Et
983 1677 1243 1742 diximus,
1289 1677 1443 1733 Salva
1484 1693 1641 1733 causa
1681 1679 1954 1745 Ecclesizc,
1997 1680 2084 1734 cui

512 1767 642 1819 nihil
672 1768 973 1837 pravjudicat
1006 1777 1277 1838 peccatum
1308 1771 1600 1834 Czcciliani;
1630 1770 1947 1839 necjustitia
1969 1770 2085 1826 Cu:-

510 1858 683 1912 riliani
710 1868 929 1913 coronat
950 1859 1239 1916 Ecclesium
1261 1877 1276 1926 ;
1299 1876 1395 1915 nec
1410 1862 1561 1933 culpa
1581 1859 1849 1917 Caeciliani
1868 1863 2086 1917 damnat

509 1950 802 2007 Ecclesium
821 1970 835 2018 ;
854 1953 1124 2008 videamus
1139 1963 1192 2010 et
1220 1954 1385 2023 ipsius
1408 1970 1619 2011 causam
1641 1956 1814 2025 qualis
1839 1956 1927 2011 sit.
1949 1955 2082 2011 Sus-

511 2045 751 2113 cepimus
791 2059 909 2100 eam
930 2045 1333 2113 discutiendam,
1361 2047 1454 2102 sed
1482 2057 1726 2118 tanquam
1752 2047 1948 2114 fratris,
1976 2064 2082 2105 non

511 2144 761 2204 tauquam
811 2137 1008 2204 patris,
1042 2146 1134 2193 aut
1178 2139 1381 2193 matris.
1430 2137 1585 2193 Pater
1613 2140 1763 2193 nobis
1791 2139 1931 2195 Deus
1958 2148 2041 2194 est
2062 2179 2080 2205 ,

430 2208 437 2213 ’
512 2234 683 2279 mater
708 2226 859 2280 nobis
887 2226 1124 2282 Ecclesia
1154 2236 1237 2283 est
1267 2246 1281 2281 :
1318 2227 1630 2283 Caecihanns
1657 2229 1818 2284 frater
1845 2228 1960 2289 fuit,
1990 2238 2082 2283 aut

508 2313 674 2367 frater
709 2323 825 2381 est;
871 2316 914 2370 si
953 2317 1142 2383 bonus,
1173 2316 1343 2373 bonus
1390 2316 1588 2383 frater;
1615 2317 1662 2372 si
1691 2319 1881 2384 titalns,
1910 2319 2081 2373 malus

505 2403 693 2472 frater,
713 2416 885 2461 tamen
909 2407 1091 2463 frater.
1112 2408 1167 2463 Si
1194 2409 1551 2463 invenerimus
1569 2425 1688 2463 eum
1719 2410 2076 2473 innocentem,

501 2493 611 2563 jam
646 2510 740 2550 vos
767 2492 852 2549 ubi
881 2497 1062 2560 eritis,
1103 2494 1193 2565 qui
1236 2506 1290 2550 et
1331 2498 1381 2551 in
1414 2498 1523 2567 ipsa
1562 2497 1788 2553 humana
1817 2500 2078 2554 calumnia

503 2582 815 2638 defecistis?
841 2585 896 2639 Si
923 2593 1095 2639 autem
1128 2587 1371 2641 inventus
1397 2586 1553 2643 fuerit
1579 2604 1797 2654 nocens,
1828 2591 1872 2646 si
1896 2592 2080 2647 inven-

507 2684 592 2728 tus
623 2675 779 2730 fuerit
821 2693 940 2730 rens
962 2720 974 2741 ,
1024 2695 1122 2733 nec
1150 2680 1226 2734 sic
1264 2681 1386 2737 victi
1430 2696 1643 2751 sumus,
1674 2684 1794 2755 quia
1824 2686 2077 2741 unitatem

507 2762 761 2818 Ecclesia:
781 2806 794 2828 ,
826 2781 944 2834 qua:
991 2767 1180 2823 invicta
1226 2779 1339 2834 est,
1370 2770 1689 2828 obtinemus.
1733 2774 1982 2831 Inventus
2009 2778 2078 2831 sit

507 2869 722 2920 prorsus
752 2871 891 2921 reus,
923 2857 1187 2913 hominem
1218 2860 1521 2933 anathemo,
1562 2864 1755 2920 Christi
1784 2866 2076 2923 Ecclesiam

505 2959 612 2997 non
639 2944 846 3000 desero.
882 2948 989 3002 lloc
1016 2948 1255 3016 fecimus,
1286 2952 1514 3008 diximus
1546 2972 1560 3008 :
1590 2956 1838 3027 deinceps
1863 2974 1983 3013 eum
2009 2959 2075 3014 ad

504 3036 672 3088 altare
695 3036 831 3091 inter
853 3039 1148 3109 episcOpos.
1176 3058 1310 3112 quos
1336 3044 1522 3100 fideles
1549 3055 1600 3101 et
1630 3046 1935 3103 innocentes
1961 3062 2077 3105 cre—

502 3125 699 3190 dimus,
723 3143 828 3181 non
854 3130 1211 3185 recitabimus.
1240 3133 1348 3187 Hoc
1365 3136 1534 3190 solum
1555 3135 1775 3192 fecimus
1795 3137 1889 3212 (a).
1914 3140 2077 3196 Num-

501 3216 630 3284 quid
675 3227 888 3285 propter
932 3218 1269 3278 Cmcilianum
1307 3212 1679 3296 rebaptizaturi
1727 3232 1856 3286 estis
1890 3232 2073 3288 orbem

504 3310 805 3363 terrarum?
832 3309 941 3365 Hac
976 3313 1257 3369 securitate
1282 3317 1564 3373 constituta
1583 3328 1637 3374 et
1656 3318 1884 3388 firmata,
1914 3325 2076 3394 capit

500 3396 692 3451 discuti
714 3414 872 3454 causa
897 3400 1184 3460 Cmciliani.
1212 3404 1457 3463 Inventus
1482 3418 1562 3465 est
1587 3411 1860 3480 innocens,
1891 3414 2076 3471 inven-

500 3498 585 3541 tus
612 3498 693 3544 est
716 3505 744 3543 a
774 3491 1217 3550 calumniantibus
1246 3497 1529 3569 appetitus.
1559 3500 1735 3557 Semel
1760 3504 1952 3559 absens
1980 3506 2071 3561 da-

501 3590 712 3636 mnatus
732 3624 746 3648 ,
782 3599 1016 3652 pra'sens
1042 3596 1122 3642 ter
1147 3584 1420 3645 absolutus
1462 3590 1538 3664 (ὁ)
1578 3611 1593 3649 :
1634 3594 1914 3652 damnatus
1938 3614 1967 3653 a
1998 3600 2073 3654 fa-

496 3671 690 3736 ctione,
725 3673 995 3731 absttlutus
1016 3676 1084 3732 ab
1111 3679 1467 3738 ecclesiastica
1496 3686 1733 3743 veritate.
1764 3688 1919 3745 Lecta
1947 3703 2073 3748 sunt

496 3759 647 3827 lucc,
693 3764 909 3831 probata
940 3775 1061 3820 sunt
1105 3768 1237 3825 haec.
1266 3771 1553 3838 Quaesitum
1597 3787 1771 3833 utrum
1816 3780 2073 3839 haberent

495 3850 637 3918 quod
673 3862 855 3909 contra
886 3857 1142 3914 dicerent.
1174 3861 1513 3937 Consumptis
1536 3872 1783 3927 omnibus
1814 3858 2069 3946 tergivero

497 3942 789 3998 sationibus
819 3947 1197 4005 calumniarum
1222 3967 1436 4010 suarum
1457 3999 1471 4023 ,
1498 3967 1589 4013 aut
1614 3960 1699 4015 ubi
1727 3963 1858 4018 nihil
1883 3942 2069 4022 contra

493 4033 884 4091 evidentissima
917 4039 1154 4109 proferre
1179 4044 1515 4117 documenta,
1559 4068 1656 4108 nec
1695 4063 1878 4111 contra
1909 4059 2072 4127 ipsius

496 4127 848 4184 innocentiam
887 4132 1152 4190 Ca'ciliani
1196 4148 1511 4207 potuerunt,
1564 4146 1764 4213 prolata
1810 4152 2069 4207 sententia

495 4228 572 4272 est
596 4218 848 4275 adversus
872 4238 985 4279 eos.
1014 4226 1079 4280 Et
1110 4236 1283 4284 tamen
1306 4229 1403 4300 ipsi
1434 4232 1635 4304 dicunt,
1665 4229 1921 4295 Vicimus.
1949 4242 2071 4296 γεη-

493 4322 636 4377 cant,
660 4314 753 4368 sed
782 4331 859 4381 se,
888 4326 946 4372 ut
972 4320 1240 4389 possideat
1268 4338 1361 4379 eos
1381 4325 1651 4394 Christus;
1677 4331 1849 4387 vincat
1867 4349 1962 4389 eos
1978 4337 2069 4407 qui

488 4404 712 4459 redemit
731 4422 847 4463 eos.

566 4498 616 4551 7.
661 4497 815 4553 Multi
837 4518 897 4555 ea:
920 4500 1301 4560 Donatistarum
1334 4510 1599 4565 schismate
1631 4516 1852 4571 conversi
1876 4520 1943 4573 ad
1969 4518 2069 4575 Ec-

490 4590 713 4644 clesiam.
743 4592 809 4647 Et
853 4603 1027 4650 mtnen
1053 4597 1118 4651 de
1146 4599 1324 4655 multis
1352 4603 1664 4672 gaudemus.
1710 4608 1851 4665 Multi
1882 4628 2066 4670 eorum

487 4682 755 4738 fructuosa
783 4685 903 4740 victi
929 4696 1071 4756 sunt,
1099 4690 1220 4759 quiia
1252 4707 1349 4746 nec
1369 4694 1491 4749 victi
1514 4708 1653 4752 sunt.
1687 4701 1850 4756 Error
1875 4704 2064 4760 huma-

490 4786 589 4827 nus
618 4774 783 4829 victus
810 4785 910 4837 est.
937 4776 1096 4835 homo
1121 4781 1351 4838 salvatus
1372 4794 1470 4840 est.
1502 4787 1631 4843 Nam
1664 4793 1901 4851 medicus
1926 4813 2030 4852 non
2047 4800 2063 4832 ί

488 4865 758 4919 Contendit
778 4882 896 4923 cum
928 4880 1159 4942 aegroto;
1192 4882 1246 4928 et
1270 4874 1315 4929 si
1336 4888 1565 4948 mgrotus
1596 4881 1718 4938 facit
1743 4900 1863 4941 cum
1893 4889 2064 4944 medi-

551 5042 568 5108 ξ
605 5040 834 5108 particula
846 5057 1042 5108 pegans
1057 5049 1198 5100 abest
1215 5063 1245 5099 a
1265 5050 1539 5105 (‘olbertino
1558 5057 1738 5108 codice.

548 5102 602 5159 (α
650 5101 762 5150 \‘ide
784 5100 949 5153 coth
961 5109 1010 5166 5,
1034 5122 1170 5172 capp.
1195 5100 1311 5170 $0,
1331 5100 1425 5165 233

550 5100 623 5221 (bi
645 5168 900 5213 Damnatus
920 5165 1078 5219 fuerat
1097 5184 1125 5219 a
1161 5175 1415 5221 Donatistis
1425 5150 1484 5221 ’ἰη
1504 5191 1566 5221 sm

524 5162 1078 5244 :Stiimnamnatgslfuerat
1153 5162 1487 5244 ‘Douatistis'in
1496 5162 1703 5242 synodo,
1727 5183 1852 5244 apud
1873 5187 2064 5236 Cartha-

487 5226 671 5298 ginem,
687 5226 951 5298 Iannoﬁll.
978 5229 1229 5298 Absolutus
1252 5243 1329 5285 est
1350 5226 2062 5298 primuminoniai'in'evoitcilio

484 5285 577 5371 51’}:
610 5283 1016 5371 {‘f'c-i‘l‘ldthfi:
1030 5291 1157 5371 ea
1188 5283 1394 5371 {tersaqu
1407 5283 1604 5371 ξῖέίέὶέ
1613 5283 2063 5371 ’τῖ’ὅδῖιςῖί’¹’ίοῗ”ἕὲίῖὲῖ

485 5345 591 5431 rei:
614 5345 1171 5431 ειιξλδεέέλφξιεεεεηρν,
1192 5345 1453 5431 mem
1473 5345 2067 5431 messium};

486 5413 615 5483 tore,
649 5407 710 5457 ad
748 5407 897 5481 quem
921 5423 1033 5483 pars
1053 5407 1256 5483 adversa
1290 5407 2064 5483 ρτρνοεείὶνθῖξῖλῖιῖὲἶὲῖῆὖίὲνέιῖ

485 5471 1217 5552 LentulnAeuni‘criuiinatio,quod
1231 5471 1477 5552 ordinatus
1718 5471 2065 5552 felices-ptuli-

485 5533 626 5635 pensi
653 5534 895 5594 episeopo,
910 5535 993 5597 qui
1014 5533 1484 5607 sacrosCodicessub
1505 5533 2064 5605 Diocletiano-tradiiﬁngg},

505 5592 751 5635 crehamr-
771 5596 901 5635 mind
933 5603 1023 5635 eis:
1052 5610 1219 5635 eorum
1244 5599 1364 5635 t'nrm
1410 5604 1465 5635 ml
1492 5606 1759 5635 ρηιιςρηιηιει.
1785 5624 1970 5635 “mum
1992 5630 2036 5635 Μ

505 5592 751 5665 probatur.
771 5592 903 5665 Quod
925 5592 1221 5665 _'etsi_vcrum
1244 5599 1386 5661 foret,
1409 5604 1466 5652 ad
1491 5592 2065 5665 scliistl‘ta-t—isvcau—s‘aiii‘sua:

484 5656 664 5729 tisana
689 5657 965 5729 eratsquia
998 5656 1092 5729 alia
1116 5667 1193 5729 est
1213 5673 1355 5711 causa
1375 5656 1616 5729 'rEcclesize
1635 5701 1649 5721 .
1688 5656 2060 5725 anniitiﬁiiiitiﬁ.

482 5717 946 5797 ςλξῖξξὲξξιξξξξ-έρὶξ
962 5734 976 5797 ρ
990 5720 1167 5797 ulrilicis
1180 5728 1539 5797 comprobatum
1560 5717 1857 5783 est'r‘cltceni
1867 5717 2064 5797 Bigis:

386 5802 391 5805 μ
481 5779 597 5823 t-‘um
619 5775 898 5828 traditorem
923 5775 1015 5831 non
1041 5783 1206 5833 fuisse.
1233 5775 1361 5838 si».

1721 371 1776 429 S.
1814 363 2171 426 AUGUSTINI
2212 364 2510 423 El‘lSCOl‘l

3639 370 3793 428 1598

2190 500 2275 551 co,
2305 486 2529 540 vincitur
2553 485 2713 541 febris
2732 525 2747 551 ,
2779 495 2832 540 ct
2858 494 3073 539 sanatur
3096 494 3344 555 a-grotns.
3376 484 3508 540 Nam
3541 486 3647 542 hoc
3692 490 3785 541 in-

2190 575 2354 630 tendit
2379 574 2635 642 mcdicus,
2669 575 2880 629 vincere
2913 593 2924 627 :
2957 574 3056 629 hoc
3085 574 3311 629 intendit
3349 585 3404 628 et
3429 574 3617 643 febris,
3651 578 3785 630 vin-

2186 682 2327 722 cere.
2360 666 2569 721 Positus
2597 677 2679 721 est
2707 668 2855 735 quasi
2883 666 2934 720 in
2973 666 3150 720 medio
3178 676 3428 736 azgrotus.
3473 668 3528 722 Si
3576 669 3781 721 vicerit

2186 757 2444 823 medicus,
2467 757 2645 811 salvus
2668 767 2751 811 est
2775 766 3005 827 wgrotus
3031 776 3043 811 :
3072 758 3114 811 si
3144 757 3326 811 vicerit
3356 758 3539 824 febris,
3572 760 3784 812 morie.

2187 854 2273 901 tur
2295 856 2545 917 :cgrotus.
2574 846 2631 900 In
2668 848 3006 903 contentione
3032 863 3158 917 ergo
3202 857 3379 901 nostra
3410 849 3779 904 contendebat

2186 936 2425 992 medicus
2453 953 2546 1007 pro
2590 937 2779 1003 salute,
2808 952 2903 1007 pro
2929 936 3075 992 febre
3116 937 3470 993 contendebat
3511 950 3778 1008 n'grotus.

2186 1030 2284 1097 Qui
2312 1030 2797 1085 animadverterunt
2825 1029 3015 1085 medici
3042 1030 3319 1085 consilium
3341 1071 3355 1094 ,
3395 1031 3658 1096 vicerunt,
3694 1032 3775 1085 fe-

2185 1120 2335 1174 brcm
2366 1127 2765 1189 superaverunt.
2801 1121 3064 1174 Habemus
3094 1135 3187 1173 cos
3212 1134 3370 1174 sanos
3389 1130 3443 1174 et
3469 1120 3775 1190 gaudentes

2186 1211 2459 1266 nobiscum
2490 1211 2542 1265 in
2565 1211 2826 1268 Ecclesia.
2849 1211 3291 1279 Blasphemabant
3322 1226 3416 1265 nos
3440 1221 3619 1275 antea,
3642 1214 3773 1282 quia

2186 1303 2372 1357 fratres
2394 1319 2492 1357 nos
2516 1320 2622 1358 non
2649 1304 3004 1375 agnoscebant
3028 1322 3042 1359 :
3061 1304 3218 1357 febris
3235 1304 3374 1357 enim
3399 1314 3630 1359 mentem
3656 1313 3769 1358 tur-

2184 1393 2420 1449 baverat.
2450 1394 2560 1449 Nos
2603 1406 2778 1449 tamen
2809 1394 2927 1450 illos
2964 1402 3021 1449 et
3044 1393 3367 1449 detestantes
3393 1410 3493 1450 nos
3514 1435 3531 1461 ,
3576 1404 3628 1449 et
3659 1409 3769 1448 sm-

2185 1488 2390 1542 vientes
2430 1488 2485 1541 in
2515 1503 2612 1542 nos
2647 1502 2919 1552 amamus,
2948 1496 3004 1543 et
3030 1486 3371 1542 szevientibus
3405 1488 3617 1556 (egrotis
3646 1502 3767 1541 Scr-

2184 1581 2474 1636 viebamus.
2506 1580 2918 1645 Resistebamus,
2944 1578 3415 1643 contendebamus,
3437 1588 3492 1635 et
3516 1579 3667 1649 quasi
3699 1581 3771 1634 li-

2184 1674 2513 1745 tigabamus;
2543 1682 2599 1729 et
2644 1685 2817 1729 tamen
2862 1672 3188 1727 amabamus.
3219 1671 3423 1726 Molesti
3467 1671 3608 1727 enim
3641 1682 3772 1727 sunt

2183 1781 2371 1821 omnes
2389 1765 2478 1835 qui
2507 1765 2695 1821 talibus
2716 1763 3083 1835 languentibus
3106 1763 3376 1830 serviunt;
3405 1763 3499 1819 sed
3523 1764 3589 1819 ad
3615 1767 3766 1820 salu-

2184 1865 2290 1912 tem
2319 1857 2526 1912 molesti
2553 1864 2694 1911 sunt.

2252 1948 2306 2003 8.
2326 1946 2700 2002 Obstinatorum
2714 1945 3049 2019 quorumdam
3062 1946 3230 2017 inepta
3246 1947 3517 2001 excusatio.
3535 1946 3765 2001 Aliorum

2182 2037 2379 2091 insania
2400 2048 2447 2090 et
2474 2041 2637 2109 furor.
2671 2037 2974 2092 Invenimus
3001 2045 3178 2092 autem
3210 2036 3451 2092 homines
3476 2038 3765 2107 aliquando

2182 2127 2358 2197 pigros
2376 2127 2633 2193 dicentes,
2671 2126 2864 2181 Verum
2892 2134 2994 2192 est,
3020 2124 3232 2182 domine
3250 2167 3266 2193 ,
3307 2143 3488 2183 verum
3516 2138 3626 2192 est;
3657 2146 3764 2182 mn

2180 2227 2264 2273 est
2291 2216 2415 2288 quid
2436 2216 2635 2272 dicere.
2660 2217 2798 2285 Quid
2822 2217 2989 2287 ergo?
3011 2215 3165 2283 Veni,
3192 2232 3312 2287 age.
3340 2218 3496 2272 Pater
3518 2234 3670 2273 meus
3691 2220 3763 2274 ibi

2179 2316 2261 2362 est
2289 2318 2545 2369 mortuus,
2576 2316 2744 2361 mater
2770 2322 2883 2360 mea
2914 2306 2986 2361 ibi
3024 2307 3248 2376 sepulta.
3290 2306 3554 2361 Mortuum
3585 2311 3765 2362 nouli-

2181 2395 2317 2450 nasti
2345 2404 2398 2451 et
2425 2396 2711 2465 sepultum.
2762 2397 2942 2463 Vivis,
2986 2395 3161 2451 adhuc
3204 2406 3286 2451 est
3313 2413 3433 2452 cum
3460 2413 3567 2467 quo
3594 2398 3763 2469 loqui.

2178 2486 2432 2544 Parentes
2463 2489 2533 2542 tui
2564 2488 2836 2543 christiani
2882 2489 3092 2544 fuerunt
3122 2489 3172 2543 in
3219 2499 3367 2559 parte
3408 2491 3591 2545 Donati
3621 2510 3634 2544 :
3666 2509 3762 2561 pa.

2179 2589 2358 2633 rentes
2390 2594 2575 2634 eorum
2607 2579 2743 2635 forte
2783 2588 2837 2635 et
2880 2581 2977 2649 ipsi
3020 2580 3314 2647 christiani,
3343 2582 3423 2636 avi
3452 2592 3543 2636 aut
3571 2589 3759 2653 proavi

2177 2680 2322 2725 certe
2342 2672 2548 2739 pagani.
2570 2670 2669 2738 Qui
2693 2686 2821 2741 ergo
2844 2666 2997 2740 primi
3020 2671 3139 2727 facti
3161 2681 3283 2727 Suttt
3306 2673 3599 2742 christiani,
3630 2692 3757 2731 eum

2175 2762 2489 2817 extulissent
2519 2771 2764 2832 parentes
2807 2778 2934 2818 suos
2975 2778 3239 2834 paganos,
3279 2765 3534 2836 numquid
3567 2778 3757 2824 contra

2176 2854 2449 2908 veritatem
2477 2852 2649 2924 frigidi
2670 2852 2920 2909 fuertutt?
2944 2855 3198 2925 numquid
3219 2857 3585 2913 auctoritatem
3609 2876 3759 2915 mor-

2178 2954 2384 3000 tuorum
2418 2955 2689 3015 parentum
2718 2947 2886 3001 secuti
2915 2956 3061 3014 sunt,
3099 2958 3153 3003 et
3190 2964 3294 3003 non
3325 2950 3498 3018 potius
3533 2953 3760 3008 mortuis

2177 3034 2487 3105 parentibus
2516 3036 2688 3090 vivum
2714 3034 2986 3092 Christum
3026 3039 3407 3108 praetulerunt?
3431 3041 3486 3097 Si
3518 3057 3644 3112 ergo
3670 3042 3762 3099 hic

2175 3143 2297 3182 vera
2326 3128 2499 3182 unitas
2523 3136 2606 3183 est
2625 3170 2640 3195 ,
2669 3138 2818 3183 extra
2861 3144 3019 3199 quam
3051 3144 3271 3186 necesse
3294 3141 3376 3186 est
3400 3132 3452 3187 in
3494 3145 3755 3191 aeternum

2174 3223 2438 3289 moriaris,
2460 3238 2623 3293 quare
2650 3233 2885 3279 mortuos
2907 3233 3153 3294 parentes
3175 3234 3293 3280 tuos
3310 3228 3463 3295 sequi
3483 3228 3580 3294 vis,
3605 3245 3752 3285 mor-

2175 3321 2294 3367 tuos
2320 3314 2411 3369 tibi
2434 3324 2484 3368 et
2510 3315 2657 3369 Deo“!
2685 3314 2820 3382 Quid
2850 3316 3017 3370 dicis?
3056 3317 3339 3386 responde.
3366 3318 3562 3376 Verum
3590 3320 3745 3389 dicis,

2174 3418 2279 3459 non
2316 3412 2399 3459 est
2424 3405 2551 3474 quid
2600 3405 2799 3462 dicere.
2842 3407 2979 3473 Quid
3024 3407 3106 3463 vis
3141 3407 3371 3464 faciam?
3411 3411 3754 3471 Consuetudo

2174 3495 2355 3550 nescio
2382 3511 2501 3565 quae
2525 3504 2666 3551 tenet
2695 3498 2794 3552 sibi
2822 3497 3063 3553 homines
3088 3499 3242 3555 tales.
3276 3501 3573 3573 Lethargiei
3603 3516 3747 3572 sunt,

2172 3586 2437 3641 contrario
2462 3587 2648 3642 morbo
2673 3588 2933 3656 laborant,
2964 3589 3277 3646 dormienda
3317 3593 3557 3649 morituri
3600 3608 3746 3653 sunt.

2172 3676 2274 3731 Alii
2299 3676 2590 3745 phrenetici
2617 3686 2759 3745 sunt,
2785 3680 2993 3735 molesti
3022 3691 3164 3734 sunt.
3186 3681 3317 3737 Nam
3339 3684 3437 3739 etsi
3464 3686 3750 3744 moriturus

2172 3778 2254 3823 est
2296 3769 2633 3841 lethargicus,
2664 3772 2746 3826 vel
2781 3773 3032 3829 servienti
3073 3774 3174 3829 sibi
3212 3792 3319 3831 non
3364 3787 3445 3832 est
3474 3780 3748 3838 molestus.

2171 3861 2471 3919 Phrenetici
2500 3866 2707 3920 molesti
2737 3875 2888 3931 sunt,
2920 3867 3011 3937 qui
3045 3880 3277 3924 mentem
3304 3871 3667 3940 perdiderunt,
3696 3887 3752 3930 et

2172 3952 2343 4007 insani
2372 3963 2533 4025 atque
2574 3954 2756 4010 furiosi
2783 3957 2971 4010 armati
3017 3965 3271 4029 vagantur
3301 3960 3398 4015 hac
3422 3969 3577 4031 atque
3605 3964 3748 4029 illac,

2170 4055 2468 4115 quaerentes
2494 4063 2628 4115 quos
2657 4049 2924 4114 occidant,
2954 4065 3089 4119 quos
3114 4061 3402 4107 excteecnt.
3430 4052 3575 4108 Nova
3605 4057 3749 4111 enim

2170 4137 2323 4192 nobis
2345 4138 2582 4194 nuntiata
2599 4151 2742 4206 sunt,
2763 4141 2971 4196 cuidam
2991 4144 3299 4214 presbytero
3316 4154 3498 4202 nostro
3517 4147 3751 4217 linguam

2168 4239 2520 4285 exsecuerunt
2549 4231 2648 4301 (a).
2676 4231 2767 4287 isti
2808 4232 3097 4303 phrenetici
3137 4244 3281 4290 sunt.
3305 4237 3641 4294 Excerccnda
3666 4252 3753 4297 est

2169 4318 2433 4387 charitas,
2478 4322 2690 4377 amandi
2740 4332 2795 4378 et
2839 4323 2957 4392 ipsi.
2999 4323 3145 4379 Multi
3183 4327 3409 4382 correcti
3447 4327 3707 4384 fleverunt
3732 4374 3749 4397 ,

2169 4411 2322 4467 multi
2352 4415 2576 4468 correcti
2602 4432 2614 4467 :
2643 4429 2742 4470 nos
2764 4415 3029 4480 novimus,
3058 4415 3125 4470 ad
3156 4432 3251 4472 nos
3282 4427 3539 4475 venerunt
3565 4420 3631 4475 de
3654 4439 3753 4477 nu-

2167 4518 2317 4558 mero
2350 4502 2592 4572 ipsorum
2624 4503 2962 4560 furiosorum.
3009 4504 3164 4561 Flent
3206 4508 3441 4577 quotidie
3484 4513 3751 4580 prmterita

2168 4608 2292 4657 sua,
2324 4609 2421 4649 nec
2447 4596 2705 4649 satiantur
2741 4596 2990 4668 lacrytnis
3016 4597 3352 4655 attendentes
3374 4614 3559 4656 eorum
3594 4602 3752 4658 τωο-

2166 4699 2301 4752 rem,
2320 4688 2407 4754 qui
2430 4701 2532 4740 non
2553 4686 2753 4756 digesta
2771 4688 3025 4743 ebrietate
3043 4690 3289 4744 vanitatis
3308 4691 3480 4748 adhuc
3498 4694 3747 4752 smvinnt.

2166 4774 2308 4844 Ergo
2334 4776 2457 4846 quid
2483 4777 2743 4834 facimus?
2774 4779 2989 4835 Talibus
3016 4782 3217 4836 servire
3239 4782 3470 4838 Charitas
3489 4784 3648 4856 cogit.
3679 4786 3749 4842 Et

2165 4868 2408 4937 quamvis
2451 4869 2660 4924 molesti
2701 4885 2886 4926 sumus
2916 4871 3124 4942 utrique
3151 4874 3367 4943 generi,
3415 4883 3471 4930 et
3497 4874 3751 4947 lethargi-

2164 4972 2283 5012 cnm
2310 4959 2606 5025 excitando,
2637 4970 2691 5019 et
2713 4960 3080 5030 phreneticum
3106 4961 3336 5032 ligando,
3361 4964 3547 5020 ambos
3569 4974 3750 5022 tamen

2164 5064 2424 5105 amamus.

2235 5141 2287 5197 9.
2329 5142 2608 5197 Concordia
2632 5147 2849 5215 fratrum
2872 5143 2925 5198 in
2947 5143 3445 5202 Claristo.‘Bona‘res
3471 5148 3748 5205 concordia

2164 5236 2412 5303 fratrum;
2438 5234 2531 5288 sed
2562 5234 2738 5289 videte
2783 5234 2869 5289 ubi
2900 5252 2912 5286 :
2947 5234 3001 5288 in
3032 5232 3247 5290 Christo
3302 5238 3745 5294 Christianarum.

2164 5323 2233 5377 Et
2252 5341 2394 5378 amor
2417 5325 2778 5395 proximorum.
2810 5322 2968 5390 Quid,
3001 5324 3047 5379 si
3076 5324 3249 5381 adhuc
3274 5327 3507 5383 nondum
3530 5339 3612 5385 est
3636 5328 3748 5384 frn-

2167 5424 2248 5469 ter
2287 5415 2338 5469 in
2373 5414 2626 5471 Christo?
2654 5416 2785 5483 Quia
2817 5414 2975 5469 homo
2996 5458 3010 5480 ,
3055 5417 3329 5487 proximus
3367 5429 3486 5486 est;
3517 5435 3665 5476 ames
3695 5432 3752 5477 et

2164 5505 2336 5573 ipsum
2356 5546 2370 5568 ,
2398 5514 2458 5559 ut
2484 5506 2701 5560 lncreris
2738 5515 2792 5560 et
2822 5506 3013 5574 ipsum.
3053 5506 3107 5561 Si
3138 5523 3264 5576 ergo
3293 5509 3585 5566 concordes
3622 5527 3746 5567 cum

2165 5595 2328 5650 fratre
2355 5594 2671 5660 christiano,
2700 5610 2844 5649 ames
2869 5605 3043 5649 autem
3086 5597 3402 5666 proximum,
3438 5600 3597 5655 etiam
3624 5616 3747 5657 cum

2166 5702 2270 5758 quo
2296 5690 2453 5741 modo
2478 5686 2757 5742 concordia
2786 5703 2887 5739 non
2918 5696 3018 5751 est,
3051 5688 3169 5756 quia
3193 5690 3425 5745 nondum
3460 5692 3508 5745 in
3536 5692 3751 5751 Christo

2235 5802 2303 5862 (It)
2330 5801 2443 5849 vide
2461 5800 2703 5863 Augustini
2732 5800 2870 5862 epist.
2904 5798 3014 5859 l8;i,
3039 5811 3087 5847 n.
3115 5798 3175 5847 50
