3996 6482
240 476 372 536 1597

229 596 385 650 frater
415 599 516 654 est,
544 586 665 658 quia
690 575 922 637 nondum
959 575 1010 629 in
1037 568 1262 627 Christo‘
1289 571 1504 622 renatus
1529 570 1643 626 est,
1673 575 1806 615 non-

229 678 360 740 dum
399 650 590 736 Christi
617 677 945 730 saeramenta
974 663 1156 726 novit;
1183 670 1416 730 paganus
1443 662 1528 710 est
1547 695 1561 717 ,
1591 650 1806 707 Judzeus

230 784 350 839 est;
379 780 658 827 esttamen
689 760 980 834 proximus,
1012 754 1134 824 quia
1165 751 1324 805 homo
1351 754 1430 802 est
1460 764 1473 800 :
1502 744 1546 798 si
1580 755 1728 796 amas
1754 748 1810 794 et

234 832 433 938 ipsum,
469 832 737 916 accessisti
774 863 826 908 et
856 849 923 904 ad
951 847 1107 902 aliam
1135 841 1470 898 dilectionem
1498 834 1604 889 alio
1633 832 1806 932 dono'.

233 921 291 1014 et
318 956 393 1011 sic
417 921 542 1009 sunt
567 950 618 1006 in
641 956 692 1002 te
712 945 837 1008 duo,
859 937 1138 996 Concordia
1155 934 1389 1002 fratrum,
1414 935 1459 982 et
1479 941 1621 978 antor
1637 921 1813 993 proxi-

235 1060 456 1099 morum.
484 1041 563 1096 Ex
599 1037 682 1090 his
710 1031 954 1089 omnibus
992 1021 1324 1082 concordiam
1355 1014 1652 1072 tenentibus
1693 1024 1814 1065 cum

236 1133 494 1189 fratribus
537 1135 593 1182 et
634 1121 933 1178 amantibus
970 1115 1294 1188 proximum,
1323 1114 1530 1162 constat
1575 1099 1816 1157 Ecclesia

236 1226 432 1280 devota
454 1219 689 1284 Christo,
711 1222 767 1270 et
790 1209 997 1266 subdita
1023 1208 1158 1269 viro,
1189 1211 1245 1256 ut
1273 1201 1362 1254 iiat
1392 1198 1627 1262 tertium,
1665 1191 1756 1246 Vir
1774 1199 1820 1245 et

240 1314 424 1368 mulier
448 1309 543 1365 sibi
563 1281 920 1361 consentientes
950 1297 967 1366 (
995 1293 1155 1348 Ercfi.
1181 1305 1309 1355 xxv,
1336 1286 1431 1358 2).
1457 1285 1610 1342 Unde
1638 1281 1823 1337 admo-

241 1417 436 1459 nemus
460 1397 784 1456 Charitatem
809 1398 1060 1452 vestram,
1082 1391 1138 1440 et
1161 1393 1254 1437 v05
1279 1379 1623 1435 exhortamur
1643 1374 1695 1428 in
1720 1373 1823 1459 Do-

241 1495 394 1551 mino
413 1535 428 1560 ,
456 1486 735 1563 praesentia
761 1477 1140 1542 contemnatis,
1175 1473 1366 1528 fratres
1405 1468 1539 1533 mei,
1570 1481 1688 1536 qua:
1717 1457 1822 1518 non

242 1587 524 1643 vobiscum
549 1575 822 1635 moriendo
848 1570 1067 1644 portatis
1090 1585 1105 1623 :
1128 1563 1358 1623 caveatis
1377 1565 1611 1633 peccata,
1638 1567 1828 1610 cavea-

247 1681 319 1734 tis
354 1675 686 1746 iniquitates,
714 1664 943 1723 caveatis
983 1659 1266 1714 saeculares
1302 1652 1632 1722 cupiditates.
1677 1645 1829 1699 Tune

246 1771 393 1829 enim
420 1777 501 1822 est
521 1762 722 1823 fructus
743 1764 923 1811 noster
944 1753 994 1808 in
1019 1748 1169 1804 nobis
1191 1749 1412 1815 integer,
1435 1753 1489 1796 et
1509 1752 1712 1794 merces
1734 1749 1830 1789 nod-

247 1826 361 1917 stra
395 1855 533 1928 apud
562 1851 841 1910 Dominum
877 1845 1028 1916 plena
1057 1839 1386 1912 gaudiorum.
1415 1831 1546 1888 Nam
1577 1829 1676 1928 etsi
1701 1826 1829 1881 dici~

250 1965 374 2007 mus
398 1920 537 2018 quod
569 1940 852 1999 dicendum
879 1943 981 2001 est,
1013 1932 1113 1989 etsi
1141 1928 1488 2001 praedicamus
1516 1920 1658 1993 quod
1690 1934 1828 1990 prae.

250 2013 538 2096 dicandum
565 2042 666 2098 est,
695 2041 748 2087 et
764 2028 1016 2084 solvimus
1046 2034 1142 2078 nos
1161 2019 1297 2091 apud
1325 2017 1600 2073 Dominum
1629 2013 1680 2066 in
1703 2025 1835 2064 con-

249 2141 438 2202 Spectu
465 2125 689 2188 Domini,
714 2121 836 2193 quia
863 2133 966 2172 non
989 2115 1246 2170 tacuimus
1267 2109 1406 2182 quod
1431 2107 1698 2170 timemus,
1726 2111 1834 2156 non

254 2191 516 2276 tacuimus
545 2214 684 2288 quod
723 2191 994 2270 amamus,
1030 2213 1090 2259 ut
1116 2213 1275 2271 super
1302 2213 1459 2271 quem
1498 2194 1700 2250 venerit
1727 2191 1839 2261 gla-

251 2313 377 2370 dius
431 2283 676 2364 vindicta:
729 2296 1049 2362 dominicae,
1080 2292 1206 2364 quid
1250 2287 1566 2361 speculatori
1619 2283 1840 2353 imputet

254 2421 365 2460 non
394 2400 626 2456 inveniat
653 2414 666 2449 :
698 2405 873 2448 tamen
902 2390 1147 2443 nolumus
1175 2384 1472 2437 mercedem
1495 2387 1730 2432 nostram
1756 2389 1840 2428 sev

254 2509 442 2549 curam
467 2505 585 2544 esse
611 2485 760 2539 vobis
783 2478 1024 2552 perditis,
1056 2474 1153 2530 sed
1183 2472 1332 2527 vobis
1359 2467 1607 2524 inventis.
1635 2464 1764 2519 Nam
1787 2471 1841 2516 et

258 2583 533 2656 apostolus
555 2577 748 2634 Paulus
777 2583 997 2628 securus
1024 2576 1139 2623 erat
1163 2565 1229 2620 de
1255 2561 1501 2617 mercede
1534 2573 1649 2622 sua,
1681 2565 1735 2611 et
1765 2565 1842 2608 ta-

260 2644 390 2732 nien
416 2671 542 2743 quid
571 2671 644 2724 ait
673 2661 902 2738 populo?
936 2659 1089 2714 Nunc
1106 2657 1332 2720 vivimus,
1352 2652 1395 2707 si
1412 2667 1495 2705 vos
1511 2648 1652 2704 statis
1669 2648 1718 2700 in
1738 2644 1843 2698 Do-

262 2767 400 2820 mino
467 2763 485 2817 l
509 2736 686 2814 Thess.
711 2773 786 2822 ιιι,
814 2751 902 2824 8).
935 2752 1151 2818 Loquor
1177 2745 1325 2800 vobis
1361 2751 1416 2798 et
1459 2736 1710 2833 Charitati
1749 2749 1842 2789 ve-

262 2868 412 2920 stras,
440 2849 727 2908 secundum
752 2845 1045 2917 jussionem
1085 2835 1314 2900 Domini,
1350 2838 1525 2902 patres
1553 2837 1607 2882 et
1631 2825 1841 2880 fratres.

265 2914 480 3013 LOquor
520 2941 677 2996 etiam
717 2914 815 3008 pro
851 2933 1015 2989 fratre
1057 2943 1176 2984 meo
1217 2925 1469 2998 episcopo
1505 2927 1682 2972 vesll‘o
1722 2914 1840 2984 (al.

266 3007 420 3108 cujus
458 3032 704 3105 gaudium
722 3007 862 3084 iesse
891 3023 1098 3080 debetis
1117 3062 1133 3086 ,
1161 3013 1454 3073 obediendo
1475 3009 1711 3108 Domino
1741 3007 1847 3108 Deo

270 3097 487 3183 nostro:
502 3122 659 3179 Certe
681 3121 732 3174 in
760 3116 973 3174 nomine
994 3113 1089 3168 Dei
1117 3111 1250 3165 facta
1271 3114 1352 3162 est
1369 3103 1520 3158 vobis
1544 3102 1656 3155 luce
1679 3097 1848 3153 eccle-

271 3221 350 3275 sia
378 3231 540 3287 Opera
566 3212 751 3286 ipsius,
775 3224 870 3280 pcr
899 3205 1130 3260 fidelium
1163 3201 1382 3255 fratrum
1413 3190 1724 3250 collationes
1751 3188 1846 3241 he-

274 3279 494 3374 neiicas,
531 3279 932 3360 misericordes.
971 3295 1216 3350 devotas.
1241 3289 1400 3344 Facta
1434 3291 1516 3339 est
1551 3279 1702 3336 vobis
1738 3279 1850 3333 have

273 3396 498 3456 ecclesia
528 3411 544 3450 :
574 3394 666 3449 sed
696 3405 792 3446 vos
826 3389 993 3458 magis
1018 3385 1146 3440 estis
1178 3379 1432 3436 Ecclesia.
1461 3374 1620 3429 Facta
1647 3379 1730 3427 est
1754 3385 1850 3423 voe-

275 3493 380 3556 bis,
409 3505 513 3561 quo
540 3495 765 3555 corpora
805 3489 976 3536 vestra
1020 3479 1215 3532 intrent
1245 3489 1259 3526 :
1290 3471 1383 3526 sed
1425 3475 1629 3523 mentes
1664 3467 1852 3517 vestrae

281 3556 483 3638 debent
517 3591 656 3643 esse,
701 3589 807 3644 quo
834 3572 971 3626 Deus
995 3569 1173 3622 intret.
1209 3559 1518 3617 Honorastis
1546 3556 1852 3625 episcopum

277 3676 536 3736 vestrum,
567 3677 624 3722 ut
668 3666 805 3720 hanc
845 3660 1115 3716 basilicam
1155 3653 1480 3711 Florentium
1523 3647 1621 3719 (b)
1663 3659 1856 3699 vocare

280 3733 531 3824 velletis;
550 3756 642 3813 sed
679 3753 946 3810 Florentia
974 3749 1088 3819 ejus
1123 3760 1220 3800 vos
1247 3743 1395 3799 estis.
1440 3740 1570 3794 Nam
1609 3737 1686 3790 sic
1728 3733 1857 3788 dicit

281 3852 574 3924 Apostolus
598 3868 614 3906 :
643 3846 895 3903 Gaudium
925 3853 968 3899 et
995 3856 1180 3895 corona
1207 3853 1316 3891 mea
1342 3851 1426 3888 vos
1453 3833 1571 3887 estis
1596 3831 1648 3884 in
1676 3827 1853 3882 Domi-

281 3921 350 3999 no
391 3941 658 4014 (Philipp.
685 3953 756 4001 tv,
783 3937 808 3990 i
833 3934 876 4006 ).
921 3928 1182 3999 Quidquid
1232 3933 1315 3982 est
1354 3925 1407 3978 in
1448 3921 1672 3984 smculo,
1701 3931 1860 3972 vane-

282 4011 409 4100 scit,
437 4031 642 4087 transit.
687 4027 808 4082 Vita
853 4025 950 4078 ista
992 4021 1116 4090 quid
1146 4027 1264 4085 est,
1311 4018 1409 4070 nisi
1438 4013 1577 4084 quod
1620 4011 1860 4066 Psalmus

283 4125 454 4182 dixit:
477 4120 632 4176 Hanc
655 4119 782 4172 sicut
812 4113 962 4168 herba
984 4111 1208 4175 transiet,
1225 4123 1369 4161 mane
1393 4105 1558 4175 ﬂoriet
1578 4112 1624 4156 et
1651 4111 1859 4172 prwter-

286 4218 355 4273 iet
383 4226 401 4268 :
431 4221 632 4281 vespere
688 4205 898 4267 decidet,
925 4200 1141 4256 durescit
1166 4207 1214 4252 et
1237 4197 1415 4251 arescit
1440 4193 1608 4264 (Paul.
1640 4205 1860 4253 Lxxmx,

288 4309 388 4379 6)?
414 4306 524 4360 Hoc
551 4311 633 4361 est
657 4297 830 4357 omnis
849 4311 994 4353 caro.
1015 4294 1139 4349 ideo
1155 4291 1414 4353 Christus,
1433 4286 1554 4342 ideo
1580 4299 1711 4339 nova
1734 4283 1860 4348 vita,

292 4376 414 4457 ideo
439 4405 564 4468 spes
587 4403 809 4457 mterna,
833 4389 952 4445 ideo
972 4383 1262 4441 consolatio
1301 4376 1714 4436 immortalitatis
1739 4387 1864 4443 pro-

292 4465 483 4555 missa,
499 4496 553 4543 et
581 4488 634 4542 in
661 4483 868 4541 Domini
901 4493 1060 4535 carne
1083 4476 1191 4546 jam
1221 4472 1446 4528 reddita.
1475 4470 1518 4524 A
1544 4467 1697 4523 nobis
1723 4465 1866 4521 enim

291 4587 561 4650 assumpta
591 4584 672 4631 est
714 4575 800 4629 illa
829 4585 954 4626 caro
974 4611 988 4636 ,
1020 4583 1136 4639 qua:
1163 4563 1275 4635 jam
1315 4559 1626 4616 immortalis
1663 4565 1777 4620 est,
1816 4563 1870 4609 et

295 4671 448 4726 nobis
473 4643 612 4738 quod
636 4665 686 4718 in
712 4678 770 4717 se
793 4659 1047 4730 implevit,
1071 4652 1324 4709 ostendit.
1353 4647 1578 4719 Propter
1602 4660 1698 4701 nos
1726 4643 1868 4700 enim

293 4735 510 4817 carnem
538 4755 738 4810 habuit.
761 4752 892 4808 Nam
921 4758 1137 4820 propter
1157 4761 1235 4812 sc,
1261 4742 1325 4796 In
1350 4739 1596 4814 principio
1619 4745 1725 4792 crat
1751 4735 1872 4790 Ver-

294 4857 437 4920 bum,
467 4857 512 4906 ct
548 4847 764 4905 Verbum
784 4853 890 4899 erat
918 4840 1054 4911 apud
1081 4837 1263 4902 Deum,
1293 4843 1338 4889 et
1363 4832 1500 4887 Deus
1522 4840 1628 4885 erat
1657 4827 1872 4883 Verbum

297 4918 491 5019 (locu.
520 4958 572 5008 ι,
606 4943 629 4996 i
658 4939 699 5010 ).
728 4937 917 5004 Quaere
959 4943 1173 4986 carnem
1215 4935 1271 4982 et
1311 4923 1658 4993 sanguinem:
1689 4918 1778 4974 ubi
1819 4918 1871 4973 in

363 5056 437 5116 (α)
467 5053 766 5116 ευερίαιηιιιτ
807 5033 1687 5116 ιεεοιιάιξιηιξεξιεῑιειμξνξέυξεέίξῐιςὲ
1701 5031 1875 5116 ista"?

299 5095 453 5184 ραῖιιε
469 5095 916 5184 ἓῐῖὶιῖῖξξζῐοιιιιδν
938 5095 1870 5184 mereremmerere;

301 5121 453 5184 patris
474 5121 519 5165 ct
536 5121 718 5176 πων-ιδ.
740 5121 916 5218 LOYNOT
938 5121 1065 5156 enim
1078 5121 1166 5176 pro
1187 5121 1458 5170 ιηιιηςμικςυ
1469 5121 1688 5158 εμωιυμυ
1703 5121 1813 5162 ucau
1825 5121 1870 5142 υ.

301 5187 399 5230 ltoc
421 5178 613 5240 epilogo
635 5173 783 5240 utitur
824 5179 1013 5240 alueus
1032 5163 1205 5213 ahenae
1228 5159 1360 5224 plebt
1377 5193 1392 5219 ,
1426 5157 1550 5220 apud
1571 5169 1714 5219 quam
1749 5155 1876 5205 torte

302 5253 400 5290 non
422 5233 610 5290 solebat
631 5233 932 5293 concinnarn
1137 5291 1163 5293 _
1258 5282 1290 5293 __
1369 5287 1382 5293 Α
1409 5280 1422 5293 ,
1624 5284 1641 5293 ,

370 5278 878 5362 ammissum
904 5282 1311 5362 -hasi'i‘itl’ﬂ'ﬁi.
1324 5278 1878 5362 .eteerlise.';se':ﬁ=3:e

301 5338 445 5412 dicit}:
466 5338 834 5409 έῖἦῐῖῑῑεὶῶώ
870 5357 923 5400 ει
943 5348 1139 5412 Leontio
1159 5343 1531 5412 conditoribusn
1551 5340 1627 5412 sic
1641 5338 1876 5412 Florentia

307 5401 741 5472 BSETOBB'BaEinéa
761 5401 826 5461 de
861 5411 1054 5463 nomine
1078 5405 1301 5457 Florentii
1325 5401 1550 5472 e|_is_eopi.
1598 5401 1878 5472 Cujus-veno

306 5458 1142 5542 sigisve'j'islc—ojms—liierl—t—incertum
1166 5473 1243 5542 est
1261 5479 1281 5542 :7
1425 5458 1880 5542 [hirentiujrr‘irrtid.

309 5522 606 5618 ligi'placmt
626 5522 1336 5618 iiipponensium-dimrgtorum
1359 5522 1764 5618 ἰιξΙςι-Ἕειιὲυιιὶᾟίὶ

444 5617 451 5618 ί
518 5617 525 5618 ί
571 5604 682 5618 ε---ι-
702 5611 779 5618 -··--
846 5609 919 5618 ν--ι-
949 5608 975 5618 ιι
1033 5608 1086 5618 ιιι.
1126 5606 1149 5618 η
1176 5603 1268 5618 ..ηπ
1329 5602 1385 5618 Α..
1457 5594 1492 5618 ετ
1675 5599 1684 5610 .
1737 5598 1746 5618 ι
1805 5595 1828 5618 ,ι
1859 5608 1881 5618 _

313 5587 809 5663 "~Ti’dcii"2é|.iéaqtoul,
840 5595 922 5663 qui
947 5601 999 5643 et
1031 5587 1269 5662 uillatiotii
1289 5587 1634 5663 ponatisEarmn
1657 5595 1765 5663 cum
1788 5587 1881 5663 (ξε-ὲ

707 5642 943 5711 interfuit,
967 5642 1021 5704 ut
1042 5651 1328 5716 cognitionis
1363 5649 1545 5716 pritnte
1563 5651 1702 5716 Gesta
1725 5642 1881 5716 decio:

315 5705 772 5786 ,"ét'iiiqoot
795 5705 898 5778 (ost
919 5705 1071 5766 annos
1100 5705 1296 5786 Eeporii
1333 5705 1546 5786 monachi
1574 5705 1798 5786 Ι(ὲιιίιειοιιι)
1820 5705 1878 5752 ad

490 5768 772 5844 shltscri'psit
793 5768 902 5829 eum
947 5768 1207 5844 Augustino
1231 5781 1283 5822 ct
1303 5770 1431 5842 aliis.
1459 5769 1610 5844 Quod.
1713 5778 1879 5814 verum

321 5829 836 5904 attnuit—Carthagine
852 5874 866 5897 ,
907 5829 1069 5901 neqtie
1092 5833 1467 5904 Hippone-regio
1483 5866 1497 5889 ,
1524 5829 1880 5904 sediltvppone-

319 5890 1539 5976 diairj'tobabituaj'dici'scruioucm'COusentahcum
1553 5890 1712 5943 fuerit.
1747 5899 1877 5944 euut.
1895 5963 1936 5973 _

1555 443 1779 506 SEllilO
1819 439 2056 503 CCCLX.

3352 433 3490 495 1598

1915 556 2127 612 Verbo?
2149 555 2280 622 Quia
2310 569 2435 608 vere
2464 554 2616 608 nobis
2638 551 2869 621 compati
2905 549 3087 613 voluit,
3125 556 3178 604 et
3215 563 3311 604 nos
3347 549 3491 605 redi-

1913 663 2081 716 mere,
2113 645 2281 701 induit
2305 660 2363 700 se
2393 644 2556 699 forma
2580 643 2747 708 servi,
2765 652 2818 696 et
2841 641 3113 696 descendit
3133 642 3220 710 qui
3249 639 3337 697 hic
3355 647 3493 704 erat,

1916 750 1976 797 ut
1997 748 2276 811 appareret
2299 740 2386 809 qui
2414 753 2521 792 non
2551 737 2768 799 aberat;
2800 742 2854 788 et
2877 734 3034 787 voluit
3079 733 3192 787 iieri
3219 732 3378 784 homo
3403 730 3494 800 qui

1917 829 2042 886 fecit
2069 827 2362 890 hominem,
2402 825 2570 882 creari
2591 825 2659 879 de
2688 832 2877 888 matre,
2910 823 2996 891 qui
3021 823 3218 876 creavit
3249 828 3493 873 tuatrem.

1919 920 2172 976 Ascendit
2201 933 2368 989 usque
2409 919 2462 972 in
2499 931 2740 981 crucem,
2767 921 3005 969 mortuus
3031 921 3116 967 est
3134 953 3150 979 ,
3178 921 3229 966 et
3267 911 3500 965 ostendit

1921 1012 2073 1067 nobis
2101 1010 2243 1081 quod
2274 1023 2611 1072 noveramus,
2639 1006 2785 1061 nasci
2813 1015 2865 1059 et
2891 1003 3047 1058 mori.
3079 1001 3319 1070 hnpievit
3353 1001 3404 1055 in
3440 1014 3501 1054 se

1923 1101 2138 1156 humilis
2175 1101 2290 1155 haec
2329 1107 2510 1154 vetera
2552 1105 2731 1151 nostra
2758 1095 2951 1149 usitata
2995 1103 3048 1148 et
3089 1101 3233 1147 nota.
3263 1090 3419 1144 Nasci
3447 1098 3504 1144 et

1923 1193 2057 1247 mori
2086 1203 2409 1246 noveramus
2430 1205 2446 1244 :
2467 1201 2746 1256 resurgere
2764 1194 2817 1240 et
2841 1185 2892 1238 in
2913 1193 3169 1238 mteruum
3192 1183 3372 1236 vivere
3392 1194 3502 1235 non

1925 1299 2263 1341 noveramus.
2307 1283 2419 1336 Duo
2451 1295 2579 1351 ergo
2617 1286 2794 1333 nostra
2834 1286 3012 1331 vetera
3050 1275 3262 1330 humilis
3297 1283 3504 1328 assum-

1924 1375 2061 1446 psit:
2095 1374 2200 1428 duo
2224 1373 2326 1426 alia
2363 1386 2548 1441 magna
2589 1379 2644 1423 et
2676 1383 2814 1423 nova
2849 1367 3088 1422 excelsus
3120 1365 3369 1434 implevit.
3400 1363 3505 1417 Re-

1926 1463 2201 1520 suscitavit
2225 1476 2461 1522 carnem,
2487 1459 2678 1514 levavit
2703 1458 2754 1512 in
2779 1457 2972 1512 cadum
3004 1469 3240 1519 carnem,
3266 1453 3414 1508 sedet
3437 1452 3505 1506 ad

1927 1554 2200 1610 dexteram
2247 1552 2442 1607 Patris.
2485 1549 2655 1619 Caput
2681 1557 2924 1603 nostrum
2971 1560 3092 1600 esse
3138 1544 3322 1607 voluit,
3349 1551 3508 1612 caput

1927 1661 2024 1716 pro
2052 1643 2306 1700 membris
2331 1642 2614 1697 clamavit:
2641 1641 2763 1710 quia
2803 1648 2856 1693 et
2883 1653 3004 1692 cum
3034 1638 3118 1691 hic
3142 1644 3317 1701 esset,
3345 1635 3506 1700 dixit,

1929 1734 2105 1800 Pater,
2120 1734 2230 1788 volo
2257 1742 2311 1786 ut
2335 1733 2420 1786 ubi
2445 1749 2536 1802 ego
2558 1747 2690 1796 sum,
2708 1729 2773 1782 ibi
2802 1730 2902 1783 sint
2928 1737 2978 1782 et
3005 1728 3085 1780 isti
3106 1742 3298 1780 mecum
3320 1718 3497 1797 (Joan.

1929 1841 2055 1891 xvn,
2082 1823 2198 1897 2+).
2229 1823 2518 1894 Speremus
2550 1822 2651 1876 hoc
2675 1830 2730 1876 et
2754 1820 2820 1874 de
2853 1833 3014 1874 carne
3040 1826 3243 1884 nostra,
3274 1817 3508 1872 resusci.

1931 1917 2208 1982 tationem,
2233 1916 2723 1978 commutationem,
2748 1909 3217 1978 incorruptionem,
3236 1907 3510 1962 immorta-

1933 2007 2152 2072 litatem,
2184 2015 2438 2060 mternam
2478 2002 2805 2058 mansionem
2845 2018 2860 2057 :
2896 2008 2950 2056 et
2978 2014 3196 2070 agamus
3237 2009 3297 2053 ut
3327 2011 3512 2068 perve-

1935 2098 2164 2153 niamus.
2194 2097 2320 2151 llaec
2346 2095 2449 2151 erit
2475 2093 2764 2156 Florentia,
2789 2106 2910 2146 vera
2937 2090 3229 2146 Florentia.

2396 2204 2627 2260 διεκιιο
2664 2201 2883 2257 CCCLX
2913 2205 2929 2225 ο
2962 2200 3062 2271 (a).

1938 2297 2018 2352 Ad
2049 2297 2245 2368 vigilias
2273 2294 2572 2349 Maximiani
2599 2295 2641 2359 ³,
2669 2292 2732 2346 de
2765 2291 2981 2361 quodam
3024 2289 3288 2343 Donatista
3315 2287 3387 2361 (b)
3421 2287 3509 2356 qui

2363 2401 2587 2441 reversus
2608 2394 2676 2438 est
2699 2383 2767 2437 ad
2785 2382 3086 2436 Ecclesium.

2013 2477 2122 2532 Deo
2146 2475 2345 2546 gratias
2363 2516 2378 2538 ,
2411 2475 2603 2528 fratres
2621 2513 2637 2538 ,
2666 2471 3105 2542 eongratnlamini
3135 2469 3284 2524 fratri
3315 2477 3515 2536 vestro,

1943 2569 2032 2637 qui
2063 2577 2304 2621 mortuus
2329 2573 2444 2620 erat
2469 2573 2523 2618 et
2554 2563 2776 2626 revixit,
2808 2561 3040 2631 perierat
3065 2570 3120 2616 et
3148 2560 3391 2615 inventus
3411 2568 3516 2614 est.

1942 2658 2153 2715 Gratias
2175 2655 2439 2726 patientiae
2460 2663 2515 2709 et
2543 2653 2922 2708 misericordiae
2950 2650 3155 2706 Domini
3187 2650 3282 2704 Dei
3313 2650 3476 2704 nostri
3503 2666 3518 2703 :

1945 2749 2244 2820 patientia,
2289 2747 2411 2817 quia
2458 2745 2708 2800 sustinuit
2754 2742 3081 2807 tardantem;
3108 2741 3520 2806 misericordiae,

1943 2841 2068 2910 quia
2085 2839 2356 2908 suscipere
2376 2836 2622 2907 dignatus
2637 2845 2719 2890 est
2733 2833 3063 2890 redeuntem.
3097 2832 3221 2886 Haec
3240 2841 3324 2887 est
3343 2832 3518 2897 vinea,

1947 2928 2036 2983 ubi
2063 2943 2169 2982 non
2191 2926 2470 2996 operabar,
2498 2933 2551 2980 et
2572 2925 2711 2978 vires
2735 2937 2882 2977 meas
2911 2923 2962 2977 in
2988 2922 3157 2976 aliena
3178 2934 3525 2989 consumpse-

1947 3033 2083 3074 ram.
2112 3016 2156 3072 0
2183 3017 2336 3071 vinea
2365 3015 2554 3070 dilecta
2583 3014 2806 3068 Domino
2832 3028 2952 3068 meo
2972 3053 2987 3078 ,
3015 3027 3120 3067 non
3161 3013 3333 3066 solum
3376 3010 3527 3065 labor

1947 3124 2101 3164 meus
2121 3108 2250 3163 nihil
2290 3107 2384 3163 tibi
2416 3106 2699 3177 proderat,
2726 3121 2910 3161 verum
2939 3107 3102 3159 etiam
3129 3114 3316 3159 contra
3342 3112 3393 3157 te
3423 3103 3526 3156 ini-

1949 3201 2089 3255 mico
2107 3209 2197 3254 tuo
2212 3198 2527 3254 serviebant.
2547 3197 2734 3267 Magno
2753 3195 2948 3250 sudore
2963 3194 3296 3264 spargebam,
3313 3192 3526 3262 quando

1952 3291 2044 3348 tibi
2086 3305 2193 3346 non
2249 3289 2581 3358 colligebam.
2625 3287 2836 3343 Gratias
2873 3285 3158 3356 .plantatori
3214 3292 3338 3348 tuo,
3385 3283 3526 3352 apud

1951 3399 2110 3454 quem
2161 3397 2267 3437 non
2316 3387 2496 3434 manet
2539 3392 2745 3434 merces
2785 3376 3149 3446 operariorum
3192 3376 3351 3430 etiam
3399 3373 3530 3428 hora

1952 3473 2242 3529 novissima
2271 3477 2601 3524 vocatorum.
2639 3467 2805 3523 Serus
2843 3466 3103 3533 advenio,
3131 3465 3224 3520 sed
3252 3464 3529 3519 denarium

1954 3577 2062 3620 non
2100 3562 2324 3630 despero
2353 3558 2565 3629 (Matth.
2597 3572 2700 3622 xx,
2730 3557 2812 3628 9).
2835 3555 2938 3622 Qui
2981 3558 3128 3626 prius
3165 3555 3242 3609 fui
3278 3554 3529 3623 blasphe-

1956 3666 2078 3707 mus
2097 3692 2112 3717 ,
2141 3659 2196 3706 et
2223 3661 2555 3721 persecutor,
2583 3656 2637 3704 et
2668 3647 2956 3716 injuriosus
2991 3645 3274 3700 adversum
3317 3653 3370 3700 to
3397 3661 3410 3697 :
3433 3643 3530 3699 sed

1955 3744 2378 3802 misericordiam
2419 3751 2739 3798 consecutus
2786 3753 2934 3805 sum,
2963 3739 3086 3809 quia
3132 3739 3379 3807 ignorans
3427 3734 3532 3792 feci

1962 3838 2000 3910 (Ι
2023 3836 2154 3892 Tim.
2195 3852 2240 3902 ι,
2269 3833 2381 3907 15).
2411 3833 2678 3890 Tenebam
2724 3832 2868 3888 enim
2897 3830 3059 3886 verba
3091 3839 3365 3900 pereuntum
3413 3844 3530 3883 me-

1958 3943 2108 3984 orum
2127 3969 2141 3992 ,
2173 3942 2278 3982 non
2326 3923 2746 3981 Patriarcharum
2767 3963 2782 3987 ,
2815 3938 2923 3978 non
2972 3921 3354 3991 Prophetarmn
3376 3962 3392 3986 ,
3423 3935 3530 3974 non

1960 4017 2368 4088 Apostolorum;
2397 4015 2491 4069 sed
2540 4022 2816 4084 parentum
2865 4013 3042 4068 carnis
3086 4027 3240 4066 mete.
3285 4010 3400 4066 Non
3444 4025 3535 4064 ao-

1960 4108 2136 4179 quicvi
2166 4107 2311 4161 carni
2336 4114 2390 4160 et
2415 4104 2692 4174 sanguini;
2721 4103 2815 4158 sed
2854 4103 3090 4172 acquievi
3121 4111 3402 4171 superatus
3441 4115 3536 4154 ve-

1963 4201 2140 4264 ritati,
2195 4207 2249 4253 et
2292 4197 2525 4268 requievi
2577 4195 2812 4251 redditus
2856 4195 3066 4249 unitati.
3116 4192 3378 4262 Numquid
3430 4206 3538 4247 non

1965 4289 2179 4346 easdem
2210 4288 2511 4358 Scripturas
2539 4286 2810 4357 legebam,
2841 4300 2972 4355 quas
2995 4293 3052 4339 et
3089 4299 3230 4338 nunc
3259 4283 3408 4352 lego?
3432 4282 3538 4337 Sed

1966 4383 2124 4439 etiam
2170 4382 2261 4437 ille
2299 4380 2485 4436 doctor
2528 4377 2774 4434 Gentium
2815 4392 2907 4432 vas
2948 4376 3253 4442 electionis,
3281 4391 3345 4430 ex
3372 4374 3536 4430 Saulo

1967 4473 2188 4537 Paulus,
2221 4487 2286 4527 ex
2330 4470 2471 4526 elato
2514 4469 2884 4532 minimus,ex
2934 4466 3182 4536 praedone
3225 4474 3423 4535 pastor,
3465 4479 3537 4519 ex

1968 4565 2094 4636 lupo
2139 4564 2311 4629 aries,
2359 4561 2612 4616 Hebraeus
2656 4567 2772 4614 erat
2817 4574 2882 4614 ex
2936 4558 3212 4622 Hebraeis,
3249 4556 3541 4612 secundum

1969 4656 2138 4726 legem
2161 4653 2460 4709 Pharisaeus
2487 4649 2742 4722 (Philipp.
2774 4665 2861 4717 ιιι,
2889 4651 2952 4715 5,
2980 4648 3054 4721 6),
3084 4649 3150 4704 ad
3171 4649 3332 4719 pedes
3353 4648 3542 4704 Gama—

1971 4749 2109 4804 lielis
2136 4745 2370 4802 doctoris
2415 4745 2584 4814 legem
2627 4742 2866 4798 eruditus
2893 4743 3027 4809 (Act.
3067 4757 3176 4795 xm
3199 4782 3214 4803 ,
3245 4739 3300 4810 ὅ)
3327 4757 3340 4794 :
3364 4749 3417 4794 et
3466 4751 3544 4792 ta-

1971 4853 2096 4894 men
2129 4835 2430 4900 Christum,
2456 4848 2614 4902 quem
2659 4832 2867 4902 legebat
2905 4832 2957 4885 in
3001 4829 3306 4899 Prophetis,
3338 4843 3436 4884 nec
3463 4844 3547 4885 se-

1975 4929 2107 4984 dere
2135 4934 2353 4982 noverat
2373 4925 2424 4979 in
2454 4925 2603 4980 ccelis
2622 4965 2636 4990 ,
2667 4939 2765 4978 nec
2794 4923 2895 4977 coli
2928 4921 3262 4992 permittebat
3287 4922 3338 4976 iu
3368 4921 3545 4980 terris.

1974 5020 2157 5076 Fidem
2215 5017 2480 5089 passionis
2504 5025 2558 5070 et
2585 5013 2988 5070 resnrreetionis
3028 5013 3142 5083 ejus
3188 5015 3430 5069 nesciens
3455 5028 3549 5068 ore

1975 5111 2248 5174 cantabat,
2274 5117 2328 5164 et
2347 5106 2572 5162 sazvicns
2595 5120 2779 5160 errore
2809 5103 3064 5158 vastabat.
3093 5103 3395 5159 Secundum
3421 5104 3550 5158 Pro-

1977 5201 2188 5272 phetas,
2206 5199 2257 5252 in
2286 5197 2476 5268 quibus
2502 5206 2657 5250 natus
2677 5203 2792 5250 erat
2818 5203 2873 5250 et
2892 5195 3152 5258 creverat,
3171 5194 3280 5264 jam
3306 5193 3553 5248 Christus

1977 5306 2199 5361 surgens
2223 5304 2250 5341 a
2283 5288 2506 5342 mortuis
2546 5285 2766 5340 sedebat
2809 5286 2860 5339 in
2905 5286 3076 5349 caelo;
3107 5294 3161 5340 ct
3185 5285 3272 5340 ille
3300 5283 3472 5338 adhuc
3499 5283 3550 5336 in

1979 5392 2253 5454 parentum
2307 5394 2520 5434 suorum
2567 5377 2866 5432 cmenbatur
2916 5377 3228 5443 mendacio,
3259 5375 3379 5445 quia
3429 5389 3550 5430 eum

1981 5471 2222 5541 discipuli
2252 5469 2370 5540 ejus
2415 5469 2568 5523 furati
2602 5468 2808 5522 fuerant
2851 5467 2917 5522 de
2947 5468 3212 5537 sepulcro.
3257 5465 3427 5541 Sicet
3453 5479 3553 5533 ego

2046 5585 2062 5616 ι
2097 5589 2181 5632 Ms.
2205 5595 2250 5632 r.
2277 5594 2372 5630 non
2390 5619 2403 5635 .
2429 5579 2494 5630 ad
2528 5578 2824 5638 .tlaa‘imiaui.
2850 5579 2956 5634 sed,
2980 5577 3046 5626 ad
3089 5573 3334 5626 .ttaximini
3371 5574 3556 5639 vigilias

1983 5644 2209 5709 praefert;
2233 5644 2432 5709 alicujus
2449 5643 2644 5709 forsitan
2666 5644 2883 5709 martyris
2900 5639 3117 5709 _Al'ricani.

2045 5709 2062 5725 ‘
2099 5703 2382 5754 Etnendatus
2403 5705 2461 5753 ad
2482 5703 2543 5753 cl.
2578 5718 2622 5752 v.
2649 5718 2687 5752 r.
2717 5711 2766 5752 et
2789 5703 2845 5751 ad
2869 5704 3003 5749 sirm.

2048 5768 2122 5828 (ιι)
2159 5766 2298 5825 Alias,
2326 5768 2452 5828 inter
2474 5766 2821 5814 Strmondiancs
2841 5763 2918 5811 38.

2047 5823 2120 5890 (b)
2155 5835 2248 5877 uno
2271 5823 2517 5890 cujusdam
2556 5828 2805 5890 ponatista:
2828 5837 2912 5872 ore
2944 5831 3026 5890 aut
3071 5835 3260 5873 nomine
3287 5823 3535 5885 pronuntia

1987 5898 2083 5956 tus,
2103 5887 2194 5945 Sed
2219 5887 2426 5942 distante
2451 5887 2573 5940 haud
2592 5887 2739 5938 dubie
2765 5887 3041 5948 Augustino.
