3996 6464
1759 377 1819 436 S.
1858 378 2222 436 AUGUSTINI
2263 381 2563 438 EPISCOPI
3675 397 3838 452 H500

2282 493 2506 550 CAPUT
2540 494 2624 549 Ill.
2645 527 2702 536 —
2734 496 2785 552 5.
2810 497 2874 553 In
2916 501 3075 554 altera
3116 502 3336 571 inﬁdelis
3374 517 3532 573 errat,
3563 509 3615 562 in
3641 511 3831 564 altera

2211 582 2516 639 Christianus
2533 589 2774 642 carnalis.
2790 588 3108 647 Christianus
3123 596 3435 651 auctoritatis
3455 599 3681 670 pondere
3707 601 3789 654 du
3801 631 3826 642 -

2209 677 2416 730 rendus.
2445 677 2543 746 Qui
2565 694 2693 750 ergo
2719 681 2902 737 dicunt
2931 694 3171 741 mortuos
3202 704 3306 742 non
3330 705 3634 761 resurgere,
3658 693 3827 748 chri-

2208 766 2367 820 stiani
2395 783 2502 821 non
2532 779 2655 824 sunt
2681 787 2694 823 :
2719 771 2810 840 qui
2843 787 2969 826 vero
2995 783 3180 844 putant
3205 788 3445 833 mortuos
3467 795 3586 834 eum
3616 797 3824 836 resuro

531 377 669 434 1599

531 487 597 542 de
626 487 864 546 Ecclesia
895 487 1150 544 catholica
1182 495 1290 541 toto
1313 487 1441 544 orbe
1475 488 1665 544 tlili'usa
1704 489 2105 548 circumttmde-

526 585 620 637 bur
669 583 967 638 divinarum
1011 583 1225 640 vocibus
1268 583 1626 649 Litterarum;
1654 593 1710 640 et
1755 601 1841 640 me
1886 586 2108 640 surdum

522 671 788 728 faciebant
824 688 854 726 a
889 673 1193 742 parentibus
1229 673 1486 728 intentata
1529 674 1661 729 falsa
1687 675 1910 728 crimina
1940 675 2107 730 tradi—

523 773 718 819 torum.
745 764 860 820 Non
888 780 976 818 me
1007 765 1150 818 Pauli
1184 767 1387 819 meritis
1415 781 1700 836 comparo,
1729 767 1822 822 sed
1854 769 2103 836 peccatis.

523 855 740 909 Etiamsi
781 866 886 910 tam
930 856 1104 911 bonus
1127 871 1250 911 esse
1279 872 1384 912 non
1413 859 1614 924 merui,
1647 874 1752 912 non
1781 867 1957 914 tamen
1989 862 2106 916 sine

520 945 779 1000 medicina
807 947 1165 1016 correptionis
1211 959 1315 1002 tam
1353 949 1524 1003 malus
1558 947 1653 1002 fui.
1684 949 1793 1004 Nec
1825 950 1911 1004 ille
1937 967 2102 1019 spon-

516 1051 632 1090 sum
657 1039 978 1107 agnoscebat
1006 1039 1059 1092 in
1081 1039 1256 1095 Libris
1281 1055 1416 1109 quos
1444 1041 1672 1110 legebat,
1699 1058 1796 1096 nec
1823 1058 1921 1111 ego
1941 1059 2105 1112 spon-

515 1141 655 1182 sam.
685 1128 784 1196 Qui
812 1127 1068 1185 revelavit
1097 1130 1168 1184 illi
1196 1129 1267 1186 de
1305 1129 1503 1186 Christi
1543 1132 1924 1188 clarilicatione
1959 1133 2102 1202 quod

515 1218 770 1289 scriptum
792 1232 876 1276 est
896 1262 912 1288 ,
946 1220 1191 1276 Exaltare
1209 1240 1362 1292 super
1389 1224 1538 1278 caelos
1559 1265 1574 1292 ,
1608 1225 1780 1289 Deus;
1812 1228 1924 1294 ipse
1950 1243 2103 1282 reve-

516 1310 642 1365 lavit
665 1311 796 1367 mihi
819 1313 886 1368 de
910 1312 1164 1370 Ecclesiae
1187 1315 1444 1372 eliusione
1471 1317 1610 1386 quod
1640 1320 1901 1387 sequitur,
1931 1319 2103 1388 Super

513 1397 708 1456 clunem
736 1413 920 1458 terram
943 1406 1115 1476 gloria
1148 1416 1234 1460 tua
1271 1407 1442 1481 (Psal.
1474 1425 1581 1464 cvn
1602 1447 1616 1475 ,
1647 1411 1724 1481 6).
1757 1410 1990 1482 Utraque
2017 1423 2098 1468 te-

513 1493 760 1549 stimonia
799 1504 983 1564 aperta
1026 1508 1154 1553 sunt
1181 1499 1515 1564 videntibus.
1549 1502 1642 1557 sed
1690 1503 1874 1558 clausa
1919 1504 2095 1560 carris.

514 1582 620 1637 Illis
643 1585 826 1642 oculos
850 1589 1055 1656 aperuit
1081 1586 1380 1659 Baptismus
1403 1591 1632 1657 Christi,
1665 1593 1794 1648 mihi
1819 1610 1920 1665 pax
1944 1595 2098 1652 Chri-

510 1675 600 1727 sti.
647 1674 796 1730 lllum
845 1677 1113 1733 lavacrum
1145 1696 1298 1749 aqtue
1345 1691 1546 1736 sanctze
1591 1684 1822 1738 reddidit
1853 1702 2094 1742 novum:

511 1780 749 1822 meorum
779 1780 956 1824 autem
981 1770 1212 1827 cbaritas
1241 1775 1518 1843 cooperuit
1545 1777 1941 1834 multitudinem
1969 1796 2092 1850 pec-

511 1864 777 1914 calorum.

959 1931 1187 1989 SERMO
1223 1933 1468 1992 CCCLXI
1501 1942 1516 1961 ·
1552 1937 1648 2011 (α).

781 2037 859 2094 De
882 2039 1264 2103 Resurrectione
1301 2056 1639 2115 mortuorum,
1677 2064 1690 2102 ι
1723 2047 1819 2120 (b).

576 2168 804 2224 CAPUT
834 2170 1183 2227 PRl.\lUM.-
1203 2175 1249 2227 Ι.
1278 2174 1783 2246 Animadvertimus,
1809 2196 1926 2235 cum
1947 2184 2092 2250 Apo-

505 2261 626 2314 stoli
649 2259 883 2330 Epistula
909 2263 1192 2334 legeretur,
1219 2267 1539 2324 laudabilem
1584 2282 1785 2327 motum
1815 2274 1933 2330 ﬁdei
1961 2276 2092 2330 cha-

505 2351 780 2421 ritatisqne
801 2363 1010 2415 vestrae,
1044 2357 1487 2425 quemadmodum
1515 2363 1900 2420 exhorrucritis
1921 2367 2094 2422 homi~

500 2441 724 2510 nes,qui
767 2452 1012 2511 putantes
1033 2445 1170 2500 hanc
1208 2449 1376 2502 solam
1406 2464 1524 2505 esse
1564 2451 1746 2518 vitam,
1770 2470 1926 2524 quam
1970 2460 2090 2512 c'um

503 2533 784 2600 pecoribus
804 2533 1060 2589 habemus
1076 2552 1444 2604 communem,
1480 2550 1598 2610 post
1642 2554 1868 2600 mortem
1914 2559 2089 2603 autem

525 2619 665 2674 ﬁniri
707 2630 874 2675 totum
904 2623 1045 2692 quod
1089 2635 1171 2680 est
1199 2626 1452 2695 hominis,
1479 2646 1576 2685 nec
1599 2643 1719 2687 esSe
1748 2651 1896 2704 spem
1927 2635 2088 2693 ullam

510 2711 628 2764 vitat
683 2711 904 2768 alterius
951 2716 1210 2785 melioris,
1261 2722 1520 2785 pruritum
1577 2727 1832 2781 malarum
1882 2731 2088 2785 aurium

502 2813 938 2872 corrumpentes,
969 2806 1153 2862 dicunt
1182 2827 1194 2862 :
1227 2809 1595 2870 Manducemus
1623 2827 1668 2871 et
1691 2819 1950 2886 bibamus;
1977 2835 2089 2878 cras

502 2891 635 2944 enim
678 2894 1005 2966 morimnr(l
1033 2897 1151 2952 Cor.
1182 2915 1276 2966 xv,
1329 2902 1445 2974 32).
1501 2905 1633 2961 Hinc
1677 2921 1804 2978 ergo
1851 2922 2090 2968 sumatur

501 2992 698 3038 nostra:
724 2984 1097 3054 disputationis
1121 2992 1398 3049 exordium
1423 3039 1437 3062 ,
1463 3007 1516 3052 et
1542 2997 1630 3054 hic
1659 3001 1727 3055 sit
1754 3005 1920 3058 nostri
1945 3006 2087 3062 velut

499 3072 662 3127 cardo
687 3078 968 3144 sermonis,
991 3095 1097 3150 quo
1121 3092 1313 3139 caztera
1335 3127 1350 3152 ,
1379 3103 1495 3158 qua:
1525 3091 1781 3150 Dominus
1807 3110 2087 3167 suggerere

499 3161 747 3232 dignatus
778 3165 935 3222 fuerit
954 3211 968 3234 ,
1002 3171 1321 3228 referantur.

567 3254 794 3310 CAPUT
825 3257 1042 3312 ll.-—2.
1090 3262 1222 3330 Spes
1269 3266 1490 3338 ﬁdesque
1532 3280 1738 3337 nostra,
1788 3279 2086 3335 resurrectio

499 3353 834 3400 mortuorum.
866 3348 1098 3407 Charitas
1137 3368 1330 3410 nostra.
1376 3358 1506 3414 Dure
1548 3368 1844 3431 quwstiones
1892 3371 1955 3423 de
1998 3372 2084 3441 fu-

497 3445 613 3490 tura
671 3437 1050 3497 resurrectione.
1098 3444 1231 3514 Spes
1290 3450 1430 3504 enim
1476 3463 1653 3509 nostra
1709 3469 1790 3512 est
1842 3471 1927 3515 res
1969 3437 2083 3518 rre-

494 3527 603 3580 etio
665 3540 998 3586 mortuorum
1053 3552 1067 3587 :
1122 3536 1254 3592 ﬁdes
1312 3550 1492 3597 nostra
1618 3555 1701 3601 est
1768 3553 2083 3610 resurrectio

496 3626 845 3674 mortuorum.
879 3622 1120 3681 Charitas
1148 3629 1306 3683 etiam
1335 3643 1512 3688 nostra
1544 3645 1623 3689 est
1645 3679 1657 3701 ,
1687 3655 1844 3708 quam
1886 3645 2080 3712 prtedi-

492 3709 634 3764 catio
663 3727 841 3766 rerum
869 3729 987 3784 quae
1016 3719 1251 3774 nondum
1282 3722 1527 3779 videntur
1552 3727 1844 3786 inﬂammat
1863 3709 1960 3797 ,iet
1987 3750 2079 3791 ac-

491 3799 667 3854 cendit
688 3801 973 3869 desiderio,
996 3809 1146 3878 cujus
1173 3815 1534 3882 magnitudine
1562 3818 1688 3874 ﬁant
1713 3825 1876 3878 corda
1899 3837 2078 3883 nostra

489 3892 705 3958 capacia
737 3892 1075 3952 beatitudinis
1101 3915 1218 3969 qua:
1247 3913 1466 3958 ventura
1510 3909 1852 3978 promittitur,
1892 3931 2081 3986 qnam-

489 3980 580 4034 diu
623 3981 860 4038 creditur
901 3986 1044 4055 quod
1088 3991 1320 4046 nondum
1365 3996 1577 4052 videtur
1618 4017 1632 4053 :
1672 3980 1924 4059 cltaritas-
1949 4024 2079 4078 ergo

489 4071 648 4125 etiam
681 4071 792 4142 ipsa
822 4088 1007 4132 nostra
1031 4119 1045 4143 ,
1075 4095 1173 4136 nec
1199 4082 1340 4137 circa
1381 4091 1691 4155 temporalia
1725 4093 1838 4150 hmc
1865 4107 1918 4152 et
1947 4100 2076 4154 visi-

490 4162 611 4217 bilia
639 4165 796 4221 debet
823 4172 1110 4240 occupari,
1137 4182 1194 4228 ut
1222 4176 1328 4232 tale
1353 4177 1552 4249 aliquid
1590 4198 1686 4238 nos
1718 4185 1992 4247 habituros
2022 4194 2074 4248 in

491 4258 886 4314 resurrectione
905 4274 1205 4332 speremus,
1228 4268 1384 4337 quale
1405 4271 1584 4337 modo,
1603 4274 1646 4328 si
1664 4281 2074 4352 contemnimus,

491 4349 682 4404 melius
709 4350 932 4408 vivimus
959 4357 1316 4428 melioresque
1337 4378 1538 4430 sumus,
1569 4371 1809 4425 carnales
1830 4374 2079 4433 videlicet

491 4440 788 4509 voluptates
816 4454 974 4514 atque
1009 4447 1249 4504 delicias.
1279 4453 1491 4508 Sublata
1535 4457 1712 4527 itaque
1752 4461 1855 4518 ﬁde
1894 4481 2074 4522 resur-

484 4532 742 4588 rectionis
771 4544 1100 4592 mortuorum
1125 4581 1140 4606 ,
1169 4544 1343 4598 omnis
1377 4545 1639 4603 intercidit
1663 4551 1900 4611 doctrina
1929 4559 2074 4614 chri-

484 4626 674 4681 stiana.
708 4627 943 4683 Fundata
971 4647 1098 4687 vero
1137 4633 1243 4690 ﬁde
1273 4642 1676 4699 resurrectionis
1705 4657 2034 4705 mortuorum
2055 4696 2070 4719 ,

484 4732 589 4772 non
613 4720 867 4776 eontinuo
903 4725 1162 4780 securitas
1187 4737 1268 4782 est
1296 4729 1365 4786 de
1403 4733 1587 4788 animo
1617 4735 1938 4808 christiano,
1972 4746 2072 4800 nisi

482 4811 836 4884 distinguatur
859 4817 962 4872 vita
986 4817 1072 4873 illa
1098 4835 1216 4889 qua:
1236 4822 1408 4878 futura
1428 4834 1528 4891 est,
1553 4829 1619 4882 ab
1640 4828 1738 4885 ista
1765 4848 1883 4902 qua)
1910 4845 2073 4892 trans-

483 4903 544 4956 it.
589 4904 767 4975 Itaque
813 4909 890 4965 sic
958 4914 1360 4981 preponendum
1391 4927 1475 4972 est
1502 4937 1515 4972 :
1543 4918 1597 4975 Si
1643 4938 1746 4977 non
1791 4938 2073 4999 resurgcnt

482 4996 714 5063 mortui,
747 5000 887 5053 nulla
916 5017 1042 5072 spes
1073 5005 1223 5062 nobis
1264 5019 1346 5063 est
1390 5008 1583 5067 futura:
1627 5015 1752 5070 vita:
1781 5035 1794 5070 :
1821 5020 1863 5071 si
1892 4996 2069 5078 autem

481 5097 758 5157 resurgant
800 5093 1026 5156 mortui,
1063 5095 1163 5150 erit
1206 5100 1420 5169 quidem
1469 5103 1574 5157 vita
1620 5103 1833 5174 futura;
1862 5111 1954 5166 sed
1983 5129 2070 5168 se-

479 5177 652 5232 cunda
678 5183 900 5248 quaestio
923 5193 1026 5250 est,
1046 5189 1216 5255 qualis
1240 5193 1360 5246 erit.
1382 5193 1556 5249 Prima
1579 5195 1757 5268 itaque
1777 5200 2068 5272 disputatio

478 5281 593 5337 est,
617 5279 791 5324 utrum
819 5271 988 5328 futura
1014 5277 1082 5330 sit
1103 5285 1419 5340 resurrectio
1443 5296 1772 5344 mortuorum
1801 5311 1813 5345 :
1837 5271 2066 5350 secunda

478 5375 606 5418 vero
635 5362 924 5432 disputatio
956 5375 1057 5432 est,
1087 5370 1255 5438 qualis
1283 5371 1457 5430 futura
1487 5387 1567 5431 est
1593 5379 1644 5434 in
1677 5386 2067 5442 resurrectione

475 5457 580 5512 vita
607 5465 931 5516 sanctorum.

535 5613 556 5683 ζ
572 5611 843 5683 Castigatus
861 5617 919 5668 ad
942 5619 990 5669 d.
1015 5633 1057 5669 r.
1086 5627 1122 5670 t.
1142 5633 1188 5668 ν.
1217 5629 1268 5672 et
1291 5622 1348 5672 ad
1375 5629 1480 5674 Lov.

537 5676 610 5735 (τι)
647 5671 788 5728 Alias.
815 5678 878 5728 de
903 5683 1116 5733 Diversis
1143 5683 1246 5732 120.

533 5737 605 5808 (bi
621 5737 876 5808 Possidius,
899 5744 946 5792 in
973 5743 1200 5804 tndiculo,
1226 5758 1328 5808 cap.
1353 5749 1395 5806 l,
1415 5755 1545 5798 notat
1572 5767 1591 5794 (ι
1611 5749 1677 5798 de
1698 5757 2066 5805 ﬁesurrectionc

466 5796 902 5874 924391320985
931 5810 1134 5856 Primum
1169 5796 1294 5874 altat.
1321 5796 1492 5859 l-‘lrirtts
1508 5796 1564 5859 ad
1599 5817 1612 5858 ι
1635 5796 1756 5874 Cor.—
1777 5796 1866 5874 xv;
1892 5796 2066 5868 svecun?

465 5862 596 5916 σιω),
625 5856 761 5908 idem
782 5859 882 5920 ipse
907 5880 961 5920 ac
983 5873 1110 5924 Beda
1132 5856 1188 5922 ad
1213 5856 1228 5922 t
1251 5856 1366 5925 Cor;
1383 5856 1534 5938 ἑξεῖ
1548 5856 1611 5926 ad
1633 5856 1806 5927 eius;
1821 5856 1896 5928 in.

2208 857 2464 921 rexerint,
2494 859 2781 916 carnaliter
2809 878 2928 918 esse
2956 864 3188 920 victuros
3209 907 3223 930 ,
3252 869 3490 925 carnales
3523 871 3821 928 christiani

2205 959 2348 1002 Sunt.
2394 949 2658 1021 Quidquid
2707 968 2834 1022 ergo
2882 954 3258 1025 diSputationis
3287 968 3368 1014 est
3395 960 3652 1017 adversus
3680 968 3816 1034 opi-

2205 1037 2422 1092 nionem
2465 1055 2651 1094 eoruut
2699 1044 2790 1112 qui
2839 1047 3287 1103 resurrectionem
3335 1061 3664 1107 mortuorum
3708 1072 3814 1110 ne-

2202 1135 2363 1195 gant,
2401 1128 2659 1184 adversus
2703 1146 2797 1186 eos
2840 1144 2921 1188 est
2965 1135 3056 1206 qui
3106 1137 3234 1193 foris
3281 1151 3433 1206 sunt,
3461 1159 3526 1198 ex
3569 1161 3809 1214 quorum

2203 1232 2429 1272 numero
2455 1237 2562 1276 non
2590 1221 2677 1278 hic
2699 1224 2927 1281 arbitror
2943 1227 3132 1285 adesse
3157 1231 3407 1302 aliquem.
3437 1234 3582 1292 Unde
3609 1253 3806 1308 super—

2200 1305 2304 1361 llua
2338 1309 2500 1363 videri
2533 1321 2709 1378 potest
2746 1324 2926 1369 nostra
2955 1316 3202 1375 dissertio
3232 1361 3246 1386 ,
3302 1322 3346 1376 si
3401 1323 3560 1380 fuerit
3597 1305 3804 1383 inuno-

2201 1405 2342 1459 rata,
2381 1406 2436 1453 ut
2464 1398 2657 1454 docere
2696 1416 2954 1459 conemur
3003 1421 3281 1479 resurgere
3309 1424 3566 1466 mortuos.
3595 1420 3803 1470 Aucta...

2200 1485 2374 1540 ritatis
2419 1489 2560 1542 enim
2604 1491 2842 1561 pondere
2891 1495 3211 1554 christianos
3255 1500 3530 1558 ducendus
3560 1517 3674 1574 est,
3703 1512 3799 1578 qui

2194 1576 2302 1645 jam
2330 1577 2542 1633 Christo
2582 1583 2835 1648 credidit,
2863 1589 2951 1655 qui
2998 1589 3144 1644 nullo
3191 1592 3350 1648 modo
3401 1606 3545 1664 putat
3569 1576 3799 1655 mentiri

2199 1669 2537 1737 Apostolutn.
2568 1673 2923 1748 Sufﬁcitergo
2953 1689 3008 1734 ut
3036 1681 3136 1736 iste
3161 1683 3361 1751 audiat,
3397 1686 3458 1740 Si
3479 1693 3664 1743 mortui
3692 1709 3798 1746 non

2197 1772 2495 1832 resurgunt,
2536 1764 2703 1820 inanis
2746 1777 2820 1821 est
2857 1769 3149 1838 prwdicatio
3189 1785 3390 1841 nostra,
3428 1777 3595 1833 inanis
3634 1791 3710 1834 est
3747 1794 3799 1835 et

2196 1849 2320 1916 ﬁdes
2350 1861 2530 1906 vestra.
2575 1854 2636 1909 Si
2662 1859 2880 1922 mortui,
2907 1860 3110 1930 inquit,
3148 1881 3247 1917 non
3292 1878 3592 1938 resurgunt,
3633 1889 3798 1941 neque

2195 1939 2423 1996 Christus
2463 1948 2733 2001 resurrexit
2774 1948 2934 2018 (Ibid.
2969 1952 3071 2018 Μ,
3106 1955 3214 2024 13).
3255 1956 3309 2009 Si
3338 1967 3514 2013 autem
3545 1939 3796 2017 Christus

2197 2035 2520 2100 resurrexit,
2550 2037 2600 2091 in
2631 2053 2737 2108 quo
2766 2041 2909 2096 salus
2946 2053 3028 2098 est
3058 2042 3478 2104 Christianorum
3499 2093 3512 2115 ,
3545 2068 3649 2106 non
3685 2056 3794 2107 nti-

2195 2139 2298 2192 que
2329 2124 2660 2194 impossibile
2689 2141 2770 2185 est
2795 2149 3072 2204 resurgere
3101 2147 3340 2194 mortuos
3367 2157 3379 2192 :
3409 2145 3656 2211 quoniam
3691 2146 3784 2201 ille

2193 2215 2281 2284 qui
2312 2219 2585 2274 suscitavit
2613 2220 2806 2276 Filium
2837 2239 3013 2290 suum,
3039 2237 3092 2281 et
3119 2228 3209 2284 ille
3237 2231 3324 2299 qui
3357 2233 3634 2287 suscitavit
3661 2251 3788 2289 car-

2195 2319 2314 2359 netn
2364 2320 2546 2372 suam,
2594 2321 2789 2366 extero
2837 2316 3080 2384 corpori,
3123 2319 3261 2386 quod
3301 2330 3383 2374 est
3434 2321 3707 2388 Ecclesia,
3742 2327 3792 2379 in

2192 2395 2366 2462 capite
2386 2396 2777 2455 demonstravit
2804 2405 3127 2474 exemplum.
3157 2407 3372 2464 Poterat
3397 2426 3523 2482 ergo
3553 2429 3674 2468 esse
3703 2431 3794 2469 so-

2191 2485 2392 2555 perﬁua
2415 2488 2698 2558 disputatio
2719 2493 2784 2548 de
2807 2499 3198 2554 resurrectione
3220 2509 3570 2568 t‘nortuornm,
3599 2516 3655 2558 ut
3673 2506 3793 2575 jam

2191 2580 2586 2649 snseiperemus
2631 2600 2747 2640 eam
2793 2603 2952 2658 quam
3001 2590 3140 2645 inter
3181 2608 3242 2648 se
3282 2593 3569 2650 Christiani
3613 2597 3796 2653 solent

2194 2670 2414 2740 habere,
2447 2689 2564 2730 cum
2597 2681 3047 2736 resurrexerimus
3071 2684 3258 2754 quales
3287 2687 3508 2754 erimus,
3539 2691 3797 2758 quemad-

2191 2764 2405 2818 modum
2435 2768 2692 2834 vivemus,
2721 2785 2840 2840 qua:
2883 2782 3038 2828 erunt
3079 2775 3288 2847 negotia
3321 2789 3495 2832 nostra
3515 2819 3530 2845 ,
3559 2781 3795 2836 eruntne

2188 2856 2364 2926 aliqua
2388 2899 2402 2924 ,
2450 2869 2542 2914 aut
2582 2861 2726 2916 nulla
2753 2881 2765 2916 :
2792 2863 2838 2919 si
2876 2866 3018 2920 nulla
3059 2877 3245 2936 erunt,
3283 2869 3547 2925 desidiose
3591 2873 3790 2927 victuri

2189 2959 2375 3000 sumus
2400 2948 2532 3003 nihil
2563 2953 2798 3021 agendo;
2821 2965 2914 3008 aut
2940 2959 2985 3010 si
3015 2957 3216 3028 aliquid
3242 2975 3483 3029 agemus,
3509 2962 3634 3031 quid
3659 2979 3794 3032 age-

2188 3051 2308 3091 mus
2332 3054 2344 3090 :
2369 3037 2582 3107 deinde,
2619 3043 2986 3100 manducaturi
3011 3056 3066 3102 et
3093 3048 3306 3104 bibitnri
3329 3065 3534 3117 sumus,
3557 3053 3792 3123 conjun-

2186 3128 2395 3184 ctiones
2422 3131 2648 3186 marium
2672 3133 3096 3208 feminarumque
3124 3137 3315 3195 futura:
3340 3150 3483 3206 sunt,
3511 3157 3577 3196 an
3605 3143 3788 3213 aliqua

2185 3219 2410 3288 simplex
2469 3231 2523 3277 et
2575 3224 2876 3296 incorrupta
2908 3228 3014 3282 vita
3049 3231 3380 3298 communis;
3428 3235 3546 3288 etsi
3573 3234 3640 3287 ita
3668 3243 3786 3302 est,

2185 3313 2354 3382 qualis
2385 3314 2486 3369 erit
2514 3314 2626 3384 ipsa
2655 3317 2781 3382 vita,
2811 3320 2982 3388 qualis
3012 3329 3210 3386 motus,
3240 3323 3410 3393 qualis
3439 3323 3604 3394 ﬁgura
3634 3326 3787 3394 ipso-

2184 3418 2303 3458 rum
2363 3419 2668 3474 corporum.
2743 3407 2862 3462 lstm
2922 3409 3309 3480 disputationes
3356 3412 3786 3472 Christianorum

2183 3505 2326 3555 sunt,
2353 3494 2496 3547 salva
2525 3495 2630 3550 ﬁde
2659 3502 3092 3556 resurrectionis.

2255 3585 2484 3642 CAPUT
2535 3588 2781 3645 ιγ.-4.
2825 3592 3260 3649 Resurrectionem
3298 3595 3524 3666 futuram
3566 3599 3784 3670 probare

2181 3679 2408 3747 suscipit.
2455 3681 2535 3734 Ad
2583 3681 2718 3737 hanc
2747 3698 2873 3754 ergo
2902 3685 3316 3756 disputationem
3342 3730 3357 3753 ,
3385 3702 3644 3760 quantum
3691 3695 3779 3750 vel

2182 3769 2382 3836 suscipi
2430 3770 2511 3824 vel
2565 3772 2736 3839 promi
2783 3789 2877 3843 per
2927 3776 3173 3833 homines
3219 3779 3521 3836 hominibus
3564 3795 3776 3853 potest,

2181 3859 2364 3927 quales
2385 3861 2467 3915 vel
2485 3876 2583 3917 nos
2607 3878 2811 3931 sumus,
2832 3867 2928 3944 vel;
2944 3884 3036 3922 vos
3066 3870 3216 3937 estis,
3232 3871 3342 3939 jam
3367 3872 3586 3944 jamque
3608 3885 3774 3931 trans-

2182 3950 2335 4014 irem,
2365 3953 2464 4007 nisi
2518 3970 2604 4008 mc
2631 3955 2682 4009 in
2715 3956 2803 4010 illa
2831 3940 3149 4027 quaestione.
3173 3962 3261 4016 ubi
3289 3965 3563 4032 quaeritur,
3595 3976 3774 4021 utrtun

2180 4041 2398 4097 omnino
2443 4054 2722 4114 resurgant
2767 4049 3008 4115 mortui,
3063 4051 3450 4120 aliquantulum
3501 4054 3775 4112 immorari

2179 4143 2398 4201 cogeret
2441 4135 2742 4193 sollicitudo
2783 4139 3024 4208 quaadam
3052 4141 3118 4196 de
3145 4143 3304 4199 nimis
3333 4146 3634 4202 carnalibus
3661 4146 3776 4202 fra-

2183 4222 2350 4276 tribus
2395 4225 2594 4280 nostris
2636 4235 2691 4281 et
2732 4244 2897 4299 prope
2941 4233 3176 4301 paganis.
3205 4233 3339 4287 Nam
3377 4236 3642 4290 neminem
3685 4237 3778 4294 hic

2180 4328 2441 4384 paganum
2471 4333 2611 4373 nunc
2636 4333 2755 4374 esse
2781 4322 3033 4387 arbitror,
3060 4323 3156 4378 sed
3195 4339 3384 4380 omnes
3425 4325 3773 4383 christianos.

2177 4406 2373 4477 Pagani
2417 4426 2543 4465 vero
2589 4421 2643 4466 et
2691 4413 2936 4470 irrisorcs
2982 4419 3392 4473 resurrectionis
3434 4420 3671 4488 quotidie
3718 4417 3775 4476 in

2176 4500 2396 4554 auribus
2449 4501 2870 4558 Christianorum
2914 4506 3323 4564 inunurmurare
3366 4526 3471 4564 non
3516 4524 3771 4566 cessant:

2177 4587 2542 4645 Monducemus
2564 4603 2609 4646 et
2636 4593 2903 4661 bibamus;
2940 4613 3052 4650 cras
3088 4599 3220 4652 enim
3249 4600 3508 4655 morimur.
3537 4600 3601 4654 Et
3629 4602 3777 4671 quod

2174 4680 2308 4736 dixit
2336 4683 2642 4753 Apostolus,
2673 4687 3011 4744 subiufcrens
3056 4690 3468 4746 sollicitudinem
3518 4708 3670 4748 suam
3719 4706 3777 4750 et

2173 4773 2500 4854 sultjungcns
2543 4774 2668 4831 huic
2715 4781 3017 4847 SClllCllll3:,
3047 4779 3388 4854 Corrumpunt
3415 4802 3576 4839 mores
3613 4785 3776 4842 bonos

2172 4841 2425 4936 colloquia
2452 4866 2587 4919 mala
2609 4883 2628 4920 :
2651 4878 2950 4925 metuentes
2982 4872 3081 4926 ista
3110 4873 3248 4928 mala
3275 4883 3329 4928 et
3355 4875 3772 4932 sollicitudinem

2171 4968 2420 5028 gerentes
2451 4975 2550 5030 pro
2579 4961 2802 5018 inﬁrmis
2825 5005 2839 5031 ,
2868 4980 2973 5018 non
3002 4966 3174 5021 solum
3203 4977 3454 5039 paterna,
3487 4969 3580 5023 sed
3605 4972 3771 5027 etiam

2172 5057 2411 5104 materna
2441 5051 2667 5120 quadam
2699 5054 2994 5120 ebarilate,
3027 5057 3185 5111 etiam
3229 5059 3354 5113 hinc
3386 5060 3626 5116 dicemus
3665 5064 3768 5120 ali-

2172 5141 2328 5209 quid,
2360 5152 2615 5211 quantum
2663 5144 2799 5202 forte
2843 5147 3071 5204 sufﬁciat
3099 5149 3448 5217 Christianis,
3497 5153 3618 5223 quia
3667 5156 3770 5209 ho-

2171 5231 2358 5287 dierno
2386 5232 2473 5288 die
2504 5233 2605 5290 hos
2630 5251 2818 5293 omnes
2846 5239 2936 5308 qui
2963 5249 3335 5296 convenerunt
3375 5243 3586 5299 devotio
3623 5247 3768 5300 circa

2171 5321 2472 5393 Seripturas
2519 5328 2691 5396 major
2733 5328 2972 5385 adduxit.
3012 5331 3194 5403 Neque
3223 5336 3366 5390 enim
3391 5335 3496 5391 diei
3532 5337 3765 5407 alicujus

2171 5413 2290 5469 festi
2320 5419 2629 5474 solemnitas
2656 5420 2721 5474 ad
2750 5422 3034 5477 ecclesiam
3077 5424 3172 5479 Dei
3211 5426 3368 5480 etiam
3400 5427 3578 5482 turbas
3611 5428 3766 5483 thea-

2128 5547 2149 5569 ,
2172 5507 2329 5561 tricas
2350 5511 2889 5566 convocavit.Solent
2908 5515 3050 5568 enim
3070 5515 3283 5584 quidam
3316 5533 3420 5570 non
3447 5517 3515 5572 de
3544 5519 3762 5587 pietate,

2169 5597 2262 5651 sed
2288 5596 2356 5653 tle
2381 5600 2720 5656 solemnitate
2739 5618 3079 5661 concurrere.
3107 5607 3231 5663 lltcc
3257 5608 3611 5665 consideratio
3635 5611 3764 5669 fecit

2172 5700 2227 5743 ut
2273 5691 2442 5759 primo
2486 5693 2725 5748 dicamus
2767 5695 2834 5751 de
2875 5701 3268 5756 resurrectione
3317 5712 3681 5767 mortuorum;
3711 5716 3767 5760 et

2168 5781 2360 5838 deinde
2380 5828 2392 5850 ,
2416 5789 2461 5841 si
2491 5787 2698 5859 copiam
2732 5789 2986 5848 Dominus
3012 5791 3250 5858 dederit,
3281 5795 3448 5865 qualis
3479 5795 3547 5852 sit
3573 5807 3759 5868 postea

2169 5875 2274 5932 vita
2300 5879 2471 5934 futura
2498 5883 2784 5951 justorum.
