3996 6472
207 243 340 297 Uti

275 349 500 406 CAPUT
536 348 596 402 V.
617 378 688 388 -—
708 347 761 403 5.
788 342 851 400 In
883 361 966 400 eos
993 330 1076 416 qui
1105 344 1176 397 sic
1202 343 1462 397 vivendum
1510 342 1588 394 hic
1631 342 1795 394 decer-

207 455 354 508 nunt,
379 441 520 511 quasi
550 447 659 510 post
687 447 894 493 mortem
920 436 1136 504 supersit
1161 434 1390 487 ni/tiI.—-
1411 432 1604 495 Timeo,
1625 433 1794 502 inquit

209 536 516 604 Apostolus,
544 548 608 586 ne
635 531 763 585 sicut
803 544 1005 598 serpens
1046 527 1204 581 Evam
1242 526 1441 579 seduxit
1470 525 1654 579 astutia
1679 539 1791 591 sua,

206 631 278 680 sic
312 637 356 680 et
389 637 560 680 vestra!
588 631 772 677 mentes
797 627 1184 690 corrumpantur
1207 635 1238 672 tt
1259 618 1484 672 castitate
1507 633 1618 687 qum
1643 626 1714 670 est
1743 617 1796 670 in

209 719 409 773 (.‘bristo
439 716 499 786 (ll
524 714 643 770 Cor.
675 729 752 779 xt,
783 709 861 784 ὅ).
895 710 1094 765 Horum
1123 717 1298 763 autem
1329 715 1534 762 mentes
1559 721 1798 761 corrum-

213 818 345 878 punt
374 808 457 861 illa
484 807 767 875 colloquia.
794 802 1160 858 Manducemus
1180 810 1224 854 et
1249 800 1508 862 bibamus;
1533 814 1646 851 eras
1666 791 1817 850 enim'

210 902 477 955 morimur.
504 898 605 965 Qui
633 897 745 950 lucc
775 904 976 959 amant,
1009 893 1100 963 qui
1128 892 1240 946 lucc
1265 897 1558 953 sectantur,
1591 887 1676 957 qui
1707 903 1796 939 so-

214 994 317 1046 lam
351 1007 472 1047 esse
499 991 660 1044 vitam
689 991 843 1040 istam
869 986 1210 1047 arbitrantur,
1239 981 1325 1050 qui
1355 979 1482 1034 nihil
1512 980 1577 1033 de
1604 987 1799 1033 cetero

213 1092 465 1154 sperant,
495 1083 582 1154 qui
613 1083 776 1135 Deum
818 1086 907 1133 aut
950 1093 1057 1132 non
1085 1083 1305 1144 rogant,
1337 1081 1428 1126 aut
1453 1082 1669 1142 propter
1698 1071 1800 1126 hoc

213 1185 421 1244 rogant,
451 1173 642 1244 quibus
667 1183 922 1224 onerosus
947 1177 1028 1222 est
1057 1180 1232 1220 sermo
1253 1163 1557 1232 diligentite,
1581 1160 1794 1215 audiant

213 1282 312 1318 nos
341 1281 461 1320 eum
491 1278 676 1332 magna
709 1261 916 1314 tristitia
945 1259 1040 1311 ista
1071 1256 1327 1310 dicentes.
1359 1253 1671 1307 Manducare
1695 1266 1793 1305 vo-

213 1356 329 1409 lunt
367 1365 420 1409 et
466 1355 675 1412 bibere;
717 1365 836 1404 eras
881 1351 1021 1402 enim
1071 1346 1384 1400 moriuntur.
1426 1344 1636 1400 Utinam
1675 1359 1800 1398 vere

211 1447 511 1517 cogitarent
540 1460 598 1499 se
626 1457 744 1498 cras
771 1455 890 1496 esse
915 1440 1221 1494 morituros.
1249 1437 1378 1504 Quis
1406 1438 1546 1490 enim
1575 1445 1679 1489 tam
1703 1435 1799 1489 de-

211 1552 371 1592 mens
419 1544 575 1604 atque
623 1545 910 1602 perversus
953 1537 1068 1592 est,
1098 1530 1216 1597 quis
1256 1537 1360 1581 tam
1405 1527 1572 1581 hosﬁs
1608 1527 1800 1580 anima:

212 1643 349 1692 sum,
377 1625 465 1695 qni
487 1624 719 1678 crastino
742 1623 830 1676 die
851 1620 1140 1674 moriturus
1166 1633 1271 1671 non
1294 1617 1489 1686 cogitet
1514 1616 1656 1670 ﬁnita
1681 1631 1801 1670 esse

213 1719 395 1771 omina
438 1723 654 1785 propter
691 1729 810 1783 qua:
851 1710 1092 1766 laborat?
1120 1710 1209 1765 Sic
1237 1709 1378 1762 enim
1406 1710 1660 1776 scriptum
1687 1715 1797 1775 est,

216 1808 285 1862 In
315 1808 402 1861 illo
431 1808 512 1860 die
542 1807 732 1876 perieut
761 1820 932 1858 omnes
953 1803 1278 1873 cogitationes
1305 1804 1412 1872 ejus
1435 1799 1605 1871 (Psal.
1638 1815 1797 1868 CXLV,

213 1901 300 1967 ι).
352 1900 460 1954 Etsi
508 1897 756 1952 homines
794 1903 1012 1966 propter
1051 1909 1145 1948 eos
1188 1908 1322 1962 quos
1351 1894 1434 1946 hic
1464 1893 1794 1962 relinquunt,

215 1991 522 2047 teS‘amcnli
547 2005 729 2045 curam
760 1996 952 2058 gerunt
982 1987 1296 2041 imminente
1324 1984 1408 2038 die
1444 1983 1629 2037 mortis
1653 1997 1798 2047 suae;

213 2092 416 2152 quanto
459 2082 627 2150 magis
662 2080 858 2134 debent
887 2078 954 2133 de
982 2078 1155 2131 anima
1185 2091 1278 2130 sua
1310 2075 1505 2144 aliquid
1535 2075 1802 2144 cogitare?

213 2172 431 2241 Cogitat
455 2171 614 2224 homo
639 2184 772 2238 quos
794 2168 1087 2237 relinquat,
1135 2175 1188 2219 et
1233 2181 1292 2219 se
1332 2167 1423 2233 qui
1469 2165 1582 2218 lucc
1623 2165 1801 2217 omnia

214 2261 476 2331 relinquit
519 2275 624 2314 non
663 2257 898 2328 cogitat?
928 2259 1065 2312 Ecce
1103 2255 1374 2312 habebunt
1410 2255 1502 2309 ﬁlii
1548 2255 1622 2308 tui
1659 2254 1802 2324 quod

215 2353 477 2414 dimittis,
509 2360 565 2405 tu
607 2351 736 2404 nihil
777 2348 1020 2412 habebis,
1053 2357 1107 2402 et
1134 2355 1240 2401 tota
1271 2346 1519 2415 cogitatio
1545 2354 1631 2398 tua
1659 2345 1709 2398 in
1739 2359 1805 2398 eo

215 2443 553 2497 Consumitur
593 2455 693 2509 qua
738 2438 999 2508 peregrini
1027 2445 1148 2506 post
1171 2444 1224 2493 te
1253 2443 1544 2501 transeant,
1568 2449 1674 2488 non
1702 2448 1806 2504 quo

219 2542 556 2588 transeuntes
596 2530 924 2600 perveniant.
955 2529 1164 2583 Utinam
1212 2543 1338 2597 ergo
1375 2537 1519 2582 esset
1556 2526 1806 2597 cogitatio

216 2624 290 2678 de
315 2632 502 2677 morte.
521 2621 628 2676 Sed
653 2636 775 2675 cum
797 2619 1090 2674 eﬂ'cruntur
1110 2619 1328 2684 mortui,
1355 2620 1618 2688 cogitatur
1638 2632 1802 2682 mors,

219 2721 282 2768 et
309 2711 660 2770 dicitur2Va:
703 2711 931 2764 misero!
975 2710 1095 2764 talis
1138 2710 1266 2773 fuit,
1315 2708 1428 2763 heri
1473 2708 1803 2773 ambulabat;

220 2815 348 2870 aut,
375 2814 498 2860 ante
528 2812 732 2873 septem
777 2802 894 2857 dies
933 2801 1082 2855 illum
1126 2801 1268 2865 vidi,
1301 2800 1428 2854 illud
1473 2808 1632 2870 atque
1678 2799 1806 2854 illud

221 2912 432 2949 mecum
467 2896 672 2950 locutus
699 2903 818 2960 est;
853 2894 982 2948 nihil
1012 2904 1094 2949 est
1121 2893 1300 2948 homo.
1326 2893 1654 2947 Murmurant
1683 2893 1804 2947 ista.

219 2984 328 3041 Sed
355 2985 489 3040 forte
515 3001 634 3040 eum
667 2995 907 3042 mortuus
930 2985 1214 3054 plangitur,
1233 2999 1354 3039 cum
1385 2983 1540 3038 funus
1567 2994 1802 3050 curatur,

219 3091 346 3132 cum
375 3078 640 3147 exsequiae
677 3086 1060 3147 prmparantur,
1091 3093 1210 3130 cum
1237 3077 1476 3144 eﬂ'ertur,
1517 3092 1638 3131 cum
1679 3077 1804 3144 itur,

220 3184 348 3222 cum
375 3171 647 3237 sepelitur,
676 3171 813 3239 viget
841 3169 943 3223 iste
970 3183 1149 3222 sermo
1179 3186 1192 3222 :
1223 3169 1432 3237 sepulto
1458 3177 1632 3224 autem
1661 3184 1806 3224 mor-

222 3267 340 3325 tuo,
369 3260 528 3313 etiam
557 3259 676 3313 talis
706 3259 961 3328 Cogitatio
990 3258 1264 3327 sepelitur.
1295 3259 1540 3314 Redeunt
1587 3259 1688 3314 illa:
1717 3275 1811 3314 cu-

221 3368 302 3407 ra:
333 3351 622 3407 mortiferm
642 3394 657 3418 ,
688 3352 1017 3407 obliviscitur
1056 3367 1212 3421 quem
1256 3351 1568 3418 deduxerit,
1596 3352 1662 3406 de
1688 3367 1810 3407 suc-

220 3443 469 3496 cessione
512 3443 715 3512 cogitat
759 3440 1103 3505 decessurus;
1130 3441 1332 3494 reditur
1369 3441 1433 3495 ad
1476 3441 1715 3503 fraudes,
1743 3442 1808 3496 ad

216 3532 456 3601 rapinas,
489 3532 554 3586 ad
587 3532 838 3601 periuria,
862 3531 926 3586 ad
951 3532 1319 3598 vinolentiam,
1343 3531 1408 3585 ad
1435 3532 1666 3586 inﬁnitas
1692 3548 1810 3586 cor-

216 3625 372 3692 poris
411 3625 726 3693 voluptates,
760 3638 865 3676 non
910 3622 1052 3684 dico,
1093 3637 1213 3677 eum
1262 3622 1536 3677 exhausta:
1580 3624 1806 3690 fuerint,

219 3715 490 3784 perituras
511 3757 524 3781 ,
553 3714 644 3769 sed
684 3729 803 3768 cum
852 3713 1166 3768 hauriuntur
1208 3723 1525 3783 pereuntes;
1557 3723 1640 3776 et,
1669 3716 1808 3784 quud

218 3814 310 3859 est
332 3804 784 3874 perniciosius,de
811 3805 1019 3874 sepulto
1045 3813 1257 3858 mortuo
1279 3813 1646 3874 argumentum
1666 3820 1812 3874 sepe-

222 3896 387 3950 liendi
415 3896 592 3950 cordis
618 3896 923 3961 assumitur,
953 3904 1007 3949 et
1026 3894 1237 3962 dicitur,
1272 3893 1633 3950 Manducemus
1660 3906 1706 3950 et
1733 3897 1810 3950 bi-

220 3992 440 4053 bamus;
467 4005 578 4042 cras
604 3991 736 4042 enim
761 3989 1020 4044 morimur.

299 4077 523 4135 CAPUT
571 4077 820 4132 VL—(i.
868 4077 1267 4132 Resun'ectionis
1311 4077 1438 4147 ﬁdes
1473 4077 1709 4132 irridetur
1748 4079 1810 4133 ob

218 4170 518 4225 incredulis.
554 4169 867 4223 Parentatia.
912 4168 978 4223 In
1025 4186 1108 4224 eos
1148 4171 1233 4240 qui
1274 4171 1516 4241 objiciunt
1546 4173 1739 4225 nullum
1779 4189 1812 4226 α

221 4260 440 4315 mortuis
467 4259 690 4313 rediisse.
724 4257 954 4313 lrrident
977 4259 1136 4314 etiam
1163 4259 1324 4314 ﬁdem
1349 4261 1696 4314 asserentium
1727 4276 1812 4316 re-

222 4361 563 4410 surrecturos
603 4366 720 4406 esse
757 4361 1031 4414 mortuos,
1084 4351 1321 4407 dicentes
1359 4352 1462 4406 sibi
1488 4371 1500 4404 :
1525 4352 1662 4407 Ecce
1711 4355 1810 4409 iste

224 4444 434 4516 positus
461 4453 544 4498 est
569 4442 619 4496 in
649 4443 912 4512 sepulcro,
944 4441 1188 4496 audiatur
1209 4458 1310 4496 vox
1338 4442 1498 4496 illius.
1525 4443 1627 4498 Sed
1657 4443 1812 4514 hujus

225 4534 340 4589 non
368 4543 538 4602 potest
562 4550 576 4586 :
601 4534 766 4601 patris
787 4533 890 4587 mei
912 4547 1096 4587 vocem
1117 4532 1350 4598 audiam,
1379 4534 1462 4587 avi
1487 4536 1606 4597 mei,
1629 4537 1810 4605 proavi

226 4626 358 4679 mei.
380 4624 508 4690 Quis
549 4623 670 4677 inde
711 4623 976 4676 surrexit?
1003 4623 1130 4690 Quis
1175 4623 1422 4678 indicavit
1460 4624 1583 4694 quid
1626 4632 1813 4692 agatur

226 4713 370 4783 apud
404 4713 638 4768 inferos?
664 4713 807 4767 Bene
856 4713 1011 4767 nobis
1057 4713 1345 4775 faciamus,
1377 4729 1497 4769 eum
1537 4716 1801 4771 vivimus:

223 4822 352 4864 cum
379 4816 556 4861 autem
585 4806 778 4860 mortui
810 4804 1082 4870 fuerimus,
1104 4806 1313 4861 etiamsi
1346 4817 1592 4876 parentes
1618 4809 1804 4875 nostri,

227 4908 326 4953 aut
355 4897 502 4953 ehari
521 4905 649 4975 ,qaut
677 4896 955 4966 propinqui
997 4896 1220 4951 aﬂ‘erant
1243 4897 1310 4951 ad
1337 4898 1577 4966 sepulcra
1609 4907 1810 4965 nostra,

229 4993 338 5050 sibi
369 4993 591 5047 aﬂ'crcnl.
611 4992 699 5064 qui
727 4993 942 5056 vivunt,
976 5006 1081 5046 non
1126 4991 1280 5045 nobis
1323 4992 1564 5045 mortuis.
1595 4993 1658 5046 Et
1699 4991 1815 5048 haec

230 5084 448 5158 quidem
489 5085 653 5139 irrisit
687 5086 847 5139 etiam
877 5083 1167 5153 Scriptura,
1198 5083 1379 5138 dicens
1404 5084 1472 5139 de
1497 5085 1813 5154 quibusdam

230 5182 371 5234 bona
405 5179 684 5249 praesentia
714 5194 820 5234 non
846 5169 1220 5242 sentientibus,
1255 5175 1518 5251 Tanquam
1541 5181 1585 5234 si
1611 5182 1812 5252 epulas,

228 5274 438 5341 inquit,
467 5279 662 5325 mortuo
699 5273 1046 5342 circumponas
1074 5269 1256 5343 (Eccli.
1283 5286 1419 5338 xxx,
1451 5271 1542 5340 18)
1567 5289 1580 5325 :
1606 5282 1659 5328 et
1697 5288 1814 5328 ma-

230 5362 485 5418 nifestum
525 5370 608 5416 est
654 5361 754 5417 hoc
790 5359 854 5416 ad
888 5371 1126 5416 mortuos
1157 5377 1260 5416 non
1289 5363 1577 5430 pertinere,
1607 5371 1660 5418 et
1682 5378 1814 5418 con-

229 5449 568 5509 suetudinem
613 5452 751 5507 hanc
792 5467 912 5507 esse
951 5453 1277 5522 Paganorum
1305 5495 1318 5517 ,
1371 5469 1475 5508 non
1524 5455 1703 5510 venire
1749 5457 1816 5512 de

237 5544 528 5614 propagine
571 5543 658 5597 illa
705 5551 760 5596 et
800 5557 932 5596 vena
977 5543 1195 5611 justitiae
1247 5552 1452 5612 patrum
1512 5556 1814 5602 nostrorum

234 5635 663 5693 Patriarcbarum
684 5675 699 5702 ,
731 5635 920 5705 quibus
949 5636 1224 5705 exsequias
1252 5637 1544 5694 celebratas
1583 5656 1700 5698 esse
1732 5643 1806 5698 le-

1584 227 1815 284 SERMO
1852 227 2108 286 CCCLX].

3350 247 3482 303 1802

1902 341 2108 409 gimns,
2141 355 2474 414 parentatum
2503 366 2624 406 esse
2656 368 2760 408 non
2792 353 3032 424 legimus.
3076 359 3186 415 Hoc
3229 363 3387 417 etiam
3432 365 3482 417 in

1899 433 2138 488 moribus
2161 435 2463 494 Jud:eorum
2492 443 2838 500 animadverti
2863 456 3028 515 potest
3055 465 3070 502 :
3101 467 3202 506 non
3233 455 3374 508 enim
3407 465 3486 510 te-

1899 535 2129 578 nuerunt
2158 527 2279 582 inde
2304 529 2514 586 virtutis
2543 535 2766 603 frugem,
2801 539 2894 592 sed
2924 549 3099 596 tamen
3124 551 3406 600 tenuerunt
3429 547 3484 603 in

1899 615 2213 683 quibusdam
2254 617 2684 680 solemnitatibus
2728 631 3123 688 consuetudinis
3147 645 3481 692 vetustatem.

1901 704 1966 758 lat
2007 707 2146 774 quod
2192 708 2448 779 objiciunt
2478 714 2690 783 quidam
2722 717 2787 772 de
2822 718 3130 789 Scripturis,
3155 723 3360 795 Frange
3391 745 3485 796 pa-

1901 813 2012 850 nem
2039 807 2198 861 tuum,
2234 811 2278 852 et
2299 801 2502 868 e/funde
2523 805 2690 860 vinum
2714 818 2856 862 tuum
2900 827 3049 880 super
3066 816 3300 879 sepulcra
3314 818 3487 886 justo-

1899 903 2040 950 rum,
2081 901 2127 942 et
2161 907 2221 943 ne
2257 893 2426 946 tradas
2462 912 2572 948 eum
2603 897 2802 967 injustis
2833 898 2985 968 (Tob.
3006 917 3081 967 tv,
3118 903 3241 973 i8);
3271 922 3374 961 non
3403 918 3484 962 est

1901 979 2112 1046 quidem
2142 980 2208 1034 de
2239 981 2338 1036 hoc
2380 983 2779 1050 disserendum,
2813 991 2903 1044 sed
2953 1001 3126 1046 tamen
3167 1009 3322 1063 posse
3362 996 3482 1051 dico

1902 1067 2196 1138 intelligere
2227 1071 2410 1129 ﬁdeles
2434 1077 2572 1144 quod
2599 1078 2794 1132 dictum
2830 1091 2929 1135 est.
2970 1083 3100 1138 Nam
3140 1088 3485 1157 quemadmo-

1903 1157 2025 1212 dum
2059 1160 2154 1215 ista
2183 1162 2364 1218 ﬁdeles
2391 1165 2581 1221 faciant
2612 1169 2856 1239 religiose
2885 1187 3007 1244 erga
3039 1179 3321 1234 memorias
3359 1195 3483 1236 suo-

1903 1263 2021 1302 rum
2049 1260 2228 1304 nutnm
2259 1261 2340 1307 est
2369 1255 2638 1322 lidelibus;
2666 1268 2718 1312 et
2747 1261 2866 1328 quia
2901 1279 3005 1316 non
3034 1277 3157 1319 sunt
3189 1270 3283 1320 ista
3331 1269 3483 1323 exhi-
3568 1304 3572 1308 -

1902 1339 2072 1394 bendo
2103 1343 2330 1411 iniustis,
2367 1346 2415 1398 id
2438 1357 2520 1401 est
2541 1391 2554 1411 ,
2582 1349 2903 1416 inﬁdelibus,
2931 1356 3071 1423 quia,
3098 1355 3276 1412 Justus
3301 1376 3363 1413 ea:
3382 1363 3484 1429 ﬁde

1901 1434 2018 1486 vit-it
2061 1434 2232 1504 (liam.
2268 1452 2318 1500 ι,
2349 1437 2469 1508 l7),
2512 1441 2670 1494 etiam
2716 1441 2814 1498 hoc
2861 1444 3102 1500 ﬁdelibus
3150 1458 3332 1504 notum
3379 1463 3479 1507 est.

1902 1523 2068 1577 Nemo
2097 1541 2222 1595 ergo
2247 1540 2447 1598 qumrat
2472 1530 2538 1585 de
2558 1533 2818 1590 medicina
2842 1537 3052 1604 vulnus,
3077 1549 3128 1594 ct
3154 1541 3220 1596 de
3242 1543 3481 1612 Scriptu-

1903 1619 1976 1672 ris
2001 1631 2224 1675 conetur
2253 1631 2496 1692 torquere
2519 1626 2824 1693 vinculum,
2858 1631 2998 1686 unde
3026 1633 3268 1702 laqueum
3298 1639 3483 1693 mortis

1882 1707 2104 1778 ‘injiciat
2139 1713 2330 1767 anima:
2370 1731 2497 1769 sua}.
2529 1717 2862 1773 Manifestum
2908 1731 2989 1775 est
3036 1726 3480 1792 quemadmodum

1903 1799 2032 1854 illud
2055 1800 2397 1871 intelligatur,
2428 1814 2479 1858 cl
2505 1817 2687 1875 aperta
2714 1819 2874 1879 atque
2902 1811 3131 1868 salubris
3157 1825 3237 1869 est
3263 1815 3376 1872 haec
3402 1833 3484 1874 ce-

1903 1890 2125 1945 lebratio
2153 1893 2597 1950 Christianorum.

1974 1979 2197 2037 CAPUT
2225 1984 2458 2039 \'ll.-—7.
2479 1986 2630 2041 Fides
2649 1998 2818 2044 nostra
2839 1992 2889 2045 in
2917 1993 3085 2060 corde,
3099 1997 3485 2066 quasiC/zristus

1903 2071 1954 2125 in
1980 2074 2096 2126 navi
2119 2074 2390 2143 dormiens,
2419 2079 2704 2143 excitanda,
2737 2090 2794 2134 ut
2824 2092 3086 2154 tempestas
3106 2087 3324 2143 sedetur.
3352 2091 3482 2146 illud

1905 2178 2051 2229 ergo,
2082 2173 2138 2217 ut
2165 2180 2430 2234 cmperam
2463 2167 2663 2233 dicere,
2687 2172 2980 2239 videamus,
3007 2187 3220 2246 propter
3244 2179 3488 2237 homines

1907 2252 2375 2310 immurmurantes
2414 2257 2465 2311 in
2501 2275 2658 2314 aures
2703 2262 3071 2330 inﬁrmorum,
3120 2266 3487 2326 Mmtducemus

1908 2355 1953 2400 et
1983 2347 2236 2412 bibamus;
2277 2365 2390 2402 cras
2435 2351 2564 2404 enim
2603 2355 2882 2411 morimur:
2910 2359 3030 2427 quia
3061 2359 3274 2429 dicunt,
3302 2363 3487 2420 Nullus

1908 2439 2028 2492 inde
2069 2443 2390 2506 resurrexit,
2431 2459 2535 2497 non
2581 2446 2762 2500 audivi
2809 2463 2994 2505 vocem
3039 2452 3384 2524 cujusquam,
3419 2474 3484 2513 ex

1907 2543 2012 2598 quo
2040 2529 2107 2584 ibi
2162 2532 2362 2599 positus
2409 2542 2668 2591 estavus
2713 2554 2882 2602 meus,
2910 2556 2974 2596 ex
3022 2559 3125 2613 quo
3171 2558 3388 2616 atavus,
3420 2567 3486 2605 ex

1907 2635 2012 2688 quo
2074 2633 2270 2690 pater;
2328 2625 2523 2680 nullius
2590 2628 2763 2683 audivi
2835 2647 3044 2686 vocem.
3107 2635 3483 2707 Ιὶρεροιιιιυιθ,

1907 2709 2214 2778 Christiani,
2254 2714 2296 2769 si
2342 2715 2612 2771 christiani
2656 2719 2826 2775 estis:
2868 2737 2935 2777 ne
2984 2725 3118 2778 forte
3157 2741 3277 2781 cum
3331 2731 3490 2786 vultis

1909 2802 1960 2856 in
2016 2805 2223 2872 populis
2272 2805 2558 2875 inebriari,
2599 2810 2772 2880 pigeat
2809 2828 2907 2868 vos
2963 2819 3360 2887 corruptoribus
3404 2838 3491 2876 re-

1909 2895 2192 2964 spondere.
2237 2897 2453 2954 Habetis
2504 2903 2627 2971 quid
2673 2905 3192 2974 respOndeatis:sed
3227 2910 3490 2969 ﬂuctuatis

1910 2987 2335 3056 concupiscentia
2374 2991 2744 3061 voluptatum,
2781 3003 2836 3049 et
2881 2997 3044 3051 vultis
3085 2999 3390 3071 ingurgitari
3437 3014 3492 3057 et
3540 3001 3544 3004 ’

1911 3078 2012 3132 vivi
2065 3077 2297 3151 sepeliri.
2344 3080 2522 3152 Surgit
2558 3085 2819 3154 cupiditas
2881 3087 3154 3144 ebrietatis
3183 3131 3198 3156 ,
3243 3101 3296 3146 et
3341 3096 3490 3163 quasi

1918 3170 2111 3228 ﬂuctus
2136 3175 2349 3243 quidam
2377 3175 2527 3230 irruit
2557 3177 2610 3230 in
2638 3178 2889 3244 animam,
2917 3188 3172 3236 attractus
3198 3182 3324 3237 ﬂatu
3355 3187 3493 3240 male

1914 3265 2208 3322 suadentis.
2244 3267 2634 3338 Tempestatem
2679 3286 2806 3342 ergo
2843 3287 3085 3341 magnam
3125 3277 3354 3344 pateris,
3387 3293 3493 3332 non

1913 3358 1992 3412 vis
2037 3361 2362 3428 respondere
2408 3363 2742 3432 eorruptori,
2774 3379 2894 3418 eum
2942 3364 3086 3420 faves
3128 3368 3490 3437 propinatori;

1910 3447 2003 3502 sed
2032 3449 2222 3504 ﬂuctus
2248 3452 2692 3521 concupiscentia:
2732 3455 2890 3508 nimis
2915 3454 3159 3524 erigitur,
3189 3467 3242 3511 et
3267 3458 3493 3512 obruere

1915 3540 2026 3594 vult
2050 3550 2301 3610 tanquam
2329 3557 2517 3597 navem
2549 3557 2643 3597 cor
2672 3552 2838 3597 tuum.
2867 3544 3194 3610 Christiane,
3219 3546 3415 3600 dormit
3441 3547 3492 3602 in

1912 3631 2031 3683 navi
2061 3639 2144 3684 tua
2172 3630 2455 3686 Christus:
2492 3633 2662 3686 excita
2703 3633 2887 3697 illum;
2920 3634 3128 3703 iubebit
3169 3637 3495 3703 tempestati-

1913 3721 2010 3776 bus
2035 3731 2095 3776 ut
2122 3723 2299 3776 omnia
2328 3723 2736 3793 tranquillentur
2764 3723 2980 3793 (Matth.
3012 3741 3101 3778 vtn
3122 3767 3137 3791 ,
3165 3725 3366 3796 2i-26).
3400 3726 3495 3782 Illo

1912 3812 2056 3866 enim
2091 3823 2366 3881 tempore,-
2394 3813 2604 3883 quando
2632 3813 2877 3882 discipuli
2918 3815 2968 3868 in
3015 3815 3134 3868 navi
3171 3815 3496 3870 ﬂuctuabant

1912 3899 2124 3956 Christo
2136 3901 2448 3969 dormiente,
2463 3903 2891 3972 signiﬁcavernnt
2903 3905 3154 3958 ﬂuctuare
3165 3904 3495 3960 Christianus

1915 3993 2200 4048 christiana
2233 3994 2337 4050 ﬁde
2365 3995 2680 4051 dormiente.
2708 3995 2869 4052 Vides
2897 3995 3036 4051 enim
3068 3996 3190 4065 quid
3212 3997 3491 4068 dicitApo-

1915 4085 2082 4140 stolus
2107 4085 2399 4152 :llabitare,
2416 4087 2602 4157 inquit,
2631 4085 2884 4142 Christum
2908 4105 2995 4156 per
3019 4089 3168 4157 [idem
3193 4089 3244 4142 in
3264 4089 3492 4144 cordibus

1913 4177 2088 4230 vestris
2116 4175 2328 4248 (Ephes.
2364 4191 2450 4243 ιιι,
2484 4175 2594 4250 t7).
2627 4177 2930 4232 Secundum
2970 4180 3110 4233 enim
3157 4185 3491 4248 praesentiam

1918 4265 2322 4334 pulchritudinis
2361 4276 2416 4322 et
2452 4267 2743 4322 divinitatis
2787 4281 2896 4322 sua:
2941 4283 3153 4338 semper
3187 4285 3306 4323 cum
3339 4270 3494 4325 Patre
3537 4307 3542 4312 -

1916 4368 2029 4420 est;
2079 4359 2370 4412 secundum
2423 4359 2759 4429 prmsentiam
2803 4361 3130 4429 corporalem
3179 4360 3288 4429 jam
3334 4375 3492 4436 supra

1916 4449 2079 4502 caelos
2104 4449 2168 4502 ad
2197 4449 2471 4504 dexteram
2501 4450 2672 4505 Patris
2698 4461 2778 4504 est
2803 4469 2814 4504 :
2840 4451 3130 4505 secundum
3159 4453 3493 4521 prmsentiam

1914 4556 2042 4594 vero
2074 4541 2190 4594 ﬁdei
2229 4541 2282 4594 in
2322 4543 2566 4596 omnibus
2595 4542 2908 4598 Christianis
2952 4552 3051 4597 cst.
3085 4543 3152 4596 Et
3199 4543 3318 4598 ideo
3365 4557 3496 4613 ergo

1916 4628 2160 4698 ﬂuctuas,
2190 4631 2309 4700 quia
2342 4629 2586 4687 Christus
2613 4633 2807 4687 dormit
2833 4649 2847 4686 :
2878 4633 2979 4688 hoc
3022 4643 3122 4699 est,
3143 4632 3266 4688 ideo
3299 4647 3496 4687 concuv

1919 4720 2200 4789 piscentias
2223 4723 2358 4787 illas,
2383 4728 2510 4791 "qua:
2535 4723 2834 4778 excitantur
2859 4723 3069 4778 ﬂatibus
3099 4723 3235 4778 male
3260 4722 3494 4777 suaden-

1919 4810 2070 4877 tium,
2101 4827 2206 4865 non
2232 4827 2472 4882 superas,
2504 4814 2626 4883 quia
2654 4812 2782 4868 ﬁdes
2822 4813 3036 4868 dormit.
3060 4812 3195 4880 Quid
3223 4821 3334 4879 est,
3365 4813 3494 4867 ﬁdes

1917 4902 2150 4957 dormit?
2174 4902 2355 4972 Sopita
2378 4911 2478 4958 est.
2502 4903 2636 4970 Quid
2663 4913 2775 4971 est,
2817 4905 2985 4974 sopita
3029 4905 3148 4959 est?
3187 4903 3394 4958 Oblitus
3436 4921 3495 4960 es

1917 5009 2054 5050 eam.
2073 4993 2208 5062 Quid
2230 5010 2356 5064 ergo
2372 5003 2455 5050 est
2473 4997 2704 5050 excitare
2720 4995 2986 5050 Christum
3001 4995 3025 5048 ?
3040 4993 3286 5050 Excitare
3313 4994 3494 5062 ﬁdem.

1919 5087 2187 5142 reminisci
2210 5087 2350 5158 quod
2379 5087 2668 5142 credidisti.
2692 5087 2831 5157 Ergo
2849 5089 3130 5144 recordare
3152 5088 3306 5143 tidem
3328 5098 3492 5151 luam,

1918 5179 2089 5234 excita
2119 5177 2388 5234 Christum
2415 5198 2427 5234 :
2453 5180 2564 5249 ipsa
2591 5177 2723 5234 ﬁdes
2746 5187 2832 5234 tua
2851 5177 3052 5248 jubehit
3086 5179 3350 5243 ﬂuctibus,
3380 5181 3498 5248 qui-

1919 5269 2020 5325 bus
2051 5270 2300 5336 turbaris,
2333 5280 2386 5326 et
2411 5271 2582 5326 ventis
2623 5286 2874 5342 perversa
2917 5271 3287 5327 suadentium:
3318 5270 3497 5326 statim

1920 5362 2196 5418 discedent
2211 5365 2426 5429 ,‘statim
2465 5365 2642 5420 omnia
2677 5365 3083 5436 conquiescent;
3115 5365 3235 5435 quia
3262 5363 3360 5417 etsi
3392 5379 3497 5420 IIUI|

1921 5455 2127 5511 desistit
2155 5457 2324 5512 malus
2353 5471 2539 5512 suasor
2583 5457 2754 5527 loqui,
2779 5457 2890 5527 jam
2925 5471 3027 5510 non
3064 5460 3358 5511 commovet
3407 5469 3501 5506 na.

1922 5567 2062 5615 vem,
2088 5567 2192 5606 non
2221 5551 2438 5607 ﬂuctum
2468 5553 2682 5619 excitat,
2710 5567 2813 5607 non
2844 5549 3033 5618 mergit
3063 5545 3359 5603 vehiculum
3393 5562 3499 5620 quo

1925 5646 2172 5713 portaris.
