3968 6496
513 240 651 295 1603

582 354 635 408 8.
670 346 1061 407 Resurrectionis
1094 344 1277 415 futura:
1302 341 1427 410 ﬁdes
1457 344 1742 406 resurgentc
1771 333 1969 386 Christo
1994 346 2082 385 sa-

513 448 575 501 tis
590 442 930 515 comprobata.
944 437 1101 494 Totus
1121 436 1252 490 orbis
1271 441 1531 486 attestatur
1543 429 1661 498 ﬁdei
1675 436 1875 480 nostrte.
1897 422 2084 477 Omnia

515 514 848 591 testimonium
863 530 1115 603 perhibent
1138 524 1504 581 resurrectioni.
1519 519 1651 590 Quid
1670 534 1797 588 ergo
1811 516 1937 571 facis
1953 514 2086 569 exci-

516 639 633 682 tans
664 622 969 680 Christum?
993 618 1125 686 Quid
1141 616 1452 673 tibidixerat
1469 613 1637 668 malus
1658 611 1746 663 ille
1774 610 2088 662 sermocina-

517 712 624 765 tur?
636 709 769 779 Quid
790 708 995 761 dixerat
1016 703 1101 758 illc
1112 709 1408 768 eorrttptor,
1427 710 1770 763 corrumpens
1792 694 1958 745 bonos
1975 704 2089 744 mo-

518 818 602 856 res
615 817 708 871 per
721 796 978 866 colloquia
993 793 1154 848 mala?
1170 791 1293 862 quid
1308 789 1535 844 dixerat?
1549 786 1704 841 Certe
1716 784 1817 839 hoc
1837 783 2041 837 dixerat
2070 798 2082 834 :

514 892 680 947 Nemo
709 888 831 944 inde
858 900 1104 941 reversus
1129 893 1211 936 est
1230 924 1245 948 ,
1275 896 1378 934 non
1406 879 1579 933 audivi
1628 886 1829 945 patrem
1873 888 2046 927 meum
2068 912 2084 937 ,

516 999 624 1039 non
652 996 806 1037 avum
833 992 1045 1041 meum;
1076 975 1258 1030 redeat
1284 972 1404 1026 inde
1428 968 1637 1039 aliquis,
1661 966 1801 1021 dicat
1825 964 1949 1035 quid
1982 964 2089 1019 illic

513 1075 704 1145 agitur.

584 1162 809 1220 CAPUT
852 1158 1175 1217 Vlli.-—Tu
1219 1156 1327 1224 jam
1356 1154 1583 1209 excitato
1619 1150 1830 1205 Christo
1874 1148 1925 1202 in
1968 1151 2086 1201 navl

517 1267 639 1323 tua,
685 1255 928 1310 recolens
978 1251 1136 1305 ﬁdem
1183 1257 1356 1311 tuam,
1399 1243 1662 1313 responde
1702 1241 1807 1307 illi,
1853 1249 1907 1294 ct
1943 1239 2028 1293 die
2073 1255 2086 1291 :

515 1346 710 1413 Stulte,
738 1345 781 1398 si
822 1351 970 1414 pater
1009 1350 1127 1394 tuus
1167 1343 1492 1406 resurgeret,
1526 1332 1807 1394 crederes;
1838 1329 2090 1384 Dominus

521 1437 761 1492 omnium
792 1430 1118 1495 resurrexit,
1148 1436 1202 1489 et
1239 1443 1343 1486 non
1384 1424 1595 1480 credis?
1639 1422 1791 1478 Unde
1833 1421 1975 1475 enim
2020 1418 2089 1473 ita

518 1526 689 1584 voluit
709 1526 840 1581 mori
856 1532 1220 1590 etresurgere,
1241 1518 1336 1572 nisi
1355 1526 1412 1573 ut
1427 1530 1611 1569 omnes
1632 1515 1718 1567 uni
1732 1511 2087 1576 crederemus,

522 1634 589 1675 ne
613 1634 643 1672 a
665 1616 843 1672 multis
867 1609 1269 1688 deciperemur?
1301 1606 1504 1681 thuid
1529 1605 1726 1659 faceret
1755 1607 1905 1674 pater
1933 1609 2085 1665 tuus,

518 1709 567 1766 si
602 1717 901 1777 resurgeret
931 1713 986 1760 et
1024 1703 1352 1773 loqueretur,
1396 1700 1584 1753 iterum
1633 1694 1956 1750 moriturus?
1999 1694 2093 1747 At-

522 1798 677 1853 tende
700 1813 817 1852 cum
840 1801 1034 1865 quanta
1072 1793 1159 1849 ille
1189 1798 1445 1860 potestate
1467 1786 1837 1849 resurrcxcrit,
1869 1784 1956 1854 qui
1981 1784 2092 1853 jam

521 1904 624 1943 non
649 1888 891 1951 moritur,
921 1894 974 1939 et
998 1899 1143 1938 mors
1168 1882 1216 1936 ei
1241 1882 1373 1934 ultra
1406 1896 1511 1934 non
1535 1877 1895 1933 dominabitur
1913 1874 2090 1945 (Rom.

519 1998 593 2050 vt,
619 1981 697 2053 9).
728 1979 971 2035 Ostendit
998 1992 1058 2031 se
1098 1975 1270 2045 ipsum
1300 1972 1573 2041 discipulis
1593 1980 1647 2025 et
1672 1969 1911 2023 fidelibus
1935 1967 2046 2021 suis
2078 1983 2091 2019 :

520 2081 849 2130 contrectata
888 2079 969 2126 est
1011 2066 1251 2124 soliditas
1273 2063 1548 2134 corporis,
1579 2077 1700 2117 cum
1732 2074 1917 2130 parum
1957 2067 2099 2113 esset

521 2163 837 2236 quibusdam
867 2161 1047 2215 videre
1070 2158 1209 2231 quod
1242 2157 1610 2217 meminerant,
1641 2154 1740 2207 nisi
1784 2153 1942 2207 etiam
1976 2158 2095 2205 tan-

523 2262 710 2325 gerent
737 2252 875 2323 quod
907 2251 1174 2307 videbant.
1209 2247 1526 2303 Conﬁrmata
1560 2243 1691 2298 lides
1730 2250 1810 2296 est
1830 2281 1847 2307 ,
1876 2256 1981 2295 non
2011 2255 2098 2295 so-

523 2346 630 2400 lum
655 2346 705 2399 in
728 2343 998 2408 cordibus,
1018 2341 1109 2397 sed
1140 2340 1296 2394 etiam
1321 2340 1372 2392 in
1396 2335 1564 2395 oculis
1589 2333 2099 2390 hominum.Ascen-

523 2438 602 2492 dit
664 2436 791 2500 ille,
826 2433 1060 2504 quith
1109 2429 1528 2493 demonstravit,
1578 2425 1631 2481 in
1673 2426 1903 2488 caelum,
1955 2423 2099 2478 misit

522 2528 777 2597 Spiritum
825 2532 1068 2579 sanctum
1117 2519 1394 2595 discipulis
1438 2520 1581 2580 suis,
1622 2516 1964 2587 pra-dicatum
2017 2523 2099 2570 est

524 2615 888 2683 Evangelium.
920 2612 976 2666 Si
1003 2610 1288 2667 mentimur
1316 2609 1448 2673 lure,
1478 2608 1738 2676 interroga
1769 2606 1951 2663 orbem
1989 2614 2097 2660 ter-

521 2724 720 2764 rarum.
750 2706 909 2760 Multa
936 2719 1051 2772 qua:
1084 2702 1341 2771 promissa
1368 2708 1494 2758 sunt
1514 2739 1531 2765 ,
1580 2699 1714 2754 facta
1745 2710 1867 2752 sunt
1892 2715 1905 2752 :
1935 2699 2097 2753 multa

522 2816 640 2869 qua?
664 2794 1269 2869 sperabantur,‘impleta
1292 2801 1414 2848 sunt
1438 2809 1450 2844 :
1483 2792 1536 2847 in
1565 2790 1667 2844 fide
1693 2790 1980 2845 christiana
2012 2798 2095 2843 to-

524 2900 608 2945 tus
629 2889 772 2944 orbis
800 2889 957 2958 viget.
1004 2886 1117 2940 Non
1143 2884 1340 2939 audent
1363 2883 1564 2939 Christi
1589 2880 1967 2937 resurrectioni
2006 2880 2101 2939 dc-

524 2982 752 3045 trahere,
779 2995 877 3037 nec
901 2979 972 3034 illi
998 2978 1087 3049 qui
1111 2976 1345 3032 nondum
1370 2975 1584 3031 Christo
1614 2974 1971 3030 crediderunt.
1994 2970 2097 3032 Te-

521 3074 825 3129 stimonium
870 3075 922 3125 in
964 3069 1132 3133 caelo,
1183 3068 1540 3124 testimonium
1583 3067 1632 3120 in
1657 3075 1826 3121 terra:
1859 3066 2103 3121 testimo-

527 3165 671 3217 nium
727 3161 795 3215 ab
842 3161 1091 3230 Angelis,
1159 3158 1519 3215 testimonium
1577 3156 1645 3211 ab
1693 3155 1898 3212 inferis.
1964 3156 2100 3223 Quid

529 3253 802 3316 remansit,
833 3251 971 3319 quod
1000 3266 1103 3304 non
1130 3248 1357 3304 clamet?
1381 3250 1446 3303 Et
1472 3258 1526 3302 tu
1554 3247 1706 3316 dicis,
1734 3246 2101 3303 Manducemus

525 3354 570 3397 et
601 3344 859 3407 bibamus;
889 3360 1000 3396 cras
1039 3342 1170 3396 enim
1199 3340 1474 3395 morimur!

598 3436 650 3489 9.
697 3433 1000 3503 Exemplum
1042 3432 1415 3488 resurrectionis
1461 3431 1513 3485 in
1564 3432 1768 3486 semine.
1801 3429 1907 3488 Sed
1938 3431 2102 3486 tristis

526 3524 691 3579 factus
718 3540 775 3581 cs
808 3523 874 3578 de
900 3524 1109 3593 sepulto
1129 3523 1441 3576 charissimo
1485 3532 1572 3575 tuo
1593 3563 1605 3586 ,
1635 3522 1755 3592 quia
1784 3540 1887 3577 non
1920 3524 2100 3577 statim

522 3617 713 3671 audisti
740 3631 922 3671 vocem
952 3615 1088 3684 ejus.
1120 3614 1362 3680 Vivebat,
1402 3623 1641 3668 mortuus
1660 3623 1741 3667 est
1775 3632 1789 3668 :
1818 3614 2104 3669 manduca-

526 3709 632 3769 bat,
651 3709 760 3777 jam
788 3722 893 3761 non
926 3707 1207 3761 manducal
1238 3723 1250 3758 :
1281 3705 1576 3769 sentiebat,
1610 3705 1718 3773 jam
1762 3723 1864 3760 non
1896 3707 2056 3761 sentit
2086 3724 2098 3759 :

528 3815 630 3851 non
666 3799 886 3851 interest
923 3797 1124 3866 gaudiis
1148 3805 1200 3851 et
1228 3796 1424 3850 l:etiti;e
1449 3796 1711 3852 vivorum.

605 3887 826 3942 CAPUT
856 3886 948 3941 IX.
976 3917 1045 3927 —
1075 3886 1336 3955 Numquid
1362 3888 1635 3956 plaugeres
1660 3904 1863 3953 semen,
1893 3888 2104 3957 quando

530 3981 746 4035 arares?
769 3980 821 4034 Si
852 3995 978 4048 ergo
999 3987 1142 4034 cssot
1164 3979 1438 4049 quisquam
1477 3980 1544 4032 ita
1584 3995 1759 4034 rerum
1793 3981 2063 4048 imperitus
2086 4020 2100 4042 ,

526 4073 612 4141 qui
658 4070 869 4140 qundo
913 4069 1130 4123 effertur
1171 4085 1350 4123 semen
1399 4072 1449 4122 in
1492 4086 1702 4138 agrum,
1736 4080 1787 4125 et
1818 4072 1869 4126 in
1908 4081 2101 4127 terram

528 4161 773 4223 mittitur,
808 4168 861 4213 et
888 4160 1051 4213 fraeta
1088 4159 1239 4229 gleba
1267 4160 1550 4228 sepelitur;
1578 4161 1619 4213 si
1647 4176 1772 4229 ergo
1793 4171 1933 4214 esset
1958 4162 2103 4231 quis-

525 4267 680 4321 quam
704 4251 916 4321 ignarus
939 4265 1115 4305 rerum
1141 4250 1299 4305 etiam
1327 4266 1488 4319 prore
1515 4248 1831 4316 futurarum,
1849 4250 1938 4322 qui
1960 4253 2107 4322 plan-

526 4352 672 4413 geret
699 4342 951 4406 triticum,
983 4342 1103 4411 quia
1144 4340 1476 4396 meminisset
1515 4342 1738 4407 mstatis,
1768 4353 1821 4398 ct
1849 4344 2105 4413 cogitaret

528 4431 663 4502 apud
694 4447 750 4486 se
781 4432 991 4498 dicens,
1024 4431 1133 4485 Hoc
1164 4432 1484 4487 frumentum
1508 4474 1524 4500 ,
1556 4434 1693 4503 quod
1725 4436 1882 4490 modo
1927 4438 2104 4507 sepul-

529 4535 635 4577 tum
668 4531 783 4587 est,
810 4531 1006 4592 quanto
1034 4522 1216 4578 labore
1254 4538 1487 4579 messum
1509 4565 1524 4589 ,
1555 4533 1887 4594 apportatum
1909 4570 1921 4589 .
1953 4531 2103 4584 tritu-

528 4629 694 4671 ratum
718 4659 733 4683 ,
772 4627 1073 4687 purgatum,
1115 4617 1423 4671 servabatur
1450 4616 1503 4670 in
1531 4615 1758 4683 horreo,
1791 4618 2101 4675 videbamus

526 4708 640 4776 ejus
685 4706 968 4769 decorem,
1016 4715 1069 4760 et
1103 4706 1529 4777 gratulabantur;
1562 4708 1719 4760 modo
1758 4708 1990 4763 ablatum
2020 4720 2102 4765 est

527 4801 595 4851 ab
634 4800 800 4853 oculis
845 4798 1069 4861 nostris;
1112 4806 1309 4853 terram
1353 4807 1621 4853 exaratam
1653 4799 1832 4866 video,
1862 4800 2098 4856 fiumen-

528 4898 636 4941 tum
664 4906 789 4944 vero
820 4907 916 4949 nec
943 4891 994 4957 in
1024 4892 1218 4955 horreo
1242 4932 1257 4955 ,
1290 4906 1389 4945 nec
1417 4890 1501 4945 hic
1529 4905 1692 4945 cerno
1720 4909 1733 4944 :
1778 4892 2099 4948 frumentum

528 4978 675 5044 quasi
705 4988 967 5036 mortuum
994 4990 1151 5051 atque
1182 4980 1445 5047 sepultum
1473 4980 1769 5050 lugubriter
1791 4982 2096 5053 plangeret,

533 5071 679 5122 ﬂeret
714 5067 936 5122 ubertim
958 5112 973 5135 ,
1004 5071 1281 5126 attendens
1319 5070 1499 5142 glebas
1525 5079 1578 5125 et
1606 5079 1801 5127 terram
1822 5113 1836 5137 ,
1870 5089 2098 5129 messem

527 5167 702 5212 autem
734 5173 837 5212 non
888 5161 1069 5227 videns
1094 5181 1107 5216 :
1133 5163 1399 5233 quomodo
1435 5163 1744 5227 irrideretur
1775 5180 1804 5219 a
1838 5166 2099 5237 quibusli-

530 5249 615 5304 bet
645 5248 898 5312 indoctis,
937 5250 1030 5304 sed
1070 5252 1123 5306 in
1166 5254 1254 5319 illa
1286 5271 1343 5319 re
1388 5269 1493 5319 non
1536 5254 1797 5321 indoctis;
1841 5257 2099 5325 imperitis

526 5340 736 5409 quidem
764 5338 981 5407 aliarum
1006 5357 1200 5406 rerum,
1233 5345 1415 5412 peritis
1454 5352 1630 5400 autem
1662 5346 1803 5401 illius
1833 5347 1908 5401 rei
1938 5364 2095 5417 quam

526 5432 800 5504 plangeret
826 5431 911 5485 ille
947 5431 1256 5487 deformiter
1281 5435 1596 5505 imperitus?
1635 5437 1704 5491 Et
1727 5436 1849 5508 quid
1876 5438 1923 5493 ei
1948 5438 2095 5493 dicc-

530 5534 643 5580 rent
666 5525 739 5583 illi
768 5523 854 5595 qui
878 5524 1091 5591 scirent,
1113 5524 1158 5578 si
1185 5524 1315 5589 forte
1341 5536 1616 5595 propterea
1643 5527 1755 5602 ipse
1781 5529 2089 5603 plangebat,

529 5616 646 5685 quia
669 5618 793 5673 nihil
826 5618 1014 5674 ltoru'n
1054 5617 1292 5671 sciebat?
1318 5616 1433 5671 Noli
1455 5634 1573 5675 esse
1600 5623 1797 5690 tristis;
1826 5623 1925 5679 hoc
1951 5624 2090 5695 quod

1766 220 1819 275 S.
1860 212 2217 273 AUGUSTINI
2262 212 2555 269 EPISCOPI

3638 212 3798 268 i’i’)‘

2196 327 2536 396 sepelivimns
2573 335 2715 381 certe
2738 325 2847 395 jam
2875 340 2981 383 non
3009 335 3089 381 est
3119 325 3173 385 in
3213 324 3440 381 horreo.
3481 341 3585 379 non
3612 331 3795 381 estin

2194 419 2437 473 manibus
2466 419 2698 474 nostris:
2742 418 3019 474 veniemus
3046 417 3111 472 ad
3146 432 3329 487 agrum
3361 416 3503 472 hunc
3524 460 3539 481 ,
3584 426 3639 471 ct
3680 418 3783 471 dc-

2194 510 2410 565 lectabit
2440 520 2491 565 te
2524 510 2704 566 videre
2730 510 2963 580 speciem
3009 510 3205 578 segetis
3228 550 3243 576 ,
3276 509 3361 563 ubi
3389 524 3529 562 nunc
3570 508 3803 579 plangis

2194 602 2481 656 nuditatem
2527 601 2799 657 arationis.
2846 600 2942 655 Ille
2979 601 3065 670 qui
3098 609 3320 657 noverat
3348 600 3474 669 quid
3523 609 3667 655 esset
3710 602 3800 658 dc

2194 694 2460 749 frumento
2488 702 2800 761 venturum,
2850 701 2904 747 ct
2945 692 2998 746 in
3046 692 3157 761 ipsa
3206 691 3444 746 aratione
3468 691 3726 761 gauderet
3771 711 3791 746 :

2194 785 2283 839 ille
2307 800 2434 839 vero
2460 784 2763 839 incredulus
2789 784 2872 838 vel
2903 782 3077 852 potius
3105 782 3384 852 insipiens,
3411 790 3486 847 et,
3517 792 3573 835 ut
3595 782 3801 836 verius

2194 877 2364 931 dicam
2386 918 2400 942 ,
2434 876 2741 946 inexpertus
2768 876 3038 945 plangeret
3060 875 3273 944 quidem
3306 874 3525 930 forsitan
3563 875 3737 945 primo
3766 915 3798 940 ,

2193 966 2287 1022 sed
2329 976 2548 1037 experto
2572 967 2797 1023 credens
2838 966 3141 1020 consolatus
3169 964 3510 1029 abscederet,
3537 974 3591 1020 et
3622 965 3796 1020 futu-

2197 1074 2310 1112 ram
2342 1074 2568 1113 messem
2600 1074 2721 1113 cum
2752 1066 2974 1127 CXPCHO
3003 1064 3263 1125 speraret.

2265 1158 2490 1213 CAPUT
2542 1158 2607 1211 Χ.
2653 1185 2725 1197 -
2778 1158 2862 1211 10.
2918 1156 3315 1211 Resurrectionis
3371 1166 3555 1209 nostra:
3608 1173 3801 1211 exem-

2196 1249 2337 1317 plum
2399 1249 2451 1301 in
2512 1247 2730 1301 Christo.
2792 1246 2969 1301 Omnis
3030 1257 3263 1300 creatura
3331 1246 3547 1318 loquitur
3604 1264 3797 1301 resur-

2196 1340 2482 1393 rectionem.
2528 1338 2796 1408 Evigilatio
2842 1337 3156 1391 animalium.
3205 1336 3504 1391 Novilunia.
3547 1328 3801 1391 Frondes

2195 1430 2451 1483 arborum.
2483 1428 2588 1484 Sed
2614 1430 2791 1483 solent
2818 1428 2988 1482 videri
3030 1443 3126 1497 per
3163 1443 3332 1482 annos
3376 1428 3612 1497 singulos
3638 1445 3790 1483 mes-

2197 1536 2285 1577 ses
2314 1540 2327 1576 :
2354 1522 2562 1591 generis
2592 1531 2769 1575 autem
2811 1521 3025 1575 humani
3051 1537 3150 1574 una
3176 1522 3358 1575 ultima
3386 1522 3436 1575 in
3467 1522 3571 1576 line
3598 1521 3793 1576 saeculi

2198 1613 2388 1668 messis
2407 1621 2667 1682 assurget.
2696 1610 2913 1666 Ostendi
2943 1626 3084 1666 nunc
3110 1612 3278 1665 oculis
3303 1627 3407 1666 non
3440 1620 3612 1681 potest
3641 1631 3654 1666 :
3683 1611 3793 1665 sed

2198 1704 2265 1758 de
2291 1719 2395 1757 uno
2417 1703 2689 1773 principali
2719 1718 2882 1772 grano
2911 1702 3091 1756 datum
3111 1710 3194 1757 est
3217 1703 3659 1772 experimentum.
3684 1702 3790 1755 [li-.—

2197 1795 2271 1849 cit
2317 1795 2429 1863 ipse
2484 1794 2738 1848 Dominus
2762 1833 2776 1857 ,
2829 1793 2889 1847 Si
2926 1810 3143 1864 granum
3180 1793 3251 1846 sic
3297 1794 3563 1858 manserit,
3602 1802 3797 1847 etnon

2199 1886 2554 1953 morti/iratum
2598 1886 2776 1955 fuerit,
2822 1886 2985 1939 solum
3028 1886 3245 1941 manebit
3293 1884 3471 1958 (Joan.
3504 1902 3614 1950 xu,
3644 1884 3743 1954 24)
3772 1926 3794 1952 ,

2200 1977 2383 2033 dicens
2423 1979 2491 2033 de
2536 1992 2629 2031 sua
2662 1978 3097 2043 mortilicatione,
3130 1978 3249 2048 quia
3296 1977 3571 2047 multiplex
3607 1977 3795 2033 futura

2202 2079 2283 2124 est
2306 2070 2355 2124 iu
2382 2070 2524 2124 illum
2549 2068 2877 2125 credentium
2899 2069 3241 2124 resurrectio.
3262 2068 3574 2137 Exemplum
3599 2069 3796 2123 datum

2201 2160 2374 2215 estde
2403 2176 2510 2217 uno
2548 2175 2734 2231 grano,
2779 2160 2873 2215 sed
2909 2160 3012 2214 tale
3060 2160 3359 2229 exemplum
3386 2160 3470 2217 cui
3504 2159 3800 2216 crederent

2202 2268 2389 2306 omnes
2417 2255 2505 2321 qui
2536 2267 2698 2323 grana
2728 2266 2848 2307 esse
2890 2252 3106 2306 vellent.
3156 2250 3467 2320 Quanquam
3511 2260 3564 2304 et
3606 2251 3799 2308 omnis

2200 2352 2441 2397 creatura
2475 2343 2705 2413 loquitur
2745 2343 3226 2408 resurrectionem,
3274 2342 3316 2396 si
3362 2341 3505 2397 surdi
3538 2357 3640 2396 non
3688 2358 3797 2395 su-

2202 2448 2322 2488 mus
2351 2450 2363 2486 :
2399 2432 2538 2487 unde
2564 2432 2831 2501 conjicere
2873 2432 3130 2487 debemus
3158 2432 3282 2502 quid
3311 2433 3361 2486 in
3392 2432 3494 2486 liae
3524 2432 3689 2486 semel
3718 2432 3797 2487 dc

2201 2539 2398 2595 genere
2440 2523 2671 2579 lmmano
2720 2524 2953 2581 facturus
2998 2534 3077 2580 est
3107 2526 3283 2591 Deus,
3314 2540 3435 2579 cum
3470 2533 3546 2579 tut
3591 2525 3797 2579 similia

2203 2615 2440 2685 quotidie
2468 2616 2760 2670 videamus.
2794 2616 3137 2671 Rcsurrectio
3163 2616 3579 2671 Christianorum
3619 2618 3797 2671 senicl

2208 2708 2335 2770 erit,
2384 2722 2604 2760 somnus
2633 2706 2939 2760 animalium
2970 2714 3026 2761 et
3054 2706 3322 2777 evigilatio
3348 2706 3650 2777 quotidiana
3680 2716 3792 2760 est.

2205 2794 2475 2859 Dormire,
2508 2796 2662 2850 morti
2694 2797 2865 2850 simile
2896 2809 2978 2854 est
3022 2815 3036 2849 :
3091 2798 3371 2866 evigilare,
3402 2796 3791 2856 resurrectioni

2204 2886 2378 2942 simile
2405 2896 2504 2941 est.
2534 2886 2611 2940 Ex
2643 2886 2743 2941 hoc
2779 2886 2917 2957 quod
2949 2887 3185 2956 quotidie
3214 2888 3287 2952 lit,
3323 2887 3481 2941 crede
3507 2886 3646 2956 quod
3690 2902 3794 2942 se-

2205 2978 2307 3033 mel
2350 2978 2584 3034 futurum
2611 2988 2709 3033 est.
2741 2979 2885 3033 Luna
2927 2994 3021 3048 per
3054 2994 3243 3033 omnes
3273 2994 3485 3034 menses
3525 2980 3794 3045 nascitur,

2204 3071 2424 3131 crescit,
2456 3070 2744 3139 pcrlicitur,
2788 3070 3060 3134 minuitur,
3106 3071 3457 3135 consumitur,
3486 3069 3795 3125 innovatur.

2205 3160 2354 3227 Qttud
2384 3160 2434 3213 in
2465 3161 2587 3215 luna
2617 3176 2711 3230 per
2736 3175 2977 3225 menses,
3008 3158 3109 3214 hoc
3137 3160 3188 3214 in
3213 3160 3599 3215 resurrectione
3620 3162 3797 3215 semel

2206 3252 2259 3308 in
2303 3261 2412 3306 toto
2451 3261 2708 3321 tempore.
2737 3250 3016 3318 Quomodo
3044 3251 3092 3304 id
3120 3251 3259 3321 quod
3287 3251 3355 3306 de
3398 3251 3799 3306 dormientibus

2206 3342 2476 3413 quotidie,
2526 3342 2627 3396 hoc
2670 3341 2737 3396 de
2790 3342 2909 3395 luna
2960 3356 3053 3409 per
3096 3341 3334 3410 singulos
3374 3356 3605 3397 menses.
3632 3340 3800 3397 Unde

2208 3437 2406 3490 abeunt
2424 3477 2439 3500 ,
2475 3434 2617 3492 unde
2644 3433 2863 3488 redeunt
2899 3431 3111 3486 frondes
3137 3432 3450 3487 arboribus?
3480 3434 3529 3486 in
3557 3448 3671 3501 qum
3697 3447 3799 3487 se-

2207 3537 2353 3583 creta
2382 3525 2762 3590 discedunt,de
2788 3525 2978 3595 quibus
3000 3524 3221 3578 secretis
3250 3522 3576 3578 adveniunt?
3608 3523 3802 3577 lliems

2210 3628 2314 3685 est,
2341 3628 2487 3673 certe
2513 3632 2655 3671 nunc
2680 3616 2897 3669 arbores
2926 3614 3201 3669 arentibus
3226 3614 3429 3669 similes
3459 3630 3622 3669 verno
3652 3626 3802 3668 tem-

2210 3725 2340 3780 pore
2369 3709 2702 3763 virescunt‘.
2752 3706 2902 3761 Nunc
2949 3706 3177 3774 primum
3222 3703 3415 3758 factum
3462 3713 3576 3767 est,
3624 3720 3691 3763 an
3736 3716 3799 3768 et

2208 3801 2479 3873 praeterito
2504 3814 2643 3853 anno
2669 3799 2738 3852 ita
2769 3797 2899 3851 fuit?
2929 3796 3037 3850 lmo
3063 3805 3118 3850 et
3159 3794 3426 3865 praeterito
3451 3794 3527 3851 sic
3564 3794 3678 3858 fuit.
3707 3795 3795 3855 lu-

2210 3900 2501 3961 terccptum
2529 3899 2612 3943 est
2647 3887 2715 3941 ab
2743 3896 2997 3940 autumno
3026 3885 3077 3940 in
3110 3884 3284 3943 hieme
3306 3926 3321 3949 ,
3354 3884 3493 3939 redit
3537 3900 3633 3954 per
3662 3902 3793 3945 νριι-

2208 3998 2335 4037 num
2373 3982 2425 4034 in
2455 3988 2658 4035 arstate.
2686 3980 2825 4049 Ergo
2852 3992 3023 4031 annus
3045 3977 3185 4037 redit
3214 3976 3265 4029 in
3291 3985 3528 4045 tempore
3548 4017 3562 4039 .
3591 3989 3640 4031 ct
3686 3978 3790 4035 bo-

2210 4074 2402 4139 mines,
2430 4070 2555 4126 facti
2578 4071 2643 4124 ad
2662 4070 2942 4140 imaginem
2973 4068 3087 4135 Dei,
3118 4082 3239 4129 cum
3269 4067 3463 4124 mortui
3494 4067 3686 4127 fuerint
3708 4068 3791 4123 iu-

2210 4166 2443 4221 lerihunt
2462 4165 2486 4217 Ἰ

2279 4261 2503 4318 CAPUT
2545 4260 2638 4317 XI.
2663 4290 2736 4303 —
2764 4261 2850 4317 ll.
2896 4259 3159 4325 Quomodo
3184 4240 3247 4315 d2
3276 4269 3411 4313 terra
3449 4258 3680 4330 quaedam
3705 4259 3788 4317 iu-

2214 4363 2527 4413 staurantur.
2564 4351 2669 4406 Sed
2699 4358 2873 4420 potest
2899 4349 3025 4403 mihi
3056 4350 3244 4419 aliquis
3265 4349 3443 4405 dicere
3469 4350 3642 4403 minus
3665 4348 3787 4409 dili-

2207 4455 2393 4515 genter
2438 4443 2725 4512 inspiciens
2768 4442 3088 4499 mutationes
3134 4442 3649 4510 instaurationesque
3693 4457 3778 4496 ro-

2207 4550 2371 4589 rum:
2405 4532 2496 4587 illa
2541 4532 2663 4597 folia
2712 4539 3065 4601 putruerunt,
3121 4546 3255 4585 nova
3306 4539 3611 4587 nascuntur.
3642 4531 3778 4591 Bene

2207 4633 2383 4679 autem
2410 4622 2758 4684 considerans
2784 4621 2927 4675 videt
2952 4620 3091 4690 quod
3118 4629 3172 4676 et
3192 4621 3277 4676 illa
3306 4636 3423 4691 quae
3452 4631 3784 4691 putrescunt,

2208 4717 2260 4770 in
2290 4717 2431 4769 vires
2461 4724 2614 4769 terrae
2657 4712 2872 4767 cedunt.
2907 4712 3056 4769 Unde
3084 4714 3225 4767 enim
3270 4721 3411 4768 terra
3469 4710 3785 4782 pinguilica—

2207 4817 2309 4872 tur,
2343 4806 2442 4860 nisi
2490 4805 2555 4860 de
2604 4804 2884 4874 putredine
2933 4803 3307 4863 terrenarum?
3344 4803 3635 4865 Attendunt
3667 4800 3785 4862 base

2205 4898 2295 4968 qui
2333 4913 2518 4969 agrum
2564 4897 2777 4960 colunt;
2823 4904 2878 4951 et
2917 4896 3006 4966 qui
3041 4911 3144 4950 non
3172 4895 3373 4960 colunt,
3402 4896 3524 4964 quia
3569 4895 3620 4955 in
3652 4894 3785 4951 urbe

2206 5004 2417 5059 semper
2440 4988 2643 5053 vivunt,
2665 4986 2731 5041 de
2753 4986 2919 5041 hortis
2943 4996 3088 5041 certe
3112 4984 3298 5041 vicinis
3322 4984 3438 5042 urbi
3460 4994 3784 5054 cognoscant

2206 5079 2620 5149 contemptibilia
2661 5092 2884 5148 qumque
2930 5082 3274 5145 purgamenta
3321 5073 3551 5137 civitatis
3590 5072 3782 5143 quibus

2204 5172 2392 5225 studiis
2430 5158 2735 5235 iserventur,
2779 5185 2808 5223 a
2854 5168 3043 5238 quibus
3072 5167 3228 5227 etiam
3258 5166 3430 5235 pretio
3460 5180 3779 5235 comparen-

2206 5272 2311 5327 tur,
2340 5278 2446 5332 quo
2474 5272 2768 5332 portentur.
2815 5260 2971 5315 Certe
3008 5259 3117 5329 jam
3187 5257 3638 5328 contemptibilis,
3687 5271 3775 5309 ex-

2205 5356 2399 5411 inanita
2426 5355 2573 5410 omni
2603 5355 2825 5411 utilitate
2844 5396 2858 5419 ,
2906 5353 2974 5408 ab
3017 5352 3305 5421 inexpertis
3335 5360 3553 5421 possent
3581 5348 3762 5419 putari.

2203 5448 2273 5504 Et
2297 5448 2414 5520 quis
2443 5445 2689 5518 dignatur
2712 5454 2919 5500 stercus
2961 5444 3190 5501 intueri?
3216 5442 3366 5513 Quod
3396 5442 3585 5499 intueri
3612 5440 3769 5500 homo

2268 5583 2296 5593 ρ
2311 5585 2316 5588 .

2272 5634 2288 5664 ¹
2326 5639 2454 5696 Mss,
2470 5627 2774 5693 titilleseunt.
