3996 6454
263 271 411 332 Ηῑὸὶῦ

262 384 482 451 hui-ret,
510 394 721 437 servare
762 387 929 433 curat.
975 375 1103 433 Illud
1133 389 1257 445 ergo
1288 373 1427 445 quod
1460 380 1838 439 consumptum

259 472 377 542 jam
408 482 461 527 et
505 471 769 541 abjectum
818 468 1116 535 videbatur,
1167 466 1303 521 redit
1354 466 1404 518 in
1470 461 1843 533 pinguedinem

266 573 427 616 terra!
452 603 466 626 ,
496 560 758 630 pinguedo
788 560 839 612 in
881 572 1096 611 succum
1116 598 1131 622 ,
1164 569 1352 609 succus
1392 553 1444 606 in
1489 552 1761 614 radicem;
1794 558 1849 605 et

264 652 409 721 quod
440 652 506 706 de
533 661 671 705 terra
699 650 751 703 in
781 648 1011 702 radicem
1040 646 1258 709 transit,
1290 641 1639 698 invisibilibus
1663 655 1845 694 acces-

266 744 423 796 sibus
455 740 644 809 migrat
680 740 729 793 in
774 740 953 801 robur,
985 735 1316 790 distribuitur
1342 748 1435 803 per
1460 746 1638 787 ramos
1660 772 1673 795 ,
1702 744 1731 782 a
1762 745 1849 781 ra-

271 835 377 886 mis
421 832 472 885 iu
518 831 753 900 germina
779 870 793 895 ,
828 843 856 882 a
889 824 1129 897 germine
1157 825 1207 879 in
1236 824 1433 878 fructus
1456 831 1509 876 et
1539 821 1680 874 folia.
1712 819 1851 873 Ecce

266 921 416 994 quod
447 920 699 975 horrebas
734 920 784 972 in
823 918 1101 988 putredine
1132 914 1413 979 stercoris,
1446 912 1498 966 in
1526 911 1731 965 arboris
1774 909 1849 965 Ie-

266 1014 543 1068 cuntlitate
564 1022 618 1067 et
646 1011 911 1065 viriditate
940 1010 1170 1064 miraris.

342 1104 570 1160 CAPUT
599 1102 714 1158 XII.
745 1131 816 1142 ——
843 1103 927 1157 12.
963 1100 1219 1171 Objectio,
1248 1096 1385 1169 quod
1422 1112 1601 1166 corpus
1632 1094 1773 1146 abeat
1800 1096 1852 1147 in

268 1199 511 1251 cinerem.
544 1195 658 1249 Mos
694 1193 1078 1265 Egyptiorum.
1118 1189 1382 1244 Gabbarw.
1426 1188 1559 1242 Nolo
1586 1188 1711 1240 tnihi
1743 1187 1851 1256 jam

269 1304 514 1359 oltponas
540 1288 680 1359 quod
708 1288 851 1341 soles
889 1298 1155 1353 opponere
1180 1301 1194 1337 :
1220 1282 1333 1337 Non
1374 1291 1550 1335 manet
1591 1280 1852 1347 integrum

271 1396 471 1451 corpus
519 1378 710 1449 sepulti
760 1375 987 1439 mortui;
1032 1389 1153 1427 nam
1198 1372 1243 1427 si
1288 1380 1856 1439 maneret,resurgcre

274 1473 573 1528 crederem.
599 1468 833 1540 Egyptii
858 1482 987 1537 ergo
1010 1466 1107 1520 soli
1136 1464 1359 1520 credunt
1388 1462 1851 1523 resurrectionem,

276 1565 400 1633 quia
449 1562 730 1630 diligenter
758 1556 1229 1613 curantcadavera
1274 1564 1623 1609 mortuorum.
1656 1553 1853 1607 Morem

277 1656 421 1707 enim
450 1652 645 1706 habent
668 1655 871 1705 siccare
892 1662 1112 1717 corpora
1128 1684 1144 1712 ,
1167 1655 1219 1701 et
1248 1645 1397 1716 quasi
1425 1660 1570 1699 (enea
1594 1644 1815 1698 reddere
1838 1659 1853 1696 :

282 1746 557 1802 Gabbaras
578 1759 637 1799 ea
666 1750 862 1799 vocant
886 1744 924 1795 ¹.
960 1742 1097 1811 Ergo
1132 1738 1423 1794 secundum
1455 1738 1584 1791 istos
1604 1778 1618 1799 ,
1651 1737 1738 1805 qui
1769 1749 1858 1789 se-

278 1848 460 1891 cretos
498 1844 700 1889 natura:
739 1833 887 1886 sinus
916 1831 1191 1902 ignorant,
1226 1829 1311 1882 ubi
1360 1826 1535 1882 omnia
1568 1826 1708 1878 salva
1735 1834 1859 1878 sunt

280 1928 589 1991 Conditori,
635 1926 794 1981 etiam
840 1939 961 1979 cum
1008 1922 1319 1977 mortalibus
1367 1918 1611 1974 sensibus
1652 1918 1860 1971 subtra-

282 2019 501 2083 huntur,
549 2017 648 2071 soli
696 2015 932 2087 Egyptii
966 2016 1101 2067 bene
1151 2012 1374 2067 credunt
1415 2010 1859 2065 resurrectionem

281 2123 611 2165 mortuorum
639 2122 877 2171 suorum,
895 2105 1117 2159 aliorum
1144 2119 1270 2158 vero
1292 2100 1708 2156 Christianorum
1738 2113 1860 2167 spes

283 2200 338 2253 in
382 2205 607 2267 angusto
636 2196 749 2251 est?
776 2195 928 2263 Sa‘pe
961 2194 1101 2247 enim
1132 2192 1218 2246 vel
1257 2198 1517 2245 vetustate
1560 2188 1643 2242 vel
1686 2188 1861 2257 aliqua

283 2304 391 2343 non
408 2288 665 2356 sacrilega
684 2285 1000 2340 necessitate
1019 2282 1216 2351 apertis
1238 2282 1319 2335 vel
1350 2279 1561 2333 nudatis
1579 2278 1860 2348 sepulcris,

284 2380 500 2433 inventa
514 2387 636 2432 sunt
657 2390 880 2445 corpora
910 2373 1195 2443 putruisse,
1216 2381 1265 2426 et
1301 2372 1628 2440 suspirantcs
1648 2384 1863 2439 gemue-

282 2478 407 2523 runt
459 2468 726 2533 homines,
762 2466 851 2536 qui
891 2465 1068 2519 solent
1094 2462 1355 2533 corporali
1384 2461 1560 2530 specie
1585 2459 1861 2523 delectari,

284 2569 343 2616 et
391 2560 638 2614 dixerunt
688 2558 740 2611 in
784 2556 1033 2611 cordibus
1076 2554 1187 2608 suis
1219 2571 1233 2607 :
1262 2550 1407 2606 Itane
1450 2552 1548 2606 iste
1590 2551 1724 2606 cinis
1764 2552 1866 2605 ali-

282 2652 501 2722 quando
527 2650 741 2704 habebit
769 2650 912 2702 illam
940 2647 1172 2717 spcciem
1204 2645 1608 2716 pulchritudinis
1627 2688 1641 2709 ,
1672 2642 1863 2699 redde—

287 2752 377 2797 tur
414 2742 533 2796 vita:
554 2783 570 2808 ,
600 2740 853 2795 reddetur
882 2739 1024 2793 luci?
1053 2738 1273 2805 Quando
1314 2736 1450 2791 istud
1486 2737 1624 2791 erit?
1645 2738 1866 2802 Quando

286 2849 389 2904 ego
428 2831 628 2902 aliquid
671 2831 844 2885 vivum
888 2830 955 2884 de
997 2829 1099 2885 hoc
1139 2831 1317 2884 cinere
1359 2831 1601 2899 Sperem?
1626 2829 1725 2896 Qui
1765 2828 1865 2885 hoc

288 2924 423 2980 dicis
441 2962 458 2991 ,
490 2924 638 2977 vides
665 2922 718 2977 in
746 2922 989 2991 sepulcro
1016 2921 1098 2976 vel
1137 2920 1368 2974 cinerem
1400 2938 1411 2971 :
1436 2920 1630 2989 replica
1657 2929 1864 2975 attatcm

291 3029 434 3073 tuam
455 3057 472 3084 ,
498 3017 543 3072 si
578 3031 665 3084 es,
696 3016 842 3072 verbi
870 3015 1035 3086 gratia
1058 3056 1072 3079 ,
1104 3014 1313 3083 triginta
1334 3055 1349 3079 ,
1378 3014 1752 3083 quinquaginta
1783 3014 1866 3068 vel

289 3109 520 3179 amplius
557 3124 818 3162 annorum
852 3126 864 3160 :
896 3108 946 3162 in
978 3106 1222 3176 sepulcro
1253 3106 1335 3160 vel
1362 3105 1496 3159 cinis
1530 3114 1609 3158 est
1639 3106 1864 3171 mortui,

291 3208 348 3254 tu
375 3210 497 3254 ante
522 3199 899 3269 quinquaginta
928 3212 1095 3251 annos
1115 3194 1235 3265 quid
1266 3194 1422 3249 eras?
1453 3194 1537 3249 ubi
1560 3195 1719 3249 eras?
1740 3195 1869 3249 Cor-

293 3306 424 3361 pora
464 3290 701 3344 omnium
732 3297 1005 3352 nostrum,
1034 3286 1124 3356 qui
1168 3300 1309 3340 nunc
1356 3285 1637 3354 loquimur,
1665 3286 1746 3340 vel
1776 3302 1871 3339 au-

292 3382 503 3448 dimus,
536 3390 654 3451 post
698 3392 894 3449 paucos
926 3391 1096 3431 annos
1138 3377 1271 3431 ciuis
1305 3384 1494 3442 erunt,
1526 3385 1649 3430 ante
1677 3391 1871 3445 paucos

294 3487 465 3529 annos
503 3486 600 3525 nec
637 3472 771 3525 cinis
806 3479 976 3524 erant.
1015 3469 1113 3536 Qui
1143 3484 1269 3538 ergo
1305 3469 1475 3539 potuit
1514 3484 1696 3537 parare
1730 3468 1869 3539 quod

297 3581 404 3619 non
432 3572 546 3619 erat
564 3605 578 3628 ,
605 3563 815 3617 deﬁciet
837 3576 1084 3631 reparare
1112 3561 1251 3631 quod
1278 3561 1425 3614 erat?

369 3655 592 3713 CAPUT
623 3655 761 3711 XIII.
783 3682 857 3694 -—
892 3654 977 3712 I5.
1005 3652 1194 3709 Contra
1235 3654 1371 3706 mala
1406 3651 1656 3722 colloquia
1682 3652 1807 3721 [idea
1840 3670 1872 3706 a

297 3745 498 3803 Christo
525 3745 747 3815 ﬁrmata.
778 3743 1028 3799 Desinant
1046 3758 1172 3813 ergo
1196 3757 1468 3796 murmura
1496 3742 1632 3796 male
1654 3744 1874 3810 loquen-

301 3838 461 3900 tium,
492 3845 547 3891 et
574 3835 1026 3904 corrumpentium
1060 3848 1237 3887 mores
1263 3832 1431 3886 bonos
1459 3831 1734 3900 colloquiis
1763 3846 1874 3885 ma-

302 3930 388 3983 lis.
438 3928 606 3997 Figite
654 3926 817 3996 pedes
860 3926 910 3978 iu
941 3925 1058 3990 via,
1091 3923 1273 3993 ﬁgite:
1305 3931 1364 3975 ut
1412 3936 1516 3975 non
1568 3922 1875 3989 relinquatis

304 4020 466 4083 viam,
490 4033 595 4076 non
637 4026 694 4072 ut
738 4016 1055 4071 remanentis
1084 4015 1138 4068 in
1173 4014 1285 4080 via,
1311 4012 1405 4067 sed
1431 4012 1875 4082 quemadmodum

301 4110 503 4163 dictum
524 4116 641 4174 est,
670 4106 760 4161 Sic
793 4107 978 4159 currite
996 4146 1011 4171 ,
1038 4113 1089 4157 ut
1107 4101 1604 4175 comprehendatisﬂ
1632 4100 1749 4159 Cor.
1782 4119 1835 4158 tx
1856 4145 1873 4172 ,

306 4201 419 4269 2i).
447 4200 668 4268 Semper
692 4199 869 4268 vigeat
912 4196 1154 4251 Christus
1195 4197 1247 4249 in
1283 4194 1478 4261 corde,
1501 4194 1590 4265 qui
1631 4195 1796 4249 voluit
1824 4196 1876 4250 in

306 4291 480 4360 capite
527 4289 812 4344 ostendere
857 4287 997 4357 quod
1043 4287 1280 4341 membra
1323 4296 1515 4340 caetera
1559 4296 1792 4356 sperent.
1823 4286 1879 4341 In

310 4395 445 4437 terra
478 4381 690 4450 quidem
720 4379 1025 4436 laboramus
1043 4419 1057 4442 ,
1084 4387 1240 4447 caput
1268 4388 1505 4432 nostrum
1534 4377 1586 4431 in
1612 4378 1748 4433 ccelo
1770 4378 1879 4446 jam

311 4489 411 4527 nec
437 4472 680 4537 moritur,
711 4485 808 4525 nec
833 4470 1045 4533 deﬁcit,
1075 4483 1171 4523 nec
1196 4467 1391 4537 aliquid
1421 4467 1649 4537 patitur:
1668 4482 1880 4537 passum

311 4575 393 4619 est
418 4575 589 4620 tamen
618 4578 713 4631 pro
743 4561 914 4617 nobis.
942 4560 1073 4627 Quia
1113 4559 1325 4613 traditus
1353 4568 1425 4612 est
1462 4569 1666 4628 prapter
1702 4558 1884 4612 delicta

312 4666 516 4719 nostra,
554 4663 599 4708 et
644 4652 917 4709 resurrexit
963 4660 1167 4722 prapter
1204 4650 1618 4720 justiﬁcationem
1663 4660 1885 4703 nostram

314 4748 488 4817 (Rom.
518 4761 593 4812 iv,
624 4744 738 4814 95).
784 4743 889 4798 lloc
921 4757 1019 4796 nos
1048 4758 1140 4810 per
1184 4741 1341 4795 ﬁdem
1386 4740 1628 4794 novimus
1656 4757 1669 4792 :
1697 4740 1887 4810 quibus

313 4847 491 4894 autem
524 4853 581 4891 se
609 4834 858 4897 ostendit,
887 4848 984 4901 per
1012 4832 1193 4887 oculos
1217 4831 1533 4886 didicerunt.
1564 4830 1678 4885 Non
1710 4840 1885 4885 tamen

316 4944 414 4984 nos
440 4928 706 4998 reprobati
738 4940 922 4980 sumus
942 4963 958 4989 ,
986 4923 1106 4992 quia
1129 4923 1447 4989 resurrexit,
1478 4932 1531 4976 et
1560 4938 1679 4977 eum
1707 4922 1889 4977 videre

316 5022 486 5076 oculis
512 5019 813 5075 carnalibus
847 5032 949 5071 non
976 5014 1261 5081 potuimus.
1303 5013 1570 5067 Habemus
1611 5028 1707 5082 pro
1738 5014 1891 5069 nobis

318 5112 483 5181 ipsius
510 5108 716 5164 Domini
739 5106 1119 5169 testimonium,
1139 5102 1279 5173 quod
1298 5102 1431 5156 dixit
1454 5102 1711 5158 dubitanti
1734 5102 1892 5157 disci-

321 5202 444 5271 pqu
471 5210 524 5255 et
556 5208 696 5254 tactu
724 5196 981 5268 qumrenti
1009 5193 1149 5265 quod
1187 5192 1445 5248 crederet.
1485 5192 1613 5247 Nam
1640 5208 1759 5247 cum
1794 5208 1891 5247 ex-

322 5293 602 5346 clamas~et
659 5287 963 5342 cicatricum
1024 5282 1439 5340 contrectatione
1490 5282 1790 5347 convictus,
1839 5290 1894 5337 et

322 5383 567 5446 dixisset,
581 5378 827 5438 Dominus
846 5394 1004 5440 meus,
1018 5385 1064 5429 et
1093 5375 1228 5429 Deus
1248 5389 1385 5428 meus
1399 5388 1417 5427 :
1432 5373 1517 5427 ille
1537 5382 1742 5433 contra.
1762 5374 1894 5438 Quia

324 5473 493 5528 vidisti
519 5487 597 5525 me
614 5512 629 5536 ,
660 5470 863 5543 inquit,
894 5476 939 5523 et
967 5466 1258 5532 credidisti;
1284 5464 1414 5519 beati
1436 5465 1521 5531 qui
1542 5481 1641 5518 nou
1667 5464 1830 5518 vident
1847 5474 1894 5518 et

328 5587 598 5712 “tggba
620 5584 814 5645 istunc,
847 5580 1087 5634 Gabbaras
1115 5593 1174 5633 ea
1215 5587 1397 5644 vocant,
1447 5578 1623 5631 absunt
1658 5591 1686 5630 a
1723 5591 1891 5628 mauu-

336 5663 347 5674 '
408 5664 417 5695 l
522 5683 533 5695 .

336 5663 533 5695 εει-19118.

1623 256 1750 314 SER
1760 252 1850 308 TilO
1890 251 2155 308 CCCLX].

1918 974 1930 1019 \

3392 253 3522 306 1606

1951 368 2159 420 credunt
2196 366 2370 440 (lam.
2416 382 2485 420 xx
2510 408 2525 433 ,
2567 366 2776 437 2429).
2810 364 3243 436 Expergiscimini
3290 382 3414 436 ergo
3456 364 3518 417 :nl

1956 455 2333 510 beatitudinem
2362 466 2621 521 vestram,
2655 457 2829 513 nullus
2875 456 3011 512 male
3036 457 3263 511 suadens
3287 459 3523 510 excutiat

1952 547 2021 603 de
2049 548 2301 602 cordibus
2327 547 2518 601 vestris
2538 547 2676 615 quod
2706 547 2951 602 Christus
2975 547 3161 600 inlixit.

2026 639 2111 692 H.
2142 637 2205 690 1η
2227 654 2308 689 eos
2328 641 2411 707 qui
2434 653 2685 707 resurgere
2707 636 2901 689 Christo
2927 645 3112 689 tantum
3127 636 3324 689 licuisse
3335 636 3523 689 dicunt.

1959 728 2295 783 Membrorum
2322 729 2605 797 coujuuctio
2630 744 2745 780 cum
2766 726 2961 779 Christo
2988 728 3166 795 capite.
3192 726 3323 796 Apta
3349 727 3521 779 simili-

1956 822 2096 874 tudo.
2130 821 2310 890 Neque
2337 821 2463 873 mihi
2505 819 2634 876 illud
2678 819 2900 875 dii-atur.
2930 819 3040 872 lIoc
3069 818 3209 873 enim
3240 817 3433 871 (Νι-11111·
3461 819 3526 871 ab

1956 913 2220 976 omnibus,
2252 912 2339 982 qui
2365 912 2472 979 jam
2500 912 2656 964 ctiam
2687 910 2833 964 inviti
2862 911 3156 965 auctoritati
3187 910 3380 963 Christi
3411 926 3526 965 ces-

1957 1013 2161 1058 serunt.
2190 1004 2385 1057 Omnes
2412 1002 2552 1056 enim
2599 1018 2729 1071 pene
2758 1001 2951 1071 I‘agani
2971 1042 2986 1067 ,
3019 1002 3175 1055 etiam
3206 1002 3292 1069 qui
3339 1002 3526 1054 nolunt

1956 1104 2045 1146 aut
2072 1094 2318 1147 dill'erunt
2343 1092 2611 1146 Christum
2639 1091 2917 1145 devotione
2956 1089 3353 1160 apprehendere
3372 1130 3388 1155 ,
3421 1106 3524 1142 non

1957 1184 2152 1238 audent
2177 1181 2567 1251 reprehendere
2600 1198 2614 1235 :
2646 1182 2884 1250 quamvis
2910 1182 3134 1232 mulcant
3162 1178 3489 1233 Christianos
3509 1220 3524 1241 ,

1958 1276 2223 1328 Christum
2252 1290 2359 1329 non
2406 1271 2635 1337 audent;
2667 1271 2861 1325 cedunt
2883 1270 3039 1339 capiti
3062 1312 3075 1334 ,
3107 1281 3159 1324 et
3204 1271 3375 1324 adhuc
3404 1286 3527 1324 cor-

1960 1368 2073 1438 pori
2102 1367 2375 1421 insultant.
2417 1363 2520 1420 Sed
2550 1379 2741 1432 corpus
2768 1362 2989 1417 audiens
3034 1363 3400 1417 insultationes
3430 1378 3524 1415 eo-

1959 1474 2109 1524 rum,
2139 1457 2226 1527 qui
2251 1456 2360 1526 jam
2399 1455 2592 1510 cedunt
2620 1452 2811 1522 capiti,
2844 1470 2947 1506 non
2975 1469 3034 1508 se
3080 1454 3353 1521 prascisum
3384 1462 3531 1522 putet

1958 1566 1986 1604 a
2015 1551 2205 1620 capite,
2238 1548 2331 1604 sed
2357 1548 2665 1601 subnixum.
2696 1547 2822 1599 Nam
2851 1545 2892 1598 si
2924 1545 3126 1614 przrcisi
3157 1560 3410 1606 essemus,
3438 1544 3530 1597 de-

1959 1639 2171 1694 buimus
2214 1640 2398 1693 timere
2424 1652 2580 1690 voces
2626 1637 2986 1689 insultantium
3020 1652 3032 1687 :
3068 1652 3169 1688 non
3216 1644 3391 1689 autem
3434 1650 3530 1688 nos

1960 1744 2078 1784 esse
2122 1730 2372 1799 prareisos
2420 1728 2507 1781 ille
2552 1728 2663 1796 ipse
2708 1735 2962 1785 testatur,
2995 1727 3081 1794 qui
3128 1726 3324 1791 Paulo,
3360 1724 3532 1781 adhuc

1961 1819 2122 1874 Saulo
2148 1819 2435 1872 Ecclesiam
2468 1817 2819 1886 persequenti,
2864 1817 2955 1879 ait,
2990 1816 3167 1879 Saulo,
3199 1816 3376 1879 Saulc,
3409 1817 3532 1884 quid

1962 1926 2041 1963 me
2064 1908 2408 1979 persequeris?
2434 1907 2548 1961 Jam
2590 1906 2864 1960 transierat
2895 1920 2990 1974 per
3032 1920 3219 1958 manus
3249 1906 3533 1974 impietatis

1962 1999 2264 2054 Iudaeorum
2285 2039 2299 2062 ,
2323 1998 2432 2066 jam
2469 1996 2668 2051 inferna
2700 2005 3102 2065 penetraverat,
3126 1995 3233 2065 jam
3261 1995 3327 2049 de
3351 1996 3529 2064 sepul-

1963 2106 2055 2145 cro
2082 2096 2465 2154 resurrexerat,
2485 2088 2592 2156 jam
2621 2089 2671 2140 in
2698 2089 2887 2141 coelum
2916 2086 3243 2149 ascenderat,
3264 2086 3368 2155 jam
3391 2087 3532 2139 dono

1964 2181 2188 2251 Spiritus
2217 2179 2385 2235 sancti
2411 2179 2736 2233 credentium
2763 2178 2924 2232 corda
2958 2178 3214 2231 ditaverat
3242 2190 3399 2247 atque
3439 2178 3531 2231 tir-

1966 2280 2223 2339 maverat,
2255 2272 2318 2326 ad
2346 2272 2614 2326 dexteram
2648 2271 2817 2325 Patris
2850 2270 3042 2324 sedens
3070 2270 3410 2338 interpellans
3438 2285 3534 2340 pro

1965 2362 2120 2417 nobis
2153 2378 2165 2413 :
2200 2376 2303 2414 non
2346 2375 2403 2414 se
2433 2361 2622 2415 iterum
2654 2359 2811 2413 morti
2856 2358 3143 2412 traditurus
3163 2401 3176 2423 ,
3209 2358 3301 2413 sed
3346 2376 3441 2413 nos
3467 2360 3535 2415 de

1967 2461 2138 2506 morte
2178 2450 2525 2514 liberaturus,
2553 2448 2676 2518 quid
2716 2458 2921 2516 poterat
2950 2449 3149 2518 perpeti
3181 2464 3211 2501 a
3241 2448 3401 2501 Saulo
3430 2464 3534 2503 sai-

1968 2540 2182 2596 viente?
2211 2539 2362 2595 Unde
2386 2539 2528 2592 illum
2559 2553 2743 2591 manus
2769 2538 2855 2591 illa
2888 2539 3150 2607 tangebat,
3184 2539 3422 2607 quamvis
3453 2556 3537 2593 es-

1968 2641 2049 2688 set
2079 2631 2170 2686 ille
2190 2672 2205 2697 ,
2236 2632 2372 2685 sicut
2397 2629 2647 2698 scriptum
2677 2636 2756 2682 est
2777 2670 2791 2694 ,
2824 2627 3040 2695 Spirans
3068 2627 3253 2681 cwdem
3278 2628 3411 2697 (Act.
3446 2645 3494 2685 tx
3518 2670 3534 2693 ,

1968 2725 2002 2778 4
2023 2765 2038 2790 ,
2070 2722 2163 2792 I)?
2194 2720 2247 2775 In
2274 2719 2601 2776 Christianos
2646 2719 2789 2772 humi
2834 2718 3135 2772 laborantes
3176 2720 3425 2787 impetum
3459 2718 3537 2771 fa-

1968 2827 2091 2868 cere
2111 2819 2354 2882 poterat:
2379 2812 2429 2864 in
2455 2809 2721 2863 Christum
2744 2816 2918 2862 autem
2943 2807 3151 2877 quando
3171 2816 3224 2862 et
3245 2808 3536 2885 quomodo?

1968 2906 2173 2959 Clamat
2205 2914 2376 2957 tamen
2421 2916 2520 2972 pro
2554 2900 2761 2956 castoris
2804 2901 3089 2964 membris,
3138 2910 3325 2954 etnon
3370 2899 3534 2966 dicit,

1970 2996 2104 3064 Quid
2151 2994 2481 3064 persequeris
2508 2991 2692 3046 meos?
2719 2992 2773 3045 si
2799 2992 2938 3046 enim
2981 2990 3212 3053 diceret,
3245 2990 3378 3057 Quid
3414 3008 3537 3061 per-

1971 3086 2209 3156 sequeris
2235 3083 2422 3138 meos?
2451 3080 2793 3136 crederemus
2833 3095 3035 3134 servos.
3065 3079 3167 3133 Sed
3195 3096 3297 3133 non
3337 3092 3537 3139 tantum

1971 3177 2242 3233 eohrerent
2271 3176 2409 3230 servi
2434 3173 2649 3228 domino
2669 3214 2683 3239 ,
2713 3182 2959 3240 quantum
2988 3172 3268 3226 Christiani
3308 3173 3538 3233 Christo.

1973 3270 2088 3323 Alia
2115 3277 2197 3321 est
2225 3267 2320 3320 ista
2352 3279 2607 3333 eompago
2641 3281 2653 3317 :
2686 3263 2820 3318 alius
2846 3262 2977 3315 ordo
3006 3262 3361 3316 membrorum
3385 3304 3398 3324 ,
3439 3264 3541 3319 alia

1972 3360 2148 3414 unitas
2172 3356 2460 3411 charitatis.
2486 3353 2655 3424 Caput
2683 3370 2776 3423 pro
2801 3353 3050 3406 membris
3074 3352 3217 3421 loqui
3245 3368 3306 3405 ur
3328 3394 3341 3414 ,
3371 3369 3542 3423 neque

1975 3448 2076 3503 hoc
2101 3449 2289 3503 saltem
2320 3445 2469 3509 dicit,
2496 3443 2629 3511 Quid
2658 3442 2989 3513 persequeris
3016 3443 3250 3495 membra
3278 3442 3425 3495 mea?
3447 3428 3539 3497 sed

1973 3540 2132 3603 dicit,
2167 3537 2302 3606 Quid
2328 3553 2406 3591 me
2439 3536 2781 3606 persequeris?
2805 3533 2919 3587 Non
2948 3534 3191 3603 tangebat
3216 3543 3404 3604 caput,
3446 3534 3541 3588 sed

1976 3630 2222 3700 tangebat
2244 3628 2385 3699 quod
2412 3627 2567 3695 capiti
2592 3626 2829 3693 junctum
2858 3633 2959 3678 est.

2047 3718 2270 3774 CAPU'I‘
2300 3716 2437 3771 XIV.
2466 3745 2539 3756 —
2564 3714 2679 3770 Jatn
2709 3730 2851 3782 schc
2877 3713 3108 3775 diximus
3128 3754 3141 3775 ,
3188 3713 3279 3768 sed
3307 3715 3424 3782 quia
3468 3714 3544 3767 si-

1978 3812 2216 3868 militudo
2243 3818 2363 3879 apta
2404 3817 2516 3873 est,
2546 3817 2598 3861 et
2640 3822 2751 3861 rem
2792 3806 2924 3860 bene
2969 3805 3231 3871 insinuat,
3261 3807 3544 3875 repetenda

1978 3914 2075 3960 est.
2107 3903 2207 3971 Qui
2236 3912 2284 3957 te
2311 3903 2362 3955 in
2395 3901 2544 3954 turba
2569 3900 2768 3960 calcat,
2800 3896 2985 3966 pedem
3015 3905 3159 3950 tuum
3190 3897 3411 3966 premit,
3445 3897 3548 3951 lin-

1977 4012 2095 4067 guae
2120 4003 2295 4048 autem
2335 3991 2464 4046 nihil
2491 3990 2631 4044 facit.
2660 3987 2795 4056 Quid
2821 3987 2919 4041 sibi
2945 4002 3072 4057 ergo
3102 3986 3241 4046 vult,
3273 3986 3409 4055 quod
3444 3987 3547 4039 1111-

1980 4101 2079 4157 gua
2106 4084 2315 4147 clamat,
2344 4081 2528 4136 Calcas
2556 4080 2675 4133 me?
2706 4078 2952 4132 Pressura
2982 4075 3130 4145 pedis
3156 4086 3257 4141 est,
3291 4076 3428 4130 nulla
3452 4076 3551 4129 lin-

1982 4192 2099 4249 gum
2124 4174 2272 4230 laesio
2291 4215 2307 4241 ,
2335 4171 2426 4227 sed
2457 4184 2558 4223 una
2602 4183 2879 4237 compago.
2914 4166 2978 4219 Et
3021 4167 3065 4219 si
3094 4182 3248 4218 unum
3280 4166 3551 4218 membrum

1984 4268 2202 4339 patitur,
2233 4262 2603 4332 compatiuntur
2634 4259 2800 4312 omnia
2825 4255 3082 4319 membra;
3107 4265 3152 4309 et
3175 4256 3554 4326 si-glori/icutur

1983 4374 2138 4411 unum
2162 4354 2453 4418 membrum,
2476 4350 2787 4421 congaudent
2812 4347 2978 4402 omnia
3002 4347 3219 4401 membra
3247 4346 3289 4421 (I
3315 4349 3430 4404 Cor.
3460 4367 3554 4415 xtl,

1985 4447 2097 4516 26).
2126 4446 2180 4501 Si
2207 4458 2332 4515 ergo
2358 4444 2531 4512 lingua
2560 4450 2644 4494 tua
2677 4438 2773 4510 pro
2811 4439 2942 4507 pede
2969 4447 3059 4492 tuo
3088 4436 3321 4510 loquitur
3341 4483 3356 4505 ,
3398 4440 3555 4495 Clario

1988 4549 2101 4593 stus
2128 4537 2178 4591 in
2225 4534 2364 4589 caelo
2394 4549 2487 4602 pro
2515 4528 2828 4586 Christianis
2869 4544 2977 4585 non
3020 4529 3290 4600 loquitur?
3318 4530 3434 4585 Non
3479 4533 3558 4587 sic

1990 4645 2117 4700 ergo
2162 4628 2393 4697 loquitur
2419 4624 2593 4693 lingua
2625 4633 2709 4675 tua
2739 4635 2834 4690 pro
2862 4620 2995 4692 pede
3016 4663 3030 4687 ,
3063 4630 3121 4675 ut
3147 4622 3285 4675 dicat
3309 4662 3323 4684 ,
3369 4621 3556 4676 Calcas

1990 4721 2179 4791 pedem
2220 4732 2427 4783 meum;
2457 4716 2585 4780 sed,
2616 4714 2802 4771 Galeas
2833 4732 2915 4769 me
2936 4755 2952 4781 ,
2987 4730 3103 4769 cum
3134 4715 3242 4784 ipsa
3288 4730 3390 4768 non
3424 4724 3559 4770 taeta

1992 4814 2080 4867 sit.
2110 4812 2380 4881 Cognosce
2406 4808 2550 4861 illum
2581 4817 2738 4876 caput
2764 4816 2909 4860 tuum
2931 4847 2945 4871 ,
2974 4820 3092 4859 cum
3120 4820 3215 4875 pro
3243 4816 3292 4859 te
3318 4806 3385 4862 de
3423 4808 3562 4861 οωιη

1993 4904 2243 4974 loquitur,
2274 4909 2327 4955 ct
2358 4900 2501 4961 dicit,
2536 4897 2713 4960 Saulo,
2744 4896 2919 4961 Saulo,
2947 4896 3070 4966 quid
3108 4912 3186 4949 me
3214 4898 3566 4968 persequeris?

1997 4994 2169 5062 Ergo,
2216 4990 2439 5054 fratres,
2469 5002 2565 5043 cur
2596 4988 2693 5041 hoc
2719 4985 2985 5041 diximus?
3026 4984 3103 5040 Ne
3130 4984 3263 5041 forte
3307 4987 3374 5040 ita
3416 4988 3566 5041 vobis

1996 5085 2285 5152 subrepant
2319 5082 2389 5135 iIIt
2418 5081 2484 5135 de
2509 5080 2698 5146 quibus
2723 5078 2848 5131 dicit
2874 5077 3156 5145 Apostolus
3175 5119 3191 5143 ,
3221 5077 3563 5147 Corrumpunt

1997 5192 2157 5230 mores
2183 5175 2334 5229 bonos
2359 5172 2605 5241 colloquia
2632 5169 2799 5231 mala;
2825 5168 2943 5238 quia
2970 5167 3170 5233 dicunt,
3200 5165 3564 5220 Mauducemus

1997 5280 2042 5323 et
2083 5267 2345 5330 bibamus;
2370 5278 2482 5317 cras
2519 5262 2651 5315 enim
2679 5259 2919 5312 morimur
2947 5257 3053 5330 (Id.
3085 5272 3180 5322 xv,
3208 5258 3309 5319 35,
3338 5255 3428 5325 5:!)
3461 5270 3473 5306 :
3509 5264 3565 5309 ut

1998 5360 2177 5415 dicant
2218 5357 2368 5412 vobis
2397 5355 2528 5425 (non
2572 5351 2770 5407 audent
2810 5350 2950 5405 enim
2978 5349 3242 5402 Christum
3274 5347 3564 5412 reprehen-

2000 5452 2147 5517 dere,
2167 5446 2579 5505 contremiscunt
2601 5440 2894 5511 majestatis
2918 5439 3279 5493 auctoritatem
3309 5442 3418 5488 toto
3438 5434 3569 5489 orbe

2000 5542 2300 5605 fundatam;
2329 5536 2420 5593 sed
2446 5534 2710 5607 quomodo
2734 5530 2988 5600 scriptum
3018 5534 3134 5593 est,
3165 5525 3405 5578 Peccator
3428 5531 3567 5578 mae-

2004 5636 2091 5704 bit,
2120 5643 2167 5687 et
2191 5634 2453 5697 irascetur,
2481 5624 2708 5681 dentibus
2737 5622 2838 5676 suis
2871 5618 3066 5691 frondet
3088 5624 3137 5671 et
3161 5615 3367 5671 tabescet
3396 5614 3563 5681 (Psat.
