3996 6520
445 274 463 321 1
476 267 576 320 607

441 394 524 432 cxi
545 418 560 442 ,
591 374 678 446 10)
714 391 726 428 :
758 371 998 427 frendere
1029 375 1232 438 potest,
1278 374 1331 418 et
1368 363 1636 417 tabescere
1664 361 1869 428 potest;
1901 353 2017 409 bla-

444 468 726 539 sphemare
753 474 924 518 autem
952 461 1214 515 Christum
1245 472 1347 510 non
1375 451 1554 521 audet)
1579 467 1592 514 ;
1623 466 1685 502 ne
1713 447 1848 502 forte
1891 460 2019 516 ergo

447 563 516 616 ita
541 561 822 628 loquantur
839 565 892 609 et
907 554 1102 615 dicant,
1123 547 1333 603 Christo
1356 555 1557 600 tantum
1583 542 1745 596 licuit.
1770 540 2024 608 Aliquan-

447 653 516 706 do
545 653 686 708 enim
713 659 765 703 et
793 663 855 702 ex
884 646 1058 699 animo
1083 642 1286 702 dicunt,
1311 635 1598 708 aliquando
1624 642 1803 688 autem
1837 630 2029 684 timore

451 745 634 798 dicunt
664 759 676 795 :
708 750 761 794 tu
787 748 959 791 tamen
1002 743 1054 788 et
1079 732 1204 804 quid
1229 729 1462 785 audeant
1485 727 1661 781 dicere
1689 721 1905 784 attende
1927 760 1940 786 ,
1975 728 2030 773 et

451 835 574 905 quid
605 849 710 887 non
733 829 980 884 audeant.

521 921 744 978 CAPUT
767 918 880 974 XV.
901 949 968 958 —
987 917 1073 971 15.
1098 913 1324 967 Christus
1345 911 1515 965 dolose
1534 908 1594 961 ab
1616 906 1900 976 infidelibus
1922 905 2034 958 lau-

454 1017 623 1080 datur,
641 1029 701 1065 ne
723 1011 935 1066 similem
957 1005 1363 1062 resurrectionem
1390 1017 1663 1072 speremus.
1689 997 1885 1052 Dicturi
1908 1011 2035 1066 ergo

455 1119 578 1162 sunt
607 1125 620 1161 :
653 1105 796 1161 Dicis
823 1103 948 1156 mihi
978 1100 1115 1170 quod
1146 1095 1496 1152 rcsurrexcrit
1529 1093 1772 1147 Christus
1793 1131 1807 1153 ,
1836 1098 1889 1144 et
1914 1087 2037 1142 inde

457 1212 642 1268 speras
667 1193 1114 1251 resurrectionem
1144 1196 1473 1243 mortuorum
1499 1202 1511 1247 ;
1542 1183 1634 1238 sed
1658 1181 1868 1236 Christo
1893 1179 2041 1233 licuit

459 1305 739 1359 resurgere
765 1303 794 1340 a
823 1284 1069 1339 mortuis.
1089 1282 1156 1336 Et
1184 1281 1364 1348 inripit
1387 1279 1493 1347 jam
1514 1275 1729 1330 laudare
1745 1274 2037 1338 Christum,

463 1397 569 1436 non
600 1390 656 1434 ut
683 1379 752 1432 illi
780 1378 870 1432 det
914 1379 1168 1428 honorem
1189 1412 1205 1438 ,
1239 1371 1332 1425 sed
1375 1379 1432 1424 ut
1475 1368 1567 1423 tibi
1600 1365 1757 1421 faciat
1784 1364 2040 1432 despera-

466 1474 684 1527 tionem.
714 1468 989 1536 Serpentis
1019 1475 1190 1520 astuta
1238 1463 1500 1534 pernicies
1522 1503 1536 1525 ,
1569 1471 1626 1514 ut
1669 1458 1823 1512 laude
1848 1455 2043 1510 Christi

469 1575 518 1618 te
543 1569 747 1617 avertat
772 1576 801 1613 a
827 1558 1060 1622 Christo,
1088 1555 1269 1610 dolose
1292 1551 1542 1622 prmdicat
1566 1565 1721 1620 quem
1747 1549 2046 1616 vituperare

472 1671 574 1707 non
603 1653 779 1707 audet.
828 1650 1125 1719 Exaggerat
1151 1646 1482 1714 majestatem
1528 1642 1697 1702 illius,
1728 1648 1784 1692 ut
1813 1637 2046 1708 singula-

471 1763 584 1804 rem
616 1745 792 1809 faciat,
823 1759 889 1797 ne
918 1751 969 1795 tu
997 1755 1178 1808 speres
1208 1738 1310 1792 tale
1339 1735 1556 1805 aliquid,
1589 1733 1742 1802 quale
1768 1733 1819 1785 in
1849 1731 1939 1785 illo
1965 1746 2050 1785 re-

471 1849 717 1910 surgentc
743 1845 1090 1892 monstratum
1115 1843 1212 1888 est.
1246 1833 1310 1886 Et
1336 1832 1484 1902 quasi
1512 1830 1807 1898 religiosior
1831 1832 2050 1896 apparet

470 1948 594 2003 erga
622 1929 927 1992 Christum,
959 1943 1080 1981 cum
1125 1926 1253 1982 dicit
1286 1943 1299 1980 :
1333 1925 1470 1979 Ecce
1501 1923 1588 1993 qui
1620 1937 1678 1977 se
1704 1920 1863 1974 audet
1900 1932 2052 1972 com-

473 2042 662 2098 parare
683 2024 894 2081 Christo
916 2066 930 2089 ,
961 2029 1020 2076 nt
1042 2023 1162 2092 quia
1187 2019 1480 2076 resurrexit
1507 2016 1746 2071 Christus
1765 2056 1780 2080 ,
1808 2021 1862 2068 et
1884 2026 1942 2065 se
1969 2025 2056 2065 re-

475 2127 836 2173 surrecturum
858 2123 1026 2186 putet.
1049 2113 1164 2167 Noli
1195 2108 1486 2180 perturbari
1515 2115 1760 2177 perversa
1781 2101 1934 2157 laude
1955 2100 2058 2154 lm—

479 2207 738 2279 peratoris
766 2207 871 2284 tui_;
892 2205 1108 2258 hostiles
1135 2202 1337 2256 insidia:
1365 2210 1414 2254 te
1442 2198 1771 2268 perturbant,
1793 2192 1888 2248 sed
1905 2190 2057 2247 Chri-

477 2301 546 2354 sti
575 2283 918 2352 hnmilitaset
948 2293 1247 2349 humanitas
1273 2301 1324 2346 te
1346 2290 1666 2344 consolatur.
1693 2287 1784 2340 llle
1807 2283 2061 2354 prmdicat

478 2399 732 2462 quantum
755 2398 965 2444 erectus
991 2388 1059 2440 sit
1079 2385 1321 2441 Christus
1347 2398 1378 2438 a
1407 2391 1457 2436 te
1480 2397 1492 2434 :
1521 2380 1762 2436 Christus
1782 2387 1956 2431 autem
1979 2375 2061 2430 di-

479 2482 547 2536 cit
571 2488 820 2550 qnantnm
848 2476 1124 2534 descendit
1143 2475 1207 2529 ad
1232 2485 1305 2529 te.
1332 2470 1610 2541 lteSponde
1638 2484 1765 2539 ergo
1787 2468 1941 2522 huic:
1969 2482 2064 2520 ex-

479 2575 582 2627 cita
605 2573 746 2626 illam
771 2571 963 2629 Iidem;
999 2576 1286 2636 tempestas
1308 2572 1422 2630 est,
1453 2563 1642 2616 fluctus
1668 2567 1792 2615 sunt
1812 2601 1826 2625 ,
1856 2557 2064 2612 laborat

483 2665 634 2719 navis
651 2705 665 2727 ,
692 2662 888 2716 dormit
912 2659 1186 2721 Christus;
1214 2657 1382 2712 excita
1412 2654 1555 2708 illam
1579 2653 1736 2706 (idem
1758 2693 1772 2717 ,
1799 2650 1906 2705 noli
1930 2648 2065 2704 obli-

482 2755 611 2807 visci
640 2751 779 2822 quod
806 2748 1076 2804 credidisti
1104 2746 1312 2817 (Matth.
1344 2758 1436 2799 vttt
1455 2787 1470 2809 ,
1501 2741 1722 2814 24-26).
1747 2741 1937 2796 Statim
1978 2753 2065 2798 rc-

485 2844 776 2913 spondebis
795 2884 809 2907 ,
841 2858 960 2897 cum
989 2843 1038 2896 in
1074 2851 1122 2896 te
1148 2839 1281 2895 fides
1305 2837 1606 2908 evangelica
1631 2835 1852 2907 vigilare
1881 2849 2064 2905 cmpe-

486 2937 575 2991 rit.
606 2935 718 2989 Non
744 2935 850 2989 eris
875 2934 1026 3002 inops
1055 2933 1106 2986 in
1135 2928 1542 3000 respondendo:
1578 2942 1683 2982 non
1713 2927 1853 2982 enim
1885 2935 1938 2979 tu
1959 2924 2067 2980 eris

484 3024 576 3096 qui
617 3024 882 3092 laqueris;
911 3035 1133 3076 manens
1162 3021 1214 3074 in
1258 3027 1310 3073 te
1332 3017 1580 3074 Christus
1604 3017 1824 3085 arripiet
1866 3016 2067 3069 instru-

488 3123 722 3170 mentum
755 3129 908 3167 suutn
950 3113 1180 3182 linguam
1223 3119 1364 3164 tuam
1385 3151 1400 3176 ,
1430 3109 1574 3162 velut
1609 3107 1842 3178 gladium
1872 3121 2024 3160 suum
2047 3144 2066 3172 ,

489 3210 644 3253 utens
686 3199 845 3252 corde
893 3205 982 3250 tuo
1013 3204 1066 3249 et
1095 3209 1221 3248 voce
1267 3201 1353 3247 tua
1387 3203 1636 3262 tanquam
1681 3204 1957 3261 possessor
1985 3190 2068 3243 in-

491 3290 769 3354 habitans,
800 3289 1010 3342 resistet
1054 3283 1359 3339 adversario
1380 3325 1394 3349 ,
1423 3296 1668 3337 securum
1699 3277 1747 3335 te
1778 3280 1933 3334 faciet
1965 3298 1976 3332 :
2014 3291 2068 3334 tu

493 3389 696 3432 tantum
727 3379 896 3431 excitu
939 3377 1292 3430 dormientem
1317 3416 1330 3440 ,
1365 3373 1418 3428 id
1455 3382 1570 3440 est,
1604 3372 1884 3428 recordare
1932 3372 2068 3427 obii.

493 3483 598 3526 tam
633 3471 811 3523 tidem.

561 3560 786 3617 CAPUT
818 3559 936 3615 XVI
980 3590 1051 3599 —
1075 3560 1157 3614 16.
1181 3557 1365 3613 Christi
1389 3558 1745 3612 resurrectione
1768 3574 1907 3626 spem
1933 3558 2074 3612 nobis

491 3655 866 3709 resurrectionis
911 3654 1084 3707 merito
1132 3651 1340 3705 allatam
1382 3668 1502 3705 esse.
1553 3649 1841 3704 Mortalitas
1887 3648 2075 3704 Christi

493 3749 643 3800 unde.
675 3745 902 3800 Christus
939 3744 1190 3816 quomodo
1216 3743 1378 3812 {actus
1404 3742 1667 3796 mediator.
1710 3741 1921 3795 Peccata
1945 3757 2074 3797 auo-

496 3837 644 3889 modo
672 3837 724 3888 in
753 3835 970 3889 Christo.
1013 3834 1298 3888 Mortalitas
1324 3850 1469 3902 paena
1497 3833 1708 3903 peccati.
1736 3832 1891 3903 Mde
1933 3833 2072 3905 enim

495 3925 622 3995 quid
651 3925 886 3978 dicturus
913 3939 1055 3989 sum,
1075 3923 1215 3976 unde
1245 3922 1437 3977 talibus
1455 3937 1809 3991 respoasurus
1833 3921 1943 3975 sis?
1962 3921 2073 3975 Non

497 4033 696 4072 novum
719 4014 917 4086 aliquid
952 4015 1124 4069 dicam
1147 4056 1161 4079 ,
1191 4013 1284 4069 sed
1318 4013 1366 4067 id
1393 4012 1534 4084 quod
1564 4012 1856 4067 credidisti.
1891 4012 2074 4067 Excita

498 4126 627 4182 ergo
657 4110 812 4165 tidem
835 4151 850 4176 ,
892 4118 946 4164 et
969 4107 1233 4178 responde
1256 4106 1450 4160 dicenti
1471 4147 1485 4168 ,
1517 4105 1763 4161 Christus
1791 4106 1936 4160 solus
1979 4121 2076 4174 po-

498 4205 620 4270 tuit,
652 4217 748 4256 nos
776 4215 882 4256 non
912 4213 1196 4270 possumus
1221 4219 1233 4252 :
1268 4197 1531 4266 reSponde
1559 4205 1614 4251 et
1635 4197 1743 4262 die,
1777 4196 1902 4252 ideo
1927 4197 2078 4252 Chri-

497 4307 612 4350 stus
644 4295 830 4365 potuit,
853 4293 975 4364 quia
1004 4293 1173 4355 Deus;
1199 4291 1287 4346 ille
1314 4290 1514 4360 utique,
1538 4290 1660 4360 quia
1690 4290 1851 4345 Deus.
1879 4289 1932 4347 Si
1955 4291 2077 4361 quia

501 4389 660 4450 Dens,
691 4386 812 4456 quia
841 4384 1212 4454 omnipotens;
1242 4383 1289 4438 si
1320 4382 1443 4452 quia
1470 4381 1826 4450 omnipotens,
1854 4398 1950 4438 cur
1978 4384 2077 4438 de-

498 4477 726 4551 sperabo
749 4475 890 4546 quod
917 4475 1109 4546 poterit
1135 4483 1191 4528 et
1215 4474 1266 4528 in
1294 4488 1413 4539 me,
1444 4471 1586 4542 quod
1615 4473 1999 4528 demonstravit
2024 4474 2075 4528 in

499 4587 558 4626 se
590 4578 805 4641 propter
841 4571 963 4622 me?
993 4565 1192 4621 Deinde
1219 4579 1400 4636 quer
1437 4564 1578 4619 unde
1606 4565 1894 4619 resurrexit
1921 4564 2080 4620 Chri-

501 4675 634 4719 stus.
668 4659 1047 4731 lieSpoudehit,
1079 4661 1120 4712 A
1155 4657 1395 4712 mortuis.
1431 4657 1622 4723 Quer
1648 4671 1813 4726 quare
1839 4667 2079 4712 mortuus

499 4758 588 4812 sit.
615 4751 883 4824 Numquid
914 4751 1054 4806 enim
1090 4749 1226 4804 Deus
1254 4747 1390 4804 mori
1435 4747 1647 4818 potest?
1675 4747 1768 4802 Illa
1809 4748 1968 4802 etiam
1993 4747 2080 4802 di-

499 4845 691 4901 vinitas
721 4843 956 4899 Verbum
991 4840 1195 4911 arquato
1239 4839 1415 4904 Patri,
1447 4853 1534 4894 ars
1563 4837 1944 4907 omnipotentis
1988 4853 2078 4892 aro

502 4937 658 4991 titicis
679 4975 695 5000 ,
726 4950 819 5004 per
861 4948 1018 5004 quem
1063 4931 1198 4986 facta
1226 4939 1350 4986 sunt
1389 4929 1564 4984 omnia
1586 4969 1601 4995 ,
1631 4927 2079 4984 incommutabilis

500 5025 757 5098 sapientia
779 5064 795 5090 ,
824 5025 876 5078 in
905 5039 964 5079 se
991 5024 1100 5092 ipsa
1129 5036 1385 5088 manens,
1414 5021 1679 5076 innovans
1712 5022 1891 5075 omnia
1921 5021 2076 5091 (δαν.

499 5136 569 5174 vn
592 5161 607 5184 ,
651 5117 743 5185 27)
768 5158 781 5180 ,
810 5117 1076 5186 attingens
1101 5132 1131 5170 a
1164 5115 1266 5170 fine
1293 5130 1458 5184 usque
1483 5114 1548 5168 ad
1582 5111 1741 5170 finem
1787 5113 1995 5170 fortiter
2027 5125 2082 5170 et

497 5213 793 5281 disponens
817 5208 994 5262 omnia
1030 5207 1263 5261 suaviter
1293 5205 1402 5277 (Id.
1431 5222 1555 5270 VIII,
1587 5205 1676 5275 1),
1703 5206 1838 5261 mori
1869 5209 2033 5278 potuit
2059 5208 2081 5263 ?

500 5305 654 5368 Non,
699 5298 890 5370 inquit.
919 5300 985 5353 Et
1015 5309 1188 5354 tamen
1231 5298 1476 5354 Christus
1515 5308 1758 5354 mortuus
1781 5309 1882 5355 est.
1931 5299 2083 5356 Unde

505 5405 746 5451 mortuus
791 5391 910 5447 est?
941 5390 1194 5445 Videlicet
1235 5389 1374 5460 quod
1405 5408 1506 5444 non
1546 5392 1781 5462 rapinam
1809 5394 2082 5450 arbitratus

498 5496 572 5540 est
602 5501 706 5540 esse
733 5483 942 5555 ecqualis
975 5480 1110 5547 Deo,
1159 5481 1248 5535 sed
1287 5482 1610 5550 semetipsum
1635 5483 1939 5552 exiuanivit,
1971 5486 2082 5555 far-

503 5591 635 5627 mam
665 5575 792 5628 servi
816 5574 1086 5644 accipiens.
1115 5573 1256 5626 Ante
1281 5581 1455 5624 autem
1481 5571 1604 5639 quid
1629 5573 1735 5626 ait?
1767 5575 1865 5640 Qui
1890 5594 2003 5631 cum
2027 5579 2082 5632 in

499 5664 666 5734 [arma
694 5665 784 5720 Dei
825 5674 946 5724 esset
980 5663 1236 5733 (Philipp.
1273 5677 1305 5715 tt
1329 5701 1343 5728 ,
1373 5661 1562 5728 6et7).
1592 5662 1836 5721 Formam
1867 5668 1958 5724 Dci
1988 5683 2081 5724 ac-

1674 246 1730 300 S.
1777 238 2136 298 AUGUSTlNl
2181 235 2484 292 EPlSCOPl

2129 362 2374 422 ceperat,
2403 367 2468 406 an
2502 353 2552 406 in
2589 367 2650 406 ea
2682 352 2990 406 naturaliter
3016 359 3131 406 erat
3161 351 3217 404 ‘1'
3248 352 3536 423 Distinguit
3567 356 3727 423 Apo-

2131 444 2318 498 stolus.
2350 442 2480 498 Cum
2529 442 2749 497 formam
2797 443 2888 497 Dei
2931 441 3170 506 diceret,
3201 454 3326 498 esset
3371 443 3511 498 dixit
3545 463 3560 498 :
3592 458 3728 499 cum

2135 536 2358 590 formam
2386 536 2523 590 servi
2545 535 2862 599 nominaret,
2879 534 3132 612 accipiens
3149 534 3302 588 dixit.
3321 533 3568 590 Christus
3589 549 3736 605 ergo

2134 637 2248 682 erat
2272 627 2505 697 aliquid,
2536 626 2741 694 accepit
2765 625 2962 692 aliquid
2981 667 2997 690 ,
3031 634 3090 680 ut
3114 641 3232 679 cum
3259 626 3350 680 illo
3378 642 3546 681 unum
3573 635 3734 683 esset

2134 718 2275 788 quod
2302 727 2597 787 acceperat.
2633 718 2688 772 In
2729 716 2897 771 forma
2928 717 3021 770 Dei
3057 725 3173 772 erat
3198 719 3416 788 mqualis
3441 719 3577 783 Deo,
3610 720 3733 773 sic-

2137 820 2196 864 ut
2247 811 2567 880 evangelista
2601 810 2689 864 ille
2725 810 2954 878 piscator
2979 809 3257 879 loquitur,
3289 809 3504 865 Verbum
3532 822 3645 866 erat
3678 816 3734 867 in

2139 903 2387 973 principio
2407 944 2419 966 ,
2452 914 2497 956 et
2534 902 2747 957 Verbum
2773 906 2914 974 apud
2959 905 3121 960 Deum
3142 949 3156 973 ,
3189 918 3236 962 et
3278 907 3420 963 Deus
3447 919 3559 964 erat
3595 909 3736 964 Ver—

3577 234 3730 291 1608

2141 993 2254 1046 bum
2295 992 2472 1064 (Joan.
2503 1011 2554 1060 ι,
2585 995 2636 1065 1)
2671 1011 2684 1048 :
2718 996 2820 1051 hoc
2855 1007 2968 1061 est,
2997 997 3121 1052 Cum
3150 1000 3203 1054 in
3245 1000 3409 1068 forma
3437 1001 3529 1056 Dei
3554 1013 3692 1057 esset
3721 1046 3736 1061 ι

2142 1103 2242 1140 non
2263 1086 2496 1157 rapinam
2519 1086 2789 1142 arbitratus
2807 1099 2879 1143 est
2899 1106 3004 1144 esse
3024 1092 3233 1159 (aqualis
3258 1091 3382 1147 Deo.
3406 1094 3561 1160 Quod
3581 1096 3726 1150 enin.

2145 1193 2251 1231 non
2282 1177 2591 1231 naturaliter
2635 1178 2805 1245 inest,
2845 1179 2937 1233 sed
2967 1192 3254 1251 usurpatur
3293 1183 3508 1250 illicito,
3538 1187 3727 1256 rapin.

2145 1278 2246 1323 est.
2278 1267 2652 1338 Aiqttalitatem
2694 1271 2785 1324 Dei
2818 1273 3090 1340 usurpavit
3126 1274 3379 1344 angelus,
3409 1284 3464 1330 ct
3490 1278 3724 1332 cecidit.

2147 1369 2202 1413 et
2243 1359 2409 1415 factus
2458 1367 2543 1415 est
2582 1359 2825 1414 diabolus
2859 1379 2873 1418 :
2904 1362 3264 1432 mqualitatem
3312 1364 3405 1419 Dei
3454 1369 3740 1437 usurpavi-

2152 1449 2346 1516 homo,
2377 1459 2432 1504 et
2455 1451 2680 1518 cecidit,
2713 1458 2768 1506 et
2797 1450 2966 1506 factus
2996 1462 3075 1508 cst
3103 1456 3365 1511 mortalis.
3397 1456 3494 1513 Hic
3527 1469 3744 1519 autem.

2149 1543 2237 1613 qui
2269 1552 2422 1597 natus
2463 1553 2546 1598 est
2585 1544 2836 1614 mqualis,
2869 1545 2990 1614 quia
3021 1561 3127 1600 non
3156 1556 3310 1602 natus
3335 1563 3403 1603 ex
3451 1557 3683 1620 tempori
3725 1596 3741 1617 ,

2152 1634 2245 1689 sed
2275 1637 2596 1704 sempiterno
2625 1635 2766 1690 Patri
2792 1637 3147 1706 sempiternus
3171 1637 3369 1706 Filius,
3397 1654 3612 1709 semper
3642 1659 3664 1695 ι
3714 1673 3743 1684 -

2155 1737 2271 1794 tus,
2302 1743 2399 1796 per
2423 1744 2580 1799 quem
2609 1728 2741 1783 facta
2769 1738 2892 1783 sunt
2933 1730 3110 1784 omnia
3131 1772 3146 1797 ,
3179 1731 3232 1784 in
3274 1731 3444 1788 forma
3474 1734 3567 1789 Dei
3597 1751 3644 1789 es
3698 1745 3743 1790 t.

2155 1819 2224 1874 Ut
2251 1829 2427 1875 autem
2459 1819 2719 1874 mediator
2743 1829 2886 1876 esset
2914 1821 3054 1876 inter
3083 1822 3248 1877 Deum
3278 1833 3332 1878 et
3361 1823 3606 1880 homines
3657 1842 3709 1880 ιη
3727 1855 3746 1868 ο

2159 1923 2240 1967 ter
2261 1913 2462 1982 justum
2485 1923 2537 1966 et
2563 1913 2808 1982 injustas,
2838 1914 2978 1970 inter
3001 1915 3354 1971 immortalem
3383 1925 3438 1971 et
3463 1918 3743 1984 morulas,

2157 2004 2445 2074 assumpsit
2481 2004 2678 2074 aliquid
2707 2004 2776 2058 ab
2810 2005 3018 2075 injustis
3043 2015 3099 2062 et
3138 2008 3486 2072 mortalibus.
3517 2025 3582 2063 sa.
3609 2027 3749 2067 vans

2159 2097 2357 2167 aliquid
2378 2112 2496 2151 cum
2519 2097 2662 2167 justo
2683 2106 2735 2152 et
2756 2099 3061 2166 immortali.
3089 2099 3221 2156 Cum
3237 2101 3384 2171 justo
3403 2103 3545 2158 enim
3567 2114 3622 2160 et
3645 2105 3748 2159 im-

2162 2189 2369 2244 mortali
2397 2190 2909 2259 servansjustitiam,
2927 2191 2994 2247 ab
3022 2189 3232 2262 injustis
3257 2203 3310 2249 et
3325 2195 3642 2250 mortalibus
3662 2213 3752 2252 as-

2162 2297 2380 2339 sumens
2408 2283 2780 2338 mortalitatem
2802 2325 2816 2348 ,
2849 2283 3020 2340 factus
3048 2286 3099 2339 in
3131 2286 3306 2341 medio
3335 2289 3713 2344 reconciliator
3733 2332 3750 2353 ,

2163 2371 2419 2441 dejiciens
2444 2378 2650 2426 murum
2683 2383 3017 2441 peccatorum
3047 2384 3371 2441 nostrorum;
3398 2377 3538 2431 unde
3564 2379 3636 2434 illi
3660 2395 3756 2434 ca-

2165 2465 2312 2518 nitur
2335 2479 2362 2516 a
2395 2464 2590 2533 populo
2632 2478 2764 2528 suo,
2799 2464 2862 2518 Et
2886 2466 2939 2519 in
2969 2465 3075 2520 Deo
3117 2483 3225 2520 meo
3252 2469 3594 2539 transgredior
3633 2487 3756 2525 mu-

2165 2573 2280 2610 rum
2308 2554 2477 2628 (Psal.
2503 2573 2630 2622 xvn,
2652 2555 2742 2628 50)
2768 2575 2780 2610 :
2813 2557 3042 2614 reddens
3072 2560 3190 2615 Deo
3213 2559 3354 2630 quod
3400 2573 3615 2631 peccata
3656 2564 3761 2618 ab-

2167 2647 2545 2710 alienaverant,
2560 2648 2827 2704 redimens
2843 2665 2940 2704 suo
2956 2651 3210 2722 sanguine
3229 2651 3369 2720 quod
3381 2652 3626 2708 diabolus
3637 2669 3762 2723 pos-

2167 2741 2408 2807 sidebat;
2437 2752 2675 2797 mortuus
2701 2753 2784 2797 est
2809 2757 2904 2812 pro
2934 2744 3105 2808 nobis,
3135 2753 3189 2799 et
3217 2746 3505 2800 resurrexit
3531 2761 3630 2816 pro
3655 2749 3761 2802 “0-.

2169 2831 2272 2889 bis.
2302 2832 2537 2887 Portavit
2566 2841 2778 2901 peccata
2811 2841 2988 2887 nostra
3010 2875 3024 2898 ,
3055 2850 3162 2888 non
3196 2832 3300 2889 illis
3327 2835 3628 2902 inlucrens,
3656 2838 3758 2891 sed

2169 2937 2233 2978 ea
2274 2925 2541 2979 sustinens
2574 2941 2586 2976 :
2619 2925 2754 2978 sicut
2781 2923 2945 2979 Jacob
2974 2928 3202 2994 portavit
3240 2926 3403 2995 pelles
3433 2926 3709 2982 hrcdorum
3739 2973 3757 2998 ,

2175 3026 2233 3071 ut
2249 3017 2447 3086 pilosus
2472 3015 2605 3084 patri
2637 3015 2966 3071 benedicenti
2994 3017 3429 3088 videretur(Gen.
3455 3037 3619 3087 xxvtt,
3641 3023 3756 3092 16).

2173 3109 2316 3164 Esau
2343 3108 2513 3162 malus
2542 3108 2674 3178 pilos
2699 3109 2942 3177 proprios
2970 3109 3232 3178 habebat,
3259 3110 3424 3166 Jacob
3452 3121 3629 3168 autem
3661 3115 3761 3168 bo-

2173 3217 2274 3256 nus
2318 3201 2517 3256 alienos
2561 3201 2819 3270 portabat.
2866 3202 3174 3259 Mortalibus
3211 3205 3407 3275 quippe
3450 3205 3761 3262 hominibus

2176 3303 2393 3362 peccata
2441 3293 2720 3349 iulnerent.
2769 3293 2885 3350 Non
2931 3303 3121 3350 autem
3154 3295 3489 3352 inltrcrebant
3537 3300 3610 3353 illi
3664 3301 3758 3369 qni

2175 3383 2424 3449 dixerat,
2476 3383 2778 3438 Potestatem
2825 3384 2983 3439 habeo
3029 3387 3246 3456 ponendi
3289 3387 3509 3441 animam
3553 3406 3760 3452 meam,

2176 3493 2225 3538 et
2269 3490 2559 3551 potestatem
2601 3481 2754 3535 habeo
2793 3481 2973 3534 iterant
3014 3481 3243 3540 sumendi
3281 3498 3392 3536 eam
3436 3481 3635 3553 (Joan.
3685 3500 3719 3542 ι
3744 3525 3762 3549 ,

2180 3573 2310 3644 ιδ).

2248 3666 2474 3723 CAPUT
2504 3665 2664 3721 XVII.
2693 3695 2765 3706 —-
2792 3667 2932 3720 Mors
2973 3680 3100 3735 ergo
3127 3666 3178 3720 in
3208 3666 3430 3721 Domino
3471 3675 3655 3721 nostro
3687 3667 3765 3721 si-

2180 3776 2341 3831 gnum
2371 3760 2466 3813 fuit
2489 3760 2780 3814 alienorum
2815 3767 3173 3826 peccatorum,
3208 3775 3311 3814 non
3341 3775 3492 3830 paena
3521 3763 3768 3830 proprio-

2182 3869 2320 3906 rum.
2355 3852 2408 3906 ln
2453 3852 2698 3906 omnibus
2725 3860 2903 3906 autem
2933 3849 3242 3908 hominibus
3285 3853 3581 3910 mortalitas
3606 3871 3767 3925 pmna

2182 3947 2384 4016 peccati
2413 3955 2495 4002 est
2524 3963 2538 3999 :
2571 3946 2796 4000 trahitur
2821 3946 2966 4002 enim
3012 3946 3079 4001 ab
3121 3947 3325 4017 origine
3353 3948 3588 4016 peccati,
3621 3949 3771 4003 unde

2181 4054 2367 4095 omnes
2400 4041 2674 4103 venimus;
2701 4041 2769 4094 de
2792 4040 2932 4096 illius
2958 4040 3192 4096 hominis
3214 4041 3397 4109 lapsu,
3427 4055 3530 4094 non
3561 4039 3630 4095 de
3661 4041 3769 4094 lm-

2177 4130 2266 4201 jus
2306 4131 2587 4186 descensu.
2618 4130 2774 4185 Aliud
2801 4132 2944 4186 enim
2974 4142 3058 4186 est
3097 4131 3321 4193 cadere,
3352 4129 3494 4184 aliud
3535 4129 3771 4184 descen-

2183 4223 2330 4278 dere.
2357 4221 2563 4278 Cecidit
2603 4239 2741 4278 unus
2768 4223 3043 4293 nequiter,
3073 4222 3348 4278 descendit
3386 4223 3522 4278 alius
3551 4223 3772 4277 miscri-

2183 4313 2432 4369 corditer.
2462 4313 2607 4368 Sicut
2632 4314 2774 4368 enim
2805 4313 2857 4366 in
2881 4313 3044 4372 Adam
3072 4329 3246 4366 omnes
3271 4314 3552 4368 moriuntur
3571 4356 3585 4380 ,
3615 4315 3688 4368 sic
3721 4317 3774 4369 in

2184 4405 2383 4460 Christo
2426 4420 2597 4458 omnes
2635 4404 3022 4472 viviﬁcabuntur
3045 4403 3086 4473 (1
3107 4403 3224 4459 Cor.
3253 4419 3354 4469 xv,
3385 4404 3499 4475 22).
3540 4405 3776 4459 Portans

2184 4512 2313 4566 ergo
2337 4497 2505 4551 aliena
2535 4505 2746 4564 peccata
2768 4537 2781 4560 ,
2815 4496 2941 4562 Quae
2967 4513 3066 4549 non
3093 4497 3274 4566 rapui,
3306 4498 3472 4567 inquit.
3494 4539 3508 4564 ,
3535 4506 3654 4550 tunc
3683 4513 3777 4550 c1-

2184 4589 2432 4642 solvebam
2459 4585 2629 4652 (Psal.
2659 4602 2839 4653 Limn,
2871 4584 2926 4655 5)
2961 4602 2974 4638 :
3010 4586 3061 4640 id
3089 4597 3191 4650 est,
3220 4597 3492 4657 peccatqu
3540 4604 3643 4642 non
3678 4591 3777 4642 ha-

2185 4679 2316 4733 bens
2358 4679 2641 4733 moriebar.
2688 4677 2854 4743 Ecce,
2894 4677 3097 4746 inquit,
3143 4679 3301 4732 veniet
3345 4679 3576 4749 princeps
3616 4681 3778 4750 hujus

2185 4769 2380 4835 mundi,
2406 4778 2452 4823 et
2475 4769 2528 4822 in
2553 4784 2632 4822 me
2655 4769 2786 4821 nihil
2803 4767 3034 4822 inveniet.
3064 4768 3202 4836 Quid
3230 4776 3331 4836 est,
3360 4770 3488 4823 nihil
3510 4770 3561 4822 in
3590 4786 3672 4822 me
3694 4772 3778 4822 in-

2184 4860 2380 4916 variet?
2403 4859 2518 4914 Non
2550 4860 2602 4914 in
2629 4873 2718 4914 me
2746 4859 2982 4915 inveniet
3009 4862 3256 4915 meritum
3286 4862 3492 4917 mortis.
3523 4861 3774 4917 Meritum

2184 4953 2326 5008 enim
2353 4952 2540 5007 mortis
2565 4959 2839 5022 peccaturo
2871 4959 2972 5006 est.
3000 4951 3177 5019 Quare
3203 4967 3330 5023 ergo
3355 4953 3597 5008 morieris
3613 4955 3640 5008 ἵ
3669 4954 3775 5010 Se-

2185 5043 2364 5114 quitur
2381 5083 2397 5108 ,
2426 5053 2480 5097 et
2504 5042 2632 5097 dicit
2663 5059 2676 5095 :
2710 5041 2817 5098 Sed
2842 5051 2897 5096 ut
2937 5043 3100 5100 sciant
3124 5060 3295 5098 omnes
3322 5045 3441 5116 quia
3468 5044 3775 5101 voluntatem

2187 5133 2362 5188 Patris
2385 5133 2480 5186 mei
2519 5133 2652 5205 facio
2671 5174 2686 5200 ,
2714 5133 2902 5205 surgite
2920 5174 2935 5196 ,
2964 5147 3134 5187 eamus
3157 5134 3273 5187 hinc
3299 5133 3474 5206 (Joan.
3503 5151 3592 5190 xw
3611 5177 3626 5200 ,
3659 5136 3729 5191 '50
3755 5181 3771 5202 ,

2187 5225 2300 5298 3|).
2349 5227 2416 5280 Et
2449 5227 2618 5296 surgit
2649 5239 2873 5296 pergens
2915 5225 2982 5280 ad
3023 5225 3346 5298 passionem.
3392 5227 3606 5294 Quare?
3636 5230 3770 5294 Quia

2185 5319 2510 5374 voluntatem
2538 5317 2709 5373 Patris
2735 5317 2814 5371 sui
2841 5315 3087 5383 faciebat,
3119 5333 3222 5371 non
3251 5317 3371 5388 quia
3398 5319 3621 5388 principi
3649 5334 3771 5388 pec—

2186 5421 2423 5467 catorum
2467 5412 2662 5482 aliquid
2708 5410 2966 5476 debebat,
3018 5411 3068 5464 in
3108 5425 3214 5479 quo
3250 5419 3526 5479 peccatum
3564 5412 3770 5469 nullum

2187 5513 2322 5561 erat.
2369 5507 2508 5578 Ergo
2557 5507 2813 5562 Dominus
2861 5514 3044 5560 noster
3087 5503 3242 5560 Jesus
3291 5505 3532 5560 Christus
3576 5505 3770 5562 divini-

2196 5618 2267 5728 .m:
2293 5624 2432 5729 ἔξω,
2457 5627 2679 5670 Formam
2717 5615 2842 5669 serti
2880 5621 3161 5680 acceperat,
3208 5629 3270 5667 an
3313 5616 3363 5669 in
3395 5630 3454 5667 ea
3486 5616 3773 5671 naturaliter

2196 5689 2206 5728 π
2267 5693 2290 5728 r
2361 5715 2373 5729 .

2187 5689 2341 5729 ruerat
2361 5689 2373 5729 Ξ
