3996 6460
239 317 378 373 1609

237 447 402 494 tatem
447 454 624 495 secum
673 439 888 506 attulit,
941 440 1314 498 mortalitatem
1363 449 1540 496 autem
1588 456 1616 494 a
1667 438 1818 494 nobis

235 529 544 598 assumpsit.
591 530 740 586 lianc
789 531 992 600 accepit
1041 531 1092 584 in
1145 541 1296 586 utero
1337 531 1553 601 virginis
1599 531 1814 594 M.:ri'.e,

237 621 564 692 Canjungens
613 637 672 678 se
723 625 892 693 ipsum
947 623 1174 678 Verbum
1227 625 1318 680 Dei
1371 624 1614 680 humanae
1659 634 1814 679 natu-

237 726 313 764 ra:
337 753 352 771 .
401 721 647 782 tanquam
690 729 918 784 sponsus
943 731 1152 786 sponsae
1182 716 1232 770 in
1275 715 1506 770 thalamo
1533 716 1772 786 virginali
1799 757 1813 780 ,

233 811 294 856 ut
337 803 448 872 ipse
473 812 724 875 tanquam
751 821 980 877 sponsus
1005 807 1316 878 procederet
1357 807 1424 864 de
1463 808 1696 864 thalamo
1719 823 1816 862 suo

234 892 408 964 (Paul.
440 913 562 952 xvut
577 939 594 964 ,
625 899 704 968 6).

309 1009 394 1063 I‘l.
427 1007 714 1066 Mortalitas
737 1012 790 1066 in
812 1011 1010 1069 Christo
1039 1029 1173 1080 vera,
1205 1029 1304 1068 non
1330 1031 1392 1070 ea:
1417 1015 1612 1081 nterito,
1641 1015 1728 1069 sed
1753 1031 1816 1068 ex

232 1103 596 1160 misericordia.
625 1103 812 1160 Christi
835 1110 1130 1162 resurrectio
1151 1111 1422 1162 secundum
1447 1125 1646 1162 carnem
1667 1121 1812 1163 antea

229 1192 517 1247 mortalem.
547 1193 610 1248 Si
628 1196 828 1266 justum
855 1213 967 1250 eum
994 1200 1233 1268 fatentur,
1265 1215 1364 1252 non
1393 1199 1574 1270 fefellit
1603 1201 1814 1271 promit-

231 1291 342 1336 tens
381 1288 810 1341 resurrectionem.
843 1289 972 1344 Redi
1012 1305 1140 1360 ergo
1177 1290 1243 1345 ad
1274 1291 1325 1346 id
1361 1293 1502 1363 quod
1547 1293 1807 1348 dicebam.

229 1371 522 1430 Mortalitas
561 1375 628 1432 de
677 1387 894 1448 peccato
937 1381 1080 1435 venit
1109 1383 1160 1436 in
1202 1397 1388 1438 omnes
1432 1383 1675 1440 homines
1707 1403 1718 1438 :
1756 1387 1807 1440 in

229 1463 460 1522 Domino
495 1477 668 1524 autem
708 1470 775 1526 de
817 1461 1179 1530 misericordia
1209 1485 1353 1542 erat,
1383 1487 1436 1532 et
1465 1487 1643 1534 tamen
1685 1495 1808 1536 vera

225 1565 380 1622 erat;
412 1561 532 1628 quia
565 1562 684 1616 talis
705 1579 832 1619 caro
859 1581 983 1620 vera
1011 1577 1128 1622 erat
1147 1611 1159 1630 ,
1183 1578 1236 1623 et
1260 1585 1382 1625 vere
1407 1573 1644 1627 mortalis
1671 1583 1805 1638 erat,

225 1647 632 1708 similitudinem
673 1652 872 1710 habens
898 1658 1073 1713 carnis
1104 1661 1306 1729 peccati
1347 1659 1522 1732 (lieni.
1555 1677 1645 1716 vtu
1667 1706 1680 1730 ,
1711 1663 1764 1736 5)
1790 1683 1804 1729 ;

227 1754 336 1794 non
387 1741 786 1800 similitudinem
833 1749 1049 1814 carnis,
1099 1749 1192 1805 sed
1242 1751 1637 1808 similitudinem
1685 1769 1806 1809 car-

223 1832 310 1884 nis
347 1835 551 1904 peccati
583 1851 596 1890 :
628 1852 752 1892 vera
795 1841 936 1894 enim
963 1855 1120 1910 caro,
1149 1843 1242 1898 sed
1286 1859 1392 1898 non
1419 1847 1618 1914 peccati
1659 1861 1804 1902 caro.

220 1921 340 1976 Non
371 1923 514 1979 enim
555 1928 933 1984 mortalitatem
961 1931 1138 1997 illam,
1167 1943 1224 1987 ut
1263 1933 1372 1988 dixi
1394 1977 1408 2000 ,
1455 1937 1644 1991 merito
1681 1953 1806 2007 pec-

219 2016 327 2070 cati
354 2029 648 2089 acceperat,
682 2023 770 2092 qui
797 2024 1118 2091 semetipsum
1139 2027 1414 2082 exinanivit
1440 2031 1654 2098 formam
1679 2033 1808 2085 servi

217 2108 474 2177 accipiens
496 2151 512 2175 ,
545 2119 592 2165 et
633 2115 796 2182 factus
833 2113 1064 2170 obediens
1107 2133 1262 2187 usque
1300 2120 1368 2172 ad
1410 2131 1636 2176 mortem.
1667 2121 1804 2190 Quid

217 2213 352 2269 ergo
376 2211 530 2267 erat,
575 2213 628 2258 et
655 2204 779 2274 quid
809 2204 1076 2261 habebat?
1119 2209 1376 2264 Divinitas
1399 2221 1555 2279 erat,
1603 2212 1805 2269 habens

215 2291 622 2348 mortalitatem.
679 2292 826 2349 Unde
861 2303 1044 2352 autem
1095 2307 1334 2354 mortuus
1377 2310 1498 2369 est,
1547 2301 1670 2358 inde
1711 2319 1802 2358 re-

213 2383 472 2436 surrexit.

291 2495 515 2552 CAPUT
563 2497 749 2554 XVIII.
787 2533 857 2542 —
905 2501 983 2558 Ad
1030 2519 1121 2559 eos
1146 2505 1254 2575 jam
1303 2509 1548 2577 respicite
1594 2509 1685 2581 qui
1715 2511 1804 2566 di-

215 2595 350 2642 cunt
372 2605 385 2640 :
407 2587 652 2644 Christus
679 2591 825 2646 solus
853 2595 1022 2662 potuit
1052 2611 1328 2666 resurgere
1347 2641 1360 2665 ,
1393 2614 1496 2653 non
1524 2613 1698 2656 autem
1721 2610 1798 2656 tu.

209 2667 324 2734 Sed
369 2681 634 2750 responde
671 2691 724 2738 et
762 2683 846 2739 die
875 2703 886 2739 :
911 2685 1152 2742 Christus
1192 2689 1242 2743 in
1271 2705 1334 2744 eo
1363 2692 1503 2761 quod
1541 2709 1606 2748 ex
1647 2693 1800 2749 nobis

211 2781 495 2842 acceperat
515 2814 527 2835 ,
559 2776 873 2830 resurrexit.
907 2776 1052 2834 'l‘olle
1081 2777 1305 2836 formam
1333 2784 1502 2849 servi,
1529 2800 1633 2838 non
1657 2793 1802 2841 esset

211 2861 270 2914 in
297 2877 396 2932 qua
442 2875 773 2936 resurgeret;
805 2867 928 2938 quia
957 2885 1062 2924 non
1089 2881 1228 2926 esset
1270 2873 1319 2926 in
1346 2887 1446 2942 qua
1477 2884 1795 2931 moreretur.

205 2951 354 3020 Quid
395 2969 521 3025 ergo
565 2957 693 3011 mihi
724 2957 790 3013 de
833 2959 986 3014 laude
1031 2960 1238 3016 Domini
1269 2964 1373 3017 mei
1413 2963 1566 3020 Iidem
1599 2967 1676 3020 vis
1702 2965 1798 3022 de-

210 3053 454 3108 struere,
487 3062 643 3116 quam
687 3047 738 3102 in
771 3065 856 3104 me
900 3051 1182 3106 aediﬁcavit
1209 3052 1462 3110 Dominus
1499 3057 1686 3111 meus?
1713 3058 1795 3113 Ex

211 3133 309 3188 illo
331 3149 470 3188 crum
500 3137 638 3206 quod
679 3135 904 3195 formam
953 3141 1091 3196 servi
1123 3143 1358 3213 accepit,
1404 3156 1644 3203 mortuus
1688 3158 1792 3204 est.

205 3222 517 3281 Secundum
563 3227 664 3283 hoc
709 3237 886 3285 autem
937 3235 1261 3299 resurrexit,
1311 3237 1601 3293 secundmn
1650 3241 1793 3310 quod

207 3325 456 3372 mortuus
485 3327 586 3373 est.
615 3319 771 3374 Nullo
815 3322 976 3377 modo
1018 3339 1145 3395 ergo
1171 3327 1309 3382 servi
1343 3332 1789 3389 resurrectionem

200 3407 624 3478 desperaverim,
645 3427 763 3467 cum
788 3413 837 3468 in
861 3413 1027 3471 forma
1051 3419 1188 3474 servi
1217 3420 1470 3477 Dominus
1497 3439 1793 3482 resurrexe-

201 3499 300 3554 rit.
331 3501 434 3554 Aut
462 3501 506 3556 si
549 3506 799 3572 potentiae
829 3507 1058 3564 hominis
1101 3511 1337 3566 tribuunt
1366 3513 1504 3582 quod
1546 3515 1791 3574 Christus

127 3591 134 3596 '
201 3591 500 3644 resurrexit
530 3607 558 3645 a
589 3593 844 3661 mortuis;
876 3613 997 3652 nam
1027 3608 1080 3653 et
1109 3599 1210 3656 hoc
1240 3603 1414 3658 solent
1440 3605 1636 3671 dicere,
1665 3609 1788 3678 quia

201 3679 373 3733 homo
400 3689 514 3735 erat
545 3691 648 3737 tam
675 3685 877 3754 justus,
915 3697 970 3742 ut
1007 3703 1185 3759 posset
1226 3693 1386 3749 etiam
1435 3711 1714 3768 resurgere
1757 3715 1788 3754 a

197 3770 473 3825 mortuis:
517 3781 574 3827 ut
613 3775 822 3830 interim
862 3781 1152 3835 secundum
1195 3781 1340 3853 ipsos
1380 3783 1589 3854 loquar,
1629 3799 1684 3843 et
1720 3791 1788 3846 de

199 3863 417 3918 Domini
447 3867 615 3921 nostri
647 3867 923 3924 divinitate
952 3886 1056 3925 non
1091 3871 1292 3939 dicam;
1325 3875 1412 3930 ille
1443 3886 1548 3930 tam
1584 3878 1782 3949 justus,

197 3963 264 4009 ut
293 3969 324 4008 a
351 3958 574 4012 mortuis
598 3965 756 4013 etiam
785 3977 1063 4032 resurgere
1103 3975 1418 4034 mereretur,
1455 3971 1600 4024 nullo
1632 3981 1784 4041 pacto

193 4061 304 4100 nos
331 4045 513 4103 fallere
543 4050 731 4119 potuit,
779 4065 899 4106 cum
944 4053 1102 4108 etiam
1141 4057 1293 4112 nobis
1339 4063 1782 4120 resurrectionem

195 4137 466 4206 promisit.
947 4149 952 4152 ’

268 4247 498 4306 CAPUT
535 4251 678 4308 XIX.
701 4285 772 4295 —
810 4255 894 4312 IS.
933 4257 1080 4314 Unde
1110 4263 1318 4330 probata
1345 4269 1574 4336 superius
1613 4287 1782 4326 resur-

191 4343 353 4395 rectio
379 4346 569 4414 futura.
599 4346 785 4402 Omnia
813 4365 940 4420 ergo
969 4370 1086 4421 qua:
1113 4353 1251 4410 dicta
1282 4367 1434 4424 sunt,
1463 4360 1670 4428 fratres,
1713 4365 1778 4420 ad

193 4431 248 4484 id
277 4431 476 4500 valent,
517 4445 571 4488 ut
599 4437 714 4492 sitis
743 4440 1023 4508 instructi,
1065 4445 1108 4498 si
1137 4446 1225 4514 qui
1253 4446 1431 4503 dicunt
1461 4467 1563 4506 non
1604 4469 1777 4510 resur-

189 4537 325 4592 gere
351 4535 609 4582 mortuos.
636 4528 781 4583 Dicta
809 4542 930 4586 sunt
956 4543 1155 4604 autem,
1179 4537 1223 4593 si
1252 4543 1588 4609 meministis,
1611 4562 1779 4616 quan-

191 4626 309 4668 tum
345 4615 483 4671 Deus
530 4634 818 4690 suggerere
857 4625 1101 4695 dignatus
1131 4637 1213 4684 est
1243 4635 1568 4700 necessaria,
1615 4615 1667 4693 et
1708 4641 1777 4696 de

191 4719 376 4760 rerum
405 4717 586 4762 natura
613 4711 1042 4786 quotidianisque
1071 4722 1328 4790 exemplis
1362 4723 1498 4779 dicta
1531 4738 1652 4782 sunt
1691 4739 1773 4785 tc-

189 4797 479 4865 stimonia;
507 4811 558 4856 et
584 4803 649 4858 de
680 4805 792 4874 ipsa
822 4809 1202 4880 omnipotentia
1236 4815 1328 4870 Dei
1362 4819 1444 4872 cui
1474 4819 1603 4875 nihil
1631 4821 1773 4878 dilii-

185 4889 298 4944 cile
323 4901 440 4952 est.
470 4894 630 4962 quisi
661 4898 830 4966 putuit
859 4898 1035 4956 facere
1080 4905 1219 4973 quod
1264 4923 1372 4962 non
1413 4921 1526 4966 erat
1551 4954 1565 4976 ,
1607 4915 1772 4970 multo

189 4983 362 5052 magis
393 4993 565 5054 potest
595 5003 842 5058 reparare
868 4993 1006 5064 quod
1034 5005 1182 5064 erat;
1223 5009 1276 5053 et
1303 5000 1370 5056 de
1402 5001 1516 5070 ipso
1547 5003 1772 5064 Domino

186 5081 240 5125 et
261 5073 540 5133 Salvatore
557 5076 684 5134 Jesu
708 5079 942 5152 Christo,
970 5100 1126 5155 quem
1157 5099 1364 5144 constat
1389 5097 1766 5163 resurrexisse,

188 5178 365 5233 neque
393 5166 507 5236 eius
535 5173 982 5228 resurrectionem
1009 5175 1200 5232 factam
1241 5180 1340 5234 nisi
1377 5181 1430 5236 in
1457 5183 1624 5239 I'orma
1653 5201 1768 5242 scr-

187 5253 272 5316 vi,
303 5253 424 5321 quia
457 5271 631 5328 neque
660 5275 806 5316 mors
837 5261 949 5318 ﬁeri
979 5267 1165 5334 potuit,
1195 5268 1334 5326 unde
1361 5285 1493 5342 Opus
1519 5285 1660 5330 esset
1688 5291 1770 5332 re-

185 5357 428 5414 surgere.
457 5347 555 5400 nisi
582 5363 678 5417 per
703 5349 929 5406 formam
957 5357 1116 5410 servi.
1155 5357 1301 5414 Unde
1330 5365 1579 5432 quoniam
1624 5370 1768 5428 servi

185 5445 391 5498 sumus,
425 5435 476 5490 id
517 5433 568 5491 in
600 5431 770 5495 forma
801 5453 982 5498 nostra
1032 5461 1248 5516 sperare
1288 5431 1544 5509 debemus
1571 5497 1584 5520 ,
1625 5459 1767 5528 quod

185 5525 271 5580 ille
303 5529 354 5582 in
389 5528 557 5586 forma
587 5535 725 5588 servi
768 5550 1176 5606 prmmonstrare
1218 5545 1462 5616 dignatus
1509 5559 1607 5604 est.
1641 5525 1767 5606 ‘0b-

185 5621 441 5674 tierscant
494 5637 623 5693 ergo
671 5625 864 5697 linguae
929 5629 1256 5702 dicentium,
1307 5637 1669 5696 Manduremus
1716 5656 1762 5698 et

183 5707 442 5778 hauritur;
486 5730 598 5769 cras
655 5717 784 5771 enim
839 5723 1098 5776 morimur.
1151 5725 1372 5786 Prorsus
1427 5743 1478 5787 et
1537 5750 1628 5790 vos
1675 5755 1760 5794 re-

435 5807 705 5870 Paraoa.
757 5813 806 5872 Χ
824 5815 868 5873 Χ
887 5816 1055 5878 XIX.

1589 317 1818 375 SEMIO
1853 316 2112 377 CCCLXI.

3353 341 3488 398 Nilo

1925 443 2205 513 spondete,
2236 457 2288 502 et
2313 447 2502 506 dicite:
2533 450 2838 522 Jejuneznus
2867 465 2916 509 et
2939 472 3176 523 orciuos;
3207 475 3326 518 cras
3353 466 3496 522 cuius

1923 534 2232 590 moriemur.

1991 623 2214 680 CAPUT
2255 626 2372 682 XX.
2409 661 2478 670 ——
2519 631 2600 687 I9.
2639 632 2886 688 Ultimum
2919 637 3173 707 judicium
3211 655 3501 714 exspectare

1921 718 2149 786 exemplo
2199 718 2311 774 Noe
2353 722 2698 778 admonemur.
2735 728 2918 784 llcstat
2957 741 3012 786 ut
3047 731 3288 790 dicamus
3329 739 3502 806 qttalis

1919 807 2022 860 erit
2051 809 2102 862 in
2133 814 2522 868 resurrectione
2549 816 2650 871 vita
2673 817 2958 888 justorum.
2985 823 3088 878 Sed
3113 827 3234 895 quia
3259 827 3366 898 jam
3399 830 3498 884 ho-

1917 895 2002 950 die
2029 899 2362 956 moderatum
2396 911 2602 974 tempus
2638 908 2826 966 videtis
2855 924 3214 984 assumptum,
3260 895 3312 974 id
3355 923 3496 989 quod

1921 987 2249 1046 reddidimus
2291 995 2558 1052 rnminate
2595 1017 2608 1052 :
2661 999 2763 1056 hoc
2805 1014 2980 1058 autem
3025 1008 3165 1076 quod
3215 987 3494 1079 debemus,

1916 1089 2064 1136 orate
2112 1091 2168 1136 ut
2212 1084 2496 1156 aliquando
2541 1090 2842 1148 reddamus.
2877 1096 3010 1152 Illud
3058 1101 3286 1158 maxime
3321 1113 3498 1160 tenete

1914 1187 2078 1241 quare
2103 1175 2265 1231 locuti
2304 1193 2522 1248 sumus,
2553 1186 2848 1252 praesertim
2903 1201 3119 1262 propter
3165 1193 3280 1250 dies
3328 1195 3495 1252 festos

1915 1267 2068 1335 istos,
2111 1269 2300 1327 fratres
2327 1275 2468 1342 mei,
2492 1292 2626 1346 quos
2664 1277 2860 1350 Pagani
2889 1283 3178 1340 celebrant.
3225 1291 3496 1346 Attendite

1914 1357 2100 1416 vobis:
2133 1363 2318 1418 transit
2351 1363 2437 1420 hic
2465 1368 2714 1434 mundus,
2759 1372 3110 1430 recordamini
3149 1377 3492 1448 Evangelinm

1911 1447 2000 1502 ubi
2031 1451 2270 1520 praedicit
2295 1453 2550 1511 Dominus
2578 1459 2656 1513 sic
2685 1461 2914 1518 futurum
2943 1467 3290 1524 novissimum
3315 1470 3456 1526 diem
3477 1513 3492 1536 ,

1909 1541 2176 1609 quomodo
2221 1543 2274 1598 in
2313 1543 2498 1602 diebus
2541 1547 2674 1606 Noe.
2717 1551 3094 1612 Manducabant
3137 1569 3185 1614 et
3233 1561 3488 1628 bibi-bant,

1910 1633 2135 1694 emebant
2189 1645 2238 1690 et
2282 1640 2558 1716 vendebant
2576 1683 2591 1708 ,
2635 1659 2818 1700 uxores
2855 1647 3140 1719 ducebant,
3197 1653 3448 1710 nubebant
3469 1697 3486 1723 ,

1909 1721 2066 1778 donec
2093 1726 2294 1780 intravit
2323 1727 2438 1784 Noe
2455 1732 2506 1784 in
2531 1749 2704 1788 arcam
2719 1750 2739 1798 ,'
2756 1739 2886 1791 venit
2909 1739 3174 1810 diluvium,
3199 1755 3250 1800 et
3268 1721 3488 1816 perdidit

1908 1827 2078 1868 omnes
2102 1813 2254 1885 (Luc.
2286 1833 2412 1886 ινιι,
2441 1820 2509 1876 27
2528 1819 2571 1894 ).
2600 1823 2817 1880 Habetis
2843 1831 3178 1898 apertissime
3207 1813 3490 1896 Dominum

1905 1917 2361 1974 prtemonentem,
2409 1921 2464 1966 et
2516 1915 2622 1969 alio
2676 1916 2794 1973 loco
2843 1919 3142 1992 dicentem,
3193 1925 3316 1984 Non
3369 1949 3490 2002 gra-

1907 2005 2083 2049 ventur
2107 2000 2263 2052 corda
2287 2005 2514 2058 restrain
2538 2009 2748 2076 crapula
2769 2021 2816 2065 et
2843 2015 3076 2070 ebrietate
3101 2016 3152 2088 (1
3157 2020 3210 2072 d.
3241 2037 3352 2090 χχι,
3369 2000 3486 2095 34).

1908 2085 2026 2140 Sint
2061 2087 2216 2144 lumbi
2259 2095 2408 2147 vestri
2456 2097 2684 2162 accincti,
2720 2109 2768 2154 et
2823 2103 3042 2161 lucerna:
3087 2085 3318 2168 ardentes
3338 2085 3400 2182 ἰς

1905 2177 2092 2232 similes
2133 2192 2286 2237 estote
2327 2189 2497 2255 pueris
2554 2196 2954 2260 exspectantibus
2997 2200 3254 2258 dominum
3305 2224 3484 2278 suum,

1909 2271 2110 2338 quando
2140 2275 2302 2328 veniat
2331 2293 2362 2328 a
2387 2281 2575 2348 nuptiis
2619 2281 2730 2352 (Id.
2759 2301 2854 2352 xu,
2883 2288 2972 2355 55,
3005 2291 3074 2346 36
3191 2271 3484 2368 Exspecto;

1905 2376 2026 2417 mus
2065 2379 2185 2420 eum
2233 2378 2556 2439 venturum,
2606 2389 2712 2430 non
2762 2393 2860 2434 nos
2915 2389 3186 2450 torpentes
3229 2390 3482 2452 inveniat.

1906 2450 2080 2522 Turpe
2116 2464 2198 2510 est
2235 2459 2442 2514 mulieri
2487 2463 2783 2534 coniugata:
2824 2485 2928 2524 non
2963 2472 3270 2535 desiderare
3309 2483 3480 2542 virum

1903 2555 2056 2597 suum
2085 2563 2097 2598 :
2125 2557 2322 2616 quanto
2359 2551 2565 2620 turpius
2589 2553 2846 2612 Ecclesia:
2867 2575 2972 2616 non
2999 2563 3305 2626 desiderare
3331 2571 3486 2629 Chri-

1903 2634 2079 2687 stum?
2109 2635 2263 2692 Venit
2287 2639 2370 2693 vir
2392 2641 2458 2695 ad
2484 2646 2730 2702 carnales
2752 2651 3047 2720 amplexus,
3076 2665 3128 2712 et
3157 2662 3362 2730 magnis
3391 2681 3484 2718 vo-

1905 2715 1972 2780 tis
1996 2739 2156 2784 casue
2183 2731 2364 2787 uxoris
2391 2735 2648 2806 accipitur
2675 2757 2690 2793 :
2723 2753 2977 2800 venturus
3006 2756 3088 2803 est
3113 2763 3343 2820 Sponsus
3375 2755 3484 2812 Ec-

1900 2817 2077 2872 clesiae
2107 2820 2172 2874 ad
2201 2821 2486 2880 tradendos
2511 2835 2741 2885 mternos
2767 2835 3042 2903 amplexus
3060 2880 3076 2904 ,
3116 2817 3181 2896 ad
3215 2842 3484 2904 faciendos

1901 2921 2002 2962 nos
2031 2909 2130 2963 sibi
2163 2913 2520 2982 sempiternos
2545 2917 2872 2991 colueredes,
2911 2935 2966 2980 et
3000 2942 3098 2984 nos
3131 2930 3202 2986 ita
3229 2934 3476 3003 vivimus,

1900 3007 1959 3054 ut
1986 3000 2104 3070 ejus
2130 3002 2416 3060 adventum
2455 3022 2561 3063 non
2589 3009 2764 3066 solum
2793 3029 2900 3070 non
2941 3015 3338 3091 desideremus,
3383 3029 3478 3084 sed

1899 3091 2057 3145 etiam
2091 3093 2398 3151 timeamus!
2427 3097 2596 3166 Quam
2629 3116 2812 3158 verum
2843 3115 2926 3162 est
2948 3110 3086 3178 quod
3115 3112 3192 3168 sic
3223 3125 3477 3175 venturus

1897 3191 1980 3236 est
2004 3183 2118 3238 dies
2145 3185 2252 3250 ille,
2282 3191 2550 3258 quomodo
2579 3194 2634 3248 in
2673 3194 2862 3254 diebus
2886 3199 3034 3256 Noe?
3073 3204 3240 3272 Quam
3283 3211 3478 3266 multos

1897 3273 1974 3328 sic
1999 3275 2310 3334 inventurus
2335 3291 2438 3350 est,
2466 3292 2518 3338 et
2542 3299 2636 3340 eos
2672 3287 2760 3356 qui
2803 3289 3076 3348 christiani
3107 3299 3474 3366 appellantur!

1897 3364 2022 3422 Ideo
2053 3385 2146 3438 per
2183 3379 2258 3426 tot
2287 3387 2458 3429 annos
2485 3375 2776 3434 zedilicatur
2799 3396 2944 3448 arca,
2992 3395 3050 3440 ut
3093 3364 3342 3458 evigilent
3385 3397 3475 3466 qui

1895 3473 2000 3512 non
2032 3461 2257 3518 credunt
2285 3462 2449 3536 (Gen.
2476 3483 2526 3522 vn
2549 3471 2584 3538 ).
2619 3469 2722 3525 Per
2745 3483 2959 3528 centum
2999 3493 3170 3534 atratos
3201 3483 3282 3536 illa
3311 3461 3475 3541 a-dill-

1893 3557 2010 3604 cata
2039 3561 2140 3614 est,
2167 3564 2222 3608 et
2249 3570 2352 3608 non
2379 3559 2760 3628 evigilaverunt
2801 3573 2858 3618 ut
2893 3566 3148 3634 dicerent,
3199 3572 3314 3628 Non
3357 3577 3476 3633 sine

1893 3653 2052 3693 causa
2084 3640 2241 3698 homo
2285 3644 2377 3700 Dei
2431 3661 2609 3702 arcam
2657 3650 2906 3718 :rdilicat,
2934 3655 3032 3709 nisi
3077 3661 3198 3728 quia
3229 3662 3469 3720 imminet

1893 3730 2108 3784 exitium
2139 3735 2323 3802 generi
2349 3734 2616 3804 humano;
2649 3749 2700 3794 et
2733 3743 3000 3810 placarent
3025 3747 3156 3804 iram
3198 3751 3314 3820 Dei,
3343 3769 3466 3809 con—

1891 3823 2031 3878 versi
2063 3825 2129 3878 ad
2155 3841 2332 3882 mores
2358 3829 2448 3900 qui
2473 3831 2684 3902 placent
2725 3835 2834 3892 Deo
2859 3879 2875 3906 ,
2921 3845 3189 3910 quomodo
3232 3845 3472 3906 fecerunt

1888 3911 2153 3969 Ninivitae.

1959 4005 2183 4062 CAPUT
2227 4007 2368 4066 XXI.
2395 4042 2467 4054 --
2493 4001 2754 4072 Fecerunt
2781 4021 2920 4076 enim
2951 4022 3176 4081 h'uctnm
3209 4033 3470 4099 pmniten-

1889 4096 1995 4158 tiae,
2024 4107 2076 4152 et
2103 4101 2518 4170 propitiat-erunt
2547 4106 2678 4161 iram
2715 4109 2824 4166 Dei.

1958 4187 2048 4242 20.
2093 4187 2280 4245 Niuire
2302 4192 2456 4261 juxta
2485 4198 2799 4266 prophetiam
2829 4219 3018 4270 eversa,
3049 4208 3139 4262 sed
3178 4226 3268 4280 per
3302 4217 3464 4282 pecni-

1887 4280 2112 4333 tentiam.
2143 4283 2488 4340 Annuntiznvit
2511 4288 2694 4354 Jonas,
2724 4308 2828 4346 non
2864 4297 3283 4358 misericordem
3311 4345 3324 4368 ,
3369 4310 3464 4363 scd

1885 4367 2016 4424 itam
2061 4371 2331 4429 futuram:
2371 4392 2474 4432 non
2516 4383 2658 4435 enim
2690 4383 2856 4449 dixit,
2903 4385 3101 4442 Triduo
3125 4433 3138 4456 ,
3181 4401 3239 4448 et
3277 4395 3484 4464 Ninivo,

1882 4474 2182 4531 evertetur;
2213 4468 2254 4521 si
2283 4477 2458 4524 autem
2489 4474 2851 4540 paenitentiam
2880 4479 2928 4532 in
2957 4479 3059 4536 isto
3088 4483 3262 4540 triduo
3287 4491 3462 4558 egeri.

1883 4555 1980 4620 tis,
2031 4569 2212 4628 parcet
2253 4562 2402 4616 vobis
2431 4564 2604 4620 Dens:
2638 4583 2745 4622 non
2773 4568 2906 4626 dixit
2949 4572 3068 4629 hoc.
3119 4577 3459 4636 Eversionem

1881 4647 2047 4702 solani
2081 4651 2308 4704 minatus
2338 4663 2437 4717 est,
2466 4663 2518 4708 et
2546 4660 2918 4724 prmnuntiavit
2945 4681 2957 4716 :
2991 4649 3054 4718 et‘
3072 4674 3244 4721 tamen
3281 4669 3356 4724 illi
3394 4672 3459 4726 do

1881 4737 1973 4792 Dei
2007 4741 2366 4796 misericordia
2393 4759 2494 4798 ttOn
2517 4746 2883 4818 desperantes,
2907 4767 3285 4814 converterunt
3313 4777 3370 4816 se
3391 4763 3458 4818 ad
3531 4795 3536 4800 -

1881 4831 2274 4898 ptenitrndum;
2305 4845 2356 4886 et
2383 4839 2618 4904 pepercit
2647 4840 2782 4895 Deus
2821 4842 3009 4911 (lance
3035 4861 3088 4901 tu
3115 4847 3156 4916 ).
3196 4847 3302 4906 Sed
3331 4855 3458 4922 quid

1876 4921 2148 4978 dicemus?
2175 4926 2298 4996 quia
2335 4927 2600 4998 Propheta
2633 4935 2884 4989 mentitus
2913 4937 3030 4993 est?
3073 4937 3126 4994 Si
3171 4921 3458 5004 carnaliter

1877 5015 2162 5087 intelligas,
2187 5017 2380 5072 falsum
2407 5019 2615 5076 videtur
2649 5024 2888 5083 dixisse:
2929 5029 2974 5082 si
3005 5033 3348 5100 Spiritnaliter
3378 5039 3455 5094 in-

1877 5105 2102 5174 telligas,
2130 5107 2325 5163 factum
2352 5119 2435 5164 est
2472 5112 2610 5180 quod
2643 5112 2783 5168 dixit
2809 5115 3090 5188 Propheta.
3137 5121 3333 5182 Eversa
3374 5140 3458 5184 est

1875 5197 2015 5250 enim
2041 5195 2249 5253 Ninive.
2278 5200 2512 5256 Attende
2539 5203 2664 5272 quid
2701 5215 2815 5260 erat
2839 5207 3045 5278 Ninive,
3083 5219 3138 5268 et
3175 5215 3294 5272 vide
3330 5221 3452 5287 quia

1873 5301 2058 5342 eversa
2083 5297 2183 5344 est.
2210 5289 2346 5357 Quid
2375 5301 2488 5345 erat
2517 5292 2737 5350 Ninive?
2777 5297 3164 5358 Manducabant
3200 5316 3256 5362 et
3301 5307 3452 5363 bibe-

1871 5379 2029 5447 bant,
2061 5382 2332 5448 emebant,
2361 5385 2678 5453 vendebant,
2724 5390 3062 5460 plantabant,
3097 5397 3450 5468 ardillcabart,

1939 5585 1952 5617 ι
1974 5583 2090 5658 editi
2115 5585 2310 5658 addunt,
2335 5587 2390 5658 in
2407 5587 2623 5658 manibus
2645 5593 2845 5658 vestris;
2868 5597 2994 5658 quod
3015 5597 3155 5650 abest
3173 5613 3200 5650 a
3224 5609 3327 5654 uss.
3353 5621 3449 5656 ηιηι

1872 5645 1948 5730 hic
1972 5649 2286 5730 tantum,“sed
2301 5645 2491 5720 ubique
2517 5653 2622 5701 fere
2642 5645 3451 5730 inpudens-tigillum:

1873 5671 1948 5694 un;
1973 5671 2173 5705 tantum,
2200 5671 2286 5697 st‘u
2312 5671 2491 5713 umque
2517 5671 2622 5701 tere
2644 5671 2768 5716 upuu
2785 5671 2850 5703 Au
2891 5671 3116 5707 llSlllllllll.
3143 5671 3310 5712 "ﬁdam
3340 5676 3448 5714 ver-

1871 5709 2136 5786 bis-carent
2170 5716 2275 5786 uss.
2302 5714 2467 5786 gra-ci,
2493 5725 2692 5786 noenu
2735 5671 2938 5768 abiget
2967 5729 3124 5770 nostra
3177 5723 3376 5786 Vulgata
3399 5734 3448 5780 in

1871 5773 2080 5836 antiquis
2101 5773 2469 5824 Corbeicnsibus
2493 5776 2664 5826 bibliis.
3271 5773 3298 5786 ’³
3325 5825 3328 5830 .

2552 5865 3133 5948 ίΓίηφρηηιεοηηρ.)
