3996 6458
518 355 645 411 I6”

514 463 762 540 periuriis
789 463 1068 526 vacabant,
1096 457 1402 521 mendaciis,
1433 454 1776 510 ebrietatibus
1795 493 1808 516 ,
1843 447 2092 504 facinori-

517 563 634 623 bus,
665 553 1134 625 corruptionihus:
1165 550 1278 604 haec
1303 556 1417 603 erat
1443 546 1649 601 Ninive.
1683 543 1913 598 Attende
1939 539 2098 595 modo

515 649 704 706 Ninivc
734 665 747 701 :
779 648 1052 718 plangunt,
1083 641 1291 706 dolent,
1317 639 1718 700 contristantur,
1761 636 1814 690 in
1844 634 2018 689 cilicio
2047 640 2100 686 et

513 745 731 803 cinere.
784 738 836 792 in
879 734 1096 806 jejuniis
1133 740 1190 789 et
1225 729 1574 786 orationibus.
1626 727 1724 784 Ubi
1760 735 1842 782 est
1881 725 1965 779 illa
2009 722 2100 779 Ni-

517 830 678 886 nive?
704 828 908 898 Nempe
937 839 1123 880 eversa
1154 831 1255 887 est,
1287 821 1408 892 quia
1447 835 1553 874 nou
1582 819 1633 873 in
1675 817 1778 872 iliis
1807 815 2099 886 superiori-

514 923 612 980 bus
643 921 850 976 actibus
879 919 1162 973 constituta
1192 923 1295 970 est.

585 1011 810 1070 CAPUT
849 1010 1017 1066 XXII.
1047 1039 1120 1049 ——
1143 1007 1232 1062 91.
1281 1005 1686 1077 Reprehensione
1726 1002 1979 1074 digniores
2016 1000 2101 1070 qui

515 1125 649 1165 nunc
696 1109 895 1166 Christo
934 1109 1218 1177 aediﬁcante
1263 1104 1542 1159 Ecclesium
1580 1119 1680 1156 non
1722 1107 2099 1164 convertuntur,

517 1218 666 1272 quam
693 1203 778 1271 qui
808 1202 931 1255 olim
959 1199 1074 1253 Noe
1099 1198 1382 1266 wdiﬁcante
1405 1212 1595 1251 arcam.
1623 1195 1784 1264 Ergo,
1813 1191 2022 1253 fratres.
2051 1199 2105 1244 et

521 1293 682 1349 modo
711 1292 1003 1347 aedificatur
1025 1306 1166 1355 arca,
1191 1297 1244 1343 et
1269 1289 1340 1342 illi
1369 1285 1718 1344 centumanni
1742 1294 1978 1354 tempora
2006 1283 2102 1337 ista

520 1394 642 1439 sunt
671 1401 686 1440 :
718 1393 862 1438 totus
893 1384 994 1437 iste
1034 1391 1234 1437 tractus
1275 1381 1526 1450 temporis
1571 1379 1660 1433 illo
1703 1392 1961 1431 annorum
2009 1392 2105 1430 nu-

525 1490 676 1530 mero
702 1475 1028 1544 significatus
1055 1482 1156 1527 est.
1201 1471 1258 1526 Si
1295 1485 1422 1541 ergo
1458 1469 1615 1540 digne
1658 1469 1969 1540 perierunt,
2015 1467 2103 1536 qui

523 1566 637 1622 Noe
677 1565 976 1620 mdificanle
1013 1578 1195 1618 arcam
1245 1561 1744 1624 dissimulaverunt;
1794 1557 1919 1628 quid
1963 1557 2105 1626 digni

522 1668 668 1720 sunt,
697 1658 785 1727 qui
811 1656 1026 1710 Christo
1052 1653 1347 1709 aedificante
1378 1652 1672 1707 Ecclesiam
1699 1665 1729 1704 a
1756 1650 1925 1703 salute
1947 1647 2104 1701 dissi-

525 1747 764 1803 mulant?
804 1747 1035 1800 Tantum
1089 1746 1310 1799 interest
1359 1744 1495 1797 inter
1537 1741 1648 1796 Noe
1695 1750 1750 1796 et
1793 1740 2060 1795 Christum
2088 1780 2103 1803 ,

521 1851 782 1912 quantum
814 1841 950 1894 inter
972 1853 1183 1893 servum
1211 1846 1265 1893 et
1294 1838 1605 1899 Dominum;
1638 1835 1744 1889 imo
1772 1848 1918 1898 vero,
1941 1847 2108 1902 quan-

519 1943 632 1987 tum
677 1933 814 1986 inter
857 1931 1020 1986 Deum
1061 1939 1116 1986 et
1155 1929 1446 1985 hominem.
1492 1928 1623 1982 Nam
1686 1940 1872 1982 servus
1915 1934 1968 1980 et
2008 1923 2107 1979 do-

523 2023 700 2077 minus
730 2031 951 2092 possunt
989 2031 1044 2076 et
1080 2021 1186 2076 duo
1227 2022 1470 2076 homines
1495 2019 1617 2074 dici.
1657 2019 1722 2073 Et
1765 2027 1942 2073 tamen
1986 2017 2107 2087 quia

523 2116 744 2170 homine
795 2114 1090 2169 :cdilieionte
1142 2127 1319 2168 arcam
1370 2127 1477 2166 non
1536 2110 1872 2166 crediderunt
1935 2109 2106 2164 homi-

522 2222 644 2273 nes,
671 2205 851 2260 datum
893 2215 974 2260 est
1005 2204 1073 2259 de
1107 2204 1210 2258 illis
1255 2202 1548 2257 cavendum
1589 2201 1890 2270 exemplum
1933 2208 2109 2270 poste-

523 2300 615 2353 ris.
653 2296 898 2353 Christus
933 2297 1070 2352 Deus
1101 2303 1316 2366 propter
1344 2309 1441 2350 nos
1473 2294 1630 2348 homo
1658 2292 1888 2347 mdiflcat
1927 2292 2110 2347 Eccleo

523 2391 690 2455 siam;
726 2389 797 2442 illi
828 2403 967 2443 arcae
995 2387 1395 2442 fundamentum
1426 2401 1482 2440 se
1527 2386 1696 2454 ipsum
1728 2383 1902 2454 posuit
1932 2401 1945 2438 :
1981 2398 2112 2454 quo-

525 2482 654 2535 tidie
689 2481 826 2550 ligna
859 2478 1222 2547 imputribilia,
1259 2476 1440 2531 fideles
1472 2475 1716 2529 homines
1747 2473 2112 2528 renuntiantes

524 2572 649 2625 huic
686 2569 918 2634 smenlo,
974 2568 1176 2621 intrant
1210 2567 1259 2620 in
1297 2581 1436 2620 arcte
1473 2565 1870 2635 compaginem;
1919 2572 1976 2619 et
2019 2563 2113 2617 ad-

525 2660 632 2714 huc
690 2659 918 2723 dicitur,
986 2657 1353 2711 Manduccmus
1406 2666 1452 2710 et
1503 2655 1765 2719 bibamus;
1822 2671 1935 2710 cras
1982 2655 2114 2709 enim

528 2749 820 2804 morimur?
862 2747 972 2804 Vos
1011 2763 1158 2818 ergo,
1201 2759 1258 2802 ut
1305 2749 1413 2802 dixi
1439 2789 1454 2812 ,
1503 2747 1714 2813 fratres,
1765 2756 1948 2802 contra
1997 2748 2114 2803 illos

525 2840 725 2904 dicite,
764 2839 1076 2909 Jejunemus
1114 2848 1169 2893 et
1207 2853 1458 2903 oremus;
1501 2853 1620 2892 eras
1649 2838 1792 2893 enim
1827 2838 2110 2893 morimur.

531 2932 611 2986 Illi
640 2931 781 2987 enim
807 2930 987 2986 dicunt
1009 2973 1023 2998 ,
1057 2929 1426 2983 Manducemus
1464 2940 1508 2983 et
1549 2929 1810 2996 bibamus;
1838 2945 1952 2984 cras
1983 2931 2112 2982 enim

528 3024 792 3087 morimur,
818 3023 909 3093 qui
933 3022 1376 3076 resurrectionem
1405 3036 1509 3075 non
1532 3031 1749 3090 sperant
1777 3039 1791 3076 :
1817 3037 1916 3078 nos
1936 3030 2114 3075 autem

528 3115 616 3185 qui
648 3113 759 3184 jam
789 3113 1236 3168 resurrectionem
1262 3119 1319 3167 et
1343 3112 1679 3181 loquentibus
1714 3112 1995 3182 Prophetis
2017 3155 2030 3179 ,
2063 3122 2118 3167 et

532 3207 855 3276 prmdicante
887 3204 1103 3260 Christo
1141 3213 1194 3259 et
1233 3204 1502 3274 Apostolis
1531 3205 1800 3261 credimus
1826 3215 1880 3261 ct
1906 3221 2117 3260 annun-

532 3300 744 3362 tiamus,
762 3297 850 3366 qui
871 3311 1151 3366 speramus
1169 3311 1267 3351 nos
1287 3306 1407 3366 post
1429 3297 1584 3351 istam
1607 3305 1835 3353 mortem
1856 3298 2114 3364 victuros,

532 3404 639 3445 non
675 3389 1018 3454 deficiamus,
1047 3403 1148 3443 nec
1171 3387 1335 3443 corda
1367 3397 1550 3443 nostra
1587 3403 1875 3446 oneremus
1903 3392 2118 3460 crapula

533 3489 588 3535 et
625 3479 1001 3546 ebrietatibus;
1051 3479 1148 3535 sed
1191 3479 1402 3535 solliciti
1435 3489 1851 3556 exspectantes,
1896 3483 2117 3537 accincti

533 3573 732 3629 lumbis
761 3583 812 3628 et
840 3572 1075 3628 lucernis
1101 3571 1432 3638 ardentibus,
1468 3572 1756 3628 adventum
1787 3573 1989 3628 Domini
2019 3588 2117 3628 no-

533 3665 653 3734 stri,
677 3665 977 3735 jejnnemus
998 3673 1052 3719 et
1077 3678 1327 3728 oremus,
1356 3678 1460 3718 non
1490 3663 1611 3718 ideo
1635 3665 1755 3734 quia
1777 3679 1898 3720 cras
1923 3666 2118 3720 morie-

535 3773 678 3823 mur,
709 3757 803 3812 sed
829 3767 885 3809 ut
909 3757 1085 3811 securi
1120 3756 1432 3810 moriamur.
1456 3755 1607 3823 Quod
1636 3765 1803 3811 restat
1827 3773 1953 3826 ergo
1973 3800 1987 3824 ,
2017 3756 2121 3810 fra-

534 3858 669 3913 tres,
694 3847 746 3902 in
778 3847 990 3900 nomine
1022 3847 1229 3900 Domini
1256 3846 1359 3900 alio
1388 3856 1628 3916 tempore
1656 3863 1684 3900 a
1718 3847 1872 3901 nobis
1903 3849 2117 3918 exigite.

533 3938 791 3993 Conversi
823 3936 889 3990 ad
913 3935 1196 3990 Dominum
1219 3961 1244 4002 ,ι
1265 3945 1372 3990 etc.

961 4091 1189 4147 SIiIiMO
1228 4090 1494 4147 CCCLXII
1535 4095 1553 4115 ⁶
1595 4092 1692 4164 (α).

843 4227 918 4283 De
946 4228 1332 4282 Itesurrectione
1365 4237 1675 4281 mortuorum
1697 4269 1710 4292 ,
1752 4244 1807 4282 ll.

603 4362 830 4422 CAPUT
859 4360 1142 4418 PRIMUM.
1168 4391 1237 4401 —-
1261 4361 1314 4416 I.
1346 4359 1633 4414 Dicendum
1664 4359 1828 4433 qualis
1855 4362 2027 4431 futura
2055 4368 2122 4419 sit

534 4463 783 4526 iustorum
803 4454 1117 4510 resurrectio.
1147 4453 1202 4508 ln
1230 4453 1489 4507 memoria
1535 4454 1827 4508 retinentes
1855 4455 2119 4523 pollicita-

535 4553 732 4608 tionem
786 4554 1055 4613 nostram,
1103 4558 1365 4615 congruas
1407 4543 1566 4598 etiam
1613 4559 1679 4598 ex
1735 4544 2020 4614 Evangelio
2069 4557 2123 4602 et

534 4639 790 4714 Apostolo
815 4637 1040 4692 fecimus
1074 4635 1285 4690 recitari
1313 4633 1590 4690 lectiones.
1618 4635 1951 4707 Quicumque
1979 4640 2120 4694 enim

534 4744 766 4790 vestrum
808 4729 1079 4802 prieterito
1124 4727 1358 4782 sermoni
1403 4726 1728 4793 adfuerunt,
1773 4730 2123 4786 recordantur

534 4828 808 4884 nobiscum
832 4823 1158 4896 propositam
1185 4820 1253 4877 de
1277 4821 1669 4878 resurrectione
1696 4823 2043 4893 qutestionem
2070 4825 2125 4881 in

532 4921 799 4988 geminam
825 4916 1236 4987 disputationem
1263 4929 1294 4968 a
1325 4914 1479 4970 nobis
1508 4914 1843 4970 distributum
1869 4931 1885 4969 :
1917 4926 1975 4968 ut
2011 4918 2121 4986 pri-

534 5023 622 5066 mo
652 5008 1060 5071 dissereremus,
1084 5014 1304 5076 propter
1331 5020 1426 5061 eos
1445 5005 1536 5077 qui
1565 5005 1827 5076 dubitant,
1851 5008 1936 5063 vei
1961 5009 2121 5064 etiam

534 5101 623 5170 qui
652 5107 868 5170 negant,
902 5107 1078 5152 utrum
1105 5099 1283 5152 futura
1310 5097 1379 5150 sit
1408 5098 1732 5153 resurrectio
1759 5109 2120 5164 mortuorum;

535 5202 722 5266 postea
745 5205 893 5260 vero,
914 5197 1166 5259 quantum
1195 5202 1496 5260 possumus,
1517 5188 1807 5243 secundum
1823 5189 2124 5261 Scriptores

533 5295 936 5356 quaereremus,
967 5280 1140 5351 qualis
1168 5281 1220 5334 in
1261 5281 1652 5335 resurrectione
1698 5281 1870 5338 futura
1911 5284 1981 5338 sit
2017 5285 2124 5340 vita

531 5380 821 5446 iustorum.
853 5372 909 5428 In
943 5373 1110 5443 prima
1143 5387 1272 5442 ergo
1297 5381 1451 5441 parte
1487 5373 1576 5429 ubi
1613 5375 1954 5431 tractavimus
1982 5377 2123 5448 quod

537 5475 817 5536 resurgant
837 5464 1051 5528 mortui,
1084 5471 1189 5516 tam
1219 5462 1308 5516 diu
1337 5477 1520 5518 sumus
1550 5464 1835 5532 immorati,
1866 5468 2002 5521 sicut
2021 5483 2126 5524 me-

539 5560 756 5612 minisse
801 5554 1126 5626 dignamini,
1152 5563 1210 5607 ut
1236 5552 1484 5608 secundae
1527 5555 1807 5624 quazstioni
1836 5559 2125 5615 tractandae

601 5716 619 5732 ‘
655 5713 940 5762 Eruendatus
958 5711 1020 5762 ad
1041 5711 1090 5761 d.
1112 5725 1154 5759 r.
1180 5718 1214 5760 t.
1237 5724 1282 5759 ν.
1307 5718 1357 5761 et
1374 5711 1432 5760 ad
1455 5716 1563 5762 ως.

602 5776 676 5837 εκ)
711 5773 830 5823 tilias
867 5775 930 5824 de
951 5777 1158 5824 Diversis
1178 5773 1282 5823 lit.

1733 337 1790 390 s.
1833 293 2196 389 AUGL‘S'I‘INI
2239 327 2544 383 EPISCOPI

3677 323 3835 378 ιοιξ

2195 455 2418 514 tempus
2447 443 2719 509 deﬁceret,
2737 450 2896 512 atque
2930 443 2998 495 ita
3020 455 3137 495 eam
3165 441 3216 495 in
3245 439 3386 496 hunc
3415 439 3559 495 diem
3588 439 3832 494 diﬂ'erru

2206 550 2541 606 cogeremur.
2589 533 2700 588 lloc
2723 547 2851 602 ergo
2876 547 2903 585 a
2933 531 3086 586 nobis
3121 530 3359 586 debitum
3406 538 3591 586 vestra
3639 534 3833 600 poscit

2209 625 2452 691 intentio,
2478 632 2535 679 et
2563 637 2660 678 nos
2686 621 2944 678 reddendi
2969 629 3180 692 tempus
3207 621 3569 692 agnoscimus.

2279 716 2508 772 CAPUT
2559 714 2944 770 II.——Pariter
2980 729 3109 784 ergo
3153 713 3236 783 pia
3281 713 3462 768 cordis
3504 713 3829 768 intentione

2210 808 2490 864 Dominum
2518 807 2886 877 deprecemur,
2917 815 2978 859 ut
3009 813 3063 860 et
3087 819 3185 859 nos
3207 813 3505 873 opportune
3531 803 3828 858 solvamus

2212 905 2475 970 debitum,
2508 914 2562 958 et
2585 919 2679 958 ros
2705 903 2989 957 salubriter
3014 902 3299 971 recipiatis.
3329 902 3424 956 Est
3463 902 3609 955 enim
3651 900 3781 955 haec
3803 942 3823 964 ,

2210 997 2350 1068 quod
2379 997 2646 1052 fatendum
2671 1005 2772 1062 est,
2792 994 2960 1064 major
2979 994 3203 1064 quaestio
3227 1011 3240 1046 :
3264 992 3358 1048 sed
3383 993 3636 1049 omnibus
3659 1008 3826 1062 quae-

2211 1089 2473 1144 stionibus
2505 1086 2809 1142 difficilibus
2847 1086 3032 1140 fortior
3071 1094 3157 1140 est
3196 1084 3460 1147 Charitas,
3485 1085 3571 1139 cui
3611 1100 3822 1140 omnes

2209 1179 2409 1234 servire
2436 1177 2720 1244 debemus,
2766 1186 2824 1231 ut
2856 1177 2992 1231 Dens
3019 1177 3105 1244 qui
3139 1176 3241 1230 hoc
3285 1176 3580 1246 praecepit,
3613 1191 3820 1231 omnes

2211 1281 2420 1326 nostras
2454 1270 2798 1326 difficultates
2838 1269 2890 1324 in
2933 1267 3237 1324 facilitatem
3274 1269 3638 1339 gaudiumque
3676 1285 3815 1325 con-

2213 1373 2400 1420 vertat.

2281 1456 2335 1510 2.
2371 1454 2514 1510 Idem
2557 1464 2800 1509 tractatur
2841 1464 3207 1524 argumentum.
3257 1453 3571 1509 Meministis
3613 1471 3740 1510 esse
3781 1473 3814 1508 τι

2215 1548 2368 1604 nobis
2401 1548 2492 1602 illo
2519 1547 2603 1602 die
2629 1562 2944 1617 restionsum
2977 1546 3288 1616 quibusdam
3311 1547 3633 1612 dicentibus,
3665 1549 3811 1603 sicut

2215 1637 2500 1707 Apostolus
2528 1652 2624 1692 eos
2667 1637 2868 1704 arguit,
2913 1635 3278 1691 Mauducemus
3311 1645 3357 1691 et
3387 1637 3658 1701 bibamus;
3691 1654 3812 1690 cras

2213 1734 2344 1786 enim
2379 1732 2620 1786 morimur
2640 1746 2658 1783 :
2688 1729 3015 1799 subjongens
3038 1737 3093 1784 et
3120 1728 3324 1795 dicens,
3348 1728 3697 1799 Corrumpunt
3719 1731 3814 1784 bo-

2213 1843 2304 1880 nos
2328 1841 2488 1878 mores
2507 1823 2756 1894 colloquia
2779 1821 2954 1888 mala;
2979 1832 3138 1893 atque
3167 1823 3238 1877 ita
3261 1811 3606 1890 concludens,
3633 1823 3812 1880 Sobrii

2214 1926 2396 1982 estote,
2418 1916 2580 1988 justi,
2629 1925 2673 1970 et
2701 1915 2854 1968 nolite
2883 1931 3088 1983 peccare
3107 1929 3126 1968 :
3152 1913 3489 1984 ignorantiam
3529 1914 3668 1969 enim
3711 1914 3811 1968 Dei

2215 2010 2421 2080 quidam
2438 2009 2619 2063 habent
2635 2025 2654 2073 ;
2681 2009 2749 2062 ad
2775 2009 3100 2063 reverentiam
3126 2009 3262 2064 uobis
3285 2008 3466 2078 loquor
3490 2008 3533 2077 (ι
3555 2007 3680 2063 Cor.
3712 2025 3806 2070 xv,

2214 2101 2416 2174 52-54).
2450 2103 2572 2158 l-Itee
2603 2102 2762 2158 verba
2803 2103 3093 2172 apostolica
3132 2115 3320 2157 omnes
3357 2101 3729 2167 audierimus,
3759 2112 3811 2157 et

2213 2197 2359 2250 cordi
2399 2195 2866 2252 mandaverimus:
2899 2203 2954 2250 et
2989 2194 3230 2265 quisquis
3269 2193 3531 2258 audierit,
3575 2203 3632 2248 et
3658 2195 3811 2248 cordi

2217 2288 2566 2354 mandaverit,
2596 2303 2758 2358 opera
2783 2286 3039 2342 indicent.
3061 2285 3161 2352 Qui
3186 2283 3332 2339 audit
3351 2285 3517 2350 enim,
3545 2294 3810 2360 tanquam

2215 2397 2341 2450 ager
2365 2391 2445 2434 est
2467 2395 2646 2435 semen
2671 2379 2941 2449 excipiens
2963 2378 3310 2434 seminantis:
3339 2379 3428 2448 qui
3452 2387 3632 2432 autem
3660 2379 3813 2432 cordi

2219 2470 2430 2525 mandat
2456 2511 2470 2535 ,
2499 2469 2688 2526 similis
2713 2479 2794 2524 est
2826 2468 3036 2540 glebam
3062 2468 3320 2540 frangenti
3343 2508 3359 2534 ,
3389 2476 3444 2522 et
3471 2467 3614 2538 quod
3643 2469 3812 2522 semi-

2218 2571 2397 2616 natum
2439 2570 2522 2616 est
2562 2561 2822 2631 operienti
2850 2578 2862 2614 :
2895 2561 2985 2630 qui
3031 2569 3207 2614 autem
3251 2559 3542 2615 secundum
3584 2560 3640 2614 id
3668 2561 3812 2629 quod

2217 2655 2415 2711 audivit
2443 2663 2496 2710 et
2522 2655 2669 2710 cordi
2697 2653 2966 2708 mandavit
2989 2662 3262 2725 operatur,
3287 2653 3401 2724 ipse
3420 2654 3614 2723 estqui
3643 2654 3815 2722 surgit

2219 2748 2271 2802 in
2303 2763 2565 2814 messem,
2609 2756 2662 2802 et
2692 2746 2918 2801 fructum
2948 2747 3100 2800 allcrt
3145 2761 3266 2800 cum
3303 2745 3583 2802 tolerantia
3606 2786 3623 2808 ,
3666 2745 3815 2800 aliud

2221 2841 2508 2906 lricenum,
2541 2837 2683 2894 aliud
2723 2853 3043 2908 sexagenum
3062 2879 3076 2902 ,
3105 2837 3247 2892 aliud
3275 2846 3564 2893 centenum
3593 2835 3814 2912 (Matth.

2221 2948 2340 2998 sui,
2364 2931 2456 2998 ‘25,
2487 2941 2532 2986 et
2561 2929 2691 2985 Luc.
2719 2947 2836 2996 vni,
2866 2929 2974 3001 l5).
3003 2931 3136 2985 lluic
3165 2946 3267 2984 non
3296 2931 3433 3002 ignis
3453 2931 3598 2986 velut
3617 2931 3817 3001 paleae,

2219 3025 2313 3082 sed
2355 3025 2542 3080 horrea
2573 3027 2713 3079 sicut
2740 3023 3005 3079 frumento
3031 3034 3412 3094 pra‘parantur.

2291 3117 2516 3175 CAPUT
2549 3116 2637 3174 III.
2662 3147 2733 3158 —
2761 3115 2818 3171 In
2846 3117 2974 3186 ipsis
3003 3131 3130 3185 ergo
3157 3116 3348 3170 abditis
3370 3115 3600 3180 horreis,
3637 3117 3690 3171 in
3720 3132 3814 3173 re-

2221 3209 2553 3267 Surrectione
2595 3217 2925 3264 mortuorum
2968 3207 3240 3262 beatitudo
3285 3216 3366 3260 est
3410 3207 3497 3260 illa
3546 3217 3816 3277 perpetua

2222 3303 2382 3359 etiam
2433 3303 2546 3374 ipsa
2589 3308 2795 3356 secreta
2837 3301 3137 3370 justoruin,
3186 3313 3292 3370 quo
3333 3314 3425 3354 eos
3474 3299 3817 3369 recipiendos

2222 3393 2494 3464 Scriptura
2518 3391 2877 3448 commendat.

2293 3489 2346 3544 5.
2388 3485 2724 3542 Vasculorum
2753 3485 2954 3540 nomine
2981 3485 3236 3539 beatorum
3263 3493 3466 3538 secreta:
3488 3483 3630 3538 sedes
3652 3485 3822 3556 signi-

2225 3581 2412 3651 ﬁcata.
2438 3578 2802 3633 Abscondituut
2841 3577 3008 3632 uultus
3050 3574 3167 3630 Dei.
3215 3575 3476 3630 Vesorum
3523 3575 3685 3630 etiam
3717 3591 3819 3630 no—

2225 3673 2369 3729 mine
2411 3671 2516 3726 alio
2559 3671 2678 3727 loco
2728 3667 3193 3734 commemoravit,
3249 3665 3461 3736 quando
3513 3667 3589 3720 ait
3633 3666 3818 3721 Domi-

2225 3778 2326 3819 nus
2368 3762 2525 3818 Jesus
2569 3761 2838 3827 Christus,
2896 3759 3070 3815 simile
3110 3772 3229 3814 esse
3275 3772 3498 3827 regnum
3549 3757 3815 3812 caelorum

2225 3869 2466 3926 sugente,
2514 3851 2566 3908 id
2613 3860 2728 3918 est,
2777 3850 3012 3914 retibus;
3062 3850 3194 3904 retia
3242 3849 3383 3903 enim
3431 3847 3676 3918 quaedam
3721 3863 3817 3904 sa-

2225 3963 2358 4018 gena
2404 3943 2756 4018 appellantur.
2809 3943 2990 3998 Simile
3023 3956 3150 4012 ergo
3189 3949 3292 4008 est,
3347 3940 3551 4010 inquit,
3600 3957 3820 4011 regnum

2226 4039 2466 4094 calorum
2520 4051 2722 4106 sugente
2772 4035 2940 4088 missa:
2991 4034 3044 4087 in
3098 4048 3264 4096 mare,
3325 4041 3373 4085 et
3423 4047 3486 4086 ea:
3537 4031 3675 4085 cauti
3726 4048 3818 4103 ge—

2226 4145 2344 4183 nere
2369 4126 2694 4198 congreganti
2717 4140 2734 4178 :
2762 4141 2873 4195 qua:
2895 4140 3010 4177 cum
3036 4123 3242 4192 impleta
3265 4131 3414 4188 esset,
3443 4122 3710 4176 educentes
3727 4165 3742 4189 ,
3772 4133 3825 4176 et

2227 4237 2367 4276 secus
2395 4220 2534 4274 littus
2561 4217 2806 4284 sedentes,
2838 4216 3090 4287 elegerunt
3114 4215 3269 4270 bonos
3295 4216 3348 4268 in
3376 4231 3515 4280 uasa,
3544 4216 3708 4270 malas
3735 4232 3823 4267 au-

2228 4323 2324 4368 tem
2349 4317 2488 4384 foras
2519 4310 2758 4364 miserunt
2788 4305 3011 4378 (Matth.
3040 4323 3131 4361 xm
3150 4347 3165 4374 ,
3197 4306 3262 4360 (Π
3285 4316 3329 4359 et
3361 4306 3473 4375 48).
3501 4305 3824 4374 Significare

2228 4406 2392 4459 voluit
2422 4403 2677 4459 Dominus
2709 4410 2889 4454 uoster
2912 4399 3072 4454 modo
3102 4400 3178 4453 sic
3205 4399 3338 4452 mitti
3367 4398 3586 4453 verbum
3613 4398 3708 4454 Dei
3739 4414 3827 4452 su-

2231 4513 2323 4566 per
2353 4494 2576 4565 populos
2597 4501 2650 4546 et
2669 4507 2827 4562 super
2852 4501 3059 4562 gentes,
3085 4489 3350 4559 quomodo
3370 4503 3563 4559 sagena
3593 4489 3645 4542 in
3671 4504 3826 4543 mare

2223 4589 2437 4659 jacitur.
2477 4584 2685 4654 Colligit
2719 4591 2896 4636 autem
2927 4579 3087 4635 modo
3117 4579 3463 4635 sacramentis
3504 4579 3823 4634 Christianis

2227 4690 2282 4734 et
2311 4683 2480 4736 bonos
2506 4686 2560 4734 et
2586 4677 2752 4732 malos
2776 4694 2789 4729 :
2823 4674 2916 4730 sed
2937 4691 3040 4729 non
3065 4689 3251 4729 omnes
3275 4689 3406 4743 quos
3428 4688 3622 4744 sagena
3655 4674 3819 4737 tollit,

2229 4775 2388 4829 etiam
2431 4773 2661 4827 vasculis
2689 4769 3072 4826 reconduntur.
3102 4767 3326 4823 Vasculva
3367 4767 3509 4822 enim
3539 4777 3665 4822 sunt
3693 4783 3826 4822 san-

2229 4874 2433 4919 ctorum
2462 4863 2643 4926 sedes,
2673 4871 2725 4917 et
2753 4861 2920 4915 beatae
2951 4859 3071 4914 vita:
3094 4873 3280 4927 magna
3305 4866 3505 4912 secreta
3528 4900 3541 4922 ,
3573 4873 3679 4941 quo
3710 4875 3822 4914 non

2231 4963 2478 5027 poterunt
2507 4968 2696 5008 omnes
2740 4951 3020 5022 pervenire
3049 4949 3367 5019 quicumque
3407 4947 3682 5003 christiani
3725 4964 3821 5020 ap-

2231 5047 2512 5117 pellantur,
2541 5042 2634 5097 sed
2657 5042 2744 5113 qui
2771 5043 2848 5096 sic
2874 5040 3228 5111 appellantur,
3251 5049 3305 5093 ut
3327 5039 3452 5093 sint.
3477 5038 3615 5094 Sane
3636 5049 3824 5093 autem

2227 5138 2351 5193 boni
2379 5146 2430 5190 et
2459 5135 2582 5190 mali
2612 5136 2782 5206 pisces
2805 5135 2942 5189 intra
2982 5147 3232 5204 sagenam
3267 5141 3467 5196 natant,
3499 5141 3554 5186 et
3578 5132 3705 5186 boni
3736 5144 3824 5187 tu-

2230 5229 2403 5283 Ierant
2442 5227 2643 5293 malos,
2692 5223 2863 5280 donec
2891 5223 2942 5277 in
2988 5222 3090 5276 fine
3117 5231 3449 5291 separentur.
3495 5221 3704 5276 Dictum
3738 5236 3824 5277 est

2231 5320 2388 5375 etiam
2415 5317 2642 5388 quodam
2671 5315 2813 5380 loco,
2839 5313 3124 5368 Abscondes
3153 5330 3234 5366 eos
3256 5312 3307 5365 in
3335 5311 3628 5365 abscondito
3652 5311 3822 5366 rullus

2233 5412 2305 5466 tui
2349 5409 2532 5482 (Psal.
2583 5423 2723 5473 xxx,
2753 5403 2902 5476 ﬁl):
2935 5403 3250 5475 loquebatur
3287 5403 3430 5458 enim
3480 5402 3548 5460 de
3595 5406 3818 5458 sanetis.

2232 5498 2519 5558 Abscondes
2547 5515 2651 5561 eos,
2686 5497 2874 5567 inquit,
2903 5497 2955 5549 in
2984 5495 3271 5550 abscondito
3300 5495 3466 5549 uultus
3493 5495 3568 5548 tui
3589 5510 3608 5550 :
3635 5494 3688 5549 id
3715 5506 3822 5559 est,

2230 5609 2339 5664 quo
2365 5604 2471 5647 nOu
2504 5597 2726 5661 possunt
2754 5587 2904 5658 sequi
2927 5587 3064 5642 oculi
3096 5587 3392 5650 hominum,
3423 5602 3595 5656 neque
3619 5588 3827 5657 cogita»

2235 5685 2408 5738 tiones
2444 5679 2774 5745 mortalium;
2805 5688 3008 5733 secreta
3048 5678 3287 5749 quredam
3327 5677 3631 5748 significans
3661 5677 3826 5733 nimis

2235 5771 2546 5831 abscondita
2612 5769 2770 5827 nimis
2813 5769 3016 5825 occulta
3039 5810 3056 5840 ,
3085 5769 3136 5824 in
3177 5769 3485 5827 abscondito
3515 5770 3696 5824 vultus
3726 5770 3828 5827 Dei
