3996 6474
268 370 404 425 fill?)

263 481 416 537 dixit.
469 481 733 554 Numquid
785 482 1063 538 carnaliter
1120 478 1461 555 cogitandum
1513 493 1596 539 est
1651 483 1848 539 habere

267 575 434 628 Deum
457 573 740 644 quamdam
766 573 951 630 faciem
972 574 1250 645 grandem,
1279 584 1334 630 et
1358 575 1410 629 in
1433 574 1565 630 facie
1591 575 1706 645 ejus
1730 589 1851 630 esse

263 666 476 737 aliquod
521 668 914 738 receptaculum
952 667 1262 738 corporale,
1290 667 1379 722 ubi
1419 667 1591 723 sancti
1621 667 1848 722 abscon-

263 757 423 812 dendi
446 758 604 813 sunt?
633 758 758 814 ΙΙωο
789 759 1000 824 videtis,
1026 759 1232 826 fratres,
1261 759 1705 830 quemadmodum
1731 773 1848 814 car-

264 849 402 903 nalia
431 849 558 916 sint,
591 858 645 906 et
666 850 734 905 ab
772 851 1008 916 omnium
1042 850 1276 906 fidelium
1321 851 1482 906 corde
1521 849 1842 920 respuenda.

255 938 644 998 ‘Absconditttm
675 959 804 1015 ergo
845 943 1021 998 vultus
1066 944 1157 998 Dei
1184 943 1308 1014 quid
1337 951 1549 1012 oportet
1587 943 1840 1013 intelligi,

261 1037 362 1091 nisi
393 1036 534 1108 quod
560 1037 928 1093 tantummodo
955 1037 1117 1092 vultui
1148 1037 1239 1092 Dei
1269 1037 1539 1107 cognitum
1561 1037 1683 1093 est?
1707 1036 1842 1091 Cum

261 1143 388 1198 ergo
417 1129 665 1184 dicuntur
690 1131 876 1184 horrea
898 1171 912 1194 ,
942 1138 997 1183 ut
1021 1128 1382 1199 significentur
1401 1137 1626 1194 secreta,
1656 1138 1709 1184 et
1737 1130 1843 1184 alio

261 1217 379 1273 loco
407 1218 655 1273 dicuntur
681 1221 922 1284 vaseula;
953 1235 1127 1289 neque
1164 1218 1353 1274 horrea
1393 1228 1660 1289 suntquae
1689 1219 1841 1273 novi-

265 1324 403 1375 mus,
436 1325 607 1379 neque
635 1312 870 1366 vaseula.
898 1310 1030 1366 Nam
1055 1312 1097 1365 si
1129 1311 1326 1382 aliquid
1354 1328 1515 1365 unum
1547 1312 1648 1366 tale
1677 1320 1835 1378 esset,

261 1401 487 1455 alterum
517 1401 714 1472 aliquid
746 1417 850 1458 non
877 1401 1161 1456 diceretur.
1194 1401 1298 1456 Sed
1327 1403 1446 1472 quia
1471 1417 1562 1471 per
1589 1401 1838 1456 similitu-

259 1493 412 1548 dines
441 1495 740 1550 hominibus
767 1505 918 1548 notas
937 1537 952 1562 ,
986 1503 1043 1550 ut
1066 1505 1306 1565 possunt,
1336 1496 1670 1549 insinuantur
1695 1496 1840 1549 inco-

257 1587 403 1654 gnita
423 1629 436 1650 ,
477 1587 542 1640 ad
583 1586 683 1641 hoc
713 1597 994 1658 utrumque
1023 1589 1351 1642 nominatum
1383 1588 1637 1658 accipite,
1669 1598 1727 1642 ut
1753 1603 1840 1644 se-

257 1688 466 1733 cretum
492 1679 800 1750 intelligatis
820 1722 834 1744 ,
861 1689 916 1736 et
944 1680 1120 1735 horrei
1149 1681 1366 1735 nomine
1389 1690 1443 1734 et
1477 1681 1834 1736 vasculorum.

256 1766 362 1822 Sed
418 1769 462 1822 si
513 1769 750 1838 quaeritis
795 1770 953 1840 quale
1009 1779 1306 1833 secretum,
1359 1770 1541 1825 audite
1595 1771 1836 1840 Prophe-

260 1869 369 1914 tam
420 1860 720 1929 dicentem,
771 1862 1077 1917 ‘Abscondes
1128 1879 1211 1917 eos
1264 1863 1318 1917 in
1375 1861 1666 1917 abscondito
1720 1863 1834 1918 vul-

253 1961 335 2004 tus
362 1952 454 2006 tui.

325 2043 551 2102 CAPUT
588 2045 677 2100 IV.
700 2047 842 2101 -4.
876 2045 956 2100 Ad
984 2047 1201 2117 patriam
1221 2046 1324 2116 [ide
1341 2048 1674 2118 suspiramus.
1706 2046 1836 2116 Quae

249 2150 376 2190 cum
408 2135 478 2190 ita
505 2137 628 2202 sint,
655 2136 862 2203 fratres,
888 2139 939 2191 in
967 2138 1066 2192 hac
1085 2137 1260 2193 adhuc
1279 2139 1381 2192 vita
1408 2139 1832 2209 percgrinamur,

249 2227 429 2282 adhuc
450 2228 502 2282 in
530 2228 670 2282 illam
703 2230 882 2283 nescio
913 2245 1069 2299 quam
1103 2231 1326 2299 patriam
1354 2229 1456 2285 fide
1476 2230 1829 2300 snspiramus.

252 2321 323 2374 Et
348 2336 512 2388 quare
560 2321 740 2377 nescio
769 2337 925 2391 quam
945 2362 963 2387 ,
991 2322 1130 2376 unde
1155 2323 1299 2378 cives
1329 2336 1513 2377 sumus
1536 2364 1551 2389 ,
1581 2323 1682 2376 nisi
1710 2325 1831 2393 quia

247 2409 305 2464 in
340 2410 621 2481 longinqua
651 2411 1035 2482 peregrinando
1061 2412 1211 2466 obliti
1241 2427 1358 2466 eam
1387 2426 1570 2466 sumus
1589 2452 1605 2478 ,
1649 2422 1707 2467 ut
1738 2428 1832 2482 pa-

248 2503 406 2558 triam
452 2514 687 2558 nostram
719 2505 985 2573 possimus
1028 2505 1207 2561 dicere
1237 2505 1418 2560 nescio
1457 2506 1656 2576 quam?
1684 2506 1832 2563 lianc

247 2595 573 2650 oblivionem
611 2597 835 2668 expellit
863 2597 930 2652 de
955 2597 1115 2652 corde
1142 2597 1401 2652 Dominus
1426 2596 1668 2678 Christus
1687 2639 1702 2663 ,
1738 2614 1830 2652 rex

244 2685 416 2754 ipsius
444 2687 625 2756 patria:
645 2728 660 2754 ,
691 2687 911 2742 veniens
943 2688 1008 2742 ad
1037 2689 1379 2759 peregrinos;
1412 2699 1465 2743 et
1491 2690 1830 2759 susceptione

241 2777 424 2831 carnis
449 2777 695 2832 divinitas
723 2779 840 2848 ejus
879 2780 936 2833 lit
975 2781 1126 2834 nobis
1153 2782 1270 2845 via,
1319 2788 1379 2834 ut
1419 2795 1518 2850 per
1555 2780 1829 2836 hominem

229 2864 512 2922 Christum
561 2883 871 2939 pergamus,
923 2878 976 2925 et
1017 2871 1068 2924 in
1102 2870 1213 2926 Deo
1250 2869 1463 2926 Christo
1492 2887 1824 2927 maneamus.

236 2955 380 3022 Quid
408 2973 556 3028 ergo,
585 2960 810 3015 fratres?
850 2971 1113 3016 secretum
1145 2962 1310 3029 illud,
1343 2962 1485 3033 quod
1513 2979 1613 3018 nec
1639 2964 1825 3019 oculus

238 3050 397 3114 vidit,
431 3065 528 3106 nec
551 3053 696 3107 auris
737 3053 958 3121 audivit,
990 3069 1089 3109 nec
1113 3055 1166 3108 in
1211 3069 1304 3108 cor
1330 3054 1561 3110 hominis
1586 3055 1828 3111 ascendit

239 3141 289 3214 (l
317 3143 434 3199 Cor.
466 3160 536 3208 ιι,
569 3143 646 3215 9),
679 3161 784 3215 quo
823 3145 1035 3214 eloquio
1073 3146 1225 3200 vobis
1252 3147 1562 3216 explieaturi
1606 3163 1820 3216 sumus,

234 3245 334 3289 aut
353 3252 460 3306 quo
485 3237 641 3290 oculo
662 3251 760 3290 nos
781 3237 980 3291 visuri?
1006 3237 1298 3292 Possumus
1321 3239 1517 3309 aliquid
1542 3239 1824 3309 aliquando

236 3343 401 3382 nosse
422 3371 435 3392 ,
477 3329 617 3398 quod
647 3329 822 3400 eloqui
862 3339 1036 3385 tamen
1064 3345 1168 3384 non
1199 3345 1520 3400 possumus:
1559 3331 1700 3402 quod
1730 3348 1825 3387 au-

235 3431 348 3474 tem
382 3437 489 3475 non
532 3423 776 3477 novimus
802 3465 816 3488 ,
863 3422 1148 3493 aliquando
1189 3423 1369 3494 eloqui
1413 3439 1518 3480 non
1559 3425 1818 3482 valemus.

230 3510 374 3565 Cum
404 3527 533 3582 ergo
578 3511 692 3567 fieri
723 3513 891 3582 possit
933 3522 993 3568 ut
1019 3514 1062 3568 si
1093 3529 1193 3585 ego
1220 3515 1306 3568 illa
1353 3529 1600 3583 nossem,
1646 3517 1820 3587 eloqui

231 3618 302 3658 ea
350 3604 500 3660 vobis
540 3620 645 3660 non
693 3620 941 3676 possem;
991 3615 1192 3677 quanto
1239 3607 1508 3663 difficilius
1549 3608 1817 3678 eloquium

231 3709 413 3749 meum
444 3697 576 3758 erit,
619 3697 832 3768 quando
859 3707 914 3753 et
961 3714 1079 3770 ego,
1130 3697 1361 3765 fratres,
1405 3699 1682 3755 vobiscum
1726 3717 1820 3770 per

229 3784 394 3842 fidem
421 3788 635 3844 ambulo
655 3831 667 3851 ,
697 3790 930 3844 nondum
962 3807 1055 3860 per
1097 3790 1376 3861 speciem?
1406 3793 1511 3848 Sed
1544 3792 1645 3848 hoc
1683 3808 1816 3864 ego,

226 3894 303 3932 an
332 3887 386 3933 et
428 3879 540 3950 ipse
580 3881 908 3950 Apostolus?
937 3881 1068 3936 Nam
1113 3883 1422 3938 consolatur
1465 3885 1814 3953 ignorantiam

228 3981 470 4026 nostram
489 4014 505 4039 ,
535 3983 589 4028 et
614 3975 842 4029 mdificat
872 3974 1028 4030 fidem
1049 4017 1062 4040 ,
1088 3975 1272 4031 dicens
1301 3994 1315 4030 :
1347 3975 1588 4044 Fratres,
1621 3994 1710 4048 ego
1740 3994 1818 4032 me

225 4079 336 4118 non
365 4065 580 4118 arbitror
622 4067 1031 4136 apprelteudisse.
1068 4067 1236 4122 Unum
1282 4078 1483 4133 autem,
1530 4085 1642 4138 qua:
1684 4080 1816 4123 retro

225 4155 436 4220 oblitus,
469 4155 522 4208 in
550 4173 609 4210 ea
632 4172 744 4226 qua:
779 4167 896 4213 ante
919 4167 1036 4212 sunt
1063 4168 1320 4228 extentus,
1347 4161 1620 4215 secundum
1646 4162 1812 4216 inten-

225 4246 417 4300 tionem
442 4263 620 4317 sequor
647 4251 714 4300 ad
738 4249 962 4319 palmam
1000 4267 1233 4320 superate
1257 4253 1524 4307 vocationis
1551 4252 1810 4324 (Philipp.

229 4353 316 4402 ur,
345 4337 412 4394 15
429 4349 474 4391 et
499 4339 585 4408 14)
613 4357 626 4393 :
652 4338 788 4394 unde
807 4356 864 4396 se
894 4341 1228 4398 demonstrat
1255 4344 1304 4398 in
1335 4346 1418 4399 via
1445 4361 1583 4401 esse.
1618 4347 1682 4400 Et
1710 4348 1812 4402 alio

226 4429 391 4483 loco:
429 4429 682 4494 Quamdiu
708 4449 911 4498 sumus,
945 4433 1148 4505 inquit,
1179 4435 1232 4489 in
1263 4453 1492 4507 corpore,
1525 4438 1807 4508 peregrina-

223 4536 344 4572 mur
380 4537 410 4572 a
438 4519 698 4578 Domino:
731 4542 820 4594 per
858 4525 1008 4593 ﬁdem
1037 4527 1168 4580 enim
1195 4527 1546 4596 ambulamus,
1579 4549 1678 4585 non
1722 4550 1812 4602 per

219 4612 442 4680 speciem
474 4613 539 4686 (Il
571 4613 686 4669 Cor.
718 4631 773 4680 ν,
803 4615 835 4670 6
857 4626 904 4670 et
928 4616 1005 4687 7).
1039 4619 1102 4673 Et
1146 4619 1336 4674 iterum
1362 4639 1376 4675 :
1411 4620 1516 4692 Spe
1540 4624 1692 4688 enim,
1722 4624 1807 4678 in-

219 4705 370 4777 quit,
412 4707 538 4761 εαιεὶ
575 4709 698 4778 facti
725 4725 918 4764 sumus.
954 4709 1084 4780 Spes
1109 4722 1276 4765 autem
1301 4729 1413 4782 qua
1447 4714 1657 4781 videtur,
1707 4733 1807 4771 non

218 4806 298 4851 est
326 4813 436 4867 spes
461 4814 479 4851 :
503 4799 636 4868 quod
664 4800 796 4852 enim
836 4800 967 4853 videt
991 4803 1100 4872 quis
1125 4845 1139 4868 ,
1175 4805 1296 4873 quid
1317 4807 1530 4875 sperat?
1555 4807 1616 4861 Si
1641 4819 1804 4862 autem

217 4887 360 4955 quod
380 4904 478 4940 non
497 4889 718 4943 videmus
737 4907 1017 4959 speramus,
1047 4909 1136 4962 per
1153 4895 1444 4963 patientiam
1465 4909 1806 4969 exspectamus

216 4977 398 5049 (Rom.
423 4994 534 5043 vm,
563 4979 631 5034 24
659 4991 705 5034 et
732 4981 847 5050 25).

291 5067 519 5124 CAPUT
564 5069 625 5124 ν.
652 5101 722 5111 -
750 5072 803 5126 5.
841 5071 1065 5128 Ecclesia
1093 5075 1235 5130 docet
1268 5079 1402 5145 quod
1429 5081 1666 5146 credidit,
1701 5100 1802 5137 non

213 5160 356 5230 quod
411 5161 564 5214 novit.
598 5161 686 5218 Sic
716 5179 877 5234 ergo,
925 5163 1153 5232 fratres,
1204 5168 1383 5223 audite
1423 5185 1454 5224 a
1496 5187 1582 5226 me
1614 5187 1800 5229 vocem

212 5268 338 5324 quae
363 5265 443 5308 est
466 5254 515 5308 in
546 5255 789 5324 Psalmis,
821 5258 982 5328 piam,
1013 5259 1288 5325 humilem,
1315 5275 1666 5331 mansuetam,
1693 5282 1798 5322 non

210 5345 430 5412 elatam,
467 5361 569 5400 non
596 5349 972 5415 turbulentam,
1004 5366 1106 5405 non
1135 5353 1481 5422 prmcipitem,
1513 5372 1615 5408 non
1643 5365 1800 5413 teme-

209 5436 430 5491 rariam.
462 5437 552 5491 Ait
573 5439 714 5492 enim
744 5439 973 5510 quodam
1017 5441 1068 5496 in
1097 5442 1217 5498 loco
1247 5443 1488 5499 Psalmus
1513 5463 1526 5498 :
1571 5447 1794 5515 Credidi,

209 5541 421 5600 propter
447 5529 582 5601 quod
601 5531 797 5587 loeutus
822 5549 953 5586 sunt.
985 5533 1052 5588 Et
1081 5533 1395 5606 interposuit
1423 5536 1524 5592 hoc
1550 5539 1793 5595 testimo-

207 5623 356 5680 nium
387 5623 675 5692 Apostolus
698 5663 714 5690 ,
762 5633 922 5694 atque
965 5625 1227 5695 subjecit:
1263 5626 1330 5682 Et
1371 5645 1462 5684 nos
1505 5631 1753 5688 credimus
1776 5677 1790 5698 ,

207 5714 563 5786 propterquod
580 5723 626 5769 et
643 5713 923 5787 loquimur(
935 5715 1076 5771 Psal.
1096 5733 1220 5786 ειν,
1239 5720 1325 5784 ιο,
1341 5731 1385 5776 et
1399 5721 1439 5776 11
1455 5721 1568 5777 Cor.
1587 5739 1657 5786 iv,
1677 5726 1791 5796 15).

210 5805 384 5862 Vultis
405 5821 533 5877 ergo
561 5822 622 5862 oa
647 5822 730 5862 me
752 5806 928 5863 dicere
949 5823 1067 5879 quis
1093 5811 1247 5866 novi?
1273 5812 1386 5868 Non
1411 5830 1506 5871 vos
1530 5815 1672 5885 fallo,
1701 5835 1791 5874 au-

1641 372 1872 429 εειίιιο
1907 372 2196 435 CCCLX“.

3411 408 3542 466 1614

1961 486 2070 582 dite
2091 491 2232 560 quod
2258 494 2480 550 credidi.
2508 495 2624 553 Non
2650 498 2800 556 vobis
2830 502 3066 574 vilescat,
3097 509 3219 580 quia
3248 515 3390 582 quod
3414 531 3536 573 ere-

1957 577 2065 634 didi
2091 581 2542 644 antlitiszauditis
2583 592 2726 647 enim
2757 608 2998 652 veracem
3037 577 3448 663 confessionem.
3483 609 3537 666 Si

1954 677 2132 725 autem
2157 671 2389 729 dicerem
2411 715 2426 738 ,
2461 678 2652 736 Audite
2676 683 2818 751 quod
2845 687 2996 753 novi;
3025 689 3281 749 audiretis
3309 706 3539 754 temera-

1955 760 2088 815 riam
2117 768 2608 836 przesumptionem.
2639 771 2692 826 Si
2723 789 2868 844 ergo,
2901 776 3090 835 fratres
3109 823 3124 846 ,
3174 800 3366 841 omnes
3406 803 3536 850 nos.

1955 861 2030 918 et,
2064 862 2120 907 ut
2145 856 2411 912 credimus
2437 871 2740 918 sanctorum
2769 866 2990 934 litteris,
3038 887 3229 928 oumes
3251 877 3408 931 etiam
3441 883 3532 949 qui

1949 951 2072 997 ante
2100 960 2197 1000 nos
2219 947 2270 1001 in
2300 963 2462 1004 carne
2491 953 2754 1022 vixerunt,
2783 968 2834 1012 et
2863 975 2961 1029 per
2984 977 3120 1032 quos
3149 965 3369 1037 loquens
3408 947 3532 1040 spi-

1950 1035 2082 1090 ritus
2109 1038 2203 1093 Dei
2245 1041 2515 1099 distribuit
2556 1047 2861 1106 hominibus
2891 1063 3090 1110 tantum
3119 1035 3374 1128 quantum
3403 1035 3536 1120 satis

1948 1137 2092 1182 esset
2120 1131 2406 1199 significari
2435 1140 2926 1209 peregrinantibus,
2967 1162 3155 1203 omnes
3194 1153 3333 1220 quod
3360 1156 3535 1209 emti-

1947 1233 2065 1272 mus
2093 1220 2396 1290 loquimur:
2434 1229 2688 1284 Dominus
2729 1245 2905 1288 autem
2949 1236 3094 1304 ipse,
3140 1255 3257 1310 qum
3289 1258 3528 1305 noverat.

1943 1309 2081 1378 Quid
2115 1313 2290 1382 igitur,
2321 1318 2364 1371 si
2395 1319 2540 1375 solus
2571 1323 2824 1380 Dominus
2848 1326 2916 1383 de
2945 1330 3048 1384 vita
3077 1331 3127 1385 in
3155 1309 3410 1390 a-ternum
3440 1339 3523 1392 fu-

1945 1410 2062 1457 tura
2090 1420 2249 1462 nosse
2279 1419 2485 1478 poterat
2525 1415 2663 1483 quod
2690 1417 2935 1486 dicebat;
2967 1421 3052 1475 alii
3086 1439 3214 1478 vero
3239 1442 3526 1496 sequentes

1943 1493 2248 1566 Dominum,
2279 1501 2401 1557 ideo
2442 1505 2563 1574 quia
2594 1509 2969 1568 crediderunt?
3020 1493 3327 1574 invenimus
3353 1522 3525 1592 ipsum

1945 1586 2224 1644 Dominum
2270 1603 2510 1649 nostrum
2551 1597 2733 1654 Jcsum
2761 1601 3061 1671 Christum,
3108 1586 3527 1682 seienteni'quid

1943 1677 2266 1749 loqueretur,
2303 1700 2406 1739 non
2435 1687 2700 1744 dicentem
2750 1703 2947 1748 tamen.
2992 1698 3077 1751 Ait
3117 1700 3258 1754 enim
3289 1677 3521 1772 quodam

1943 1770 1995 1825 in
2024 1772 2141 1828 loco
2167 1777 2442 1847 discipulis
2472 1783 2620 1835 suis:
2653 1783 2833 1839 Ait/ii:
2877 1790 3038 1843 multa
3082 1791 3239 1846 Itabeo
3285 1770 3420 1850 vobis
3446 1798 3528 1851 di-

1940 1878 2086 1929 cere;
2109 1867 2198 1920 sed
2219 1884 2318 1921 non
2340 1872 2545 1938 potestis
2563 1874 2654 1927 illa
2670 1887 2872 1944 portare
2896 1880 3044 1933 modo
3065 1881 3244 1948 (Joan.
3271 1901 3379 1950 xw,
3410 1887 3521 1956 12).

1941 1954 2032 2010 llle
2047 1967 2265 2028 propter
2280 1961 2488 2016 illorum
2509 1964 2886 2033 infirmitatem,
2905 1985 3009 2025 non
3029 1984 3246 2043 propter
3261 1990 3410 2031 suam
3429 1954 3524 2032 dif-

1941 2045 2246 2116 fienltatem,
2275 2054 2416 2122 quod
2439 2066 2660 2112 noverat
2682 2059 2860 2115 dicere
2889 2063 3187 2119 dill'erebat.
3213 2066 3322 2124 Nos
3342 2079 3518 2125 autem

1940 2149 2156 2209 propter
2179 2158 2514 2201 communem
2553 2150 2792 2204 omnium
2837 2162 3080 2211 nostrum
3123 2157 3516 2226 infirmitatem,

1940 2245 2045 2285 non
2081 2235 2222 2302 quod
2263 2240 2508 2294 novimus
2538 2243 2668 2297 satis
2693 2244 2851 2314 digne
2892 2247 3069 2318 eloqui
3113 2264 3391 2318 conamur,
3425 2258 3518 2310 sed

1937 2335 2056 2390 quin
2080 2323 2239 2395 digne
2266 2329 2534 2385 credimus
2555 2373 2568 2398 ,
2616 2342 2671 2387 ut
2717 2350 3030 2403 possumus,
3075 2341 3434 2412 explicamns;
3466 2355 3521 2401 et

1937 2426 2032 2466 vos
2055 2417 2228 2483 capite
2256 2426 2312 2472 ut
2341 2422 2582 2489 potestis.
2625 2423 2694 2479 Et
2718 2426 2762 2480 si
2790 2428 3017 2497 amplius
3043 2429 3178 2487 forte
3200 2447 3395 2503 capere
3416 2436 3518 2490 ali-

1935 2505 2057 2574 quis
2081 2521 2314 2564 ve5trum
2342 2520 2547 2580 potest,
2577 2530 2734 2585 quam
2764 2533 2862 2588 ego
2901 2521 3114 2588 dicere;
3145 2539 3254 2580 non
3282 2528 3520 2583 attendat

1933 2595 1999 2650 ad
2026 2599 2270 2668 exiguum
2299 2603 2490 2670 rivum,
2515 2606 2608 2661 sed
2633 2621 2810 2664 currat
2837 2610 2902 2665 ad
2931 2613 3255 2670 uberrimum
3279 2619 3474 2674 fontem
3500 2640 3513 2676 :

1933 2691 2181 2756 quoniam
2208 2693 2346 2761 apud
2375 2710 2494 2750 cum
2523 2707 2603 2751 est
2631 2698 2747 2754 fons
2769 2702 2922 2768 vitae,
2955 2703 3005 2759 in
3037 2706 3186 2777 cujus
3216 2708 3416 2768 lumine
3441 2713 3518 2766 vi-

1933 2778 2175 2838 debimus
2198 2783 2376 2841 lumen
2404 2787 2576 2861 (Psal.
2608 2807 2772 2859 xxxv,
2803 2795 2914 2865 10).

2003 2873 2230 2932 CAPUT
2268 2879 2350 2934 Vl.
2381 2911 2454 2922 —
2481 2883 2534 2938 6.
2566 2884 2852 2942 Christiano
2890 2889 2954 2944 de
2979 2894 3340 2950 resurrectione
3366 2897 3516 2955 dubi-

1931 2973 2038 3019 tare
2059 2982 2160 3021 non
2185 2968 2318 3024 licet.
2349 2971 2482 3040 Quia
2509 2989 2640 3045 ergo
2659 2987 2740 3030 est
2768 2983 3088 3036 resurrectio
3108 2983 3509 3058 disputavimus,

1929 3056 2008 3112 sic
2047 3060 2352 3130 credimus,
2385 3065 2462 3119 sic
2506 3066 2725 3124 credere
2767 3069 3059 3138 debemus,
3101 3075 3179 3130 sic
3221 3056 3510 3148 loquimur,

1928 3149 2049 3217 quia
2073 3150 2150 3206 sic
2172 3153 2514 3220 credidimus,
2538 3158 2582 3213 si
2605 3157 2877 3216 christiani
2897 3177 3101 3229 sumus,
3127 3167 3392 3225 intuentes
3413 3186 3512 3242 po-

1929 3242 2148 3297 tentiam
2188 3244 2388 3302 brachii
2422 3249 2627 3304 Domini
2673 3255 2963 3310 sternentis
3008 3271 3392 3330 usquequaque
3420 3277 3512 3318 su-

1927 3335 2164 3404 perbiam
2195 3340 2452 3408 gentium,
2482 3351 2536 3397 et
2565 3342 2878 3401 aedificantis
2918 3346 3055 3402 hanc
3083 3350 3238 3405 fidem
3270 3361 3375 3406 tam
3406 3354 3511 3410 lato

1925 3441 2022 3498 per
2046 3429 2229 3484 orbem
2259 3441 2517 3487 terrarum
2535 3477 2551 3501 ,
2580 3451 2737 3505 quam
2765 3442 3085 3508 promissum
3115 3452 3196 3498 est
3224 3446 3391 3500 multo
3415 3462 3512 3501 an-

1927 3527 2138 3589 tequam
2165 3520 2355 3576 fieret:
2389 3523 2503 3578 haec
2533 3525 2818 3592 intuentes,
2853 3530 3182 3587 :edilicamur
3200 3534 3264 3588 ad
3287 3530 3508 3590 creden-

1923 3610 2050 3665 dum
2095 3628 2156 3666 ea
2195 3629 2314 3683 quae
2356 3615 2588 3670 nondum
2617 3617 2895 3684 videmus,
2942 3630 3000 3675 ut
3051 3622 3218 3692 ipsam
3247 3626 3504 3682 visionem

1925 3703 2226 3758 mercedem
2276 3704 2397 3760 fidei
2434 3706 2773 3775 recipiamus.
2818 3708 2951 3764 Cum
2998 3727 3125 3783 ergo
3167 3717 3505 3772 manifestum

1923 3795 1990 3848 sit
2015 3795 2135 3850 fidei
2164 3807 2362 3852 nostra:
2389 3797 2617 3852 futuram
2655 3802 3102 3858 resurrectionem
3132 3816 3464 3864 mortuorum
3487 3853 3502 3876 ,

1923 3895 1976 3939 et
2003 3887 2070 3939 ita
2116 3887 2450 3941 manifestum
2470 3929 2484 3953 ,
2517 3897 2574 3942 ut
2605 3889 2728 3945 hinc
2756 3891 2994 3962 quisquis
3018 3894 3375 3961 dubitaverit,
3407 3899 3504 3953 im-

1921 3976 2304 4045 pudentissime
2341 3993 2402 4035 se
2441 3979 2582 4035 dicat
2624 3980 3004 4050 christianum;
3044 3988 3300 4056 qu:eritnr
3326 3991 3501 4060 qualia

1920 4082 2144 4138 corpora
2171 4069 2442 4126 habebunt
2467 4073 2674 4138 sancti,
2719 4083 2774 4130 et
2809 4091 2928 4145 qua:
2957 4078 3060 4131 vita
3103 4095 3287 4137 eorum
3329 4083 3502 4139 futura

1919 4161 2188 4216 εἰι.Μυ1ιίε
2209 4163 2350 4217 enim
2373 4165 2542 4220 visum
2561 4172 2644 4220 est
2659 4169 3100 4225 resurrectionem
3123 4172 3336 4241 quidem
3361 4173 3498 4241 fieri,

1918 4252 2012 4307 sed
2043 4268 2138 4323 per
2166 4255 2306 4308 solas
2333 4255 2557 4310 animas.
2725 4247 2750 4278 ⁹

1987 4344 2216 4401 CAPUT
2253 4344 2362 4399 VII.
2392 4377 2461 4386 —-
2483 4348 2534 4409 7.
2565 4347 2805 4415 Questio,
2837 4350 3008 4416 qualia
3039 4355 3212 4413 futura
3247 4356 3348 4410 sint
3386 4374 3498 4411 cer.

1919 4453 2064 4507 pora.
2095 4436 2291 4507 Regula
2318 4438 2459 4506 ﬁdei,
2492 4439 2795 4509 symbolum.
2853 4441 2985 4511 Apta
3019 4444 3317 4501 similitudo.
3363 4449 3495 4518 Quia

1917 4543 2043 4582 vero
2070 4538 2348 4598 resurgunt
2373 4538 2428 4583 et
2447 4544 2686 4600 corpora,
2720 4547 2823 4586 non
2850 4547 2983 4603 opus
3005 4544 3088 4589 est
3115 4536 3206 4591 diu
3231 4539 3496 4596 disserere

1916 4633 2033 4693 post
2061 4637 2361 4677 sermonem
2388 4624 2733 4692 praeteritum.
2769 4625 2876 4681 Sed
2915 4628 3162 4696 objicitur
3189 4631 3492 4700 hujusmodi

1912 4713 2171 4784 qumstio:
2203 4713 2259 4768 Si
2285 4728 2508 4784 corpora
2539 4713 2711 4769 futura
2740 4727 2892 4784 sunt,
2921 4719 3095 4787 qualia
3122 4721 3292 4776 futura
3330 4729 3494 4780 sunt?

1912 4805 2060 4860 Talia
2105 4805 2278 4874 qualia
2311 4821 2450 4858 nunc
2477 4814 2630 4871 sunt,
2672 4822 2739 4860 an
2781 4807 3000 4862 alterius
3038 4811 3224 4866 modi?
3263 4813 3319 4869 Si
3359 4816 3492 4872 alte-

1909 4897 2021 4952 rius
2049 4897 2191 4951 modi
2218 4939 2232 4962 ,
2259 4895 2375 4966 quis
2405 4896 2494 4951 ille
2519 4897 2745 4951 modus?
2768 4897 2823 4952 Si
2856 4899 2976 4953 talia
2998 4941 3012 4967 ,
3043 4917 3170 4972 ergo
3212 4903 3277 4959 ad
3303 4907 3489 4964 eadem

1908 4989 2108 5059 opera?
2135 4987 2266 5056 Quia
2298 5003 2424 5058 ergo
2448 5002 2554 5042 non
2585 4988 2648 5042 ad
2672 4989 2856 5043 eadem
2885 4992 3178 5059 proscribit
3209 4996 3482 5062 Dominus,

1907 5083 2028 5151 quia
2057 5095 2161 5134 non
2192 5079 2257 5133 ad
2288 5080 2409 5132 talia
2435 5078 2590 5133 docet
2617 5081 2924 5149 Apostolus.
2956 5080 3088 5137 Nam
3113 5100 3218 5139 non
3246 5088 3313 5142 ad
3337 5103 3488 5143 eam-

1905 5172 2027 5228 dem
2055 5172 2235 5238 vitam,
2267 5185 2370 5225 non
2398 5169 2465 5224 ad
2506 5169 2692 5224 eadem
2719 5170 2850 5224 facta
2877 5173 3117 5227 mortalia
3143 5185 3198 5229 et
3220 5180 3486 5248 corrupti-

1906 5265 2030 5319 bilia
2056 5273 2110 5319 et
2149 5265 2378 5333 peritura
2415 5271 2572 5332 atque
2614 5263 2940 5318 transeuntis
2966 5305 2980 5328 ,
3015 5281 3119 5319 non
3161 5266 3225 5321 ad
3247 5271 3481 5324 carnalia

1903 5357 2113 5428 gaudia,
2140 5372 2242 5411 non
2272 5356 2334 5410 ad
2359 5355 2599 5411 carnales
2619 5357 3029 5412 consolationes.
3060 5357 3114 5412 Si
3139 5375 3265 5429 ergo
3287 5374 3392 5415 non
3413 5362 3479 5416 ad

1903 5448 2112 5512 eadem,
2143 5461 2244 5502 nec
2268 5447 2408 5500 talia.
2438 5445 2492 5501 Si
2522 5461 2624 5500 non
2655 5446 2796 5511 talia,
2821 5447 3086 5518 quomodo
3109 5464 3235 5517 ergo
3254 5463 3382 5503 caro
3405 5465 3492 5507 re-

1901 5539 2118 5610 surget?
2139 5537 2328 5592 Carnis
2356 5545 2532 5592 autem
2561 5537 3008 5593 resurrectionem
3034 5537 3289 5592 habemus
3316 5539 3367 5594 in
3395 5556 3486 5597 re-

1899 5631 2019 5702 gula
2051 5629 2193 5695 fidei,
2225 5639 2278 5685 ct
2298 5645 2417 5686 eam
2437 5629 2752 5685 confitentes
2770 5627 3119 5700 baptizamur.
3144 5627 3210 5683 Et
3229 5630 3484 5703 quidquid

1901 5726 1970 5782 ibi
1987 5725 2324 5792 confitemur,
2347 5739 2410 5779 ex
2432 5723 2655 5779 veritate
2675 5733 2728 5778 et
2747 5721 2799 5777 in
2819 5720 3040 5776 veritate
3061 5719 3400 5788 confitemur,
3429 5727 3482 5783 in

1901 5836 2000 5890 qua
2020 5819 2243 5876 vivimus
2264 5827 2317 5877 et
2337 5831 2610 5874 movemur
2625 5825 2678 5872 et
2693 5827 2897 5870 sumus.
2915 5813 3316 5885 Temporalihus
3338 5821 3482 5875 enim
