  <div class='ocr_page' id='page_1' title='image "/cluster/home/n/w/nwhite01/storage/ocr_20150623/39/umn.319510024773323/073.png"; bbox 0 0 3996 6478; ppageno 0'>
   <div class='ocr_carea' id='block_1_1' title="bbox 538 295 1102 385">
    <p class='ocr_par' dir='ltr' id='par_1_1' title="bbox 538 295 1102 385">
     <span class='ocr_line' id='line_1_1' title="bbox 538 295 1102 385; baseline -0.004 0"><span class='ocrx_word' id='word_1_1' title='bbox 538 331 672 385; x_wconf 69' lang='lat' dir='ltr'><strong>ista</strong></span> <span class='ocrx_word' id='word_1_2' title='bbox 1027 295 1102 374; x_wconf 61' lang='grc' dir='ltr'>ξ’</span> 
     </span>
    </p>
   </div>
   <div class='ocr_carea' id='block_1_2' title="bbox 535 435 2113 510">
    <p class='ocr_par' dir='ltr' id='par_1_2' title="bbox 535 435 2113 510">
     <span class='ocr_line' id='line_1_2' title="bbox 535 435 2113 510; baseline -0.002 -20"><span class='ocrx_word' id='word_1_3' title='bbox 535 441 696 510; x_wconf 68' lang='lat' dir='ltr'><strong>gestis</strong></span> <span class='ocrx_word' id='word_1_4' title='bbox 724 448 774 492; x_wconf 75' lang='grc' dir='ltr'><strong>ιιι</strong></span> <span class='ocrx_word' id='word_1_5' title='bbox 816 437 1205 492; x_wconf 58' lang='lat' dir='ltr'><strong>transettntilzu;</strong></span> <span class='ocrx_word' id='word_1_6' title='bbox 1235 436 1551 505; x_wconf 74' lang='lat' dir='ltr'><strong>quibusdam</strong></span> <span class='ocrx_word' id='word_1_7' title='bbox 1583 451 1642 489; x_wconf 88' lang='lat' dir='ltr'><strong>ac</strong></span> <span class='ocrx_word' id='word_1_8' title='bbox 1669 435 2113 505; x_wconf 66' lang='lat' dir='ltr'><strong>prtetereuntibus</strong></span> 
     </span>
    </p>
   </div>
   <div class='ocr_carea' id='block_1_3' title="bbox 537 529 2116 598">
    <p class='ocr_par' dir='ltr' id='par_1_3' title="bbox 537 529 2116 598">
     <span class='ocr_line' id='line_1_3' title="bbox 537 529 2116 598; baseline -0.004 -12"><span class='ocrx_word' id='word_1_9' title='bbox 537 534 688 587; x_wconf 85' lang='lat' dir='ltr'><strong>factis</strong></span> <span class='ocrx_word' id='word_1_10' title='bbox 717 532 1026 586; x_wconf 87' lang='lat' dir='ltr'><strong>instruimur</strong></span> <span class='ocrx_word' id='word_1_11' title='bbox 1051 530 1113 583; x_wconf 92' lang='lat' dir='ltr'><strong>ad</strong></span> <span class='ocrx_word' id='word_1_12' title='bbox 1141 531 1292 582; x_wconf 74' lang='lat' dir='ltr'><strong>vitam</strong></span> <span class='ocrx_word' id='word_1_13' title='bbox 1315 540 1586 583; x_wconf 73' lang='lat' dir='ltr'><strong>mtrrnam.</strong></span> <span class='ocrx_word' id='word_1_14' title='bbox 1611 529 1800 583; x_wconf 84' lang='lat' dir='ltr'><strong>Omnia</strong></span> <span class='ocrx_word' id='word_1_15' title='bbox 1825 545 1942 598; x_wconf 63' lang='lat' dir='ltr'><strong>quae</strong></span> <span class='ocrx_word' id='word_1_16' title='bbox 1968 536 2116 596; x_wconf 79' lang='lat' dir='ltr'><strong>gesta</strong></span> 
     </span>
    </p>
   </div>
   <div class='ocr_carea' id='block_1_4' title="bbox 535 620 2116 690">
    <p class='ocr_par' dir='ltr' id='par_1_4' title="bbox 535 620 2116 690">
     <span class='ocr_line' id='line_1_4' title="bbox 535 620 2116 690; baseline -0.003 -12"><span class='ocrx_word' id='word_1_17' title='bbox 535 635 680 688; x_wconf 76' lang='lat' dir='ltr'><strong>sunt,</strong></span> <span class='ocrx_word' id='word_1_18' title='bbox 713 633 766 676; x_wconf 90' lang='grc' dir='ltr'><strong>ιιι</strong></span> <span class='ocrx_word' id='word_1_19' title='bbox 795 623 1006 677; x_wconf 98' lang='lat' dir='ltr'><strong>salubre</strong></span> <span class='ocrx_word' id='word_1_20' title='bbox 1031 621 1227 690; x_wconf 84' lang='lat' dir='ltr'><strong>aliquid</strong></span> <span class='ocrx_word' id='word_1_21' title='bbox 1267 621 1573 675; x_wconf 77' lang='lat' dir='ltr'><strong>audiremus</strong></span> <span class='ocrx_word' id='word_1_22' title='bbox 1595 663 1608 685; x_wconf 93' lang='lat'><strong>,</strong></span> <span class='ocrx_word' id='word_1_23' title='bbox 1640 629 1697 675; x_wconf 89' lang='lat' dir='ltr'><strong>ut</strong></span> <span class='ocrx_word' id='word_1_24' title='bbox 1738 620 1988 674; x_wconf 83' lang='lat' dir='ltr'><strong>miracula</strong></span> <span class='ocrx_word' id='word_1_25' title='bbox 2020 621 2116 674; x_wconf 87' lang='lat' dir='ltr'><strong>tie-</strong></span> 
     </span>
    </p>
   </div>
   <div class='ocr_carea' id='block_1_5' title="bbox 537 713 2118 779">
    <p class='ocr_par' dir='ltr' id='par_1_5' title="bbox 537 713 2118 779">
     <span class='ocr_line' id='line_1_5' title="bbox 537 713 2118 779; baseline -0.001 -12"><span class='ocrx_word' id='word_1_26' title='bbox 537 724 686 779; x_wconf 91' lang='lat' dir='ltr'><strong>rent,</strong></span> <span class='ocrx_word' id='word_1_27' title='bbox 729 723 784 768; x_wconf 91' lang='lat' dir='ltr'><strong>ut</strong></span> <span class='ocrx_word' id='word_1_28' title='bbox 816 715 1066 768; x_wconf 85' lang='lat' dir='ltr'><strong>Dominus</strong></span> <span class='ocrx_word' id='word_1_29' title='bbox 1104 722 1285 768; x_wconf 75' lang='lat' dir='ltr'><strong>noster</strong></span> <span class='ocrx_word' id='word_1_30' title='bbox 1321 723 1651 778; x_wconf 88' lang='lat' dir='ltr'><strong>nasceretur,</strong></span> <span class='ocrx_word' id='word_1_31' title='bbox 1697 713 1923 767; x_wconf 90' lang='lat' dir='ltr'><strong>esurirct</strong></span> <span class='ocrx_word' id='word_1_32' title='bbox 1961 721 2014 767; x_wconf 90' lang='lat' dir='ltr'><strong>et</strong></span> <span class='ocrx_word' id='word_1_33' title='bbox 2053 713 2118 766; x_wconf 89' lang='lat' dir='ltr'><strong>si-</strong></span> 
     </span>
    </p>
   </div>
   <div class='ocr_carea' id='block_1_6' title="bbox 535 803 2114 874">
    <p class='ocr_par' dir='ltr' id='par_1_6' title="bbox 535 803 2114 874">
     <span class='ocr_line' id='line_1_6' title="bbox 535 803 2114 874; baseline -0.001 -16"><span class='ocrx_word' id='word_1_34' title='bbox 535 807 687 870; x_wconf 83' lang='lat' dir='ltr'><strong>tiret,</strong></span> <span class='ocrx_word' id='word_1_35' title='bbox 717 804 1278 874; x_wconf 83' lang='lat' dir='ltr'><strong>comprehenderetur,</strong></span> <span class='ocrx_word' id='word_1_36' title='bbox 1305 803 1639 858; x_wconf 90' lang='lat' dir='ltr'><strong>contumeliis</strong></span> <span class='ocrx_word' id='word_1_37' title='bbox 1665 803 1986 863; x_wconf 85' lang='lat' dir='ltr'><strong>afﬁceretur.</strong></span> <span class='ocrx_word' id='word_1_38' title='bbox 2022 817 2114 856; x_wconf 77' lang='lat' dir='ltr'><strong>va-</strong></span> 
     </span>
    </p>
   </div>
   <div class='ocr_carea' id='block_1_7' title="bbox 535 893 2117 965">
    <p class='ocr_par' dir='ltr' id='par_1_7' title="bbox 535 893 2117 965">
     <span class='ocr_line' id='line_1_7' title="bbox 535 893 2117 965; baseline 0.001 -20"><span class='ocrx_word' id='word_1_39' title='bbox 535 896 769 965; x_wconf 83' lang='lat' dir='ltr'><strong>pularet,</strong></span> <span class='ocrx_word' id='word_1_40' title='bbox 802 895 1232 964; x_wconf 84' lang='lat' dir='ltr'><strong>cruciﬁgeretur,</strong></span> <span class='ocrx_word' id='word_1_41' title='bbox 1267 903 1593 958; x_wconf 78' lang='lat' dir='ltr'><strong>moreretur,</strong></span> <span class='ocrx_word' id='word_1_42' title='bbox 1643 893 1981 962; x_wconf 87' lang='lat' dir='ltr'><strong>sepeliretur,</strong></span> <span class='ocrx_word' id='word_1_43' title='bbox 2031 907 2117 946; x_wconf 87' lang='lat' dir='ltr'><strong>rc-</strong></span> 
     </span>
    </p>
   </div>
   <div class='ocr_carea' id='block_1_8' title="bbox 516 976 2116 1056">
    <p class='ocr_par' dir='ltr' id='par_1_8' title="bbox 516 976 2116 1056">
     <span class='ocr_line' id='line_1_8' title="bbox 516 976 2116 1056; baseline -0.003 -16"><span class='ocrx_word' id='word_1_44' title='bbox 516 976 793 1056; x_wconf 15' lang='lat' dir='ltr'><strong>Isurgcret,</strong></span> <span class='ocrx_word' id='word_1_45' title='bbox 823 986 874 1040; x_wconf 87' lang='lat' dir='ltr'><strong>itt</strong></span> <span class='ocrx_word' id='word_1_46' title='bbox 892 985 1092 1041; x_wconf 71' lang='lat' dir='ltr'><strong>cadum</strong></span> <span class='ocrx_word' id='word_1_47' title='bbox 1114 984 1446 1050; x_wconf 78' lang='lat' dir='ltr'><strong>ascenderet,</strong></span> <span class='ocrx_word' id='word_1_48' title='bbox 1473 985 1647 1038; x_wconf 92' lang='lat' dir='ltr'><strong>omnia</strong></span> <span class='ocrx_word' id='word_1_49' title='bbox 1674 985 2033 1046; x_wconf 83' lang='lat' dir='ltr'><strong>transierunt;</strong></span> <span class='ocrx_word' id='word_1_50' title='bbox 2061 991 2116 1036; x_wconf 91' lang='lat' dir='ltr'><strong>ct</strong></span> 
     </span>
    </p>
   </div>
   <div class='ocr_carea' id='block_1_9' title="bbox 528 1073 2118 1148">
    <p class='ocr_par' dir='ltr' id='par_1_9' title="bbox 528 1073 2118 1148">
     <span class='ocr_line' id='line_1_9' title="bbox 528 1073 2118 1148; baseline -0.004 -15"><span class='ocrx_word' id='word_1_51' title='bbox 528 1094 648 1133; x_wconf 82' lang='lat' dir='ltr'><strong>eum</strong></span> <span class='ocrx_word' id='word_1_52' title='bbox 675 1077 1047 1148; x_wconf 61' lang='lat' dir='ltr'><strong>praedicantur,</strong></span> <span class='ocrx_word' id='word_1_53' title='bbox 1080 1075 1202 1131; x_wconf 81' lang='lat' dir='ltr'><strong>ﬁdei</strong></span> <span class='ocrx_word' id='word_1_54' title='bbox 1227 1085 1425 1130; x_wconf 72' lang='lat' dir='ltr'><strong>nostrte</strong></span> <span class='ocrx_word' id='word_1_55' title='bbox 1439 1076 1684 1132; x_wconf 76' lang='lat' dir='ltr'><strong>actiones</strong></span> <span class='ocrx_word' id='word_1_56' title='bbox 1713 1073 1954 1142; x_wconf 79' lang='lat' dir='ltr'><strong>quaedam</strong></span> <span class='ocrx_word' id='word_1_57' title='bbox 1988 1086 2118 1127; x_wconf 85' lang='lat' dir='ltr'><strong>tent-</strong></span> 
     </span>
    </p>
   </div>
   <div class='ocr_carea' id='block_1_10' title="bbox 534 1165 2113 1240">
    <p class='ocr_par' dir='ltr' id='par_1_10' title="bbox 534 1165 2113 1240">
     <span class='ocr_line' id='line_1_10' title="bbox 534 1165 2113 1240; baseline -0.003 -18"><span class='ocrx_word' id='word_1_58' title='bbox 534 1170 746 1240; x_wconf 68' lang='lat' dir='ltr'><strong>porales</strong></span> <span class='ocrx_word' id='word_1_59' title='bbox 789 1180 844 1224; x_wconf 88' lang='lat' dir='ltr'><strong>et</strong></span> <span class='ocrx_word' id='word_1_60' title='bbox 892 1169 1209 1224; x_wconf 70' lang='lat' dir='ltr'><strong>transitoria:</strong></span> <span class='ocrx_word' id='word_1_61' title='bbox 1263 1167 1634 1237; x_wconf 67' lang='lat' dir='ltr'><strong>praedicantur.</strong></span> <span class='ocrx_word' id='word_1_62' title='bbox 1678 1165 1943 1234; x_wconf 85' lang='lat' dir='ltr'><strong>Numquid</strong></span> <span class='ocrx_word' id='word_1_63' title='bbox 1991 1165 2113 1234; x_wconf 83' lang='lat' dir='ltr'><strong>quia</strong></span> 
     </span>
    </p>
   </div>
   <div class='ocr_carea' id='block_1_11' title="bbox 533 1257 2115 1332">
    <p class='ocr_par' dir='ltr' id='par_1_11' title="bbox 533 1257 2115 1332">
     <span class='ocr_line' id='line_1_11' title="bbox 533 1257 2115 1332; baseline -0.003 -18"><span class='ocrx_word' id='word_1_64' title='bbox 533 1263 660 1332; x_wconf 77' lang='lat' dir='ltr'><strong>ipsa:</strong></span> <span class='ocrx_word' id='word_1_65' title='bbox 679 1270 976 1326; x_wconf 88' lang='lat' dir='ltr'><strong>transeunt,</strong></span> <span class='ocrx_word' id='word_1_66' title='bbox 995 1259 1136 1329; x_wconf 89' lang='lat' dir='ltr'><strong>quod</strong></span> <span class='ocrx_word' id='word_1_67' title='bbox 1160 1275 1252 1328; x_wconf 89' lang='lat' dir='ltr'><strong>per</strong></span> <span class='ocrx_word' id='word_1_68' title='bbox 1272 1258 1666 1313; x_wconf 70' lang='lat' dir='ltr'><strong>easzediﬁcatur</strong></span> <span class='ocrx_word' id='word_1_69' title='bbox 1681 1257 1925 1311; x_wconf 84' lang='lat' dir='ltr'><strong>similiter</strong></span> <span class='ocrx_word' id='word_1_70' title='bbox 1947 1267 2115 1310; x_wconf 85' lang='lat' dir='ltr'><strong>trans-</strong></span> 
     </span>
    </p>
   </div>
   <div class='ocr_carea' id='block_1_12' title="bbox 530 1346 2116 1411">
    <p class='ocr_par' dir='ltr' id='par_1_12' title="bbox 530 1346 2116 1411">
     <span class='ocr_line' id='line_1_12' title="bbox 530 1346 2116 1411; baseline -0.004 -4"><span class='ocrx_word' id='word_1_71' title='bbox 530 1353 608 1407; x_wconf 90' lang='lat' dir='ltr'><strong>it?</strong></span> <span class='ocrx_word' id='word_1_72' title='bbox 639 1351 884 1408; x_wconf 88' lang='lat' dir='ltr'><strong>lntcndat</strong></span> <span class='ocrx_word' id='word_1_73' title='bbox 938 1351 1080 1406; x_wconf 88' lang='lat' dir='ltr'><strong>enim</strong></span> <span class='ocrx_word' id='word_1_74' title='bbox 1123 1350 1386 1405; x_wconf 79' lang='lat' dir='ltr'><strong>Sanctitas</strong></span> <span class='ocrx_word' id='word_1_75' title='bbox 1413 1358 1618 1411; x_wconf 81' lang='lat' dir='ltr'><strong>vestra,</strong></span> <span class='ocrx_word' id='word_1_76' title='bbox 1671 1358 1726 1403; x_wconf 91' lang='lat' dir='ltr'><strong>ut</strong></span> <span class='ocrx_word' id='word_1_77' title='bbox 1755 1347 1974 1402; x_wconf 83' lang='lat' dir='ltr'><strong>videatis</strong></span> <span class='ocrx_word' id='word_1_78' title='bbox 2015 1346 2116 1401; x_wconf 90' lang='lat' dir='ltr'><strong>hoc</strong></span> 
     </span>
    </p>
   </div>
   <div class='ocr_carea' id='block_1_13' title="bbox 531 1439 2114 1514">
    <p class='ocr_par' dir='ltr' id='par_1_13' title="bbox 531 1439 2114 1514">
     <span class='ocr_line' id='line_1_13' title="bbox 531 1439 2114 1514; baseline -0.003 -15"><span class='ocrx_word' id='word_1_79' title='bbox 531 1460 626 1514; x_wconf 85' lang='lat' dir='ltr'><strong>per</strong></span> <span class='ocrx_word' id='word_1_80' title='bbox 649 1443 1068 1498; x_wconf 82' lang='lat' dir='ltr'><strong>similitudinem.</strong></span> <span class='ocrx_word' id='word_1_81' title='bbox 1097 1443 1431 1498; x_wconf 77' lang='lat' dir='ltr'><strong>Architectus</strong></span> <span class='ocrx_word' id='word_1_82' title='bbox 1458 1441 1686 1496; x_wconf 81' lang='lat' dir='ltr'><strong>:ediﬁcat</strong></span> <span class='ocrx_word' id='word_1_83' title='bbox 1710 1456 1802 1510; x_wconf 89' lang='lat' dir='ltr'><strong>per</strong></span> <span class='ocrx_word' id='word_1_84' title='bbox 1841 1439 2114 1494; x_wconf 83' lang='lat' dir='ltr'><strong>machinas</strong></span> 
     </span>
    </p>
   </div>
   <div class='ocr_carea' id='block_1_14' title="bbox 531 1533 2114 1600">
    <p class='ocr_par' dir='ltr' id='par_1_14' title="bbox 531 1533 2114 1600">
     <span class='ocr_line' id='line_1_14' title="bbox 531 1533 2114 1600; baseline -0.004 -11"><span class='ocrx_word' id='word_1_85' title='bbox 531 1537 842 1590; x_wconf 89' lang='lat' dir='ltr'><strong>transituras</strong></span> <span class='ocrx_word' id='word_1_86' title='bbox 857 1535 1076 1590; x_wconf 88' lang='lat' dir='ltr'><strong>domum</strong></span> <span class='ocrx_word' id='word_1_87' title='bbox 1098 1549 1421 1588; x_wconf 84' lang='lat' dir='ltr'><strong>mansuram.</strong></span> <span class='ocrx_word' id='word_1_88' title='bbox 1442 1533 1574 1586; x_wconf 84' lang='lat' dir='ltr'><strong>Nam</strong></span> <span class='ocrx_word' id='word_1_89' title='bbox 1599 1533 1648 1586; x_wconf 92' lang='lat' dir='ltr'><strong>in</strong></span> <span class='ocrx_word' id='word_1_90' title='bbox 1673 1533 1773 1586; x_wconf 83' lang='lat' dir='ltr'><strong>isto</strong></span> <span class='ocrx_word' id='word_1_91' title='bbox 1797 1540 1901 1584; x_wconf 90' lang='lat' dir='ltr'><strong>tam</strong></span> <span class='ocrx_word' id='word_1_92' title='bbox 1925 1544 2114 1600; x_wconf 85' lang='lat' dir='ltr'><strong>magno</strong></span> 
     </span>
    </p>
   </div>
   <div class='ocr_carea' id='block_1_15' title="bbox 528 1626 2108 1700">
    <p class='ocr_par' dir='ltr' id='par_1_15' title="bbox 528 1626 2108 1700">
     <span class='ocr_line' id='line_1_15' title="bbox 528 1626 2108 1700; baseline -0.008 -12"><span class='ocrx_word' id='word_1_93' title='bbox 528 1643 584 1688; x_wconf 66' lang='lat' dir='ltr'><strong>ct</strong></span> <span class='ocrx_word' id='word_1_94' title='bbox 609 1631 809 1700; x_wconf 88' lang='lat' dir='ltr'><strong>amplo,</strong></span> <span class='ocrx_word' id='word_1_95' title='bbox 847 1629 987 1700; x_wconf 90' lang='lat' dir='ltr'><strong>quod</strong></span> <span class='ocrx_word' id='word_1_96' title='bbox 1014 1629 1287 1694; x_wconf 77' lang='lat' dir='ltr'><strong>videmus,</strong></span> <span class='ocrx_word' id='word_1_97' title='bbox 1315 1627 1559 1692; x_wconf 67' lang='lat' dir='ltr'><strong>mdiﬁcio,</strong></span> <span class='ocrx_word' id='word_1_98' title='bbox 1587 1641 1708 1680; x_wconf 92' lang='lat' dir='ltr'><strong>cum</strong></span> <span class='ocrx_word' id='word_1_99' title='bbox 1736 1626 2108 1688; x_wconf 86' lang='lat' dir='ltr'><strong>instrueretur,</strong></span> 
     </span>
    </p>
   </div>
   <div class='ocr_carea' id='block_1_16' title="bbox 533 1713 2112 1789">
    <p class='ocr_par' dir='ltr' id='par_1_16' title="bbox 533 1713 2112 1789">
     <span class='ocr_line' id='line_1_16' title="bbox 533 1713 2112 1789; baseline -0.004 -15"><span class='ocrx_word' id='word_1_100' title='bbox 533 1721 795 1776; x_wconf 75' lang='lat' dir='ltr'><strong>machina:</strong></span> <span class='ocrx_word' id='word_1_101' title='bbox 823 1720 1055 1786; x_wconf 90' lang='lat' dir='ltr'><strong>fuerunt,</strong></span> <span class='ocrx_word' id='word_1_102' title='bbox 1079 1736 1197 1789; x_wconf 62' lang='lat' dir='ltr'><strong>quin</strong></span> <span class='ocrx_word' id='word_1_103' title='bbox 1225 1719 1309 1773; x_wconf 92' lang='lat' dir='ltr'><strong>hic</strong></span> <span class='ocrx_word' id='word_1_104' title='bbox 1329 1717 1488 1773; x_wconf 89' lang='lat' dir='ltr'><strong>modo</strong></span> <span class='ocrx_word' id='word_1_105' title='bbox 1511 1731 1614 1770; x_wconf 93' lang='lat' dir='ltr'><strong>non</strong></span> <span class='ocrx_word' id='word_1_106' title='bbox 1644 1724 1798 1778; x_wconf 87' lang='lat' dir='ltr'><strong>sunt;</strong></span> <span class='ocrx_word' id='word_1_107' title='bbox 1831 1715 1951 1785; x_wconf 89' lang='lat' dir='ltr'><strong>quia</strong></span> <span class='ocrx_word' id='word_1_108' title='bbox 1972 1713 2112 1784; x_wconf 89' lang='lat' dir='ltr'><strong>quod</strong></span> 
     </span>
    </p>
   </div>
   <div class='ocr_carea' id='block_1_17' title="bbox 529 1808 2114 1883">
    <p class='ocr_par' dir='ltr' id='par_1_17' title="bbox 529 1808 2114 1883">
     <span class='ocr_line' id='line_1_17' title="bbox 529 1808 2114 1883; baseline -0.004 -17"><span class='ocrx_word' id='word_1_109' title='bbox 529 1829 628 1883; x_wconf 83' lang='lat' dir='ltr'><strong>per</strong></span> <span class='ocrx_word' id='word_1_110' title='bbox 650 1827 740 1866; x_wconf 90' lang='lat' dir='ltr'><strong>eas</strong></span> <span class='ocrx_word' id='word_1_111' title='bbox 757 1811 1132 1874; x_wconf 83' lang='lat' dir='ltr'><strong>aedificabatur,</strong></span> <span class='ocrx_word' id='word_1_112' title='bbox 1151 1809 1260 1880; x_wconf 89' lang='lat' dir='ltr'><strong>jam</strong></span> <span class='ocrx_word' id='word_1_113' title='bbox 1283 1809 1573 1879; x_wconf 84' lang='lat' dir='ltr'><strong>perfectum</strong></span> <span class='ocrx_word' id='word_1_114' title='bbox 1595 1817 1720 1863; x_wconf 86' lang='lat' dir='ltr'><strong>stat.</strong></span> <span class='ocrx_word' id='word_1_115' title='bbox 1737 1808 1823 1863; x_wconf 91' lang='lat' dir='ltr'><strong>Sic</strong></span> <span class='ocrx_word' id='word_1_116' title='bbox 1838 1823 1984 1877; x_wconf 88' lang='lat' dir='ltr'><strong>ergo,</strong></span> <span class='ocrx_word' id='word_1_117' title='bbox 2010 1808 2114 1860; x_wconf 88' lang='lat' dir='ltr'><strong>fra-</strong></span> 
     </span>
    </p>
   </div>
   <div class='ocr_carea' id='block_1_18' title="bbox 531 1899 2103 1972">
    <p class='ocr_par' dir='ltr' id='par_1_18' title="bbox 531 1899 2103 1972">
     <span class='ocr_line' id='line_1_18' title="bbox 531 1899 2103 1972; baseline -0.004 -14"><span class='ocrx_word' id='word_1_118' title='bbox 531 1917 660 1970; x_wconf 84' lang='lat' dir='ltr'><strong>tres,</strong></span> <span class='ocrx_word' id='word_1_119' title='bbox 683 1903 1043 1958; x_wconf 77' lang='lat' dir='ltr'><strong>aediﬁcabatur</strong></span> <span class='ocrx_word' id='word_1_120' title='bbox 1065 1901 1261 1972; x_wconf 89' lang='lat' dir='ltr'><strong>aliquid</strong></span> <span class='ocrx_word' id='word_1_121' title='bbox 1291 1903 1342 1955; x_wconf 91' lang='lat' dir='ltr'><strong>in</strong></span> <span class='ocrx_word' id='word_1_122' title='bbox 1380 1901 1480 1955; x_wconf 89' lang='lat' dir='ltr'><strong>fide</strong></span> <span class='ocrx_word' id='word_1_123' title='bbox 1509 1900 1818 1966; x_wconf 89' lang='lat' dir='ltr'><strong>christiana,</strong></span> <span class='ocrx_word' id='word_1_124' title='bbox 1849 1909 1903 1954; x_wconf 89' lang='lat' dir='ltr'><strong>et</strong></span> <span class='ocrx_word' id='word_1_125' title='bbox 1930 1899 2103 1967; x_wconf 89' lang='lat' dir='ltr'><strong>perfe-</strong></span> 
     </span>
    </p>
   </div>
   <div class='ocr_carea' id='block_1_19' title="bbox 527 1991 2112 2064">
    <p class='ocr_par' dir='ltr' id='par_1_19' title="bbox 527 1991 2112 2064">
     <span class='ocr_line' id='line_1_19' title="bbox 527 1991 2112 2064; baseline -0.006 -12"><span class='ocrx_word' id='word_1_126' title='bbox 527 2010 614 2052; x_wconf 80' lang='lat' dir='ltr'><strong>cta</strong></span> <span class='ocrx_word' id='word_1_127' title='bbox 635 2007 760 2052; x_wconf 86' lang='lat' dir='ltr'><strong>sunt</strong></span> <span class='ocrx_word' id='word_1_128' title='bbox 780 1995 1020 2064; x_wconf 70' lang='lat' dir='ltr'><strong>qumdam</strong></span> <span class='ocrx_word' id='word_1_129' title='bbox 1049 1994 1476 2049; x_wconf 88' lang='lat' dir='ltr'><strong>machinamenta</strong></span> <span class='ocrx_word' id='word_1_130' title='bbox 1504 1991 1832 2062; x_wconf 86' lang='lat' dir='ltr'><strong>temporalia.</strong></span> <span class='ocrx_word' id='word_1_131' title='bbox 1859 1991 2112 2045; x_wconf 89' lang='lat' dir='ltr'><strong>Dominus</strong></span> 
     </span>
    </p>
   </div>
   <div class='ocr_carea' id='block_1_20' title="bbox 531 2083 2111 2154">
    <p class='ocr_par' dir='ltr' id='par_1_20' title="bbox 531 2083 2111 2154">
     <span class='ocr_line' id='line_1_20' title="bbox 531 2083 2111 2154; baseline -0.004 -11"><span class='ocrx_word' id='word_1_132' title='bbox 531 2089 673 2144; x_wconf 90' lang='lat' dir='ltr'><strong>enim</strong></span> <span class='ocrx_word' id='word_1_133' title='bbox 705 2096 885 2143; x_wconf 88' lang='lat' dir='ltr'><strong>noster</strong></span> <span class='ocrx_word' id='word_1_134' title='bbox 923 2087 1078 2142; x_wconf 85' lang='lat' dir='ltr'><strong>Jcsus</strong></span> <span class='ocrx_word' id='word_1_135' title='bbox 1126 2085 1369 2140; x_wconf 86' lang='lat' dir='ltr'><strong>Christus</strong></span> <span class='ocrx_word' id='word_1_136' title='bbox 1399 2083 1539 2154; x_wconf 91' lang='lat' dir='ltr'><strong>quod</strong></span> <span class='ocrx_word' id='word_1_137' title='bbox 1579 2083 1908 2149; x_wconf 77' lang='lat' dir='ltr'><strong>resurrexit,</strong></span> <span class='ocrx_word' id='word_1_138' title='bbox 1939 2093 2111 2137; x_wconf 85' lang='lat' dir='ltr'><strong>trans-</strong></span> 
     </span>
    </p>
   </div>
   <div class='ocr_carea' id='block_1_21' title="bbox 526 2176 2111 2248">
    <p class='ocr_par' dir='ltr' id='par_1_21' title="bbox 526 2176 2111 2248">
     <span class='ocr_line' id='line_1_21' title="bbox 526 2176 2111 2248; baseline -0.004 -14"><span class='ocrx_word' id='word_1_139' title='bbox 526 2189 706 2234; x_wconf 88' lang='lat' dir='ltr'><strong>actum</strong></span> <span class='ocrx_word' id='word_1_140' title='bbox 722 2188 836 2244; x_wconf 89' lang='lat' dir='ltr'><strong>est;</strong></span> <span class='ocrx_word' id='word_1_141' title='bbox 863 2193 1033 2248; x_wconf 89' lang='lat' dir='ltr'><strong>neque</strong></span> <span class='ocrx_word' id='word_1_142' title='bbox 1055 2177 1195 2232; x_wconf 90' lang='lat' dir='ltr'><strong>enim</strong></span> <span class='ocrx_word' id='word_1_143' title='bbox 1219 2177 1394 2231; x_wconf 87' lang='lat' dir='ltr'><strong>adhuc</strong></span> <span class='ocrx_word' id='word_1_144' title='bbox 1415 2177 1672 2246; x_wconf 87' lang='lat' dir='ltr'><strong>resurgit:</strong></span> <span class='ocrx_word' id='word_1_145' title='bbox 1696 2185 1751 2230; x_wconf 89' lang='lat' dir='ltr'><strong>et</strong></span> <span class='ocrx_word' id='word_1_146' title='bbox 1769 2176 1908 2244; x_wconf 91' lang='lat' dir='ltr'><strong>quod</strong></span> <span class='ocrx_word' id='word_1_147' title='bbox 1928 2189 2111 2230; x_wconf 83' lang='lat' dir='ltr'><strong>ascen-</strong></span> 
     </span>
    </p>
   </div>
   <div class='ocr_carea' id='block_1_22' title="bbox 523 2265 2178 2340">
    <p class='ocr_par' dir='ltr' id='par_1_22' title="bbox 523 2265 2178 2340">
     <span class='ocr_line' id='line_1_22' title="bbox 523 2265 2178 2340; baseline -0.002 -16"><span class='ocrx_word' id='word_1_148' title='bbox 523 2271 602 2324; x_wconf 90' lang='lat' dir='ltr'><strong>dit</strong></span> <span class='ocrx_word' id='word_1_149' title='bbox 649 2271 701 2324; x_wconf 92' lang='lat' dir='ltr'><strong>in</strong></span> <span class='ocrx_word' id='word_1_150' title='bbox 747 2270 983 2333; x_wconf 79' lang='lat' dir='ltr'><strong>ccelutn,</strong></span> <span class='ocrx_word' id='word_1_151' title='bbox 1032 2276 1354 2322; x_wconf 87' lang='lat' dir='ltr'><strong>transactum</strong></span> <span class='ocrx_word' id='word_1_152' title='bbox 1398 2277 1512 2330; x_wconf 90' lang='lat' dir='ltr'><strong>est;</strong></span> <span class='ocrx_word' id='word_1_153' title='bbox 1549 2283 1718 2337; x_wconf 89' lang='lat' dir='ltr'><strong>neque</strong></span> <span class='ocrx_word' id='word_1_154' title='bbox 1745 2267 1886 2321; x_wconf 90' lang='lat' dir='ltr'><strong>enim</strong></span> <span class='ocrx_word' id='word_1_155' title='bbox 1936 2265 2111 2321; x_wconf 89' lang='lat' dir='ltr'><strong>adhuc</strong></span> <span class='ocrx_word' id='word_1_156' title='bbox 2165 2335 2178 2340; x_wconf 97' lang='lat'>_</span> 
     </span>
    </p>
   </div>
   <div class='ocr_carea' id='block_1_23' title="bbox 523 2357 2106 2425">
    <p class='ocr_par' dir='ltr' id='par_1_23' title="bbox 523 2357 2106 2425">
     <span class='ocr_line' id='line_1_23' title="bbox 523 2357 2106 2425; baseline -0.001 -13"><span class='ocrx_word' id='word_1_157' title='bbox 523 2359 782 2415; x_wconf 73' lang='lat' dir='ltr'><strong>ascendit.</strong></span> <span class='ocrx_word' id='word_1_158' title='bbox 815 2358 964 2424; x_wconf 86' lang='lat' dir='ltr'><strong>Quod</strong></span> <span class='ocrx_word' id='word_1_159' title='bbox 1006 2366 1182 2412; x_wconf 88' lang='lat' dir='ltr'><strong>autem</strong></span> <span class='ocrx_word' id='word_1_160' title='bbox 1227 2358 1279 2412; x_wconf 89' lang='lat' dir='ltr'><strong>in</strong></span> <span class='ocrx_word' id='word_1_161' title='bbox 1333 2357 1419 2411; x_wconf 89' lang='lat' dir='ltr'><strong>illa</strong></span> <span class='ocrx_word' id='word_1_162' title='bbox 1465 2358 1570 2411; x_wconf 80' lang='lat' dir='ltr'><strong>vita</strong></span> <span class='ocrx_word' id='word_1_163' title='bbox 1601 2366 1714 2421; x_wconf 90' lang='lat' dir='ltr'><strong>est,</strong></span> <span class='ocrx_word' id='word_1_164' title='bbox 1745 2357 1833 2411; x_wconf 85' lang='lat' dir='ltr'><strong>ubi</strong></span> <span class='ocrx_word' id='word_1_165' title='bbox 1858 2357 1967 2425; x_wconf 89' lang='lat' dir='ltr'><strong>jam</strong></span> <span class='ocrx_word' id='word_1_166' title='bbox 2001 2371 2106 2410; x_wconf 92' lang='lat' dir='ltr'><strong>non</strong></span> 
     </span>
    </p>
   </div>
   <div class='ocr_carea' id='block_1_24' title="bbox 527 2446 2107 2516">
    <p class='ocr_par' dir='ltr' id='par_1_24' title="bbox 527 2446 2107 2516">
     <span class='ocr_line' id='line_1_24' title="bbox 527 2446 2107 2516; baseline -0.003 -13"><span class='ocrx_word' id='word_1_167' title='bbox 527 2450 772 2516; x_wconf 89' lang='lat' dir='ltr'><strong>moritur,</strong></span> <span class='ocrx_word' id='word_1_168' title='bbox 807 2459 860 2504; x_wconf 91' lang='lat' dir='ltr'><strong>et</strong></span> <span class='ocrx_word' id='word_1_169' title='bbox 887 2463 1033 2503; x_wconf 90' lang='lat' dir='ltr'><strong>mors</strong></span> <span class='ocrx_word' id='word_1_170' title='bbox 1059 2448 1110 2502; x_wconf 90' lang='lat' dir='ltr'><strong>ei</strong></span> <span class='ocrx_word' id='word_1_171' title='bbox 1139 2448 1275 2500; x_wconf 89' lang='lat' dir='ltr'><strong>ultra</strong></span> <span class='ocrx_word' id='word_1_172' title='bbox 1307 2462 1412 2500; x_wconf 83' lang='lat' dir='ltr'><strong>non</strong></span> <span class='ocrx_word' id='word_1_173' title='bbox 1443 2446 1802 2500; x_wconf 80' lang='lat' dir='ltr'><strong>dominabitur</strong></span> <span class='ocrx_word' id='word_1_174' title='bbox 1825 2446 2002 2514; x_wconf 86' lang='lat' dir='ltr'><strong>(Rom.</strong></span> <span class='ocrx_word' id='word_1_175' title='bbox 2036 2461 2107 2512; x_wconf 78' lang='lat' dir='ltr'><strong>vr,</strong></span> 
     </span>
    </p>
   </div>
   <div class='ocr_carea' id='block_1_25' title="bbox 522 2537 2109 2612">
    <p class='ocr_par' dir='ltr' id='par_1_25' title="bbox 522 2537 2109 2612">
     <span class='ocr_line' id='line_1_25' title="bbox 522 2537 2109 2612; baseline -0.003 -16"><span class='ocrx_word' id='word_1_176' title='bbox 522 2541 616 2612; x_wconf 83' lang='lat'><strong>9);</strong></span> <span class='ocrx_word' id='word_1_177' title='bbox 643 2540 786 2612; x_wconf 89' lang='lat' dir='ltr'><strong>quod</strong></span> <span class='ocrx_word' id='word_1_178' title='bbox 819 2540 948 2593; x_wconf 79' lang='lat' dir='ltr'><strong>vivit</strong></span> <span class='ocrx_word' id='word_1_179' title='bbox 993 2540 1046 2592; x_wconf 92' lang='lat' dir='ltr'><strong>in</strong></span> <span class='ocrx_word' id='word_1_180' title='bbox 1087 2547 1349 2592; x_wconf 68' lang='lat' dir='ltr'><strong>aeternum</strong></span> <span class='ocrx_word' id='word_1_181' title='bbox 1379 2537 1538 2591; x_wconf 90' lang='lat' dir='ltr'><strong>etiam</strong></span> <span class='ocrx_word' id='word_1_182' title='bbox 1581 2537 1694 2607; x_wconf 90' lang='lat' dir='ltr'><strong>ipsa</strong></span> <span class='ocrx_word' id='word_1_183' title='bbox 1723 2538 1774 2591; x_wconf 94' lang='lat' dir='ltr'><strong>in</strong></span> <span class='ocrx_word' id='word_1_184' title='bbox 1803 2538 1893 2592; x_wconf 91' lang='lat' dir='ltr'><strong>illo</strong></span> <span class='ocrx_word' id='word_1_185' title='bbox 1923 2546 2109 2592; x_wconf 86' lang='lat' dir='ltr'><strong>natura</strong></span> 
     </span>
    </p>
   </div>
   <div class='ocr_carea' id='block_1_26' title="bbox 523 2626 2108 2700">
    <p class='ocr_par' dir='ltr' id='par_1_26' title="bbox 523 2626 2108 2700">
     <span class='ocr_line' id='line_1_26' title="bbox 523 2626 2108 2700; baseline -0.002 -15"><span class='ocrx_word' id='word_1_186' title='bbox 523 2633 752 2686; x_wconf 87' lang='lat' dir='ltr'><strong>humana</strong></span> <span class='ocrx_word' id='word_1_187' title='bbox 773 2671 786 2694; x_wconf 94' lang='lat'><strong>,</strong></span> <span class='ocrx_word' id='word_1_188' title='bbox 817 2645 976 2700; x_wconf 87' lang='lat' dir='ltr'><strong>quam</strong></span> <span class='ocrx_word' id='word_1_189' title='bbox 1006 2629 1276 2698; x_wconf 86' lang='lat' dir='ltr'><strong>suscipere</strong></span> <span class='ocrx_word' id='word_1_190' title='bbox 1297 2669 1314 2695; x_wconf 91' lang='lat'><strong>,</strong></span> <span class='ocrx_word' id='word_1_191' title='bbox 1346 2639 1398 2682; x_wconf 89' lang='lat' dir='ltr'><strong>et</strong></span> <span class='ocrx_word' id='word_1_192' title='bbox 1429 2627 1479 2682; x_wconf 90' lang='lat' dir='ltr'><strong>in</strong></span> <span class='ocrx_word' id='word_1_193' title='bbox 1509 2643 1613 2698; x_wconf 90' lang='lat' dir='ltr'><strong>qua</strong></span> <span class='ocrx_word' id='word_1_194' title='bbox 1637 2626 1815 2694; x_wconf 88' lang='lat' dir='ltr'><strong>nasci,</strong></span> <span class='ocrx_word' id='word_1_195' title='bbox 1842 2637 1895 2682; x_wconf 91' lang='lat' dir='ltr'><strong>et</strong></span> <span class='ocrx_word' id='word_1_196' title='bbox 1922 2627 1973 2682; x_wconf 92' lang='lat' dir='ltr'><strong>in</strong></span> <span class='ocrx_word' id='word_1_197' title='bbox 2005 2642 2108 2698; x_wconf 88' lang='lat' dir='ltr'><strong>qua</strong></span> 
     </span>
    </p>
   </div>
   <div class='ocr_carea' id='block_1_27' title="bbox 525 2718 2105 2790">
    <p class='ocr_par' dir='ltr' id='par_1_27' title="bbox 525 2718 2105 2790">
     <span class='ocr_line' id='line_1_27' title="bbox 525 2718 2105 2790; baseline -0.001 -16"><span class='ocrx_word' id='word_1_198' title='bbox 525 2722 661 2776; x_wconf 91' lang='lat' dir='ltr'><strong>mori</strong></span> <span class='ocrx_word' id='word_1_199' title='bbox 691 2731 746 2775; x_wconf 91' lang='lat' dir='ltr'><strong>et</strong></span> <span class='ocrx_word' id='word_1_200' title='bbox 774 2720 992 2790; x_wconf 84' lang='lat' dir='ltr'><strong>sepeliri</strong></span> <span class='ocrx_word' id='word_1_201' title='bbox 1041 2719 1287 2789; x_wconf 91' lang='lat' dir='ltr'><strong>dignatus</strong></span> <span class='ocrx_word' id='word_1_202' title='bbox 1329 2728 1431 2786; x_wconf 92' lang='lat' dir='ltr'><strong>est,</strong></span> <span class='ocrx_word' id='word_1_203' title='bbox 1466 2718 1568 2773; x_wconf 89' lang='lat' dir='ltr'><strong>hoc</strong></span> <span class='ocrx_word' id='word_1_204' title='bbox 1611 2719 1932 2774; x_wconf 68' lang='lat' dir='ltr'><strong>aediﬁcatum</strong></span> <span class='ocrx_word' id='word_1_205' title='bbox 1983 2728 2105 2786; x_wconf 90' lang='lat' dir='ltr'><strong>est,</strong></span> 
     </span>
    </p>
   </div>
   <div class='ocr_carea' id='block_1_28' title="bbox 525 2811 2109 2882">
    <p class='ocr_par' dir='ltr' id='par_1_28' title="bbox 525 2811 2109 2882">
     <span class='ocr_line' id='line_1_28' title="bbox 525 2811 2109 2882; baseline 0 -16"><span class='ocrx_word' id='word_1_206' title='bbox 525 2814 629 2868; x_wconf 83' lang='lat' dir='ltr'><strong>hoc</strong></span> <span class='ocrx_word' id='word_1_207' title='bbox 657 2827 869 2882; x_wconf 86' lang='lat' dir='ltr'><strong>semper</strong></span> <span class='ocrx_word' id='word_1_208' title='bbox 897 2819 1096 2866; x_wconf 89' lang='lat' dir='ltr'><strong>manet.</strong></span> <span class='ocrx_word' id='word_1_209' title='bbox 1130 2811 1386 2866; x_wconf 71' lang='lat' dir='ltr'><strong>Machina:</strong></span> <span class='ocrx_word' id='word_1_210' title='bbox 1416 2819 1592 2866; x_wconf 90' lang='lat' dir='ltr'><strong>autem</strong></span> <span class='ocrx_word' id='word_1_211' title='bbox 1636 2826 1732 2881; x_wconf 90' lang='lat' dir='ltr'><strong>per</strong></span> <span class='ocrx_word' id='word_1_212' title='bbox 1774 2826 1906 2882; x_wconf 89' lang='lat' dir='ltr'><strong>quas</strong></span> <span class='ocrx_word' id='word_1_213' title='bbox 1937 2811 2109 2866; x_wconf 64' lang='lat' dir='ltr'><strong>(ediﬁ-</strong></span> 
     </span>
    </p>
   </div>
   <div class='ocr_carea' id='block_1_29' title="bbox 527 2903 2110 2976">
    <p class='ocr_par' dir='ltr' id='par_1_29' title="bbox 527 2903 2110 2976">
     <span class='ocr_line' id='line_1_29' title="bbox 527 2903 2110 2976; baseline -0.001 -17"><span class='ocrx_word' id='word_1_214' title='bbox 527 2914 704 2960; x_wconf 88' lang='lat' dir='ltr'><strong>catum</strong></span> <span class='ocrx_word' id='word_1_215' title='bbox 735 2913 850 2970; x_wconf 85' lang='lat' dir='ltr'><strong>est,</strong></span> <span class='ocrx_word' id='word_1_216' title='bbox 895 2903 1236 2960; x_wconf 87' lang='lat' dir='ltr'><strong>transierunt.</strong></span> <span class='ocrx_word' id='word_1_217' title='bbox 1267 2903 1383 2960; x_wconf 86' lang='lat' dir='ltr'><strong>Non</strong></span> <span class='ocrx_word' id='word_1_218' title='bbox 1427 2904 1568 2959; x_wconf 89' lang='lat' dir='ltr'><strong>enim</strong></span> <span class='ocrx_word' id='word_1_219' title='bbox 1612 2920 1824 2974; x_wconf 87' lang='lat' dir='ltr'><strong>semper</strong></span> <span class='ocrx_word' id='word_1_220' title='bbox 1855 2905 1906 2960; x_wconf 90' lang='lat' dir='ltr'><strong>in</strong></span> <span class='ocrx_word' id='word_1_221' title='bbox 1959 2913 2110 2976; x_wconf 81' lang='lat' dir='ltr'><strong>utero</strong></span> 
     </span>
    </p>
   </div>
   <div class='ocr_carea' id='block_1_30' title="bbox 527 2995 2112 3068">
    <p class='ocr_par' dir='ltr' id='par_1_30' title="bbox 527 2995 2112 3068">
     <span class='ocr_line' id='line_1_30' title="bbox 527 2995 2112 3068; baseline 0.001 -19"><span class='ocrx_word' id='word_1_222' title='bbox 527 2997 779 3068; x_wconf 73' lang='lat' dir='ltr'><strong>virginali</strong></span> <span class='ocrx_word' id='word_1_223' title='bbox 809 2996 1127 3066; x_wconf 88' lang='lat' dir='ltr'><strong>concipitur,</strong></span> <span class='ocrx_word' id='word_1_224' title='bbox 1154 3004 1246 3050; x_wconf 88' lang='lat' dir='ltr'><strong>aut</strong></span> <span class='ocrx_word' id='word_1_225' title='bbox 1272 3011 1484 3066; x_wconf 85' lang='lat' dir='ltr'><strong>semper</strong></span> <span class='ocrx_word' id='word_1_226' title='bbox 1513 2995 1578 3052; x_wconf 93' lang='lat' dir='ltr'><strong>de</strong></span> <span class='ocrx_word' id='word_1_227' title='bbox 1607 2996 1771 3052; x_wconf 82' lang='lat' dir='ltr'><strong>Maria</strong></span> <span class='ocrx_word' id='word_1_228' title='bbox 1791 2997 1991 3068; x_wconf 88' lang='lat' dir='ltr'><strong>virgine</strong></span> <span class='ocrx_word' id='word_1_229' title='bbox 2018 3013 2112 3051; x_wconf 86' lang='lat' dir='ltr'><strong>na-</strong></span> 
     </span>
    </p>
   </div>
   <div class='ocr_carea' id='block_1_31' title="bbox 525 3086 2110 3156">
    <p class='ocr_par' dir='ltr' id='par_1_31' title="bbox 525 3086 2110 3156">
     <span class='ocr_line' id='line_1_31' title="bbox 525 3086 2110 3156; baseline -0.001 -14"><span class='ocrx_word' id='word_1_230' title='bbox 525 3088 695 3143; x_wconf 85' lang='lat' dir='ltr'><strong>scitur</strong></span> <span class='ocrx_word' id='word_1_231' title='bbox 744 3087 1021 3152; x_wconf 88' lang='lat' dir='ltr'><strong>Christus,</strong></span> <span class='ocrx_word' id='word_1_232' title='bbox 1075 3096 1168 3140; x_wconf 86' lang='lat' dir='ltr'><strong>aut</strong></span> <span class='ocrx_word' id='word_1_233' title='bbox 1218 3099 1432 3156; x_wconf 87' lang='lat' dir='ltr'><strong>semper</strong></span> <span class='ocrx_word' id='word_1_234' title='bbox 1478 3086 1973 3156; x_wconf 87' lang='lat' dir='ltr'><strong>comprehenditur,</strong></span> <span class='ocrx_word' id='word_1_235' title='bbox 2018 3095 2110 3142; x_wconf 88' lang='lat' dir='ltr'><strong>aut</strong></span> 
     </span>
    </p>
   </div>
   <div class='ocr_carea' id='block_1_32' title="bbox 523 3174 2105 3247">
    <p class='ocr_par' dir='ltr' id='par_1_32' title="bbox 523 3174 2105 3247">
     <span class='ocr_line' id='line_1_32' title="bbox 523 3174 2105 3247; baseline 0.001 -17"><span class='ocrx_word' id='word_1_236' title='bbox 523 3191 740 3246; x_wconf 88' lang='lat' dir='ltr'><strong>semper</strong></span> <span class='ocrx_word' id='word_1_237' title='bbox 769 3175 1057 3246; x_wconf 88' lang='lat' dir='ltr'><strong>judicatur,</strong></span> <span class='ocrx_word' id='word_1_238' title='bbox 1102 3174 1420 3245; x_wconf 85' lang='lat' dir='ltr'><strong>flagellatur,</strong></span> <span class='ocrx_word' id='word_1_239' title='bbox 1451 3176 1794 3247; x_wconf 90' lang='lat' dir='ltr'><strong>cruciﬁgitur,</strong></span> <span class='ocrx_word' id='word_1_240' title='bbox 1827 3178 2105 3246; x_wconf 89' lang='lat' dir='ltr'><strong>sepelitur.</strong></span> 
     </span>
    </p>
   </div>
   <div class='ocr_carea' id='block_1_33' title="bbox 525 3264 2108 3339">
    <p class='ocr_par' dir='ltr' id='par_1_33' title="bbox 525 3264 2108 3339">
     <span class='ocr_line' id='line_1_33' title="bbox 525 3264 2108 3339; baseline 0.002 -17"><span class='ocrx_word' id='word_1_241' title='bbox 525 3267 714 3322; x_wconf 86' lang='lat' dir='ltr'><strong>Omnia</strong></span> <span class='ocrx_word' id='word_1_242' title='bbox 742 3265 856 3321; x_wconf 78' lang='lat' dir='ltr'><strong>hzec</strong></span> <span class='ocrx_word' id='word_1_243' title='bbox 877 3266 1136 3320; x_wconf 81' lang='lat' dir='ltr'><strong>machina:</strong></span> <span class='ocrx_word' id='word_1_244' title='bbox 1164 3264 1504 3334; x_wconf 88' lang='lat' dir='ltr'><strong>deputantur,</strong></span> <span class='ocrx_word' id='word_1_245' title='bbox 1544 3275 1600 3322; x_wconf 93' lang='lat' dir='ltr'><strong>ut</strong></span> <span class='ocrx_word' id='word_1_246' title='bbox 1628 3267 1982 3324; x_wconf 65' lang='lat' dir='ltr'><strong>mdiﬁcaretur</strong></span> <span class='ocrx_word' id='word_1_247' title='bbox 2015 3285 2108 3339; x_wconf 86' lang='lat' dir='ltr'><strong>per</strong></span> 
     </span>
    </p>
   </div>
   <div class='ocr_carea' id='block_1_34' title="bbox 529 3357 2110 3428">
    <p class='ocr_par' dir='ltr' id='par_1_34' title="bbox 529 3357 2110 3428">
     <span class='ocr_line' id='line_1_34' title="bbox 529 3357 2110 3428; baseline 0.001 -14"><span class='ocrx_word' id='word_1_248' title='bbox 529 3361 626 3415; x_wconf 87' lang='lat' dir='ltr'><strong>has</strong></span> <span class='ocrx_word' id='word_1_249' title='bbox 652 3357 923 3414; x_wconf 86' lang='lat' dir='ltr'><strong>machinas</strong></span> <span class='ocrx_word' id='word_1_250' title='bbox 949 3357 1079 3412; x_wconf 91' lang='lat' dir='ltr'><strong>illud</strong></span> <span class='ocrx_word' id='word_1_251' title='bbox 1109 3357 1249 3428; x_wconf 92' lang='lat' dir='ltr'><strong>quod</strong></span> <span class='ocrx_word' id='word_1_252' title='bbox 1271 3367 1450 3412; x_wconf 89' lang='lat' dir='ltr'><strong>manet</strong></span> <span class='ocrx_word' id='word_1_253' title='bbox 1480 3359 1530 3413; x_wconf 92' lang='lat' dir='ltr'><strong>in</strong></span> <span class='ocrx_word' id='word_1_254' title='bbox 1559 3367 1837 3415; x_wconf 70' lang='lat' dir='ltr'><strong>:eternum.</strong></span> <span class='ocrx_word' id='word_1_255' title='bbox 1873 3361 1998 3416; x_wconf 71' lang='lat' dir='ltr'><strong>llmc</strong></span> <span class='ocrx_word' id='word_1_256' title='bbox 2024 3377 2110 3416; x_wconf 84' lang='lat' dir='ltr'><strong>au-</strong></span> 
     </span>
    </p>
   </div>
   <div class='ocr_carea' id='block_1_35' title="bbox 525 3449 2106 3509">
    <p class='ocr_par' dir='ltr' id='par_1_35' title="bbox 525 3449 2106 3509">
     <span class='ocr_line' id='line_1_35' title="bbox 525 3449 2106 3509; baseline 0.001 -3"><span class='ocrx_word' id='word_1_257' title='bbox 525 3465 630 3507; x_wconf 78' lang='lat' dir='ltr'><strong>tum</strong></span> <span class='ocrx_word' id='word_1_258' title='bbox 659 3449 979 3506; x_wconf 89' lang='lat' dir='ltr'><strong>resurrectio</strong></span> <span class='ocrx_word' id='word_1_259' title='bbox 1022 3449 1232 3505; x_wconf 86' lang='lat' dir='ltr'><strong>Domini</strong></span> <span class='ocrx_word' id='word_1_260' title='bbox 1262 3450 1432 3506; x_wconf 87' lang='lat' dir='ltr'><strong>nostri</strong></span> <span class='ocrx_word' id='word_1_261' title='bbox 1477 3449 1603 3506; x_wconf 88' lang='lat' dir='ltr'><strong>Jesu</strong></span> <span class='ocrx_word' id='word_1_262' title='bbox 1639 3451 1834 3507; x_wconf 73' lang='lat' dir='ltr'><strong>Christi</strong></span> <span class='ocrx_word' id='word_1_263' title='bbox 1880 3453 1932 3507; x_wconf 92' lang='lat' dir='ltr'><strong>in</strong></span> <span class='ocrx_word' id='word_1_264' title='bbox 1966 3454 2106 3509; x_wconf 63' lang='lat' dir='ltr'><strong>caelo</strong></span> 
     </span>
    </p>
   </div>
   <div class='ocr_carea' id='block_1_36' title="bbox 524 3545 831 3615">
    <p class='ocr_par' dir='ltr' id='par_1_36' title="bbox 524 3545 831 3615">
     <span class='ocr_line' id='line_1_36' title="bbox 524 3545 831 3615; baseline 0.007 -21"><span class='ocrx_word' id='word_1_265' title='bbox 524 3545 698 3615; x_wconf 84' lang='lat' dir='ltr'><strong>posita</strong></span> <span class='ocrx_word' id='word_1_266' title='bbox 729 3551 831 3598; x_wconf 92' lang='lat' dir='ltr'><strong>cst.</strong></span> 
     </span>
    </p>
   </div>
   <div class='ocr_carea' id='block_1_37' title="bbox 598 3634 2110 3706">
    <p class='ocr_par' dir='ltr' id='par_1_37' title="bbox 598 3634 2110 3706">
     <span class='ocr_line' id='line_1_37' title="bbox 598 3634 2110 3706; baseline -0.001 -14"><span class='ocrx_word' id='word_1_267' title='bbox 598 3635 822 3692; x_wconf 81' lang='lat' dir='ltr'><strong>CAPUT</strong></span> <span class='ocrx_word' id='word_1_268' title='bbox 862 3635 998 3690; x_wconf 81' lang='lat' dir='ltr'><strong>Vill.</strong></span> <span class='ocrx_word' id='word_1_269' title='bbox 1034 3665 1105 3676; x_wconf 91' lang='lat'><strong>—</strong></span> <span class='ocrx_word' id='word_1_270' title='bbox 1133 3635 1186 3691; x_wconf 90' lang='lat'><strong>8.</strong></span> <span class='ocrx_word' id='word_1_271' title='bbox 1230 3634 1536 3706; x_wconf 64' lang='lat' dir='ltr'><strong>didi/icium</strong></span> <span class='ocrx_word' id='word_1_272' title='bbox 1564 3637 1774 3691; x_wconf 67' lang='lat' dir='ltr'><strong>caelestis</strong></span> <span class='ocrx_word' id='word_1_273' title='bbox 1824 3635 2110 3692; x_wconf 78' lang='lat' dir='ltr'><strong>Jerusalem</strong></span> 
     </span>
    </p>
   </div>
   <div class='ocr_carea' id='block_1_38' title="bbox 523 3727 2109 3801">
    <p class='ocr_par' dir='ltr' id='par_1_38' title="bbox 523 3727 2109 3801">
     <span class='ocr_line' id='line_1_38' title="bbox 523 3727 2109 3801; baseline 0.003 -22"><span class='ocrx_word' id='word_1_274' title='bbox 523 3727 668 3781; x_wconf 84' lang='lat' dir='ltr'><strong>habet</strong></span> <span class='ocrx_word' id='word_1_275' title='bbox 697 3727 1082 3798; x_wconf 82' lang='lat' dir='ltr'><strong>fundamentum</strong></span> <span class='ocrx_word' id='word_1_276' title='bbox 1111 3744 1332 3782; x_wconf 81' lang='lat' dir='ltr'><strong>sursum.</strong></span> <span class='ocrx_word' id='word_1_277' title='bbox 1367 3727 1596 3783; x_wconf 79' lang='lat' dir='ltr'><strong>Christus</strong></span> <span class='ocrx_word' id='word_1_278' title='bbox 1640 3739 1684 3782; x_wconf 89' lang='lat' dir='ltr'><strong>et</strong></span> <span class='ocrx_word' id='word_1_279' title='bbox 1724 3731 2109 3801; x_wconf 78' lang='lat' dir='ltr'><strong>fundamentum</strong></span> 
     </span>
    </p>
   </div>
   <div class='ocr_carea' id='block_1_39' title="bbox 525 3818 2108 3886">
    <p class='ocr_par' dir='ltr' id='par_1_39' title="bbox 525 3818 2108 3886">
     <span class='ocr_line' id='line_1_39' title="bbox 525 3818 2108 3886; baseline 0.003 -16"><span class='ocrx_word' id='word_1_280' title='bbox 525 3827 775 3883; x_wconf 80' lang='lat' dir='ltr'><strong>nostrum,</strong></span> <span class='ocrx_word' id='word_1_281' title='bbox 807 3827 852 3870; x_wconf 92' lang='lat' dir='ltr'><strong>et</strong></span> <span class='ocrx_word' id='word_1_282' title='bbox 880 3829 1048 3886; x_wconf 87' lang='lat' dir='ltr'><strong>caput.</strong></span> <span class='ocrx_word' id='word_1_283' title='bbox 1075 3818 1325 3873; x_wconf 85' lang='lat' dir='ltr'><strong>Attendat</strong></span> <span class='ocrx_word' id='word_1_284' title='bbox 1359 3819 1601 3874; x_wconf 87' lang='lat' dir='ltr'><strong>Charitas</strong></span> <span class='ocrx_word' id='word_1_285' title='bbox 1621 3831 1795 3876; x_wconf 83' lang='lat' dir='ltr'><strong>vestra</strong></span> <span class='ocrx_word' id='word_1_286' title='bbox 1826 3822 2108 3876; x_wconf 75' lang='lat' dir='ltr'><strong>:edificium</strong></span> 
     </span>
    </p>
   </div>
   <div class='ocr_carea' id='block_1_40' title="bbox 527 3907 2147 3982">
    <p class='ocr_par' dir='ltr' id='par_1_40' title="bbox 527 3907 2147 3982">
     <span class='ocr_line' id='line_1_40' title="bbox 527 3907 2147 3982; baseline 0.001 -16"><span class='ocrx_word' id='word_1_287' title='bbox 527 3911 790 3967; x_wconf 89' lang='lat' dir='ltr'><strong>mirabile.</strong></span> <span class='ocrx_word' id='word_1_288' title='bbox 839 3907 1083 3964; x_wconf 70' lang='lat' dir='ltr'><strong>ASdiﬁcia</strong></span> <span class='ocrx_word' id='word_1_289' title='bbox 1113 3910 1309 3982; x_wconf 89' lang='lat' dir='ltr'><strong>quippe</strong></span> <span class='ocrx_word' id='word_1_290' title='bbox 1354 3911 1451 3965; x_wconf 77' lang='lat' dir='ltr'><strong>ista</strong></span> <span class='ocrx_word' id='word_1_291' title='bbox 1494 3921 1703 3967; x_wconf 88' lang='lat' dir='ltr'><strong>terrena</strong></span> <span class='ocrx_word' id='word_1_292' title='bbox 1737 3913 1970 3982; x_wconf 87' lang='lat' dir='ltr'><strong>pondere</strong></span> <span class='ocrx_word' id='word_1_293' title='bbox 2011 3929 2147 3967; x_wconf 85' lang='lat' dir='ltr'><strong>suo-</strong></span> 
     </span>
    </p>
   </div>
   <div class='ocr_carea' id='block_1_41' title="bbox 528 4004 2108 4074">
    <p class='ocr_par' dir='ltr' id='par_1_41' title="bbox 528 4004 2108 4074">
     <span class='ocr_line' id='line_1_41' title="bbox 528 4004 2108 4074; baseline 0.001 -16"><span class='ocrx_word' id='word_1_294' title='bbox 528 4013 726 4058; x_wconf 85' lang='lat' dir='ltr'><strong>terram</strong></span> <span class='ocrx_word' id='word_1_295' title='bbox 775 4011 1054 4072; x_wconf 89' lang='lat' dir='ltr'><strong>premunt,</strong></span> <span class='ocrx_word' id='word_1_296' title='bbox 1091 4011 1340 4072; x_wconf 85' lang='lat' dir='ltr'><strong>totusque</strong></span> <span class='ocrx_word' id='word_1_297' title='bbox 1383 4014 1541 4059; x_wconf 87' lang='lat' dir='ltr'><strong>nutus</strong></span> <span class='ocrx_word' id='word_1_298' title='bbox 1583 4004 1876 4074; x_wconf 85' lang='lat' dir='ltr'><strong>ponderum</strong></span> <span class='ocrx_word' id='word_1_299' title='bbox 1918 4006 1971 4060; x_wconf 91' lang='lat' dir='ltr'><strong>in</strong></span> <span class='ocrx_word' id='word_1_300' title='bbox 2011 4007 2108 4060; x_wconf 86' lang='lat' dir='ltr'><strong>ista</strong></span> 
     </span>
    </p>
   </div>
   <div class='ocr_carea' id='block_1_42' title="bbox 443 4092 2111 4163">
    <p class='ocr_par' dir='ltr' id='par_1_42' title="bbox 443 4092 2111 4163">
     <span class='ocr_line' id='line_1_42' title="bbox 443 4092 2111 4163; baseline 0.002 -15"><span class='ocrx_word' id='word_1_301' title='bbox 443 4104 447 4109; x_wconf 82' lang='lat'><strong><em>‘</em></strong></span> <span class='ocrx_word' id='word_1_302' title='bbox 526 4103 795 4148; x_wconf 87' lang='lat' dir='ltr'><strong>structura</strong></span> <span class='ocrx_word' id='word_1_303' title='bbox 822 4092 1184 4163; x_wconf 79' lang='lat' dir='ltr'><strong>magnitudine</strong></span> <span class='ocrx_word' id='word_1_304' title='bbox 1211 4092 1276 4147; x_wconf 90' lang='lat' dir='ltr'><strong>ad</strong></span> <span class='ocrx_word' id='word_1_305' title='bbox 1305 4101 1501 4147; x_wconf 90' lang='lat' dir='ltr'><strong>terram</strong></span> <span class='ocrx_word' id='word_1_306' title='bbox 1544 4095 1748 4160; x_wconf 90' lang='lat' dir='ltr'><strong>nititur,</strong></span> <span class='ocrx_word' id='word_1_307' title='bbox 1777 4104 1831 4150; x_wconf 92' lang='lat' dir='ltr'><strong>et</strong></span> <span class='ocrx_word' id='word_1_308' title='bbox 1863 4095 1963 4149; x_wconf 84' lang='lat' dir='ltr'><strong>nisi</strong></span> <span class='ocrx_word' id='word_1_309' title='bbox 1984 4111 2111 4151; x_wconf 92' lang='lat' dir='ltr'><strong>con-</strong></span> 
     </span>
    </p>
   </div>
   <div class='ocr_carea' id='block_1_43' title="bbox 526 4184 2106 4257">
    <p class='ocr_par' dir='ltr' id='par_1_43' title="bbox 526 4184 2106 4257">
     <span class='ocr_line' id='line_1_43' title="bbox 526 4184 2106 4257; baseline 0.001 -17"><span class='ocrx_word' id='word_1_310' title='bbox 526 4189 776 4251; x_wconf 86' lang='lat' dir='ltr'><strong>tineatur,</strong></span> <span class='ocrx_word' id='word_1_311' title='bbox 807 4185 873 4240; x_wconf 88' lang='lat' dir='ltr'><strong>ad</strong></span> <span class='ocrx_word' id='word_1_312' title='bbox 902 4184 1150 4240; x_wconf 86' lang='lat' dir='ltr'><strong>inferiora</strong></span> <span class='ocrx_word' id='word_1_313' title='bbox 1183 4185 1476 4251; x_wconf 85' lang='lat' dir='ltr'><strong>contendit,</strong></span> <span class='ocrx_word' id='word_1_314' title='bbox 1508 4203 1614 4257; x_wconf 90' lang='lat' dir='ltr'><strong>quo</strong></span> <span class='ocrx_word' id='word_1_315' title='bbox 1643 4187 1848 4256; x_wconf 90' lang='lat' dir='ltr'><strong>pondus</strong></span> <span class='ocrx_word' id='word_1_316' title='bbox 1872 4187 2106 4242; x_wconf 86' lang='lat' dir='ltr'><strong>adducit.</strong></span> 
     </span>
    </p>
   </div>
   <div class='ocr_carea' id='block_1_44' title="bbox 525 4279 2108 4350">
    <p class='ocr_par' dir='ltr' id='par_1_44' title="bbox 525 4279 2108 4350">
     <span class='ocr_line' id='line_1_44' title="bbox 525 4279 2108 4350; baseline 0 -15"><span class='ocrx_word' id='word_1_317' title='bbox 525 4281 660 4348; x_wconf 87' lang='lat' dir='ltr'><strong>Quia</strong></span> <span class='ocrx_word' id='word_1_318' title='bbox 685 4294 813 4350; x_wconf 76' lang='lat' dir='ltr'><strong>ergo</strong></span> <span class='ocrx_word' id='word_1_319' title='bbox 842 4281 894 4335; x_wconf 90' lang='lat' dir='ltr'><strong>in</strong></span> <span class='ocrx_word' id='word_1_320' title='bbox 922 4291 1060 4334; x_wconf 89' lang='lat' dir='ltr'><strong>terra</strong></span> <span class='ocrx_word' id='word_1_321' title='bbox 1104 4279 1417 4346; x_wconf 74' lang='lat' dir='ltr'><strong>atdiﬁcatur,</strong></span> <span class='ocrx_word' id='word_1_322' title='bbox 1452 4280 1502 4333; x_wconf 93' lang='lat' dir='ltr'><strong>in</strong></span> <span class='ocrx_word' id='word_1_323' title='bbox 1533 4287 1671 4335; x_wconf 90' lang='lat' dir='ltr'><strong>terra</strong></span> <span class='ocrx_word' id='word_1_324' title='bbox 1711 4279 2108 4336; x_wconf 87' lang='lat' dir='ltr'><strong>fundamentum</strong></span> 
     </span>
    </p>
   </div>
   <div class='ocr_carea' id='block_1_45' title="bbox 528 4369 2110 4442">
    <p class='ocr_par' dir='ltr' id='par_1_45' title="bbox 528 4369 2110 4442">
     <span class='ocr_line' id='line_1_45' title="bbox 528 4369 2110 4442; baseline 0 -16"><span class='ocrx_word' id='word_1_325' title='bbox 528 4371 900 4442; x_wconf 72' lang='lat' dir='ltr'><strong>prmmittitur;</strong></span> <span class='ocrx_word' id='word_1_326' title='bbox 930 4379 986 4424; x_wconf 88' lang='lat' dir='ltr'><strong>ut</strong></span> <span class='ocrx_word' id='word_1_327' title='bbox 1011 4384 1168 4440; x_wconf 87' lang='lat' dir='ltr'><strong>supra</strong></span> <span class='ocrx_word' id='word_1_328' title='bbox 1200 4369 1599 4425; x_wconf 80' lang='lat' dir='ltr'><strong>fundamentum</strong></span> <span class='ocrx_word' id='word_1_329' title='bbox 1629 4385 1850 4426; x_wconf 90' lang='lat' dir='ltr'><strong>securus</strong></span> <span class='ocrx_word' id='word_1_330' title='bbox 1885 4372 2110 4426; x_wconf 89' lang='lat' dir='ltr'><strong>instruat</strong></span> 
     </span>
    </p>
   </div>
   <div class='ocr_carea' id='block_1_46' title="bbox 526 4460 2105 4533">
    <p class='ocr_par' dir='ltr' id='par_1_46' title="bbox 526 4460 2105 4533">
     <span class='ocr_line' id='line_1_46' title="bbox 526 4460 2105 4533; baseline 0.001 -16"><span class='ocrx_word' id='word_1_331' title='bbox 526 4465 618 4533; x_wconf 88' lang='lat' dir='ltr'><strong>qui</strong></span> <span class='ocrx_word' id='word_1_332' title='bbox 645 4460 892 4518; x_wconf 56' lang='lat' dir='ltr'><strong>mdiﬁcat.</strong></span> <span class='ocrx_word' id='word_1_333' title='bbox 942 4461 1082 4531; x_wconf 89' lang='lat' dir='ltr'><strong>Ergo</strong></span> <span class='ocrx_word' id='word_1_334' title='bbox 1128 4461 1276 4530; x_wconf 90' lang='lat' dir='ltr'><strong>ponit</strong></span> <span class='ocrx_word' id='word_1_335' title='bbox 1305 4461 1356 4515; x_wconf 93' lang='lat' dir='ltr'><strong>in</strong></span> <span class='ocrx_word' id='word_1_336' title='bbox 1401 4462 1508 4514; x_wconf 91' lang='lat' dir='ltr'><strong>imo</strong></span> <span class='ocrx_word' id='word_1_337' title='bbox 1545 4460 1876 4518; x_wconf 84' lang='lat' dir='ltr'><strong>firmissimas</strong></span> <span class='ocrx_word' id='word_1_338' title='bbox 1904 4464 2105 4528; x_wconf 88' lang='lat' dir='ltr'><strong>moles,</strong></span> 
     </span>
    </p>
   </div>
   <div class='ocr_carea' id='block_1_47' title="bbox 528 4552 2104 4624">
    <p class='ocr_par' dir='ltr' id='par_1_47' title="bbox 528 4552 2104 4624">
     <span class='ocr_line' id='line_1_47' title="bbox 528 4552 2104 4624; baseline -0.001 -14"><span class='ocrx_word' id='word_1_339' title='bbox 528 4564 585 4610; x_wconf 87' lang='grc' dir='ltr'><strong>ιιι</strong></span> <span class='ocrx_word' id='word_1_340' title='bbox 615 4553 805 4609; x_wconf 88' lang='lat' dir='ltr'><strong>idonee</strong></span> <span class='ocrx_word' id='word_1_341' title='bbox 841 4552 1045 4623; x_wconf 89' lang='lat' dir='ltr'><strong>possint</strong></span> <span class='ocrx_word' id='word_1_342' title='bbox 1077 4561 1288 4621; x_wconf 86' lang='lat' dir='ltr'><strong>portare</strong></span> <span class='ocrx_word' id='word_1_343' title='bbox 1327 4552 1554 4622; x_wconf 87' lang='lat' dir='ltr'><strong>desuper</strong></span> <span class='ocrx_word' id='word_1_344' title='bbox 1600 4553 1742 4623; x_wconf 89' lang='lat' dir='ltr'><strong>quod</strong></span> <span class='ocrx_word' id='word_1_345' title='bbox 1777 4553 2064 4624; x_wconf 88' lang='lat' dir='ltr'><strong>imponitur</strong></span> <span class='ocrx_word' id='word_1_346' title='bbox 2089 4594 2104 4619; x_wconf 92' lang='lat'><strong>,</strong></span> 
     </span>
    </p>
   </div>
   <div class='ocr_carea' id='block_1_48' title="bbox 524 4645 2106 4717">
    <p class='ocr_par' dir='ltr' id='par_1_48' title="bbox 524 4645 2106 4717">
     <span class='ocr_line' id='line_1_48' title="bbox 524 4645 2106 4717; baseline -0.001 -14"><span class='ocrx_word' id='word_1_347' title='bbox 524 4657 583 4703; x_wconf 87' lang='lat' dir='ltr'><strong>et</strong></span> <span class='ocrx_word' id='word_1_348' title='bbox 625 4661 721 4717; x_wconf 90' lang='lat' dir='ltr'><strong>pro</strong></span> <span class='ocrx_word' id='word_1_349' title='bbox 768 4645 1130 4716; x_wconf 81' lang='lat' dir='ltr'><strong>magnitudine</strong></span> <span class='ocrx_word' id='word_1_350' title='bbox 1176 4645 1384 4700; x_wconf 67' lang='lat' dir='ltr'><strong>aediﬁcii</strong></span> <span class='ocrx_word' id='word_1_351' title='bbox 1411 4645 1741 4717; x_wconf 85' lang='lat' dir='ltr'><strong>.magnitudo</strong></span> <span class='ocrx_word' id='word_1_352' title='bbox 1781 4647 2106 4702; x_wconf 78' lang='lat' dir='ltr'><strong>fundamenti</strong></span> 
     </span>
    </p>
   </div>
   <div class='ocr_carea' id='block_1_49' title="bbox 525 4737 2107 4808">
    <p class='ocr_par' dir='ltr' id='par_1_49' title="bbox 525 4737 2107 4808">
     <span class='ocr_line' id='line_1_49' title="bbox 525 4737 2107 4808; baseline 0.001 -15"><span class='ocrx_word' id='word_1_353' title='bbox 525 4747 891 4808; x_wconf 72' lang='lat' dir='ltr'><strong>prmparatur:</strong></span> <span class='ocrx_word' id='word_1_354' title='bbox 926 4737 976 4791; x_wconf 92' lang='lat' dir='ltr'><strong>in</strong></span> <span class='ocrx_word' id='word_1_355' title='bbox 1008 4747 1148 4792; x_wconf 89' lang='lat' dir='ltr'><strong>terra</strong></span> <span class='ocrx_word' id='word_1_356' title='bbox 1189 4744 1364 4792; x_wconf 89' lang='lat' dir='ltr'><strong>tamen</strong></span> <span class='ocrx_word' id='word_1_357' title='bbox 1388 4779 1401 4801; x_wconf 92' lang='lat'><strong>,</strong></span> <span class='ocrx_word' id='word_1_358' title='bbox 1449 4748 1506 4792; x_wconf 89' lang='lat' dir='ltr'><strong>ut</strong></span> <span class='ocrx_word' id='word_1_359' title='bbox 1549 4737 1698 4805; x_wconf 79' lang='lat' dir='ltr'><strong>dixi,</strong></span> <span class='ocrx_word' id='word_1_360' title='bbox 1747 4740 1867 4808; x_wconf 86' lang='lat' dir='ltr'><strong>quia</strong></span> <span class='ocrx_word' id='word_1_361' title='bbox 1893 4749 1950 4795; x_wconf 89' lang='lat' dir='ltr'><strong>et</strong></span> <span class='ocrx_word' id='word_1_362' title='bbox 1979 4740 2107 4795; x_wconf 90' lang='lat' dir='ltr'><strong>illud</strong></span> 
     </span>
    </p>
   </div>
   <div class='ocr_carea' id='block_1_50' title="bbox 522 4829 2109 4899">
    <p class='ocr_par' dir='ltr' id='par_1_50' title="bbox 522 4829 2109 4899">
     <span class='ocr_line' id='line_1_50' title="bbox 522 4829 2109 4899; baseline 0.002 -16"><span class='ocrx_word' id='word_1_363' title='bbox 522 4830 664 4899; x_wconf 88' lang='lat' dir='ltr'><strong>quod</strong></span> <span class='ocrx_word' id='word_1_364' title='bbox 694 4829 989 4886; x_wconf 75' lang='lat' dir='ltr'><strong>aediﬁcatur</strong></span> <span class='ocrx_word' id='word_1_365' title='bbox 1018 4843 1200 4898; x_wconf 88' lang='lat' dir='ltr'><strong>supra,</strong></span> <span class='ocrx_word' id='word_1_366' title='bbox 1229 4830 1413 4899; x_wconf 90' lang='lat' dir='ltr'><strong>utique</strong></span> <span class='ocrx_word' id='word_1_367' title='bbox 1441 4829 1493 4883; x_wconf 92' lang='lat' dir='ltr'><strong>in</strong></span> <span class='ocrx_word' id='word_1_368' title='bbox 1519 4839 1660 4883; x_wconf 88' lang='lat' dir='ltr'><strong>terra</strong></span> <span class='ocrx_word' id='word_1_369' title='bbox 1677 4831 1989 4885; x_wconf 81' lang='lat' dir='ltr'><strong>collocatur.</strong></span> <span class='ocrx_word' id='word_1_370' title='bbox 2021 4831 2109 4886; x_wconf 81' lang='lat' dir='ltr'><strong>Je-</strong></span> 
     </span>
    </p>
   </div>
   <div class='ocr_carea' id='block_1_51' title="bbox 523 4921 2105 4991">
    <p class='ocr_par' dir='ltr' id='par_1_51' title="bbox 523 4921 2105 4991">
     <span class='ocr_line' id='line_1_51' title="bbox 523 4921 2105 4991; baseline 0.002 -16"><span class='ocrx_word' id='word_1_371' title='bbox 523 4922 752 4977; x_wconf 85' lang='lat' dir='ltr'><strong>rusalem</strong></span> <span class='ocrx_word' id='word_1_372' title='bbox 803 4922 890 4975; x_wconf 88' lang='lat' dir='ltr'><strong>illa</strong></span> <span class='ocrx_word' id='word_1_373' title='bbox 934 4931 1114 4976; x_wconf 91' lang='lat' dir='ltr'><strong>nostra</strong></span> <span class='ocrx_word' id='word_1_374' title='bbox 1171 4923 1450 4991; x_wconf 87' lang='lat' dir='ltr'><strong>peregrina</strong></span> <span class='ocrx_word' id='word_1_375' title='bbox 1505 4922 1556 4974; x_wconf 93' lang='lat' dir='ltr'><strong>in</strong></span> <span class='ocrx_word' id='word_1_376' title='bbox 1611 4922 1750 4976; x_wconf 60' lang='lat' dir='ltr'><strong>coelo</strong></span> <span class='ocrx_word' id='word_1_377' title='bbox 1795 4921 2105 4978; x_wconf 86' lang='lat' dir='ltr'><strong>aediﬁcatur.</strong></span> 
     </span>
    </p>
   </div>
   <div class='ocr_carea' id='block_1_52' title="bbox 524 5009 2108 5080">
    <p class='ocr_par' dir='ltr' id='par_1_52' title="bbox 524 5009 2108 5080">
     <span class='ocr_line' id='line_1_52' title="bbox 524 5009 2108 5080; baseline 0.001 -14"><span class='ocrx_word' id='word_1_378' title='bbox 524 5012 648 5066; x_wconf 88' lang='lat' dir='ltr'><strong>Ideo</strong></span> <span class='ocrx_word' id='word_1_379' title='bbox 673 5012 943 5080; x_wconf 63' lang='lat' dir='ltr'><strong>princessit</strong></span> <span class='ocrx_word' id='word_1_380' title='bbox 971 5011 1367 5066; x_wconf 84' lang='lat' dir='ltr'><strong>fundamentum</strong></span> <span class='ocrx_word' id='word_1_381' title='bbox 1411 5009 1654 5064; x_wconf 81' lang='lat' dir='ltr'><strong>Christus</strong></span> <span class='ocrx_word' id='word_1_382' title='bbox 1700 5011 1752 5064; x_wconf 94' lang='lat' dir='ltr'><strong>in</strong></span> <span class='ocrx_word' id='word_1_383' title='bbox 1788 5011 2003 5066; x_wconf 62' lang='lat' dir='ltr'><strong>caelum.</strong></span> <span class='ocrx_word' id='word_1_384' title='bbox 2036 5013 2108 5068; x_wconf 90' lang='lat' dir='ltr'><strong>lbi</strong></span> 
     </span>
    </p>
   </div>
   <div class='ocr_carea' id='block_1_53' title="bbox 519 5100 2102 5170">
    <p class='ocr_par' dir='ltr' id='par_1_53' title="bbox 519 5100 2102 5170">
     <span class='ocr_line' id='line_1_53' title="bbox 519 5100 2102 5170; baseline -0.001 -11"><span class='ocrx_word' id='word_1_385' title='bbox 519 5103 665 5159; x_wconf 86' lang='lat' dir='ltr'><strong>enim</strong></span> <span class='ocrx_word' id='word_1_386' title='bbox 703 5101 1103 5156; x_wconf 88' lang='lat' dir='ltr'><strong>fundamentum</strong></span> <span class='ocrx_word' id='word_1_387' title='bbox 1144 5111 1385 5156; x_wconf 89' lang='lat' dir='ltr'><strong>nostrum</strong></span> <span class='ocrx_word' id='word_1_388' title='bbox 1411 5110 1573 5155; x_wconf 81' lang='lat' dir='ltr'><strong>estet</strong></span> <span class='ocrx_word' id='word_1_389' title='bbox 1607 5109 1765 5170; x_wconf 84' lang='lat' dir='ltr'><strong>caput</strong></span> <span class='ocrx_word' id='word_1_390' title='bbox 1805 5100 2056 5157; x_wconf 70' lang='lat' dir='ltr'><strong>Ecclesia:</strong></span> <span class='ocrx_word' id='word_1_391' title='bbox 2089 5121 2102 5157; x_wconf 91' lang='lat'>:</span> 
     </span>
    </p>
   </div>
   <div class='ocr_carea' id='block_1_54' title="bbox 524 5191 2106 5262">
    <p class='ocr_par' dir='ltr' id='par_1_54' title="bbox 524 5191 2106 5262">
     <span class='ocr_line' id='line_1_54' title="bbox 524 5191 2106 5262; baseline -0.001 -13"><span class='ocrx_word' id='word_1_392' title='bbox 524 5208 648 5249; x_wconf 90' lang='lat' dir='ltr'><strong>nam</strong></span> <span class='ocrx_word' id='word_1_393' title='bbox 675 5203 730 5248; x_wconf 90' lang='lat' dir='ltr'><strong>et</strong></span> <span class='ocrx_word' id='word_1_394' title='bbox 759 5191 1162 5247; x_wconf 88' lang='lat' dir='ltr'><strong>fundamentum</strong></span> <span class='ocrx_word' id='word_1_395' title='bbox 1198 5193 1392 5248; x_wconf 91' lang='lat' dir='ltr'><strong>dicitur</strong></span> <span class='ocrx_word' id='word_1_396' title='bbox 1419 5202 1471 5246; x_wconf 89' lang='lat' dir='ltr'><strong>et</strong></span> <span class='ocrx_word' id='word_1_397' title='bbox 1499 5201 1686 5262; x_wconf 84' lang='lat' dir='ltr'><strong>caput,</strong></span> <span class='ocrx_word' id='word_1_398' title='bbox 1731 5202 1784 5247; x_wconf 92' lang='lat' dir='ltr'><strong>et</strong></span> <span class='ocrx_word' id='word_1_399' title='bbox 1823 5208 2005 5248; x_wconf 87' lang='lat' dir='ltr'><strong>revera</strong></span> <span class='ocrx_word' id='word_1_400' title='bbox 2036 5193 2106 5247; x_wconf 89' lang='lat' dir='ltr'><strong>ita</strong></span> 
     </span>
    </p>
   </div>
   <div class='ocr_carea' id='block_1_55' title="bbox 521 5283 2105 5354">
    <p class='ocr_par' dir='ltr' id='par_1_55' title="bbox 521 5283 2105 5354">
     <span class='ocr_line' id='line_1_55' title="bbox 521 5283 2105 5354; baseline -0.001 -12"><span class='ocrx_word' id='word_1_401' title='bbox 521 5295 624 5343; x_wconf 86' lang='lat' dir='ltr'><strong>est.</strong></span> <span class='ocrx_word' id='word_1_402' title='bbox 670 5284 801 5354; x_wconf 84' lang='lat' dir='ltr'><strong>Quia</strong></span> <span class='ocrx_word' id='word_1_403' title='bbox 843 5294 894 5339; x_wconf 91' lang='lat' dir='ltr'><strong>et</strong></span> <span class='ocrx_word' id='word_1_404' title='bbox 927 5294 1087 5354; x_wconf 86' lang='lat' dir='ltr'><strong>caput</strong></span> <span class='ocrx_word' id='word_1_405' title='bbox 1125 5283 1332 5338; x_wconf 78' lang='lat' dir='ltr'><strong>aediﬁcii</strong></span> <span class='ocrx_word' id='word_1_406' title='bbox 1379 5283 1779 5338; x_wconf 89' lang='lat' dir='ltr'><strong>fundamentum</strong></span> <span class='ocrx_word' id='word_1_407' title='bbox 1818 5295 1898 5340; x_wconf 81' lang='lat' dir='ltr'><strong>est</strong></span> <span class='ocrx_word' id='word_1_408' title='bbox 1944 5303 1956 5338; x_wconf 92' lang='lat'><strong>:</strong></span> <span class='ocrx_word' id='word_1_409' title='bbox 2003 5301 2105 5340; x_wconf 92' lang='lat' dir='ltr'><strong>non</strong></span> 
     </span>
    </p>
   </div>
   <div class='ocr_carea' id='block_1_56' title="bbox 521 5373 2102 5446">
    <p class='ocr_par' dir='ltr' id='par_1_56' title="bbox 521 5373 2102 5446">
     <span class='ocr_line' id='line_1_56' title="bbox 521 5373 2102 5446; baseline -0.001 -14"><span class='ocrx_word' id='word_1_410' title='bbox 521 5379 664 5432; x_wconf 81' lang='lat' dir='ltr'><strong>enim</strong></span> <span class='ocrx_word' id='word_1_411' title='bbox 692 5384 850 5446; x_wconf 90' lang='lat' dir='ltr'><strong>caput</strong></span> <span class='ocrx_word' id='word_1_412' title='bbox 881 5377 1128 5444; x_wconf 87' lang='lat' dir='ltr'><strong>estquod</strong></span> <span class='ocrx_word' id='word_1_413' title='bbox 1161 5373 1360 5437; x_wconf 91' lang='lat' dir='ltr'><strong>ﬁnitur,</strong></span> <span class='ocrx_word' id='word_1_414' title='bbox 1389 5374 1483 5428; x_wconf 90' lang='lat' dir='ltr'><strong>sed</strong></span> <span class='ocrx_word' id='word_1_415' title='bbox 1515 5375 1653 5430; x_wconf 89' lang='lat' dir='ltr'><strong>unde</strong></span> <span class='ocrx_word' id='word_1_416' title='bbox 1681 5375 1862 5445; x_wconf 80' lang='lat' dir='ltr'><strong>incipit</strong></span> <span class='ocrx_word' id='word_1_417' title='bbox 1893 5392 2102 5430; x_wconf 87' lang='lat' dir='ltr'><strong>sursum</strong></span> 
     </span>
    </p>
   </div>
   <div class='ocr_carea' id='block_1_57' title="bbox 522 5466 2106 5539">
    <p class='ocr_par' dir='ltr' id='par_1_57' title="bbox 522 5466 2106 5539">
     <span class='ocr_line' id='line_1_57' title="bbox 522 5466 2106 5539; baseline 0.001 -18"><span class='ocrx_word' id='word_1_418' title='bbox 522 5485 729 5523; x_wconf 75' lang='lat' dir='ltr'><strong>versus.</strong></span> <span class='ocrx_word' id='word_1_419' title='bbox 781 5468 1138 5522; x_wconf 81' lang='lat' dir='ltr'><strong>Terrenorum</strong></span> <span class='ocrx_word' id='word_1_420' title='bbox 1179 5466 1522 5521; x_wconf 68' lang='lat' dir='ltr'><strong>aedificiorum</strong></span> <span class='ocrx_word' id='word_1_421' title='bbox 1561 5469 1788 5522; x_wconf 88' lang='lat' dir='ltr'><strong>culmina</strong></span> <span class='ocrx_word' id='word_1_422' title='bbox 1820 5469 2106 5539; x_wconf 81' lang='lat' dir='ltr'><strong>subrigun-</strong></span> 
     </span>
    </p>
   </div>
   <div class='ocr_carea' id='block_1_58' title="bbox 523 5559 2110 5629">
    <p class='ocr_par' dir='ltr' id='par_1_58' title="bbox 523 5559 2110 5629">
     <span class='ocr_line' id='line_1_58' title="bbox 523 5559 2110 5629; baseline 0.002 -15"><span class='ocrx_word' id='word_1_423' title='bbox 523 5571 627 5626; x_wconf 88' lang='lat' dir='ltr'><strong>tur,</strong></span> <span class='ocrx_word' id='word_1_424' title='bbox 653 5569 813 5629; x_wconf 87' lang='lat' dir='ltr'><strong>capnt</strong></span> <span class='ocrx_word' id='word_1_425' title='bbox 843 5571 1017 5612; x_wconf 87' lang='lat' dir='ltr'><strong>tamen</strong></span> <span class='ocrx_word' id='word_1_426' title='bbox 1061 5559 1114 5613; x_wconf 91' lang='lat' dir='ltr'><strong>in</strong></span> <span class='ocrx_word' id='word_1_427' title='bbox 1149 5569 1303 5613; x_wconf 77' lang='lat' dir='ltr'><strong>terra:</strong></span> <span class='ocrx_word' id='word_1_428' title='bbox 1344 5559 1606 5614; x_wconf 88' lang='lat' dir='ltr'><strong>soliditate</strong></span> <span class='ocrx_word' id='word_1_429' title='bbox 1646 5562 1990 5616; x_wconf 87' lang='lat' dir='ltr'><strong>constituunt.</strong></span> <span class='ocrx_word' id='word_1_430' title='bbox 2023 5562 2110 5617; x_wconf 91' lang='lat' dir='ltr'><strong>Sic</strong></span> 
     </span>
    </p>
   </div>
   <div class='ocr_carea' id='block_1_59' title="bbox 518 5652 2104 5722">
    <p class='ocr_par' dir='ltr' id='par_1_59' title="bbox 518 5652 2104 5722">
     <span class='ocr_line' id='line_1_59' title="bbox 518 5652 2104 5722; baseline 0.002 -16"><span class='ocrx_word' id='word_1_431' title='bbox 518 5666 574 5706; x_wconf 84' lang='lat' dir='ltr'><strong>et</strong></span> <span class='ocrx_word' id='word_1_432' title='bbox 613 5665 766 5722; x_wconf 86' lang='lat' dir='ltr'><strong>caput</strong></span> <span class='ocrx_word' id='word_1_433' title='bbox 810 5652 1063 5706; x_wconf 72' lang='lat' dir='ltr'><strong>Ecclesia:</strong></span> <span class='ocrx_word' id='word_1_434' title='bbox 1107 5654 1380 5722; x_wconf 62' lang='lat' dir='ltr'><strong>praecessit</strong></span> <span class='ocrx_word' id='word_1_435' title='bbox 1411 5654 1463 5706; x_wconf 93' lang='lat' dir='ltr'><strong>in</strong></span> <span class='ocrx_word' id='word_1_436' title='bbox 1486 5653 1701 5716; x_wconf 65' lang='lat' dir='ltr'><strong>curlum,</strong></span> <span class='ocrx_word' id='word_1_437' title='bbox 1747 5664 1800 5708; x_wconf 92' lang='lat' dir='ltr'><strong>et</strong></span> <span class='ocrx_word' id='word_1_438' title='bbox 1847 5654 1998 5708; x_wconf 83' lang='lat' dir='ltr'><strong>sedet</strong></span> <span class='ocrx_word' id='word_1_439' title='bbox 2041 5655 2104 5709; x_wconf 89' lang='lat' dir='ltr'><strong>ad</strong></span> 
     </span>
    </p>
   </div>
   <div class='ocr_carea' id='block_1_60' title="bbox 521 5743 2104 5815">
    <p class='ocr_par' dir='ltr' id='par_1_60' title="bbox 521 5743 2104 5815">
     <span class='ocr_line' id='line_1_60' title="bbox 521 5743 2104 5815; baseline 0.001 -15"><span class='ocrx_word' id='word_1_440' title='bbox 521 5744 797 5801; x_wconf 70' lang='lat' dir='ltr'><strong>dexteram</strong></span> <span class='ocrx_word' id='word_1_441' title='bbox 833 5745 1015 5798; x_wconf 77' lang='lat' dir='ltr'><strong>l’atris.</strong></span> <span class='ocrx_word' id='word_1_442' title='bbox 1053 5743 1332 5815; x_wconf 84' lang='lat' dir='ltr'><strong>Quomodo</strong></span> <span class='ocrx_word' id='word_1_443' title='bbox 1349 5752 1637 5814; x_wconf 81' lang='lat' dir='ltr'><strong>operantur</strong></span> <span class='ocrx_word' id='word_1_444' title='bbox 1667 5743 1926 5812; x_wconf 85' lang='lat' dir='ltr'><strong>homines,</strong></span> <span class='ocrx_word' id='word_1_445' title='bbox 1955 5755 2008 5798; x_wconf 90' lang='lat' dir='ltr'><strong>ut</strong></span> <span class='ocrx_word' id='word_1_446' title='bbox 2039 5747 2104 5801; x_wconf 87' lang='lat' dir='ltr'><strong>ad</strong></span> 
     </span>
    </p>
   </div>
   <div class='ocr_carea' id='block_1_61' title="bbox 1776 321 2574 378">
    <p class='ocr_par' dir='ltr' id='par_1_61' title="bbox 1776 321 2574 378">
     <span class='ocr_line' id='line_1_61' title="bbox 1776 321 2574 378; baseline 0 -2"><span class='ocrx_word' id='word_1_447' title='bbox 1776 322 1833 376; x_wconf 85' lang='lat' dir='ltr'><strong>S.</strong></span> <span class='ocrx_word' id='word_1_448' title='bbox 1876 321 2234 378; x_wconf 75' lang='lat' dir='ltr'><strong>AUCUSTINI</strong></span> <span class='ocrx_word' id='word_1_449' title='bbox 2278 321 2574 378; x_wconf 78' lang='lat' dir='ltr'><strong>EPISCOPf</strong></span> 
     </span>
    </p>
   </div>
   <div class='ocr_carea' id='block_1_62' title="bbox 3687 325 3824 381">
    <p class='ocr_par' dir='ltr' id='par_1_62' title="bbox 3687 325 3824 381">
     <span class='ocr_line' id='line_1_62' title="bbox 3687 325 3824 381; baseline -0.029 0"><span class='ocrx_word' id='word_1_450' title='bbox 3687 325 3824 381; x_wconf 69' lang='grc'><strong>4616</strong></span> 
     </span>
    </p>
   </div>
   <div class='ocr_carea' id='block_1_63' title="bbox 2229 432 3832 513">
    <p class='ocr_par' dir='ltr' id='par_1_63' title="bbox 2229 432 3832 513">
     <span class='ocr_line' id='line_1_63' title="bbox 2229 432 3832 513; baseline 0.007 -26"><span class='ocrx_word' id='word_1_451' title='bbox 2229 435 2654 490; x_wconf 84' lang='lat' dir='ltr'><strong>constituendum</strong></span> <span class='ocrx_word' id='word_1_452' title='bbox 2700 432 3098 491; x_wconf 86' lang='lat' dir='ltr'><strong>fundamentum</strong></span> <span class='ocrx_word' id='word_1_453' title='bbox 3129 438 3322 510; x_wconf 86' lang='lat' dir='ltr'><strong>aliquid</strong></span> <span class='ocrx_word' id='word_1_454' title='bbox 3354 440 3568 496; x_wconf 87' lang='lat' dir='ltr'><strong>trahant</strong></span> <span class='ocrx_word' id='word_1_455' title='bbox 3585 443 3740 513; x_wconf 81' lang='lat' dir='ltr'><strong>quod</strong></span> <span class='ocrx_word' id='word_1_456' title='bbox 3779 447 3832 500; x_wconf 83' lang='lat' dir='ltr'><strong>in</strong></span> 
     </span>
    </p>
   </div>
   <div class='ocr_carea' id='block_1_64' title="bbox 2227 527 3832 605">
    <p class='ocr_par' dir='ltr' id='par_1_64' title="bbox 2227 527 3832 605">
     <span class='ocr_line' id='line_1_64' title="bbox 2227 527 3832 605; baseline 0.006 -24"><span class='ocrx_word' id='word_1_457' title='bbox 2227 530 2332 581; x_wconf 83' lang='lat' dir='ltr'><strong>into</strong></span> <span class='ocrx_word' id='word_1_458' title='bbox 2379 527 2690 590; x_wconf 85' lang='lat' dir='ltr'><strong>stabiliant,</strong></span> <span class='ocrx_word' id='word_1_459' title='bbox 2757 538 2973 598; x_wconf 82' lang='lat' dir='ltr'><strong>propter</strong></span> <span class='ocrx_word' id='word_1_460' title='bbox 3019 534 3364 588; x_wconf 87' lang='lat' dir='ltr'><strong>securitatem</strong></span> <span class='ocrx_word' id='word_1_461' title='bbox 3410 545 3832 605; x_wconf 73' lang='lat' dir='ltr'><strong>supervenutna</strong></span> 
     </span>
    </p>
   </div>
   <div class='ocr_carea' id='block_1_65' title="bbox 2226 620 3829 698">
    <p class='ocr_par' dir='ltr' id='par_1_65' title="bbox 2226 620 3829 698">
     <span class='ocr_line' id='line_1_65' title="bbox 2226 620 3829 698; baseline 0.007 -27"><span class='ocrx_word' id='word_1_462' title='bbox 2226 620 2380 672; x_wconf 83' lang='lat' dir='ltr'><strong>molis</strong></span> <span class='ocrx_word' id='word_1_463' title='bbox 2427 620 2476 672; x_wconf 92' lang='lat' dir='ltr'><strong>in</strong></span> <span class='ocrx_word' id='word_1_464' title='bbox 2525 620 3010 676; x_wconf 84' lang='lat' dir='ltr'><strong>constructionibus</strong></span> <span class='ocrx_word' id='word_1_465' title='bbox 3042 621 3252 678; x_wconf 75' lang='lat' dir='ltr'><strong>fabrica:</strong></span> <span class='ocrx_word' id='word_1_466' title='bbox 3293 624 3487 681; x_wconf 58' lang='lat' dir='ltr'><strong>futura‘</strong></span> <span class='ocrx_word' id='word_1_467' title='bbox 3533 629 3551 681; x_wconf 75' lang='grc' dir='ltr'>ἐ</span> <span class='ocrx_word' id='word_1_468' title='bbox 3599 628 3680 682; x_wconf 89' lang='lat' dir='ltr'><strong>sic</strong></span> <span class='ocrx_word' id='word_1_469' title='bbox 3729 644 3829 698; x_wconf 79' lang='lat' dir='ltr'><strong>per</strong></span> 
     </span>
    </p>
   </div>
   <div class='ocr_carea' id='block_1_66' title="bbox 2225 709 3832 782">
    <p class='ocr_par' dir='ltr' id='par_1_66' title="bbox 2225 709 3832 782">
     <span class='ocr_line' id='line_1_66' title="bbox 2225 709 3832 782; baseline 0.009 -21"><span class='ocrx_word' id='word_1_470' title='bbox 2225 709 2400 762; x_wconf 89' lang='lat' dir='ltr'><strong>omnia</strong></span> <span class='ocrx_word' id='word_1_471' title='bbox 2428 709 2514 762; x_wconf 88' lang='lat' dir='ltr'><strong>illa</strong></span> <span class='ocrx_word' id='word_1_472' title='bbox 2539 727 2655 778; x_wconf 70' lang='lat' dir='ltr'><strong>qtae</strong></span> <span class='ocrx_word' id='word_1_473' title='bbox 2683 712 3020 782; x_wconf 82' lang='lat' dir='ltr'><strong>contigerunt</strong></span> <span class='ocrx_word' id='word_1_474' title='bbox 3045 717 3094 766; x_wconf 91' lang='lat' dir='ltr'><strong>in</strong></span> <span class='ocrx_word' id='word_1_475' title='bbox 3119 714 3334 770; x_wconf 91' lang='lat' dir='ltr'><strong>Christo</strong></span> <span class='ocrx_word' id='word_1_476' title='bbox 3354 757 3368 779; x_wconf 88' lang='lat'><strong>,</strong></span> <span class='ocrx_word' id='word_1_477' title='bbox 3399 718 3566 782; x_wconf 86' lang='lat' dir='ltr'><strong>nasci,</strong></span> <span class='ocrx_word' id='word_1_478' title='bbox 3599 734 3832 774; x_wconf 52' lang='lat' dir='ltr'><strong>erexe-</strong></span> 
     </span>
    </p>
   </div>
   <div class='ocr_carea' id='block_1_67' title="bbox 2224 802 3827 880">
    <p class='ocr_par' dir='ltr' id='par_1_67' title="bbox 2224 802 3827 880">
     <span class='ocr_line' id='line_1_67' title="bbox 2224 802 3827 880; baseline 0.005 -25"><span class='ocrx_word' id='word_1_479' title='bbox 2224 817 2303 865; x_wconf 88' lang='lat' dir='ltr'><strong>re,</strong></span> <span class='ocrx_word' id='word_1_480' title='bbox 2329 802 2708 871; x_wconf 86' lang='lat' dir='ltr'><strong>compreltendi</strong></span> <span class='ocrx_word' id='word_1_481' title='bbox 2731 845 2745 868; x_wconf 90' lang='lat'><strong>,</strong></span> <span class='ocrx_word' id='word_1_482' title='bbox 2781 806 3156 860; x_wconf 88' lang='lat' dir='ltr'><strong>contumeliam</strong></span> <span class='ocrx_word' id='word_1_483' title='bbox 3181 810 3307 876; x_wconf 88' lang='lat' dir='ltr'><strong>pati,</strong></span> <span class='ocrx_word' id='word_1_484' title='bbox 3334 809 3613 880; x_wconf 80' lang='lat' dir='ltr'><strong>flagellari,</strong></span> <span class='ocrx_word' id='word_1_485' title='bbox 3640 812 3827 866; x_wconf 62' lang='lat' dir='ltr'><strong>crnci~</strong></span> 
     </span>
    </p>
   </div>
   <div class='ocr_carea' id='block_1_68' title="bbox 2225 891 3825 964">
    <p class='ocr_par' dir='ltr' id='par_1_68' title="bbox 2225 891 3825 964">
     <span class='ocr_line' id='line_1_68' title="bbox 2225 891 3825 964; baseline 0.008 -20"><span class='ocrx_word' id='word_1_486' title='bbox 2225 891 2333 961; x_wconf 88' lang='lat' dir='ltr'><strong>ﬁgi,</strong></span> <span class='ocrx_word' id='word_1_487' title='bbox 2362 893 2552 956; x_wconf 91' lang='lat' dir='ltr'><strong>occidi,</strong></span> <span class='ocrx_word' id='word_1_488' title='bbox 2586 894 2743 960; x_wconf 91' lang='lat' dir='ltr'><strong>mori,</strong></span> <span class='ocrx_word' id='word_1_489' title='bbox 2769 896 3002 964; x_wconf 87' lang='lat' dir='ltr'><strong>sepeliri,</strong></span> <span class='ocrx_word' id='word_1_490' title='bbox 3029 898 3174 952; x_wconf 85' lang='lat' dir='ltr'><strong>velut</strong></span> <span class='ocrx_word' id='word_1_491' title='bbox 3198 909 3420 954; x_wconf 85' lang='lat' dir='ltr'><strong>attracta</strong></span> <span class='ocrx_word' id='word_1_492' title='bbox 3445 912 3526 956; x_wconf 90' lang='lat' dir='ltr'><strong>est</strong></span> <span class='ocrx_word' id='word_1_493' title='bbox 3550 904 3726 958; x_wconf 85' lang='lat' dir='ltr'><strong>moles</strong></span> <span class='ocrx_word' id='word_1_494' title='bbox 3757 903 3825 957; x_wconf 82' lang='lat' dir='ltr'><strong>ad</strong></span> 
     </span>
    </p>
   </div>
   <div class='ocr_carea' id='block_1_69' title="bbox 2223 982 2881 1042">
    <p class='ocr_par' dir='ltr' id='par_1_69' title="bbox 2223 982 2881 1042">
     <span class='ocr_line' id='line_1_69' title="bbox 2223 982 2881 1042; baseline 0.006 -8"><span class='ocrx_word' id='word_1_495' title='bbox 2223 982 2622 1038; x_wconf 82' lang='lat' dir='ltr'><strong>fundamentum</strong></span> <span class='ocrx_word' id='word_1_496' title='bbox 2647 986 2881 1042; x_wconf 77' lang='lat' dir='ltr'><strong>cmleste.</strong></span> 
     </span>
    </p>
   </div>
   <div class='ocr_carea' id='block_1_70' title="bbox 2293 1073 3825 1157">
    <p class='ocr_par' dir='ltr' id='par_1_70' title="bbox 2293 1073 3825 1157">
     <span class='ocr_line' id='line_1_70' title="bbox 2293 1073 3825 1157; baseline 0.007 -29"><span class='ocrx_word' id='word_1_497' title='bbox 2293 1073 2346 1128; x_wconf 88' lang='lat'><strong>9.</strong></span> <span class='ocrx_word' id='word_1_498' title='bbox 2380 1075 2644 1144; x_wconf 83' lang='lat' dir='ltr'><strong>Agendum</strong></span> <span class='ocrx_word' id='word_1_499' title='bbox 2683 1088 2736 1129; x_wconf 86' lang='lat' dir='ltr'><strong>ut</strong></span> <span class='ocrx_word' id='word_1_500' title='bbox 2765 1078 2816 1130; x_wconf 87' lang='lat' dir='ltr'><strong>in</strong></span> <span class='ocrx_word' id='word_1_501' title='bbox 2843 1076 3040 1132; x_wconf 79' lang='lat' dir='ltr'><strong>Christo</strong></span> <span class='ocrx_word' id='word_1_502' title='bbox 3060 1081 3389 1148; x_wconf 73' lang='lat' dir='ltr'><strong>a&#39;di/ieemttr.</strong></span> <span class='ocrx_word' id='word_1_503' title='bbox 3421 1084 3656 1140; x_wconf 73' lang='lat' dir='ltr'><strong>Christus</strong></span> <span class='ocrx_word' id='word_1_504' title='bbox 3697 1090 3825 1157; x_wconf 79' lang='lat' dir='ltr'><strong>fun-</strong></span> 
     </span>
    </p>
   </div>
   <div class='ocr_carea' id='block_1_71' title="bbox 2223 1164 3825 1250">
    <p class='ocr_par' dir='ltr' id='par_1_71' title="bbox 2223 1164 3825 1250">
     <span class='ocr_line' id='line_1_71' title="bbox 2223 1164 3825 1250; baseline 0.011 -34"><span class='ocrx_word' id='word_1_505' title='bbox 2223 1164 2510 1219; x_wconf 80' lang='lat' dir='ltr'><strong>damentum</strong></span> <span class='ocrx_word' id='word_1_506' title='bbox 2537 1177 2628 1229; x_wconf 72' lang='lat' dir='ltr'><strong>est,</strong></span> <span class='ocrx_word' id='word_1_507' title='bbox 2656 1169 2700 1220; x_wconf 88' lang='lat' dir='ltr'><strong>si</strong></span> <span class='ocrx_word' id='word_1_508' title='bbox 2727 1169 2944 1238; x_wconf 84' lang='lat' dir='ltr'><strong>primum</strong></span> <span class='ocrx_word' id='word_1_509' title='bbox 2969 1171 3019 1223; x_wconf 87' lang='lat' dir='ltr'><strong>in</strong></span> <span class='ocrx_word' id='word_1_510' title='bbox 3046 1172 3196 1225; x_wconf 88' lang='lat' dir='ltr'><strong>corde</strong></span> <span class='ocrx_word' id='word_1_511' title='bbox 3217 1174 3384 1227; x_wconf 83' lang='lat' dir='ltr'><strong>locant</strong></span> <span class='ocrx_word' id='word_1_512' title='bbox 3406 1175 3644 1230; x_wconf 82' lang='lat' dir='ltr'><strong>obtinent.</strong></span> <span class='ocrx_word' id='word_1_513' title='bbox 3671 1178 3825 1250; x_wconf 77' lang='lat' dir='ltr'><strong>Ignis</strong></span> 
     </span>
    </p>
   </div>
   <div class='ocr_carea' id='block_1_72' title="bbox 2221 1258 3820 1333">
    <p class='ocr_par' dir='ltr' id='par_1_72' title="bbox 2221 1258 3820 1333">
     <span class='ocr_line' id='line_1_72' title="bbox 2221 1258 3820 1333; baseline 0.013 -28"><span class='ocrx_word' id='word_1_514' title='bbox 2221 1258 2460 1324; x_wconf 79' lang='lat' dir='ltr'><strong>gehenna:</strong></span> <span class='ocrx_word' id='word_1_515' title='bbox 2483 1274 2631 1326; x_wconf 81' lang='lat' dir='ltr'><strong>quant</strong></span> <span class='ocrx_word' id='word_1_516' title='bbox 2657 1259 2924 1314; x_wconf 77' lang='lat' dir='ltr'><strong>(intendas.</strong></span> <span class='ocrx_word' id='word_1_517' title='bbox 2952 1261 3129 1317; x_wconf 81' lang='lat' dir='ltr'><strong>Posito</strong></span> <span class='ocrx_word' id='word_1_518' title='bbox 3157 1279 3283 1333; x_wconf 87' lang='lat' dir='ltr'><strong>ergo</strong></span> <span class='ocrx_word' id='word_1_519' title='bbox 3306 1265 3355 1318; x_wconf 89' lang='lat' dir='ltr'><strong>in</strong></span> <span class='ocrx_word' id='word_1_520' title='bbox 3375 1269 3597 1322; x_wconf 90' lang='lat' dir='ltr'><strong>summis</strong></span> <span class='ocrx_word' id='word_1_521' title='bbox 3618 1268 3820 1324; x_wconf 85' lang='lat' dir='ltr'><strong>funda-</strong></span> 
     </span>
    </p>
   </div>
   <div class='ocr_carea' id='block_1_73' title="bbox 2223 1350 3817 1427">
    <p class='ocr_par' dir='ltr' id='par_1_73' title="bbox 2223 1350 3817 1427">
     <span class='ocr_line' id='line_1_73' title="bbox 2223 1350 3817 1427; baseline 0.01 -29"><span class='ocrx_word' id='word_1_522' title='bbox 2223 1357 2403 1400; x_wconf 88' lang='lat' dir='ltr'><strong>mento</strong></span> <span class='ocrx_word' id='word_1_523' title='bbox 2439 1358 2643 1415; x_wconf 89' lang='lat' dir='ltr'><strong>nostro,</strong></span> <span class='ocrx_word' id='word_1_524' title='bbox 2681 1350 3009 1406; x_wconf 72' lang='lat' dir='ltr'><strong>mdilicemur</strong></span> <span class='ocrx_word' id='word_1_525' title='bbox 3045 1352 3096 1406; x_wconf 91' lang='lat' dir='ltr'><strong>in</strong></span> <span class='ocrx_word' id='word_1_526' title='bbox 3137 1369 3221 1408; x_wconf 91' lang='lat' dir='ltr'><strong>eo.</strong></span> <span class='ocrx_word' id='word_1_527' title='bbox 3267 1356 3407 1410; x_wconf 85' lang='lat' dir='ltr'><strong>Audi</strong></span> <span class='ocrx_word' id='word_1_528' title='bbox 3447 1359 3769 1427; x_wconf 77' lang='lat' dir='ltr'><strong>Apostolutn</strong></span> <span class='ocrx_word' id='word_1_529' title='bbox 3805 1381 3817 1414; x_wconf 92' lang='lat'>:</span> 
     </span>
    </p>
   </div>
   <div class='ocr_carea' id='block_1_74' title="bbox 2223 1434 3821 1521">
    <p class='ocr_par' dir='ltr' id='par_1_74' title="bbox 2223 1434 3821 1521">
     <span class='ocr_line' id='line_1_74' title="bbox 2223 1434 3821 1521; baseline 0.009 -34"><span class='ocrx_word' id='word_1_530' title='bbox 2223 1434 2654 1505; x_wconf 84' lang='lat' dir='ltr'><strong>Fundamentum,</strong></span> <span class='ocrx_word' id='word_1_531' title='bbox 2680 1436 2866 1510; x_wconf 83' lang='lat' dir='ltr'><strong>inquit,</strong></span> <span class='ocrx_word' id='word_1_532' title='bbox 2893 1441 3038 1496; x_wconf 85' lang='lat' dir='ltr'><strong>aliud</strong></span> <span class='ocrx_word' id='word_1_533' title='bbox 3058 1461 3204 1498; x_wconf 85' lang='lat' dir='ltr'><strong>nemo</strong></span> <span class='ocrx_word' id='word_1_534' title='bbox 3226 1456 3384 1516; x_wconf 78' lang='lat' dir='ltr'><strong>potest</strong></span> <span class='ocrx_word' id='word_1_535' title='bbox 3406 1465 3612 1516; x_wconf 81' lang='lat' dir='ltr'><strong>ponere,</strong></span> <span class='ocrx_word' id='word_1_536' title='bbox 3630 1467 3821 1521; x_wconf 69' lang='lat' dir='ltr'><strong>pra-ter</strong></span> 
     </span>
    </p>
   </div>
   <div class='ocr_carea' id='block_1_75' title="bbox 2220 1526 3522 1600">
    <p class='ocr_par' dir='ltr' id='par_1_75' title="bbox 2220 1526 3522 1600">
     <span class='ocr_line' id='line_1_75' title="bbox 2220 1526 3522 1600; baseline 0.012 -22"><span class='ocrx_word' id='word_1_537' title='bbox 2220 1526 2274 1579; x_wconf 87' lang='lat' dir='ltr'><strong>id</strong></span> <span class='ocrx_word' id='word_1_538' title='bbox 2299 1528 2434 1597; x_wconf 85' lang='lat' dir='ltr'><strong>quod</strong></span> <span class='ocrx_word' id='word_1_539' title='bbox 2470 1530 2685 1597; x_wconf 84' lang='lat' dir='ltr'><strong>positum</strong></span> <span class='ocrx_word' id='word_1_540' title='bbox 2711 1540 2802 1596; x_wconf 78' lang='lat' dir='ltr'><strong>est,</strong></span> <span class='ocrx_word' id='word_1_541' title='bbox 2835 1533 2968 1600; x_wconf 84' lang='lat' dir='ltr'><strong>quod</strong></span> <span class='ocrx_word' id='word_1_542' title='bbox 2994 1543 3064 1587; x_wconf 87' lang='lat' dir='ltr'><strong>est</strong></span> <span class='ocrx_word' id='word_1_543' title='bbox 3097 1533 3328 1591; x_wconf 80' lang='lat' dir='ltr'><strong>Christus</strong></span> <span class='ocrx_word' id='word_1_544' title='bbox 3351 1537 3522 1593; x_wconf 81' lang='lat' dir='ltr'><strong>Jesus.</strong></span> 
     </span>
    </p>
   </div>
   <div class='ocr_carea' id='block_1_76' title="bbox 2291 1618 3818 1704">
    <p class='ocr_par' dir='ltr' id='par_1_76' title="bbox 2291 1618 3818 1704">
     <span class='ocr_line' id='line_1_76' title="bbox 2291 1618 3818 1704; baseline 0.011 -32"><span class='ocrx_word' id='word_1_545' title='bbox 2291 1618 2516 1674; x_wconf 75' lang='lat' dir='ltr'><strong>CAPUT</strong></span> <span class='ocrx_word' id='word_1_546' title='bbox 2556 1619 2645 1674; x_wconf 77' lang='lat' dir='ltr'><strong>IX.</strong></span> <span class='ocrx_word' id='word_1_547' title='bbox 2686 1651 2757 1660; x_wconf 89' lang='lat'><strong><em>—</em></strong></span> <span class='ocrx_word' id='word_1_548' title='bbox 2800 1622 2904 1678; x_wconf 87' lang='lat' dir='ltr'><strong>Sed</strong></span> <span class='ocrx_word' id='word_1_549' title='bbox 2951 1625 3074 1693; x_wconf 88' lang='lat' dir='ltr'><strong>quid</strong></span> <span class='ocrx_word' id='word_1_550' title='bbox 3125 1627 3407 1696; x_wconf 86' lang='lat' dir='ltr'><strong>sequitur?</strong></span> <span class='ocrx_word' id='word_1_551' title='bbox 3451 1629 3818 1704; x_wconf 67' lang='lat' dir='ltr'><strong>Unusquisque</strong></span> 
     </span>
    </p>
   </div>
   <div class='ocr_carea' id='block_1_77' title="bbox 2219 1711 3814 1790">
    <p class='ocr_par' dir='ltr' id='par_1_77' title="bbox 2219 1711 3814 1790">
     <span class='ocr_line' id='line_1_77' title="bbox 2219 1711 3814 1790; baseline 0.011 -29"><span class='ocrx_word' id='word_1_552' title='bbox 2219 1721 2387 1762; x_wconf 80' lang='lat' dir='ltr'><strong>nutent</strong></span> <span class='ocrx_word' id='word_1_553' title='bbox 2431 1711 2594 1764; x_wconf 77' lang='lat' dir='ltr'><strong>rideat</strong></span> <span class='ocrx_word' id='word_1_554' title='bbox 2635 1712 2756 1782; x_wconf 88' lang='lat' dir='ltr'><strong>quid</strong></span> <span class='ocrx_word' id='word_1_555' title='bbox 2789 1717 3155 1784; x_wconf 64' lang='lat' dir='ltr'><strong>supersedi/iret</strong></span> <span class='ocrx_word' id='word_1_556' title='bbox 3197 1734 3350 1788; x_wconf 85' lang='lat' dir='ltr'><strong>super</strong></span> <span class='ocrx_word' id='word_1_557' title='bbox 3378 1722 3814 1790; x_wconf 78' lang='lat' dir='ltr'><strong>fundamentum,</strong></span> 
     </span>
    </p>
   </div>
   <div class='ocr_carea' id='block_1_78' title="bbox 2219 1803 3817 1882">
    <p class='ocr_par' dir='ltr' id='par_1_78' title="bbox 2219 1803 3817 1882">
     <span class='ocr_line' id='line_1_78' title="bbox 2219 1803 3817 1882; baseline 0.013 -31"><span class='ocrx_word' id='word_1_558' title='bbox 2219 1815 2421 1866; x_wconf 84' lang='lat' dir='ltr'><strong>aurum,</strong></span> <span class='ocrx_word' id='word_1_559' title='bbox 2461 1809 2744 1871; x_wconf 85' lang='lat' dir='ltr'><strong>argentum,</strong></span> <span class='ocrx_word' id='word_1_560' title='bbox 2777 1803 2972 1873; x_wconf 78' lang='lat' dir='ltr'><strong>lapides</strong></span> <span class='ocrx_word' id='word_1_561' title='bbox 3001 1807 3274 1874; x_wconf 82' lang='lat' dir='ltr'><strong>pretiosos,</strong></span> <span class='ocrx_word' id='word_1_562' title='bbox 3303 1811 3460 1880; x_wconf 84' lang='lat' dir='ltr'><strong>ligna,</strong></span> <span class='ocrx_word' id='word_1_563' title='bbox 3493 1817 3691 1882; x_wconf 79' lang='lat' dir='ltr'><strong>fenum,</strong></span> <span class='ocrx_word' id='word_1_564' title='bbox 3723 1818 3817 1870; x_wconf 81' lang='lat' dir='ltr'><strong>sti-</strong></span> 
     </span>
    </p>
   </div>
   <div class='ocr_carea' id='block_1_79' title="bbox 2219 1891 3816 1965">
    <p class='ocr_par' dir='ltr' id='par_1_79' title="bbox 2219 1891 3816 1965">
     <span class='ocr_line' id='line_1_79' title="bbox 2219 1891 3816 1965; baseline 0.013 -24"><span class='ocrx_word' id='word_1_565' title='bbox 2219 1891 2411 1960; x_wconf 83' lang='lat' dir='ltr'><strong>pulam.</strong></span> <span class='ocrx_word' id='word_1_566' title='bbox 2440 1891 2495 1946; x_wconf 83' lang='lat' dir='ltr'><strong>In</strong></span> <span class='ocrx_word' id='word_1_567' title='bbox 2520 1894 2657 1948; x_wconf 69' lang='lat' dir='ltr'><strong>cmlo</strong></span> <span class='ocrx_word' id='word_1_568' title='bbox 2674 1894 2886 1964; x_wconf 90' lang='lat' dir='ltr'><strong>quidem</strong></span> <span class='ocrx_word' id='word_1_569' title='bbox 2901 1895 3140 1952; x_wconf 88' lang='lat' dir='ltr'><strong>Christus</strong></span> <span class='ocrx_word' id='word_1_570' title='bbox 3160 1909 3259 1965; x_wconf 89' lang='lat' dir='ltr'><strong>est,</strong></span> <span class='ocrx_word' id='word_1_571' title='bbox 3275 1903 3365 1955; x_wconf 91' lang='lat' dir='ltr'><strong>sed</strong></span> <span class='ocrx_word' id='word_1_572' title='bbox 3389 1904 3550 1958; x_wconf 88' lang='lat' dir='ltr'><strong>etiam</strong></span> <span class='ocrx_word' id='word_1_573' title='bbox 3573 1905 3624 1958; x_wconf 87' lang='lat' dir='ltr'><strong>itt</strong></span> <span class='ocrx_word' id='word_1_574' title='bbox 3647 1913 3816 1962; x_wconf 77' lang='lat' dir='ltr'><strong>cordo</strong></span> 
     </span>
    </p>
   </div>
   <div class='ocr_carea' id='block_1_80' title="bbox 2219 1978 3814 2063">
    <p class='ocr_par' dir='ltr' id='par_1_80' title="bbox 2219 1978 3814 2063">
     <span class='ocr_line' id='line_1_80' title="bbox 2219 1978 3814 2063; baseline 0.013 -27"><span class='ocrx_word' id='word_1_575' title='bbox 2219 1984 2571 2038; x_wconf 90' lang='lat' dir='ltr'><strong>credentium.</strong></span> <span class='ocrx_word' id='word_1_576' title='bbox 2601 1984 2655 2041; x_wconf 89' lang='lat' dir='ltr'><strong>Si</strong></span> <span class='ocrx_word' id='word_1_577' title='bbox 2685 1987 2912 2057; x_wconf 89' lang='lat' dir='ltr'><strong>primum</strong></span> <span class='ocrx_word' id='word_1_578' title='bbox 2953 1989 3128 2045; x_wconf 90' lang='lat' dir='ltr'><strong>locum</strong></span> <span class='ocrx_word' id='word_1_579' title='bbox 3175 1992 3336 2048; x_wconf 84' lang='lat' dir='ltr'><strong>habet</strong></span> <span class='ocrx_word' id='word_1_580' title='bbox 3359 1978 3622 2063; x_wconf 77' lang='lat' dir='ltr'><strong>Christus,</strong></span> <span class='ocrx_word' id='word_1_581' title='bbox 3664 2012 3814 2056; x_wconf 75' lang='lat' dir='ltr'><strong>rerte</strong></span> 
     </span>
    </p>
   </div>
   <div class='ocr_carea' id='block_1_81' title="bbox 2219 2075 3812 2155">
    <p class='ocr_par' dir='ltr' id='par_1_81' title="bbox 2219 2075 3812 2155">
     <span class='ocr_line' id='line_1_81' title="bbox 2219 2075 3812 2155; baseline 0.013 -29"><span class='ocrx_word' id='word_1_582' title='bbox 2219 2075 2452 2142; x_wconf 91' lang='lat' dir='ltr'><strong>positum</strong></span> <span class='ocrx_word' id='word_1_583' title='bbox 2484 2085 2564 2130; x_wconf 88' lang='lat' dir='ltr'><strong>est</strong></span> <span class='ocrx_word' id='word_1_584' title='bbox 2595 2076 3015 2135; x_wconf 88' lang='lat' dir='ltr'><strong>fundamentum.</strong></span> <span class='ocrx_word' id='word_1_585' title='bbox 3049 2082 3190 2153; x_wconf 86' lang='lat' dir='ltr'><strong>Ergo</strong></span> <span class='ocrx_word' id='word_1_586' title='bbox 3227 2085 3316 2155; x_wconf 91' lang='lat' dir='ltr'><strong>qui</strong></span> <span class='ocrx_word' id='word_1_587' title='bbox 3355 2086 3615 2153; x_wconf 65' lang='lat' dir='ltr'><strong>a‘dilicat,</strong></span> <span class='ocrx_word' id='word_1_588' title='bbox 3649 2106 3812 2146; x_wconf 84' lang='lat' dir='ltr'><strong>secu-</strong></span> 
     </span>
    </p>
   </div>
   <div class='ocr_carea' id='block_1_82' title="bbox 2219 2167 3813 2244">
    <p class='ocr_par' dir='ltr' id='par_1_82' title="bbox 2219 2167 3813 2244">
     <span class='ocr_line' id='line_1_82' title="bbox 2219 2167 3813 2244; baseline 0.013 -25"><span class='ocrx_word' id='word_1_589' title='bbox 2219 2179 2310 2220; x_wconf 89' lang='lat' dir='ltr'><strong>rus</strong></span> <span class='ocrx_word' id='word_1_590' title='bbox 2338 2167 2586 2236; x_wconf 78' lang='lat' dir='ltr'><strong>:cdiﬁcet,</strong></span> <span class='ocrx_word' id='word_1_591' title='bbox 2615 2170 2663 2225; x_wconf 86' lang='lat' dir='ltr'><strong>si</strong></span> <span class='ocrx_word' id='word_1_592' title='bbox 2691 2186 2785 2240; x_wconf 90' lang='lat' dir='ltr'><strong>pro</strong></span> <span class='ocrx_word' id='word_1_593' title='bbox 2811 2173 3064 2244; x_wconf 81' lang='lat' dir='ltr'><strong>dignitate</strong></span> <span class='ocrx_word' id='word_1_594' title='bbox 3093 2175 3421 2233; x_wconf 89' lang='lat' dir='ltr'><strong>fundamenti</strong></span> <span class='ocrx_word' id='word_1_595' title='bbox 3452 2180 3687 2237; x_wconf 71' lang='lat' dir='ltr'><strong>mdilicat</strong></span> <span class='ocrx_word' id='word_1_596' title='bbox 3713 2200 3813 2238; x_wconf 82' lang='lat' dir='ltr'><strong>an-</strong></span> 
     </span>
    </p>
   </div>
   <div class='ocr_carea' id='block_1_83' title="bbox 2219 2265 3810 2346">
    <p class='ocr_par' dir='ltr' id='par_1_83' title="bbox 2219 2265 3810 2346">
     <span class='ocr_line' id='line_1_83' title="bbox 2219 2265 3810 2346; baseline 0.011 -34"><span class='ocrx_word' id='word_1_597' title='bbox 2219 2274 2358 2322; x_wconf 89' lang='lat' dir='ltr'><strong>rum,</strong></span> <span class='ocrx_word' id='word_1_598' title='bbox 2398 2271 2696 2330; x_wconf 79' lang='lat' dir='ltr'><strong>argentum,</strong></span> <span class='ocrx_word' id='word_1_599' title='bbox 2729 2265 2931 2334; x_wconf 87' lang='lat' dir='ltr'><strong>lapides</strong></span> <span class='ocrx_word' id='word_1_600' title='bbox 2957 2268 3244 2337; x_wconf 89' lang='lat' dir='ltr'><strong>pretiosos.</strong></span> <span class='ocrx_word' id='word_1_601' title='bbox 3277 2269 3332 2326; x_wconf 91' lang='lat' dir='ltr'><strong>Si</strong></span> <span class='ocrx_word' id='word_1_602' title='bbox 3362 2281 3540 2326; x_wconf 87' lang='lat' dir='ltr'><strong>autent</strong></span> <span class='ocrx_word' id='word_1_603' title='bbox 3573 2291 3682 2328; x_wconf 91' lang='lat' dir='ltr'><strong>non</strong></span> <span class='ocrx_word' id='word_1_604' title='bbox 3713 2292 3810 2346; x_wconf 85' lang='lat' dir='ltr'><strong>pro</strong></span> 
     </span>
    </p>
   </div>
   <div class='ocr_carea' id='block_1_84' title="bbox 2217 2351 3807 2435">
    <p class='ocr_par' dir='ltr' id='par_1_84' title="bbox 2217 2351 3807 2435">
     <span class='ocr_line' id='line_1_84' title="bbox 2217 2351 3807 2435; baseline 0.011 -31"><span class='ocrx_word' id='word_1_605' title='bbox 2217 2351 2470 2423; x_wconf 85' lang='lat' dir='ltr'><strong>dignitate</strong></span> <span class='ocrx_word' id='word_1_606' title='bbox 2501 2355 2826 2412; x_wconf 86' lang='lat' dir='ltr'><strong>fundamenti</strong></span> <span class='ocrx_word' id='word_1_607' title='bbox 2854 2357 3081 2414; x_wconf 77' lang='lat' dir='ltr'><strong>:edificat</strong></span> <span class='ocrx_word' id='word_1_608' title='bbox 3101 2402 3116 2426; x_wconf 97' lang='lat'><strong>,</strong></span> <span class='ocrx_word' id='word_1_609' title='bbox 3151 2360 3372 2432; x_wconf 81' lang='lat' dir='ltr'><strong>lignum.</strong></span> <span class='ocrx_word' id='word_1_610' title='bbox 3399 2364 3599 2428; x_wconf 89' lang='lat' dir='ltr'><strong>fenum,</strong></span> <span class='ocrx_word' id='word_1_611' title='bbox 3632 2369 3807 2435; x_wconf 84' lang='lat' dir='ltr'><strong>stipu-</strong></span> 
     </span>
    </p>
   </div>
   <div class='ocr_carea' id='block_1_85' title="bbox 2219 2441 3812 2528">
    <p class='ocr_par' dir='ltr' id='par_1_85' title="bbox 2219 2441 3812 2528">
     <span class='ocr_line' id='line_1_85' title="bbox 2219 2441 3812 2528; baseline 0.013 -33"><span class='ocrx_word' id='word_1_612' title='bbox 2219 2441 2322 2496; x_wconf 84' lang='lat' dir='ltr'><strong>lam</strong></span> <span class='ocrx_word' id='word_1_613' title='bbox 2346 2462 2359 2509; x_wconf 91' lang='lat'>;</span> <span class='ocrx_word' id='word_1_614' title='bbox 2383 2445 2569 2499; x_wconf 84' lang='lat' dir='ltr'><strong>saltem</strong></span> <span class='ocrx_word' id='word_1_615' title='bbox 2592 2456 2767 2502; x_wconf 89' lang='lat' dir='ltr'><strong>teneat</strong></span> <span class='ocrx_word' id='word_1_616' title='bbox 2792 2448 3213 2517; x_wconf 83' lang='lat' dir='ltr'><strong>fundamentum,</strong></span> <span class='ocrx_word' id='word_1_617' title='bbox 3241 2462 3295 2507; x_wconf 90' lang='lat' dir='ltr'><strong>et</strong></span> <span class='ocrx_word' id='word_1_618' title='bbox 3322 2464 3540 2523; x_wconf 85' lang='lat' dir='ltr'><strong>pmpter</strong></span> <span class='ocrx_word' id='word_1_619' title='bbox 3570 2456 3658 2510; x_wconf 85' lang='lat' dir='ltr'><strong>illa</strong></span> <span class='ocrx_word' id='word_1_620' title='bbox 3683 2478 3812 2528; x_wconf 66' lang='lat' dir='ltr'><strong>qute</strong></span> 
     </span>
    </p>
   </div>
   <div class='ocr_carea' id='block_1_86' title="bbox 2215 2535 3806 2617">
    <p class='ocr_par' dir='ltr' id='par_1_86' title="bbox 2215 2535 3806 2617">
     <span class='ocr_line' id='line_1_86' title="bbox 2215 2535 3806 2617; baseline 0.01 -29"><span class='ocrx_word' id='word_1_621' title='bbox 2215 2536 2477 2590; x_wconf 80' lang='lat' dir='ltr'><strong>exstruxit</strong></span> <span class='ocrx_word' id='word_1_622' title='bbox 2520 2535 2666 2591; x_wconf 91' lang='lat' dir='ltr'><strong>arida</strong></span> <span class='ocrx_word' id='word_1_623' title='bbox 2715 2547 2768 2592; x_wconf 89' lang='lat' dir='ltr'><strong>et</strong></span> <span class='ocrx_word' id='word_1_624' title='bbox 2812 2538 3048 2609; x_wconf 83' lang='lat' dir='ltr'><strong>fragilia,</strong></span> <span class='ocrx_word' id='word_1_625' title='bbox 3079 2541 3147 2596; x_wconf 87' lang='lat' dir='ltr'><strong>ad</strong></span> <span class='ocrx_word' id='word_1_626' title='bbox 3189 2543 3364 2612; x_wconf 88' lang='lat' dir='ltr'><strong>ignem</strong></span> <span class='ocrx_word' id='word_1_627' title='bbox 3411 2559 3470 2600; x_wconf 91' lang='lat' dir='ltr'><strong>se</strong></span> <span class='ocrx_word' id='word_1_628' title='bbox 3516 2559 3806 2617; x_wconf 69' lang='lat' dir='ltr'><strong>prmparet.</strong></span> 
     </span>
    </p>
   </div>
   <div class='ocr_carea' id='block_1_87' title="bbox 2217 2624 3808 2704">
    <p class='ocr_par' dir='ltr' id='par_1_87' title="bbox 2217 2624 3808 2704">
     <span class='ocr_line' id='line_1_87' title="bbox 2217 2624 3808 2704; baseline 0.009 -24"><span class='ocrx_word' id='word_1_629' title='bbox 2217 2625 2324 2680; x_wconf 88' lang='lat' dir='ltr'><strong>Sed</strong></span> <span class='ocrx_word' id='word_1_630' title='bbox 2354 2627 2398 2679; x_wconf 89' lang='lat' dir='ltr'><strong>si</strong></span> <span class='ocrx_word' id='word_1_631' title='bbox 2427 2624 2825 2684; x_wconf 87' lang='lat' dir='ltr'><strong>fundamentum</strong></span> <span class='ocrx_word' id='word_1_632' title='bbox 2857 2640 2957 2696; x_wconf 85' lang='lat' dir='ltr'><strong>est,</strong></span> <span class='ocrx_word' id='word_1_633' title='bbox 2983 2631 3032 2686; x_wconf 90' lang='lat' dir='ltr'><strong>id</strong></span> <span class='ocrx_word' id='word_1_634' title='bbox 3057 2643 3158 2699; x_wconf 89' lang='lat' dir='ltr'><strong>est,</strong></span> <span class='ocrx_word' id='word_1_635' title='bbox 3190 2635 3233 2688; x_wconf 89' lang='lat' dir='ltr'><strong>si</strong></span> <span class='ocrx_word' id='word_1_636' title='bbox 3277 2635 3503 2704; x_wconf 84' lang='lat' dir='ltr'><strong>primunt</strong></span> <span class='ocrx_word' id='word_1_637' title='bbox 3538 2638 3720 2693; x_wconf 86' lang='lat' dir='ltr'><strong>locum</strong></span> <span class='ocrx_word' id='word_1_638' title='bbox 3758 2642 3808 2695; x_wconf 84' lang='lat' dir='ltr'><strong>in</strong></span> 
     </span>
    </p>
   </div>
   <div class='ocr_carea' id='block_1_88' title="bbox 2217 2716 3807 2798">
    <p class='ocr_par' dir='ltr' id='par_1_88' title="bbox 2217 2716 3807 2798">
     <span class='ocr_line' id='line_1_88' title="bbox 2217 2716 3807 2798; baseline 0.008 -26"><span class='ocrx_word' id='word_1_639' title='bbox 2217 2717 2378 2772; x_wconf 92' lang='lat' dir='ltr'><strong>corde</strong></span> <span class='ocrx_word' id='word_1_640' title='bbox 2406 2716 2650 2774; x_wconf 90' lang='lat' dir='ltr'><strong>Christus</strong></span> <span class='ocrx_word' id='word_1_641' title='bbox 2677 2721 2924 2787; x_wconf 90' lang='lat' dir='ltr'><strong>obtinuit,</strong></span> <span class='ocrx_word' id='word_1_642' title='bbox 2956 2725 3226 2779; x_wconf 85' lang='lat' dir='ltr'><strong>sa-cularia</strong></span> <span class='ocrx_word' id='word_1_643' title='bbox 3256 2742 3382 2781; x_wconf 80' lang='lat' dir='ltr'><strong>vero</strong></span> <span class='ocrx_word' id='word_1_644' title='bbox 3408 2728 3485 2782; x_wconf 89' lang='lat' dir='ltr'><strong>sic</strong></span> <span class='ocrx_word' id='word_1_645' title='bbox 3516 2722 3807 2798; x_wconf 66' lang='lat' dir='ltr'><strong>amantur,</strong></span> 
     </span>
    </p>
   </div>
   <div class='ocr_carea' id='block_1_89' title="bbox 2217 2809 3809 2880">
    <p class='ocr_par' dir='ltr' id='par_1_89' title="bbox 2217 2809 3809 2880">
     <span class='ocr_line' id='line_1_89' title="bbox 2217 2809 3809 2880; baseline 0.009 -19"><span class='ocrx_word' id='word_1_646' title='bbox 2217 2817 2274 2862; x_wconf 91' lang='lat' dir='ltr'><strong>ut</strong></span> <span class='ocrx_word' id='word_1_647' title='bbox 2304 2823 2408 2862; x_wconf 93' lang='lat' dir='ltr'><strong>non</strong></span> <span class='ocrx_word' id='word_1_648' title='bbox 2439 2809 2651 2865; x_wconf 87' lang='lat' dir='ltr'><strong>Christo</strong></span> <span class='ocrx_word' id='word_1_649' title='bbox 2681 2821 3085 2880; x_wconf 70' lang='lat' dir='ltr'><strong>prmponantur,</strong></span> <span class='ocrx_word' id='word_1_650' title='bbox 3115 2815 3210 2870; x_wconf 89' lang='lat' dir='ltr'><strong>sed</strong></span> <span class='ocrx_word' id='word_1_651' title='bbox 3249 2817 3326 2870; x_wconf 91' lang='lat' dir='ltr'><strong>eis</strong></span> <span class='ocrx_word' id='word_1_652' title='bbox 3360 2818 3617 2874; x_wconf 89' lang='lat' dir='ltr'><strong>Dominus</strong></span> <span class='ocrx_word' id='word_1_653' title='bbox 3647 2819 3809 2876; x_wconf 82' lang='lat' dir='ltr'><strong>Chri-</strong></span> 
     </span>
    </p>
   </div>
   <div class='ocr_carea' id='block_1_90' title="bbox 2217 2905 3807 2981">
    <p class='ocr_par' dir='ltr' id='par_1_90' title="bbox 2217 2905 3807 2981">
     <span class='ocr_line' id='line_1_90' title="bbox 2217 2905 3807 2981; baseline 0.009 -25"><span class='ocrx_word' id='word_1_654' title='bbox 2217 2911 2365 2968; x_wconf 89' lang='lat' dir='ltr'><strong>stus,</strong></span> <span class='ocrx_word' id='word_1_655' title='bbox 2400 2913 2456 2957; x_wconf 93' lang='lat' dir='ltr'><strong>ut</strong></span> <span class='ocrx_word' id='word_1_656' title='bbox 2483 2905 2552 2959; x_wconf 90' lang='lat' dir='ltr'><strong>sit</strong></span> <span class='ocrx_word' id='word_1_657' title='bbox 2579 2905 2632 2959; x_wconf 92' lang='lat' dir='ltr'><strong>in</strong></span> <span class='ocrx_word' id='word_1_658' title='bbox 2663 2905 2887 2960; x_wconf 86' lang='lat' dir='ltr'><strong>aediﬁcio</strong></span> <span class='ocrx_word' id='word_1_659' title='bbox 2921 2908 3101 2962; x_wconf 91' lang='lat' dir='ltr'><strong>cordis</strong></span> <span class='ocrx_word' id='word_1_660' title='bbox 3133 2918 3318 2965; x_wconf 86' lang='lat' dir='ltr'><strong>tenens</strong></span> <span class='ocrx_word' id='word_1_661' title='bbox 3357 2910 3768 2971; x_wconf 87' lang='lat' dir='ltr'><strong>fundamentum</strong></span> <span class='ocrx_word' id='word_1_662' title='bbox 3791 2956 3807 2981; x_wconf 85' lang='lat'><strong>,</strong></span> 
     </span>
    </p>
   </div>
   <div class='ocr_carea' id='block_1_91' title="bbox 2217 2995 3807 3075">
    <p class='ocr_par' dir='ltr' id='par_1_91' title="bbox 2217 2995 3807 3075">
     <span class='ocr_line' id='line_1_91' title="bbox 2217 2995 3807 3075; baseline 0.008 -26"><span class='ocrx_word' id='word_1_663' title='bbox 2217 2995 2270 3050; x_wconf 90' lang='lat' dir='ltr'><strong>id</strong></span> <span class='ocrx_word' id='word_1_664' title='bbox 2299 3005 2400 3063; x_wconf 89' lang='lat' dir='ltr'><strong>est,</strong></span> <span class='ocrx_word' id='word_1_665' title='bbox 2432 2997 2658 3066; x_wconf 91' lang='lat' dir='ltr'><strong>primum</strong></span> <span class='ocrx_word' id='word_1_666' title='bbox 2688 2999 2860 3053; x_wconf 92' lang='lat' dir='ltr'><strong>locum</strong></span> <span class='ocrx_word' id='word_1_667' title='bbox 2894 3016 2907 3054; x_wconf 92' lang='lat'><strong>:</strong></span> <span class='ocrx_word' id='word_1_668' title='bbox 2936 3000 3307 3068; x_wconf 81' lang='lat' dir='ltr'><strong>dett-intentum,</strong></span> <span class='ocrx_word' id='word_1_669' title='bbox 3336 3003 3527 3074; x_wconf 90' lang='lat' dir='ltr'><strong>inquit,</strong></span> <span class='ocrx_word' id='word_1_670' title='bbox 3561 3008 3807 3075; x_wconf 80' lang='lat' dir='ltr'><strong>patietur;</strong></span> 
     </span>
    </p>
   </div>
   <div class='ocr_carea' id='block_1_92' title="bbox 2217 3086 3808 3167">
    <p class='ocr_par' dir='ltr' id='par_1_92' title="bbox 2217 3086 3808 3167">
     <span class='ocr_line' id='line_1_92' title="bbox 2217 3086 3808 3167; baseline 0.008 -27"><span class='ocrx_word' id='word_1_671' title='bbox 2217 3086 2323 3158; x_wconf 85' lang='lat' dir='ltr'><strong>ipse</strong></span> <span class='ocrx_word' id='word_1_672' title='bbox 2345 3097 2509 3142; x_wconf 86' lang='lat' dir='ltr'><strong>autem</strong></span> <span class='ocrx_word' id='word_1_673' title='bbox 2534 3089 2704 3144; x_wconf 84' lang='lat' dir='ltr'><strong>salvus</strong></span> <span class='ocrx_word' id='word_1_674' title='bbox 2729 3091 2844 3154; x_wconf 86' lang='lat' dir='ltr'><strong>erit,</strong></span> <span class='ocrx_word' id='word_1_675' title='bbox 2869 3091 2942 3145; x_wconf 85' lang='lat' dir='ltr'><strong>sic</strong></span> <span class='ocrx_word' id='word_1_676' title='bbox 2968 3099 3133 3146; x_wconf 86' lang='lat' dir='ltr'><strong>tamen</strong></span> <span class='ocrx_word' id='word_1_677' title='bbox 3149 3094 3301 3163; x_wconf 80' lang='lat' dir='ltr'><strong>quasi</strong></span> <span class='ocrx_word' id='word_1_678' title='bbox 3313 3111 3405 3164; x_wconf 85' lang='lat' dir='ltr'><strong>per</strong></span> <span class='ocrx_word' id='word_1_679' title='bbox 3423 3097 3590 3167; x_wconf 80' lang='lat' dir='ltr'><strong>ignem</strong></span> <span class='ocrx_word' id='word_1_680' title='bbox 3613 3099 3808 3166; x_wconf 78' lang='lat' dir='ltr'><strong>(lCer.</strong></span> 
     </span>
    </p>
   </div>
   <div class='ocr_carea' id='block_1_93' title="bbox 2217 3178 3809 3254">
    <p class='ocr_par' dir='ltr' id='par_1_93' title="bbox 2217 3178 3809 3254">
     <span class='ocr_line' id='line_1_93' title="bbox 2217 3178 3809 3254; baseline 0.008 -22"><span class='ocrx_word' id='word_1_681' title='bbox 2217 3193 2295 3244; x_wconf 90' lang='grc' dir='ltr'>ιιι,</span> <span class='ocrx_word' id='word_1_682' title='bbox 2348 3178 2554 3249; x_wconf 76' lang='grc'><strong>10-15).</strong></span> <span class='ocrx_word' id='word_1_683' title='bbox 2602 3178 2716 3234; x_wconf 84' lang='lat' dir='ltr'><strong>Non</strong></span> <span class='ocrx_word' id='word_1_684' title='bbox 2762 3190 2846 3237; x_wconf 88' lang='lat' dir='ltr'><strong>est</strong></span> <span class='ocrx_word' id='word_1_685' title='bbox 2891 3197 3032 3237; x_wconf 92' lang='lat' dir='ltr'><strong>nunc</strong></span> <span class='ocrx_word' id='word_1_686' title='bbox 3083 3192 3291 3253; x_wconf 84' lang='lat' dir='ltr'><strong>tempus</strong></span> <span class='ocrx_word' id='word_1_687' title='bbox 3337 3184 3542 3241; x_wconf 90' lang='lat' dir='ltr'><strong>hortari</strong></span> <span class='ocrx_word' id='word_1_688' title='bbox 3584 3203 3701 3254; x_wconf 78' lang='lat' dir='ltr'><strong>vos,</strong></span> <span class='ocrx_word' id='word_1_689' title='bbox 3755 3201 3809 3244; x_wconf 91' lang='lat' dir='ltr'><strong>ut</strong></span> 
     </span>
    </p>
   </div>
   <div class='ocr_carea' id='block_1_94' title="bbox 2217 3270 3807 3350">
    <p class='ocr_par' dir='ltr' id='par_1_94' title="bbox 2217 3270 3807 3350">
     <span class='ocr_line' id='line_1_94' title="bbox 2217 3270 3807 3350; baseline 0.008 -27"><span class='ocrx_word' id='word_1_690' title='bbox 2217 3270 2392 3340; x_wconf 89' lang='lat' dir='ltr'><strong>potius</strong></span> <span class='ocrx_word' id='word_1_691' title='bbox 2420 3286 2630 3350; x_wconf 78' lang='lat' dir='ltr'><strong>aurum,</strong></span> <span class='ocrx_word' id='word_1_692' title='bbox 2653 3283 2953 3342; x_wconf 89' lang='lat' dir='ltr'><strong>argentum,</strong></span> <span class='ocrx_word' id='word_1_693' title='bbox 2979 3273 3182 3344; x_wconf 87' lang='lat' dir='ltr'><strong>lapides</strong></span> <span class='ocrx_word' id='word_1_694' title='bbox 3212 3277 3475 3344; x_wconf 90' lang='lat' dir='ltr'><strong>pretiosos</strong></span> <span class='ocrx_word' id='word_1_695' title='bbox 3505 3279 3807 3347; x_wconf 69' lang='lat' dir='ltr'><strong>mdiﬁcetis,</strong></span> 
     </span>
    </p>
   </div>
   <div class='ocr_carea' id='block_1_95' title="bbox 2216 3361 3810 3440">
    <p class='ocr_par' dir='ltr' id='par_1_95' title="bbox 2216 3361 3810 3440">
     <span class='ocr_line' id='line_1_95' title="bbox 2216 3361 3810 3440; baseline 0.008 -27"><span class='ocrx_word' id='word_1_696' title='bbox 2216 3374 2372 3430; x_wconf 89' lang='lat' dir='ltr'><strong>quam</strong></span> <span class='ocrx_word' id='word_1_697' title='bbox 2403 3361 2625 3432; x_wconf 85' lang='lat' dir='ltr'><strong>lignum,</strong></span> <span class='ocrx_word' id='word_1_698' title='bbox 2661 3361 2859 3429; x_wconf 89' lang='lat' dir='ltr'><strong>fenum,</strong></span> <span class='ocrx_word' id='word_1_699' title='bbox 2892 3364 3174 3434; x_wconf 88' lang='lat' dir='ltr'><strong>stipulam,</strong></span> <span class='ocrx_word' id='word_1_700' title='bbox 3207 3381 3370 3436; x_wconf 88' lang='lat' dir='ltr'><strong>super</strong></span> <span class='ocrx_word' id='word_1_701' title='bbox 3398 3377 3501 3422; x_wconf 83' lang='lat' dir='ltr'><strong>tant</strong></span> <span class='ocrx_word' id='word_1_702' title='bbox 3553 3386 3810 3440; x_wconf 85' lang='lat' dir='ltr'><strong>magnum</strong></span> 
     </span>
    </p>
   </div>
   <div class='ocr_carea' id='block_1_96' title="bbox 2216 3451 3808 3517">
    <p class='ocr_par' dir='ltr' id='par_1_96' title="bbox 2216 3451 3808 3517">
     <span class='ocr_line' id='line_1_96' title="bbox 2216 3451 3808 3517; baseline 0.007 -11"><span class='ocrx_word' id='word_1_703' title='bbox 2216 3460 2271 3506; x_wconf 91' lang='lat' dir='ltr'><strong>et</strong></span> <span class='ocrx_word' id='word_1_704' title='bbox 2299 3451 2528 3506; x_wconf 86' lang='lat' dir='ltr'><strong>validum</strong></span> <span class='ocrx_word' id='word_1_705' title='bbox 2556 3451 2955 3509; x_wconf 87' lang='lat' dir='ltr'><strong>fundamentum</strong></span> <span class='ocrx_word' id='word_1_706' title='bbox 2983 3472 2995 3508; x_wconf 94' lang='lat'><strong>:</strong></span> <span class='ocrx_word' id='word_1_707' title='bbox 3020 3455 3115 3510; x_wconf 91' lang='lat' dir='ltr'><strong>sed</strong></span> <span class='ocrx_word' id='word_1_708' title='bbox 3147 3464 3321 3511; x_wconf 90' lang='lat' dir='ltr'><strong>tamen</strong></span> <span class='ocrx_word' id='word_1_709' title='bbox 3352 3457 3585 3515; x_wconf 87' lang='lat' dir='ltr'><strong>breviter</strong></span> <span class='ocrx_word' id='word_1_710' title='bbox 3605 3461 3808 3517; x_wconf 91' lang='lat' dir='ltr'><strong>dictum</strong></span> 
     </span>
    </p>
   </div>
   <div class='ocr_carea' id='block_1_97' title="bbox 2217 3543 3810 3614">
    <p class='ocr_par' dir='ltr' id='par_1_97' title="bbox 2217 3543 3810 3614">
     <span class='ocr_line' id='line_1_97' title="bbox 2217 3543 3810 3614; baseline 0.008 -17"><span class='ocrx_word' id='word_1_711' title='bbox 2217 3543 2293 3597; x_wconf 87' lang='lat' dir='ltr'><strong>sic</strong></span> <span class='ocrx_word' id='word_1_712' title='bbox 2323 3543 2566 3612; x_wconf 87' lang='lat' dir='ltr'><strong>accipite,</strong></span> <span class='ocrx_word' id='word_1_713' title='bbox 2600 3545 2750 3614; x_wconf 91' lang='lat' dir='ltr'><strong>quasi</strong></span> <span class='ocrx_word' id='word_1_714' title='bbox 2778 3545 2869 3600; x_wconf 92' lang='lat' dir='ltr'><strong>diu</strong></span> <span class='ocrx_word' id='word_1_715' title='bbox 2895 3555 2949 3601; x_wconf 90' lang='lat' dir='ltr'><strong>et</strong></span> <span class='ocrx_word' id='word_1_716' title='bbox 2975 3546 3156 3601; x_wconf 88' lang='lat' dir='ltr'><strong>multis</strong></span> <span class='ocrx_word' id='word_1_717' title='bbox 3185 3548 3362 3602; x_wconf 83' lang='lat' dir='ltr'><strong>verbis</strong></span> <span class='ocrx_word' id='word_1_718' title='bbox 3391 3550 3614 3606; x_wconf 88' lang='lat' dir='ltr'><strong>dictum.</strong></span> <span class='ocrx_word' id='word_1_719' title='bbox 3647 3551 3810 3608; x_wconf 81' lang='lat' dir='ltr'><strong>Novi-</strong></span> 
     </span>
    </p>
   </div>
   <div class='ocr_carea' id='block_1_98' title="bbox 2217 3632 3810 3711">
    <p class='ocr_par' dir='ltr' id='par_1_98' title="bbox 2217 3632 3810 3711">
     <span class='ocr_line' id='line_1_98' title="bbox 2217 3632 3810 3711; baseline 0.006 -25"><span class='ocrx_word' id='word_1_720' title='bbox 2217 3647 2336 3686; x_wconf 91' lang='lat' dir='ltr'><strong>mus</strong></span> <span class='ocrx_word' id='word_1_721' title='bbox 2377 3634 2539 3697; x_wconf 90' lang='lat' dir='ltr'><strong>enim,</strong></span> <span class='ocrx_word' id='word_1_722' title='bbox 2592 3632 2805 3700; x_wconf 84' lang='lat' dir='ltr'><strong>fratres,</strong></span> <span class='ocrx_word' id='word_1_723' title='bbox 2852 3636 2973 3705; x_wconf 90' lang='lat' dir='ltr'><strong>quia</strong></span> <span class='ocrx_word' id='word_1_724' title='bbox 3022 3637 3262 3706; x_wconf 89' lang='lat' dir='ltr'><strong>quisquis</strong></span> <span class='ocrx_word' id='word_1_725' title='bbox 3307 3649 3544 3693; x_wconf 82' lang='lat' dir='ltr'><strong>vestrum</strong></span> <span class='ocrx_word' id='word_1_726' title='bbox 3591 3651 3810 3711; x_wconf 84' lang='lat' dir='ltr'><strong>propter</strong></span> 
     </span>
    </p>
   </div>
   <div class='ocr_carea' id='block_1_99' title="bbox 2218 3723 3814 3802">
    <p class='ocr_par' dir='ltr' id='par_1_99' title="bbox 2218 3723 3814 3802">
     <span class='ocr_line' id='line_1_99' title="bbox 2218 3723 3814 3802; baseline 0.008 -26"><span class='ocrx_word' id='word_1_727' title='bbox 2218 3723 2305 3777; x_wconf 90' lang='lat' dir='ltr'><strong>illa</strong></span> <span class='ocrx_word' id='word_1_728' title='bbox 2347 3740 2466 3793; x_wconf 72' lang='lat' dir='ltr'><strong>qua:</strong></span> <span class='ocrx_word' id='word_1_729' title='bbox 2504 3723 2665 3778; x_wconf 89' lang='lat' dir='ltr'><strong>modo</strong></span> <span class='ocrx_word' id='word_1_730' title='bbox 2705 3723 2904 3795; x_wconf 85' lang='lat' dir='ltr'><strong>diligit,</strong></span> <span class='ocrx_word' id='word_1_731' title='bbox 2956 3739 3051 3795; x_wconf 87' lang='lat' dir='ltr'><strong>per</strong></span> <span class='ocrx_word' id='word_1_732' title='bbox 3101 3727 3542 3783; x_wconf 74' lang='lat' dir='ltr'><strong>comminationes</strong></span> <span class='ocrx_word' id='word_1_733' title='bbox 3579 3732 3814 3802; x_wconf 81' lang='lat' dir='ltr'><strong>alicujus</strong></span> 
     </span>
    </p>
   </div>
   <div class='ocr_carea' id='block_1_100' title="bbox 2213 3813 3810 3894">
    <p class='ocr_par' dir='ltr' id='par_1_100' title="bbox 2213 3813 3810 3894">
     <span class='ocr_line' id='line_1_100' title="bbox 2213 3813 3810 3894; baseline 0.007 -26"><span class='ocrx_word' id='word_1_734' title='bbox 2213 3813 2407 3883; x_wconf 88' lang='lat' dir='ltr'><strong>judicis</strong></span> <span class='ocrx_word' id='word_1_735' title='bbox 2439 3815 2488 3868; x_wconf 92' lang='lat' dir='ltr'><strong>in</strong></span> <span class='ocrx_word' id='word_1_736' title='bbox 2515 3829 2783 3871; x_wconf 89' lang='lat' dir='ltr'><strong>carcerem</strong></span> <span class='ocrx_word' id='word_1_737' title='bbox 2813 3817 3132 3884; x_wconf 72' lang='lat' dir='ltr'><strong>mittere-utr,</strong></span> <span class='ocrx_word' id='word_1_738' title='bbox 3167 3828 3223 3872; x_wconf 90' lang='lat' dir='ltr'><strong>ut</strong></span> <span class='ocrx_word' id='word_1_739' title='bbox 3264 3819 3437 3873; x_wconf 87' lang='lat' dir='ltr'><strong>solum</strong></span> <span class='ocrx_word' id='word_1_740' title='bbox 3479 3821 3686 3876; x_wconf 85' lang='lat' dir='ltr'><strong>fumum</strong></span> <span class='ocrx_word' id='word_1_741' title='bbox 3716 3841 3810 3894; x_wconf 85' lang='lat' dir='ltr'><strong>pa-</strong></span> 
     </span>
    </p>
   </div>
   <div class='ocr_carea' id='block_1_101' title="bbox 2220 3909 3808 3982">
    <p class='ocr_par' dir='ltr' id='par_1_101' title="bbox 2220 3909 3808 3982">
     <span class='ocr_line' id='line_1_101' title="bbox 2220 3909 3808 3982; baseline 0.008 -22"><span class='ocrx_word' id='word_1_742' title='bbox 2220 3917 2435 3972; x_wconf 82' lang='lat' dir='ltr'><strong>teretur,</strong></span> <span class='ocrx_word' id='word_1_743' title='bbox 2465 3909 2546 3962; x_wconf 90' lang='lat' dir='ltr'><strong>illa</strong></span> <span class='ocrx_word' id='word_1_744' title='bbox 2573 3911 2748 3963; x_wconf 90' lang='lat' dir='ltr'><strong>omnia</strong></span> <span class='ocrx_word' id='word_1_745' title='bbox 2783 3911 2960 3964; x_wconf 90' lang='lat' dir='ltr'><strong>mallet</strong></span> <span class='ocrx_word' id='word_1_746' title='bbox 2981 3911 3246 3978; x_wconf 83' lang='lat' dir='ltr'><strong>amittere,</strong></span> <span class='ocrx_word' id='word_1_747' title='bbox 3275 3928 3434 3982; x_wconf 89' lang='lat' dir='ltr'><strong>quam</strong></span> <span class='ocrx_word' id='word_1_748' title='bbox 3455 3914 3630 3968; x_wconf 88' lang='lat' dir='ltr'><strong>locum</strong></span> <span class='ocrx_word' id='word_1_749' title='bbox 3658 3917 3808 3972; x_wconf 86' lang='lat' dir='ltr'><strong>illum</strong></span> 
     </span>
    </p>
   </div>
   <div class='ocr_carea' id='block_1_102' title="bbox 2222 3999 3810 4074">
    <p class='ocr_par' dir='ltr' id='par_1_102' title="bbox 2222 3999 3810 4074">
     <span class='ocr_line' id='line_1_102' title="bbox 2222 3999 3810 4074; baseline 0.009 -26"><span class='ocrx_word' id='word_1_750' title='bbox 2222 4000 2346 4069; x_wconf 83' lang='lat' dir='ltr'><strong>pali.</strong></span> <span class='ocrx_word' id='word_1_751' title='bbox 2380 3999 2570 4054; x_wconf 79' lang='lat' dir='ltr'><strong>Nescio</strong></span> <span class='ocrx_word' id='word_1_752' title='bbox 2610 4016 2717 4070; x_wconf 91' lang='lat' dir='ltr'><strong>quo</strong></span> <span class='ocrx_word' id='word_1_753' title='bbox 2767 4011 2942 4055; x_wconf 87' lang='lat' dir='ltr'><strong>autem</strong></span> <span class='ocrx_word' id='word_1_754' title='bbox 2987 4001 3146 4057; x_wconf 89' lang='lat' dir='ltr'><strong>modo</strong></span> <span class='ocrx_word' id='word_1_755' title='bbox 3185 4018 3302 4057; x_wconf 90' lang='lat' dir='ltr'><strong>cum</strong></span> <span class='ocrx_word' id='word_1_756' title='bbox 3335 4005 3471 4074; x_wconf 84' lang='lat' dir='ltr'><strong>ignis</strong></span> <span class='ocrx_word' id='word_1_757' title='bbox 3500 4007 3810 4062; x_wconf 84' lang='lat' dir='ltr'><strong>nominatur</strong></span> 
     </span>
    </p>
   </div>
   <div class='ocr_carea' id='block_1_103' title="bbox 2220 4091 3810 4160">
    <p class='ocr_par' dir='ltr' id='par_1_103' title="bbox 2220 4091 3810 4160">
     <span class='ocr_line' id='line_1_103' title="bbox 2220 4091 3810 4160; baseline 0.007 -16"><span class='ocrx_word' id='word_1_758' title='bbox 2220 4092 2271 4144; x_wconf 88' lang='lat' dir='ltr'><strong>itt</strong></span> <span class='ocrx_word' id='word_1_759' title='bbox 2301 4092 2384 4144; x_wconf 89' lang='lat' dir='ltr'><strong>die</strong></span> <span class='ocrx_word' id='word_1_760' title='bbox 2409 4091 2587 4160; x_wconf 86' lang='lat' dir='ltr'><strong>jndieii</strong></span> <span class='ocrx_word' id='word_1_761' title='bbox 2616 4091 2845 4159; x_wconf 83' lang='lat' dir='ltr'><strong>futurus,</strong></span> <span class='ocrx_word' id='word_1_762' title='bbox 2875 4108 3059 4147; x_wconf 89' lang='lat' dir='ltr'><strong>omnes</strong></span> <span class='ocrx_word' id='word_1_763' title='bbox 3089 4105 3455 4159; x_wconf 90' lang='lat' dir='ltr'><strong>contemnunt,</strong></span> <span class='ocrx_word' id='word_1_764' title='bbox 3486 4110 3538 4151; x_wconf 89' lang='lat' dir='ltr'><strong>et</strong></span> <span class='ocrx_word' id='word_1_765' title='bbox 3564 4096 3810 4155; x_wconf 88' lang='lat' dir='ltr'><strong>flammas</strong></span> 
     </span>
    </p>
   </div>
   <div class='ocr_carea' id='block_1_104' title="bbox 2221 4183 3809 4256">
    <p class='ocr_par' dir='ltr' id='par_1_104' title="bbox 2221 4183 3809 4256">
     <span class='ocr_line' id='line_1_104' title="bbox 2221 4183 3809 4256; baseline 0.007 -21"><span class='ocrx_word' id='word_1_766' title='bbox 2221 4183 2319 4238; x_wconf 83' lang='lat' dir='ltr'><strong>fuci</strong></span> <span class='ocrx_word' id='word_1_767' title='bbox 2349 4184 2618 4251; x_wconf 87' lang='lat' dir='ltr'><strong>timentes,</strong></span> <span class='ocrx_word' id='word_1_768' title='bbox 2651 4184 2918 4240; x_wconf 85' lang='lat' dir='ltr'><strong>flammam</strong></span> <span class='ocrx_word' id='word_1_769' title='bbox 2953 4184 3211 4255; x_wconf 71' lang='lat' dir='ltr'><strong>gehennze</strong></span> <span class='ocrx_word' id='word_1_770' title='bbox 3254 4204 3347 4256; x_wconf 80' lang='lat' dir='ltr'><strong>pro</strong></span> <span class='ocrx_word' id='word_1_771' title='bbox 3391 4189 3556 4242; x_wconf 83' lang='lat' dir='ltr'><strong>nihilo</strong></span> <span class='ocrx_word' id='word_1_772' title='bbox 3583 4189 3809 4245; x_wconf 88' lang='lat' dir='ltr'><strong>ducunt.</strong></span> 
     </span>
    </p>
   </div>
   <div class='ocr_carea' id='block_1_105' title="bbox 2218 4278 3810 4350">
    <p class='ocr_par' dir='ltr' id='par_1_105' title="bbox 2218 4278 3810 4350">
     <span class='ocr_line' id='line_1_105' title="bbox 2218 4278 3810 4350; baseline 0.008 -22"><span class='ocrx_word' id='word_1_773' title='bbox 2218 4278 2346 4344; x_wconf 70' lang='lat' dir='ltr'><strong>Qtuc</strong></span> <span class='ocrx_word' id='word_1_774' title='bbox 2391 4288 2472 4332; x_wconf 89' lang='lat' dir='ltr'><strong>est</strong></span> <span class='ocrx_word' id='word_1_775' title='bbox 2502 4279 2599 4331; x_wconf 90' lang='lat' dir='ltr'><strong>ista</strong></span> <span class='ocrx_word' id='word_1_776' title='bbox 2631 4279 2860 4332; x_wconf 89' lang='lat' dir='ltr'><strong>duritia?</strong></span> <span class='ocrx_word' id='word_1_777' title='bbox 2885 4295 3003 4349; x_wconf 78' lang='lat' dir='ltr'><strong>qua:</strong></span> <span class='ocrx_word' id='word_1_778' title='bbox 3039 4289 3180 4334; x_wconf 87' lang='lat' dir='ltr'><strong>tanta</strong></span> <span class='ocrx_word' id='word_1_779' title='bbox 3228 4283 3548 4350; x_wconf 78' lang='lat' dir='ltr'><strong>perversitas</strong></span> <span class='ocrx_word' id='word_1_780' title='bbox 3587 4285 3810 4341; x_wconf 80' lang='lat' dir='ltr'><strong>cordis!</strong></span> 
     </span>
    </p>
   </div>
   <div class='ocr_carea' id='block_1_106' title="bbox 2219 4369 3810 4446">
    <p class='ocr_par' dir='ltr' id='par_1_106' title="bbox 2219 4369 3810 4446">
     <span class='ocr_line' id='line_1_106' title="bbox 2219 4369 3810 4446; baseline 0.004 -22"><span class='ocrx_word' id='word_1_781' title='bbox 2219 4370 2274 4424; x_wconf 88' lang='lat' dir='ltr'><strong>Si</strong></span> <span class='ocrx_word' id='word_1_782' title='bbox 2308 4371 2384 4423; x_wconf 76' lang='lat' dir='ltr'><strong>vel</strong></span> <span class='ocrx_word' id='word_1_783' title='bbox 2433 4371 2508 4424; x_wconf 80' lang='lat' dir='ltr'><strong>sic</strong></span> <span class='ocrx_word' id='word_1_784' title='bbox 2545 4372 2792 4425; x_wconf 89' lang='lat' dir='ltr'><strong>timerent</strong></span> <span class='ocrx_word' id='word_1_785' title='bbox 2832 4369 3073 4426; x_wconf 86' lang='lat' dir='ltr'><strong>homines</strong></span> <span class='ocrx_word' id='word_1_786' title='bbox 3101 4373 3238 4441; x_wconf 86' lang='lat' dir='ltr'><strong>quod</strong></span> <span class='ocrx_word' id='word_1_787' title='bbox 3284 4374 3355 4428; x_wconf 90' lang='lat' dir='ltr'><strong>ait</strong></span> <span class='ocrx_word' id='word_1_788' title='bbox 3387 4376 3697 4444; x_wconf 74' lang='lat' dir='ltr'><strong>Apostolus,</strong></span> <span class='ocrx_word' id='word_1_789' title='bbox 3725 4395 3810 4446; x_wconf 80' lang='lat' dir='ltr'><strong>per</strong></span> 
     </span>
    </p>
   </div>
   <div class='ocr_carea' id='block_1_107' title="bbox 2219 4460 3839 4536">
    <p class='ocr_par' dir='ltr' id='par_1_107' title="bbox 2219 4460 3839 4536">
     <span class='ocr_line' id='line_1_107' title="bbox 2219 4460 3839 4536; baseline 0.006 -24"><span class='ocrx_word' id='word_1_790' title='bbox 2219 4463 2405 4530; x_wconf 88' lang='lat' dir='ltr'><strong>ignent,</strong></span> <span class='ocrx_word' id='word_1_791' title='bbox 2435 4460 2703 4530; x_wconf 82' lang='lat' dir='ltr'><strong>quomodo</strong></span> <span class='ocrx_word' id='word_1_792' title='bbox 2732 4463 2882 4516; x_wconf 87' lang='lat' dir='ltr'><strong>timet</strong></span> <span class='ocrx_word' id='word_1_793' title='bbox 2910 4464 3134 4533; x_wconf 83' lang='lat' dir='ltr'><strong>quisque</strong></span> <span class='ocrx_word' id='word_1_794' title='bbox 3165 4479 3230 4518; x_wconf 90' lang='lat' dir='ltr'><strong>ne</strong></span> <span class='ocrx_word' id='word_1_795' title='bbox 3257 4464 3408 4519; x_wconf 81' lang='lat' dir='ltr'><strong>vivus</strong></span> <span class='ocrx_word' id='word_1_796' title='bbox 3435 4466 3640 4532; x_wconf 87' lang='lat' dir='ltr'><strong>ardeat,</strong></span> <span class='ocrx_word' id='word_1_797' title='bbox 3666 4470 3813 4536; x_wconf 89' lang='lat' dir='ltr'><strong>quod</strong></span> <span class='ocrx_word' id='word_1_798' title='bbox 3838 4490 3839 4493; x_wconf 47' lang='grc' dir='ltr'><strong>η</strong></span> 
     </span>
    </p>
   </div>
   <div class='ocr_carea' id='block_1_108' title="bbox 2220 4553 3815 4624">
    <p class='ocr_par' dir='ltr' id='par_1_108' title="bbox 2220 4553 3815 4624">
     <span class='ocr_line' id='line_1_108' title="bbox 2220 4553 3815 4624; baseline 0.006 -19"><span class='ocrx_word' id='word_1_799' title='bbox 2220 4553 2290 4606; x_wconf 90' lang='lat' dir='ltr'><strong>illi</strong></span> <span class='ocrx_word' id='word_1_800' title='bbox 2341 4566 2445 4606; x_wconf 89' lang='lat' dir='ltr'><strong>uno</strong></span> <span class='ocrx_word' id='word_1_801' title='bbox 2493 4562 2764 4606; x_wconf 84' lang='lat' dir='ltr'><strong>momento</strong></span> <span class='ocrx_word' id='word_1_802' title='bbox 2812 4554 3090 4624; x_wconf 86' lang='lat' dir='ltr'><strong>contingit,</strong></span> <span class='ocrx_word' id='word_1_803' title='bbox 3124 4555 3297 4608; x_wconf 89' lang='lat' dir='ltr'><strong>donec</strong></span> <span class='ocrx_word' id='word_1_804' title='bbox 3341 4571 3531 4611; x_wconf 83' lang='lat' dir='ltr'><strong>sensus</strong></span> <span class='ocrx_word' id='word_1_805' title='bbox 3564 4558 3815 4614; x_wconf 84' lang='lat' dir='ltr'><strong>membra</strong></span> 
     </span>
    </p>
   </div>
   <div class='ocr_carea' id='block_1_109' title="bbox 2217 4644 3816 4717">
    <p class='ocr_par' dir='ltr' id='par_1_109' title="bbox 2217 4644 3816 4717">
     <span class='ocr_line' id='line_1_109' title="bbox 2217 4644 3816 4717; baseline 0.007 -20"><span class='ocrx_word' id='word_1_806' title='bbox 2217 4644 2470 4699; x_wconf 79' lang='lat' dir='ltr'><strong>deserens</strong></span> <span class='ocrx_word' id='word_1_807' title='bbox 2498 4659 2685 4698; x_wconf 89' lang='lat' dir='ltr'><strong>omnes</strong></span> <span class='ocrx_word' id='word_1_808' title='bbox 2715 4646 2831 4699; x_wconf 89' lang='lat' dir='ltr'><strong>illas</strong></span> <span class='ocrx_word' id='word_1_809' title='bbox 2861 4645 3102 4700; x_wconf 84' lang='lat' dir='ltr'><strong>ﬂammas</strong></span> <span class='ocrx_word' id='word_1_810' title='bbox 3132 4647 3427 4717; x_wconf 83' lang='lat' dir='ltr'><strong>superﬂuas</strong></span> <span class='ocrx_word' id='word_1_811' title='bbox 3463 4649 3617 4716; x_wconf 82' lang='lat' dir='ltr'><strong>facit;</strong></span> <span class='ocrx_word' id='word_1_812' title='bbox 3649 4651 3816 4708; x_wconf 81' lang='lat' dir='ltr'><strong>linte-</strong></span> 
     </span>
    </p>
   </div>
   <div class='ocr_carea' id='block_1_110' title="bbox 2219 4735 3820 4812">
    <p class='ocr_par' dir='ltr' id='par_1_110' title="bbox 2219 4735 3820 4812">
     <span class='ocr_line' id='line_1_110' title="bbox 2219 4735 3820 4812; baseline 0.006 -24"><span class='ocrx_word' id='word_1_813' title='bbox 2219 4746 2298 4788; x_wconf 88' lang='lat' dir='ltr'><strong>rct</strong></span> <span class='ocrx_word' id='word_1_814' title='bbox 2326 4744 2536 4801; x_wconf 86' lang='lat' dir='ltr'><strong>tamen,</strong></span> <span class='ocrx_word' id='word_1_815' title='bbox 2580 4744 2631 4790; x_wconf 91' lang='lat' dir='ltr'><strong>et</strong></span> <span class='ocrx_word' id='word_1_816' title='bbox 2670 4751 2776 4790; x_wconf 93' lang='lat' dir='ltr'><strong>non</strong></span> <span class='ocrx_word' id='word_1_817' title='bbox 2823 4735 3022 4791; x_wconf 89' lang='lat' dir='ltr'><strong>faceret</strong></span> <span class='ocrx_word' id='word_1_818' title='bbox 3063 4738 3262 4808; x_wconf 89' lang='lat' dir='ltr'><strong>aliquid</strong></span> <span class='ocrx_word' id='word_1_819' title='bbox 3300 4739 3441 4810; x_wconf 89' lang='lat' dir='ltr'><strong>quod</strong></span> <span class='ocrx_word' id='word_1_820' title='bbox 3474 4741 3594 4809; x_wconf 88' lang='lat' dir='ltr'><strong>jure</strong></span> <span class='ocrx_word' id='word_1_821' title='bbox 3629 4745 3820 4812; x_wconf 82' lang='lat' dir='ltr'><strong>prohi-</strong></span> 
     </span>
    </p>
   </div>
   <div class='ocr_carea' id='block_1_111' title="bbox 2218 4825 3818 4905">
    <p class='ocr_par' dir='ltr' id='par_1_111' title="bbox 2218 4825 3818 4905">
     <span class='ocr_line' id='line_1_111' title="bbox 2218 4825 3818 4905; baseline 0.009 -27"><span class='ocrx_word' id='word_1_822' title='bbox 2218 4825 2371 4879; x_wconf 87' lang='lat' dir='ltr'><strong>betur</strong></span> <span class='ocrx_word' id='word_1_823' title='bbox 2391 4869 2404 4890; x_wconf 90' lang='lat'><strong>,</strong></span> <span class='ocrx_word' id='word_1_824' title='bbox 2436 4841 2502 4881; x_wconf 92' lang='lat' dir='ltr'><strong>ne</strong></span> <span class='ocrx_word' id='word_1_825' title='bbox 2531 4825 2595 4880; x_wconf 89' lang='lat' dir='ltr'><strong>ad</strong></span> <span class='ocrx_word' id='word_1_826' title='bbox 2628 4827 2773 4881; x_wconf 89' lang='lat' dir='ltr'><strong>illum</strong></span> <span class='ocrx_word' id='word_1_827' title='bbox 2802 4829 3092 4884; x_wconf 86' lang='lat' dir='ltr'><strong>cruciatum</strong></span> <span class='ocrx_word' id='word_1_828' title='bbox 3134 4830 3387 4887; x_wconf 90' lang='lat' dir='ltr'><strong>momenti</strong></span> <span class='ocrx_word' id='word_1_829' title='bbox 3419 4834 3576 4887; x_wconf 92' lang='lat' dir='ltr'><strong>unius</strong></span> <span class='ocrx_word' id='word_1_830' title='bbox 3616 4852 3818 4905; x_wconf 79' lang='lat' dir='ltr'><strong>perve-</strong></span> 
     </span>
    </p>
   </div>
   <div class='ocr_carea' id='block_1_112' title="bbox 2218 4915 2374 4970">
    <p class='ocr_par' dir='ltr' id='par_1_112' title="bbox 2218 4915 2374 4970">
     <span class='ocr_line' id='line_1_112' title="bbox 2218 4915 2374 4970; baseline -0.006 -2"><span class='ocrx_word' id='word_1_831' title='bbox 2218 4915 2374 4970; x_wconf 91' lang='lat' dir='ltr'><strong>nirct.</strong></span> 
     </span>
    </p>
   </div>
   <div class='ocr_carea' id='block_1_113' title="bbox 2289 5005 3823 5088">
    <p class='ocr_par' dir='ltr' id='par_1_113' title="bbox 2289 5005 3823 5088">
     <span class='ocr_line' id='line_1_113' title="bbox 2289 5005 3823 5088; baseline 0.007 -28"><span class='ocrx_word' id='word_1_832' title='bbox 2289 5005 2510 5062; x_wconf 80' lang='lat' dir='ltr'><strong>CAPUT</strong></span> <span class='ocrx_word' id='word_1_833' title='bbox 2553 5007 2620 5060; x_wconf 85' lang='grc' dir='ltr'><strong>Χ.</strong></span> <span class='ocrx_word' id='word_1_834' title='bbox 2649 5039 2719 5048; x_wconf 91' lang='lat'><strong>--</strong></span> <span class='ocrx_word' id='word_1_835' title='bbox 2747 5010 2831 5066; x_wconf 83' lang='grc'><strong>10.</strong></span> <span class='ocrx_word' id='word_1_836' title='bbox 2862 5011 3182 5066; x_wconf 83' lang='lat' dir='ltr'><strong>Resurrectio</strong></span> <span class='ocrx_word' id='word_1_837' title='bbox 3210 5015 3327 5068; x_wconf 86' lang='lat' dir='ltr'><strong>talis</strong></span> <span class='ocrx_word' id='word_1_838' title='bbox 3361 5017 3613 5085; x_wconf 85' lang='lat' dir='ltr'><strong>speranda</strong></span> <span class='ocrx_word' id='word_1_839' title='bbox 3644 5020 3823 5088; x_wconf 71' lang='lat' dir='ltr'><strong>qualis</strong></span> 
     </span>
    </p>
   </div>
   <div class='ocr_carea' id='block_1_114' title="bbox 2216 5097 3818 5176">
    <p class='ocr_par' dir='ltr' id='par_1_114' title="bbox 2216 5097 3818 5176">
     <span class='ocr_line' id='line_1_114' title="bbox 2216 5097 3818 5176; baseline 0.008 -24"><span class='ocrx_word' id='word_1_840' title='bbox 2216 5099 2270 5152; x_wconf 88' lang='lat' dir='ltr'><strong>in</strong></span> <span class='ocrx_word' id='word_1_841' title='bbox 2299 5097 2497 5154; x_wconf 87' lang='lat' dir='ltr'><strong>Christo</strong></span> <span class='ocrx_word' id='word_1_842' title='bbox 2542 5104 2812 5170; x_wconf 78' lang='lat' dir='ltr'><strong>praeessit.</strong></span> <span class='ocrx_word' id='word_1_843' title='bbox 2860 5103 3039 5174; x_wconf 68' lang='grc' dir='ltr'><em>ΛηρεΙὶ</em></span> <span class='ocrx_word' id='word_1_844' title='bbox 3067 5105 3204 5176; x_wconf 87' lang='lat' dir='ltr'><strong>apud</strong></span> <span class='ocrx_word' id='word_1_845' title='bbox 3235 5106 3488 5161; x_wconf 81' lang='lat' dir='ltr'><strong>Abraham</strong></span> <span class='ocrx_word' id='word_1_846' title='bbox 3520 5124 3633 5162; x_wconf 71' lang='lat' dir='ltr'><strong>vere</strong></span> <span class='ocrx_word' id='word_1_847' title='bbox 3661 5127 3818 5165; x_wconf 83' lang='lat' dir='ltr'><strong>tuan-</strong></span> 
     </span>
    </p>
   </div>
   <div class='ocr_carea' id='block_1_115' title="bbox 2218 5191 3824 5272">
    <p class='ocr_par' dir='ltr' id='par_1_115' title="bbox 2218 5191 3824 5272">
     <span class='ocr_line' id='line_1_115' title="bbox 2218 5191 3824 5272; baseline 0.009 -29"><span class='ocrx_word' id='word_1_848' title='bbox 2218 5191 2488 5245; x_wconf 83' lang='lat' dir='ltr'><strong>ducarunt.</strong></span> <span class='ocrx_word' id='word_1_849' title='bbox 2520 5192 2622 5248; x_wconf 91' lang='lat' dir='ltr'><strong>Sed</strong></span> <span class='ocrx_word' id='word_1_850' title='bbox 2643 5237 2658 5261; x_wconf 93' lang='lat'><strong>,</strong></span> <span class='ocrx_word' id='word_1_851' title='bbox 2705 5205 2762 5248; x_wconf 91' lang='lat' dir='ltr'><strong>ut</strong></span> <span class='ocrx_word' id='word_1_852' title='bbox 2786 5195 2921 5259; x_wconf 80' lang='lat' dir='ltr'><strong>dixi,</strong></span> <span class='ocrx_word' id='word_1_853' title='bbox 2952 5195 3143 5252; x_wconf 88' lang='lat' dir='ltr'><strong>fratres</strong></span> <span class='ocrx_word' id='word_1_854' title='bbox 3166 5238 3182 5264; x_wconf 93' lang='lat'><strong>,</strong></span> <span class='ocrx_word' id='word_1_855' title='bbox 3214 5215 3353 5253; x_wconf 90' lang='lat' dir='ltr'><strong>nunc</strong></span> <span class='ocrx_word' id='word_1_856' title='bbox 3379 5200 3444 5255; x_wconf 90' lang='lat' dir='ltr'><strong>de</strong></span> <span class='ocrx_word' id='word_1_857' title='bbox 3473 5199 3570 5255; x_wconf 88' lang='lat' dir='ltr'><strong>hac</strong></span> <span class='ocrx_word' id='word_1_858' title='bbox 3599 5217 3658 5256; x_wconf 90' lang='lat' dir='ltr'><strong>re</strong></span> <span class='ocrx_word' id='word_1_859' title='bbox 3688 5219 3824 5272; x_wconf 84' lang='lat' dir='ltr'><strong>spa-</strong></span> 
     </span>
    </p>
   </div>
   <div class='ocr_carea' id='block_1_116' title="bbox 2220 5283 3822 5362">
    <p class='ocr_par' dir='ltr' id='par_1_116' title="bbox 2220 5283 3822 5362">
     <span class='ocr_line' id='line_1_116' title="bbox 2220 5283 3822 5362; baseline 0.009 -26"><span class='ocrx_word' id='word_1_860' title='bbox 2220 5283 2347 5336; x_wconf 88' lang='lat' dir='ltr'><strong>tium</strong></span> <span class='ocrx_word' id='word_1_861' title='bbox 2381 5298 2484 5337; x_wconf 93' lang='lat' dir='ltr'><strong>non</strong></span> <span class='ocrx_word' id='word_1_862' title='bbox 2516 5296 2596 5340; x_wconf 86' lang='lat' dir='ltr'><strong>est</strong></span> <span class='ocrx_word' id='word_1_863' title='bbox 2622 5285 2919 5341; x_wconf 87' lang='lat' dir='ltr'><strong>disserendi</strong></span> <span class='ocrx_word' id='word_1_864' title='bbox 2951 5306 2964 5341; x_wconf 91' lang='lat'><strong>:</strong></span> <span class='ocrx_word' id='word_1_865' title='bbox 2999 5288 3122 5342; x_wconf 90' lang='lat' dir='ltr'><strong>illud</strong></span> <span class='ocrx_word' id='word_1_866' title='bbox 3155 5289 3274 5344; x_wconf 90' lang='lat' dir='ltr'><strong>dico</strong></span> <span class='ocrx_word' id='word_1_867' title='bbox 3300 5333 3313 5356; x_wconf 89' lang='lat'><strong>,</strong></span> <span class='ocrx_word' id='word_1_868' title='bbox 3344 5290 3444 5346; x_wconf 88' lang='lat' dir='ltr'><strong>hoc</strong></span> <span class='ocrx_word' id='word_1_869' title='bbox 3469 5307 3566 5346; x_wconf 91' lang='lat' dir='ltr'><strong>nos</strong></span> <span class='ocrx_word' id='word_1_870' title='bbox 3588 5308 3822 5362; x_wconf 87' lang='lat' dir='ltr'><strong>sperare</strong></span> 
     </span>
    </p>
   </div>
   <div class='ocr_carea' id='block_1_117' title="bbox 2219 5375 3819 5452">
    <p class='ocr_par' dir='ltr' id='par_1_117' title="bbox 2219 5375 3819 5452">
     <span class='ocr_line' id='line_1_117' title="bbox 2219 5375 3819 5452; baseline 0.006 -22"><span class='ocrx_word' id='word_1_871' title='bbox 2219 5375 2413 5430; x_wconf 88' lang='lat' dir='ltr'><strong>debere</strong></span> <span class='ocrx_word' id='word_1_872' title='bbox 2439 5377 2489 5429; x_wconf 91' lang='lat' dir='ltr'><strong>in</strong></span> <span class='ocrx_word' id='word_1_873' title='bbox 2518 5379 2910 5432; x_wconf 86' lang='lat' dir='ltr'><strong>resurrectione</strong></span> <span class='ocrx_word' id='word_1_874' title='bbox 2936 5388 3287 5447; x_wconf 86' lang='lat' dir='ltr'><strong>mortuorum,</strong></span> <span class='ocrx_word' id='word_1_875' title='bbox 3319 5382 3460 5452; x_wconf 89' lang='lat' dir='ltr'><strong>quod</strong></span> <span class='ocrx_word' id='word_1_876' title='bbox 3491 5399 3819 5452; x_wconf 81' lang='lat' dir='ltr'><strong>expressum</strong></span> 
     </span>
    </p>
   </div>
   <div class='ocr_carea' id='block_1_118' title="bbox 2216 5470 3820 5548">
    <p class='ocr_par' dir='ltr' id='par_1_118' title="bbox 2216 5470 3820 5548">
     <span class='ocr_line' id='line_1_118' title="bbox 2216 5470 3820 5548; baseline 0.008 -27"><span class='ocrx_word' id='word_1_877' title='bbox 2216 5479 2299 5522; x_wconf 85' lang='lat' dir='ltr'><strong>est</strong></span> <span class='ocrx_word' id='word_1_878' title='bbox 2324 5470 2373 5521; x_wconf 90' lang='lat' dir='ltr'><strong>in</strong></span> <span class='ocrx_word' id='word_1_879' title='bbox 2403 5470 2576 5540; x_wconf 87' lang='lat' dir='ltr'><strong>capite</strong></span> <span class='ocrx_word' id='word_1_880' title='bbox 2613 5480 2826 5537; x_wconf 90' lang='lat' dir='ltr'><strong>nostro,</strong></span> <span class='ocrx_word' id='word_1_881' title='bbox 2866 5473 3005 5540; x_wconf 90' lang='lat' dir='ltr'><strong>quod</strong></span> <span class='ocrx_word' id='word_1_882' title='bbox 3039 5489 3348 5543; x_wconf 77' lang='lat' dir='ltr'><strong>expressum</strong></span> <span class='ocrx_word' id='word_1_883' title='bbox 3379 5484 3461 5530; x_wconf 88' lang='lat' dir='ltr'><strong>est</strong></span> <span class='ocrx_word' id='word_1_884' title='bbox 3498 5475 3551 5529; x_wconf 92' lang='lat' dir='ltr'><strong>in</strong></span> <span class='ocrx_word' id='word_1_885' title='bbox 3579 5492 3820 5548; x_wconf 76' lang='lat' dir='ltr'><strong>corpore</strong></span> 
     </span>
    </p>
   </div>
   <div class='ocr_carea' id='block_1_119' title="bbox 2219 5560 3818 5639">
    <p class='ocr_par' dir='ltr' id='par_1_119' title="bbox 2219 5560 3818 5639">
     <span class='ocr_line' id='line_1_119' title="bbox 2219 5560 3818 5639; baseline 0.008 -25"><span class='ocrx_word' id='word_1_886' title='bbox 2219 5560 2429 5616; x_wconf 86' lang='lat' dir='ltr'><strong>Domini</strong></span> <span class='ocrx_word' id='word_1_887' title='bbox 2477 5564 2643 5617; x_wconf 84' lang='lat' dir='ltr'><strong>nostri</strong></span> <span class='ocrx_word' id='word_1_888' title='bbox 2688 5563 2813 5618; x_wconf 85' lang='lat' dir='ltr'><strong>Jesu</strong></span> <span class='ocrx_word' id='word_1_889' title='bbox 2857 5562 3073 5638; x_wconf 59' lang='lat' dir='ltr'><strong>Christi,</strong></span> <span class='ocrx_word' id='word_1_890' title='bbox 3109 5563 3358 5636; x_wconf 90' lang='lat' dir='ltr'><strong>Quisquis</strong></span> <span class='ocrx_word' id='word_1_891' title='bbox 3407 5568 3549 5622; x_wconf 88' lang='lat' dir='ltr'><strong>aliud</strong></span> <span class='ocrx_word' id='word_1_892' title='bbox 3589 5582 3818 5639; x_wconf 77' lang='lat' dir='ltr'><strong>Sperat,</strong></span> 
     </span>
    </p>
   </div>
   <div class='ocr_carea' id='block_1_120' title="bbox 2211 5652 3821 5727">
    <p class='ocr_par' dir='ltr' id='par_1_120' title="bbox 2211 5652 3821 5727">
     <span class='ocr_line' id='line_1_120' title="bbox 2211 5652 3821 5727; baseline 0.008 -21"><span class='ocrx_word' id='word_1_893' title='bbox 2211 5652 2320 5721; x_wconf 87' lang='lat' dir='ltr'><strong>jatn</strong></span> <span class='ocrx_word' id='word_1_894' title='bbox 2372 5670 2476 5709; x_wconf 79' lang='lat' dir='ltr'><strong>non</strong></span> <span class='ocrx_word' id='word_1_895' title='bbox 2517 5654 2743 5709; x_wconf 79' lang='lat' dir='ltr'><strong>:edifieat</strong></span> <span class='ocrx_word' id='word_1_896' title='bbox 2785 5671 2944 5726; x_wconf 86' lang='lat' dir='ltr'><strong>super</strong></span> <span class='ocrx_word' id='word_1_897' title='bbox 2992 5657 3390 5713; x_wconf 87' lang='lat' dir='ltr'><strong>fundamentum</strong></span> <span class='ocrx_word' id='word_1_898' title='bbox 3419 5703 3433 5727; x_wconf 93' lang='lat'><strong>,</strong></span> <span class='ocrx_word' id='word_1_899' title='bbox 3479 5677 3586 5715; x_wconf 85' lang='lat' dir='ltr'><strong>non</strong></span> <span class='ocrx_word' id='word_1_900' title='bbox 3632 5665 3821 5719; x_wconf 81' lang='lat' dir='ltr'><strong>solum</strong></span> 
     </span>
    </p>
   </div>
   <div class='ocr_carea' id='block_1_121' title="bbox 2219 5749 3817 5826">
    <p class='ocr_par' dir='ltr' id='par_1_121' title="bbox 2219 5749 3817 5826">
     <span class='ocr_line' id='line_1_121' title="bbox 2219 5749 3817 5826; baseline 0.006 -25"><span class='ocrx_word' id='word_1_901' title='bbox 2219 5762 2422 5812; x_wconf 86' lang='lat' dir='ltr'><strong>aurum,</strong></span> <span class='ocrx_word' id='word_1_902' title='bbox 2455 5760 2730 5818; x_wconf 79' lang='lat' dir='ltr'><strong>argentum</strong></span> <span class='ocrx_word' id='word_1_903' title='bbox 2761 5759 2813 5803; x_wconf 90' lang='lat' dir='ltr'><strong>et</strong></span> <span class='ocrx_word' id='word_1_904' title='bbox 2855 5749 3052 5821; x_wconf 75' lang='lat' dir='ltr'><strong>lapides</strong></span> <span class='ocrx_word' id='word_1_905' title='bbox 3090 5751 3367 5822; x_wconf 81' lang='lat' dir='ltr'><strong>pretiosos,</strong></span> <span class='ocrx_word' id='word_1_906' title='bbox 3401 5754 3493 5806; x_wconf 82' lang='lat' dir='ltr'><strong>sed</strong></span> <span class='ocrx_word' id='word_1_907' title='bbox 3517 5769 3614 5809; x_wconf 85' lang='lat' dir='ltr'><strong>nec</strong></span> <span class='ocrx_word' id='word_1_908' title='bbox 3641 5755 3817 5826; x_wconf 52' lang='lat' dir='ltr'><strong>ipsam</strong></span> 
     </span>
    </p>
   </div>
  </div>
