3996 6478
237 363 372 418 11517

233 480 506 550 stipulam.
525 475 688 532 Extra
710 474 848 530 enim
871 470 1016 544 ponit
1037 477 1226 534 totum,
1250 467 1370 540 quia
1399 466 1578 523 nonin
1603 463 1816 520 Christo

237 572 404 639 ponit.
433 567 738 624 Resurrexit
765 579 891 633 ergo
924 563 1176 618 Dominus
1201 571 1382 616 noster
1403 560 1454 614 in
1479 574 1544 615 eo
1569 572 1812 626 corpore,

237 665 288 714 in
317 675 422 730 quo
451 659 688 729 sepultus
718 665 820 714 est.
850 655 1191 710 Resurrectio
1219 653 1542 722 promittitur
1567 650 1821 704 Christia-

237 756 338 808 nis.
371 753 558 808 Talem
587 753 1036 807 resurrectionem
1059 763 1374 818 speremus,
1414 746 1586 816 qualis
1623 745 1676 799 in
1721 743 1823 798 Do-

237 846 384 898 mino
425 852 610 897 nostro
647 841 920 913 prmcessit
959 843 1196 894 omnium
1244 847 1482 893 nostrum
1524 835 1706 890 ﬁdem.
1739 833 1821 889 Ad

241 935 342 988 hoc
369 933 510 988 enim
539 931 818 1002 prmvenit,
859 939 922 984 ut
963 929 1096 984 ﬁdes
1137 937 1317 984 nostra
1347 925 1820 996 supertediﬁcetnr.

237 1025 376 1092 Quid
407 1025 598 1094 igitur?
625 1021 904 1090 Quomodo
931 1035 1034 1075 non
1065 1020 1216 1084 tales,
1243 1018 1432 1089 quales
1449 1029 1590 1072 nunc
1615 1014 1824 1071 sumus?

237 1117 374 1168 Caro
401 1115 540 1168 enim
573 1111 782 1166 Domini
813 1111 976 1165 nostri
1001 1110 1126 1166 Jesu
1155 1107 1354 1163 ChriSIi
1379 1107 1684 1170 resurrexit,
1727 1105 1824 1160 sed

236 1204 482 1260 ascendit
511 1205 562 1258 in
593 1203 808 1258 caelum.
841 1202 896 1256 ln
925 1213 1062 1256 terra
1091 1199 1264 1254 ofﬁcia
1289 1198 1518 1253 humana
1547 1197 1780 1253 servavit
1807 1237 1822 1264 ,

239 1304 300 1348 ut
343 1293 690 1365 persuaderet
719 1295 816 1348 hoc
843 1291 1198 1346 resurrexisse
1227 1289 1374 1360 quod
1397 1289 1660 1359 sepultum
1689 1297 1824 1343 erat.

237 1385 506 1454 Numquid
537 1395 710 1440 autem
740 1384 870 1438 etin
911 1382 1048 1436 cmlo
1089 1382 1210 1436 talis
1251 1381 1402 1436 cibus
1443 1381 1564 1434 est?
1603 1379 1736 1434 Nam
1774 1386 1830 1434 et

241 1477 479 1548 Angelos
505 1475 678 1530 officia
719 1473 946 1528 humana
990 1474 1040 1526 in
1084 1482 1223 1526 terra
1273 1471 1496 1541 legimus
1523 1478 1823 1524 exsecutos.

243 1567 524 1622 Venerunt
551 1567 616 1620 ad
655 1565 946 1630 Abraham,
983 1573 1038 1618 ct
1087 1562 1570 1626 manducaverunt;
1611 1571 1666 1616 et
1706 1577 1827 1616 cum

241 1663 408 1718 Tobia
441 1662 662 1731 angelus
706 1659 840 1722 fuit,
885 1668 940 1712 et
985 1657 1342 1712 manducavit.
1383 1655 1518 1724 Quid
1564 1656 1825 1721 dicimus,

241 1756 368 1822 quia
420 1752 734 1822 phantasma
783 1759 896 1803 erat
941 1750 1024 1803 illa
1073 1749 1449 1814 tnanducatio,
1497 1755 1686 1804 etnon
1715 1757 1832 1802 erat

243 1847 408 1902 vera?
438 1845 624 1900 Nonne
673 1843 1010 1898 manifestum
1054 1851 1156 1906 est,
1203 1841 1342 1911 quod
1387 1841 1604 1895 vitulum
1636 1840 1831 1895 occidit

242 1938 512 1994 Abraham
537 1979 550 2002 ,
603 1953 764 2004 panes
801 1936 952 2002 fecit,
981 1945 1033 1990 et
1063 1935 1126 1988 ad
1161 1951 1398 1990 mensam
1431 1935 1637 2004 posuit;
1671 1935 1830 1988 minio

241 2033 432 2086 stravit
457 2030 659 2099 angelis
681 2069 694 2092 ,
735 2037 790 2084 cl
821 2028 1274 2082 tnauducaverttnt
1299 2026 1448 2100 (Gen.
1483 2045 1626 2085 xvttt.
1665 2027 1832 2097 1-9)?

243 2123 435 2178 Omnia
489 2124 584 2176 i.-.ta
634 2121 1064 2174 manifestissime
1111 2118 1245 2174 facta
1295 2128 1350 2173 et
1403 2119 1834 2174 manifestissime

245 2227 502 2282 expressa
535 2221 678 2264 sunt.

321 2303 547 2358 CAPUT
587 2301 676 2356 XI.
711 2331 782 2342 --
803 2302 824 2355 1
843 2302 888 2355 l.
921 2299 1086 2354 Ilomo
1115 2316 1178 2354 ea:
1206 2301 1500 2354 necessitate
1525 2301 1794 2353 manducet
1819 2343 1832 2366 ,

255 2395 468 2464 angelus
497 2409 558 2446 ca:
587 2400 850 2460 potestate.
881 2390 1016 2456 Quid
1059 2404 1186 2458 ergo
1227 2390 1354 2444 dicit
1391 2391 1442 2442 in
1483 2389 1622 2444 libro
1651 2389 1836 2444 Tobizn

250 2483 515 2552 angelus?
555 2481 762 2534 Vidistis
791 2497 869 2534 me
899 2480 1230 2546 manducare,
1257 2480 1346 2534 sed
1377 2482 1484 2534 visu
1512 2489 1672 2533 uestro
1695 2479 1834 2533 uide-

253 2575 384 2628 butis
409 2572 556 2642 (Tob.
596 2587 688 2638 ιιιι,
721 2572 828 2642 19).
863 2571 1128 2640 Numquid
1156 2573 1276 2640 quia
1309 2587 1414 2626 non
1441 2571 1794 2626 mandueabat
1819 2612 1835 2637 ,

253 2663 350 2718 sed
393 2662 710 2716 manducare
769 2661 1082 2716 videbatur?
1133 2660 1242 2715 lmo
1293 2676 1420 2717 vero
1464 2661 1834 2715 manducahat.

255 2755 394 2822 Quid
423 2765 504 2808 est
523 2769 670 2822 ergo,
701 2753 806 2808 visu
829 2761 986 2806 vestro
1013 2751 1290 2806 videbatis?
1319 2752 1558 2807 lntendat
1578 2751 1840 2808 Sanctitas

255 2855 434 2900 vestra
483 2845 624 2913 quod
663 2845 784 2898 dico
819 2863 832 2898 :
860 2843 1100 2898 intendat
1129 2843 1180 2896 in
1211 2843 1504 2898 orationem
1539 2843 1656 2911 plus
1683 2859 1839 2913 quam

258 2939 318 2992 in
347 2951 466 3002 me;
499 2947 552 2990 ιιι
578 2935 882 3004 intelligatis
908 2935 1048 3004 quod
1079 2934 1325 3000 dicimus,
1357 2943 1413 2988 ut
1453 2945 1505 2988 et
1533 2949 1630 2988 nos
1662 2935 1731 2988 ita
1761 2935 1842 2988 di-

257 3044 446 3084 camus
475 3027 920 3097 quemadmodum
953 3041 1050 3081 vos
1096 3035 1310 3096 oportet
1349 3026 1534 3080 audire
1561 3035 1616 3082 et
1640 3026 1842 3080 intelli-

257 3137 388 3190 gere
413 3119 552 3189 quod
580 3119 792 3174 auditis.
823 3119 1026 3187 Corpus
1055 3128 1292 3172 nostrum
1315 3119 1566 3188 quamdiu
1587 3119 1846 3188 corrupti-

267 3213 376 3266 liile
401 3223 484 3267 est
507 3222 560 3266 et
585 3212 924 3277 moriturum,
945 3211 1285 3281 indigentiam
1309 3211 1504 3280 patitur
1520 3212 1842 3278 refectiouis,

259 3302 390 3357 inde
415 3311 468 3356 et
495 3303 658 3356 fames
685 3303 866 3356 existit
891 3319 906 3356 :
941 3310 1218 3370 proIiterea
1246 3303 1510 3357 esurimus
1536 3312 1587 3356 et
1615 3303 1843 3367 sitimus;

259 3405 322 3448 et
352 3395 396 3448 si
429 3395 660 3450 esuriem
702 3395 952 3464 sitimque
991 3405 1224 3448 nostram
1263 3395 1626 3450 distulerimus
1651 3397 1848 3451 diutius

260 3501 423 3554 quam
453 3493 626 3555 potest
650 3500 846 3555 corpus
861 3485 1142 3550 sustinere,
1161 3485 1466 3554 perducitur
1491 3489 1555 3540 ad
1587 3487 1848 3541 tabificam

261 3577 512 3641 maciem,
540 3585 593 3630 et
616 3577 679 3631 ad
701 3575 986 3646 quamdam
1009 3576 1302 3631 morbidam
1330 3578 1643 3644 exilitatem,
1673 3577 1849 3632 disce-

259 3667 518 3722 dentibus
543 3668 746 3722 viribus
775 3677 828 3722 et
857 3683 960 3722 non
991 3668 1398 3724 succedentibus
1430 3687 1444 3724 :
1473 3678 1526 3724 et
1553 3671 1597 3724 si
1623 3670 1852 3739 amplius

263 3761 379 3824 tiat,
409 3773 554 3814 mors
579 3761 738 3814 etiam
765 3769 1144 3830 consequetur.
1195 3761 1325 3814 Nam
1365 3776 1578 3830 semper
1614 3760 1680 3816 de
1727 3775 1850 3814 cor-

263 3864 400 3920 pore
449 3859 634 3904 nostro
685 3849 908 3904 discedit
953 3851 1150 3920 aliquid
1203 3852 1354 3920 quasi
1407 3851 1636 3920 quodam
1693 3851 1852 3906 ﬁuvio

257 3941 612 3996 discessionis
631 3982 646 4006 ,
688 3942 780 3994 sed
813 3941 938 3996 inde
965 3957 1069 3996 non
1100 3943 1356 3996 sentimus
1381 3944 1524 3998 vires
1543 3965 1550 3970 ·
1571 3944 1852 4000 disceden-

260 4045 372 4098 tes,
422 4033 544 4101 quia
595 4047 689 4100 per
733 4031 1076 4086 refectionem
1129 4034 1452 4088 assumimus
1486 4035 1849 4091 succedentes.

257 4125 421 4193 Quod
459 4125 598 4178 enim
642 4125 856 4194 cepiosc
883 4126 1118 4188 accedit,
1149 4128 1396 4196 paulatim
1435 4130 1660 4186 discedit
1688 4149 1700 4184 :
1729 4149 1852 4201 pro-

261 4223 448 4286 pterea
491 4231 654 4285 parvo
697 4224 935 4285 tempore
981 4218 1268 4287 reﬁcimus,
1315 4221 1650 4289 productiore
1676 4233 1852 4278 autem

261 4319 510 4376 tempore
539 4307 789 4362 deserunt
815 4323 912 4362 nos
940 4310 1100 4376 vires,
1145 4325 1264 4380 qure
1289 4321 1522 4383 accepta:
1567 4325 1691 4370 sunt
1732 4331 1851 4372 cum

262 4397 647 4452 reticercmus.
698 4400 846 4452 Sicut
885 4399 1062 4454 etcum
1115 4403 1164 4455 in
1209 4403 1444 4470 lucerna,
1489 4405 1628 4474 quod
1679 4422 1848 4476 parvo

263 4501 516 4559 tempore
555 4491 798 4558 mittitur,
849 4491 1046 4546 diutius
1094 4495 1454 4564 paulatimque
1497 4501 1866 4564 consumitur”

261 4583 403 4638 Cum
445 4593 620 4637 autem
663 4599 826 4653 prope
866 4595 1237 4655 consumptum
1283 4587 1460 4654 fuerit,
1490 4589 1600 4659 jam
1631 4585 1864 4662 languor

271 4676 558 4734 [lanunuhe
587 4676 734 4730 illius.
765 4677 914 4745 quasi
957 4678 1121 4734 fames
1165 4681 1412 4746 lucernae,
1444 4682 1694 4737 admonet
1715 4699 1812 4740 nos
1836 4725 1852 4753 ,

266 4776 326 4824 et
351 4769 603 4822 continuo
632 4770 1006 4832 subvenimus,
1041 4781 1098 4825 ιιι
1138 4772 1460 4828 instauretur
1489 4775 1574 4829 illa
1603 4778 1808 4846 species
1833 4818 1848 4843 ,

261 4869 566 4916 etmaneat
592 4861 680 4914 lux
717 4862 766 4915 in
795 4862 1008 4916 lucerna
1034 4905 1048 4927 ,
1077 4864 1197 4918 cibo
1223 4881 1318 4918 suo
1347 4865 1540 4921 refecta
1572 4885 1690 4923 cum
1720 4869 1854 4938 adji-

270 4951 442 5007 cintus
469 4953 664 5007 oleum.
694 4952 782 5008 Sic
810 4956 949 5008 vires
979 4963 1192 5021 nostrm,
1229 4973 1360 5026 quas
1385 4960 1671 5030 accipimus
1703 4979 1854 5016 man-

265 5041 515 5097 ducando
534 5085 549 5110 ,
577 5054 704 5098 cunt
727 5055 776 5098 et
804 5045 1052 5100 deserunt
1082 5062 1178 5100 nos
1209 5057 1456 5116 perpetua
1487 5051 1810 5106 discessione
1835 5095 1850 5120 ,

266 5133 364 5186 sed
413 5133 685 5204 paulatim.
717 5135 847 5189 Nam
879 5147 930 5190 et
963 5137 1186 5207 idipsum
1217 5155 1354 5192 nunc
1380 5143 1550 5207 agitur
1584 5142 1634 5196 in
1677 5143 1848 5210 nohi:,

267 5223 396 5277 etin
413 5225 661 5279 omnibus
681 5227 976 5282 actionibus
1003 5229 1218 5294 nostris,
1246 5230 1296 5283 in
1325 5231 1650 5287 omnieliam
1675 5235 1850 5302 quiete

267 5325 448 5368 nostra
479 5331 582 5369 non
610 5327 780 5370 cessat
817 5317 894 5373 ire
923 5319 1062 5388 quod
1093 5327 1368 5389 acceptum
1397 5331 1478 5375 est
1505 5340 1518 5376 :
1548 5333 1596 5377 et
1623 5325 1666 5377 si
1697 5325 1854 5379 fuerit

265 5407 486 5462 omnino
516 5419 919 5479 consumptum,
955 5411 1022 5464 ita
1056 5413 1214 5467 homo
1241 5421 1290 5467 et
1323 5415 1546 5467 moritur
1584 5417 1850 5485 qumnmlo

270 5500 483 5555 lucerna
512 5504 880 5571 exstinguitur.
907 5503 984 5557 .LTt
1016 5513 1190 5558 autem
1231 5520 1333 5558 non
1367 5507 1640 5574 moriatur,
1675 5507 1722 5561 id
1748 5517 1846 5570 est,

269 5603 328 5648 ιιι
355 5610 458 5648 non
489 5598 878 5663 exstinguuntur,
907 5613 1013 5651 non
1045 5599 1164 5668 quia
1195 5600 1420 5654 moritur
1446 5601 1642 5666 animo,
1673 5601 1764 5655 sed
1795 5611 1850 5656 ut

265 5689 560 5755 corporalis
599 5686 712 5740 ha-c
741 5687 844 5740 vita
873 5697 1052 5742 nostra
1089 5704 1192 5742 non
1227 5691 1608 5758 exstinguatur,
1637 5700 1682 5743 et
1709 5705 1850 5761 qtae-

266 5774 390 5832 dam
415 5775 564 5847 quasi
598 5777 820 5849 vigilatio
839 5777 888 5832 in
911 5777 1010 5834 isto
1037 5793 1257 5850 corpore
1283 5779 1551 5849 succedat,
1583 5783 1844 5836 currimus

1609 349 1834 408 δειιιιυ
1873 347 2158 416 CCCLX".

3377 351 3514 408 1618

1923 471 1984 518 et
2004 463 2314 533 subiicimus
2343 465 2486 535 quod
2527 467 2780 536 recessit,
2809 478 2864 525 et
2890 468 3106 526 reﬁcere
3133 469 3376 526 dicimur.
3401 471 3502 536 Qui

1923 553 2051 610 dicit
2077 555 2243 622 reﬁci,
2277 555 2404 627 quid
2437 558 2630 625 reiicit,
2657 561 2704 616 si
2743 561 3113 620 nihil-deficit?
3143 564 3241 620 Per
3265 563 3500 635 indigen-

1923 648 2052 702 tiam
2078 663 2205 718 ergo
2231 649 2366 705 hanc
2389 659 2442 705 et
2461 653 2852 722 corruptionem
2869 656 3034 712 etiam
3053 657 3294 712 morituri
3323 671 3508 712 sumus

1925 754 2114 794 omnes
2136 781 2151 806 ,
2203 739 2324 809 quia
2371 743 2476 796 tale
2503 751 2584 798 est
2621 743 2722 800 hoc
2752 761 2968 817 corpus,
2996 757 3054 802 ut
3078 748 3126 803 ei
3153 763 3298 804 mors
3325 749 3500 806 debita

1925 840 2246 886 reservetur.
2277 832 2582 890 llancenim
2599 837 2974 894 mortalitatem
2993 839 3293 909 significant
3319 841 3507 910 pelles,

1927 925 2120 994 quibus
2149 924 2316 980 induti
2347 935 2470 980 sunt
2495 928 2662 982 Adam
2693 937 2746 984 et
2777 930 2909 995 Eva,
2939 939 2998 986 et
3021 933 3225 988 dimissi
3255 931 3324 988 de
3351 949 3510 1002 para-

1927 1015 2046 1074 diso
2075 1013 2228 1086 (Gen.
2255 1031 2336 1082 ιιι,
2365 1017 2582 1086 Ξιοὲιι).
2615 1019 2790 1076 Pelles
2815 1022 2958 1076 enim
2985 1031 3208 1078 mortem
3249 1021 3506 1086 indicant,

1928 1123 2046 1177 qua:
2072 1122 2100 1160 a
2133 1109 2356 1164 mortuis
2393 1109 2682 1178 pecudibus
2726 1111 2934 1168 detrahi
2979 1113 3172 1169 solent.
3209 1114 3342 1170 Cum
3385 1129 3514 1184 ergo

1931 1205 2204 1265 portaums
2244 1197 2398 1252 istam
2445 1197 2803 1255 defectibiletn
2853 1202 3229 1267 infirmitatem,
3281 1203 3368 1258 cui
3413 1205 3514 1260 etsi

1929 1287 2078 1342 cibus
2108 1303 2376 1356 nunquam
2405 1287 2566 1356 desit,
2598 1289 2692 1345 sed
2719 1291 2942 1348 subinde
2971 1301 3183 1358 reparet
3213 1294 3374 1360 vires,
3407 1309 3512 1350 non

1931 1385 2110 1434 tamen
2151 1378 2310 1434 efﬁcit
2355 1389 2414 1434 ut
2457 1395 2600 1436 mors
2631 1397 2740 1438 non
2765 1383 2835 1438 sit
2859 1382 3028 1438 futura
3059 1383 3224 1456 (totus
3253 1387 3395 1440 enim
3425 1387 3514 1442 ille

1933 1467 2104 1524 status
2129 1471 2368 1539 corporis
2393 1485 2488 1542 per
2509 1473 2854 1529 succedentes
2869 1483 3074 1542 aetates,
3095 1477 3302 1532 etiamsi
3320 1477 3517 1532 diutius

1935 1557 2020 1612 hic
2047 1560 2258 1614 vivatur
2280 1602 2295 1627 ,
2328 1562 2504 1614 veniet
2536 1563 2820 1632 aliquando
2857 1565 2924 1620 ad
2955 1567 3240 1622 terminum
3269 1579 3516 1623 senectu-

1935 1650 2020 1714 tis,
2055 1659 2110 1704 et
2137 1650 2274 1704 ultra
2303 1665 2408 1720 quo
2425 1653 2724 1722 porrigatur
2753 1669 2856 1710 non
2888 1655 3120 1711 inveniet
3141 1658 3242 1712 nisi
3266 1665 3516 1714 mortem.

1933 1740 2066 1795 Nam
2094 1750 2148 1796 et
2173 1741 2388 1798 lucerna
2419 1745 2550 1814 ipsa,
2580 1746 2786 1802 etiamsi
2829 1748 3054 1802 subinde
3095 1765 3310 1821 semper
3339 1751 3519 1805 mittas

1934 1833 2134 1892 oleum.
2165 1849 2268 1888 non
2297 1835 2438 1890 valet.
2461 1849 2674 1906 semper
2693 1839 2910 1904 ardere;
2929 1839 3073 1909 quia,
3097 1850 3157 1894 ut
3175 1843 3290 1896 aliis
3309 1842 3524 1897 casibus

1948 1943 2052 1980 non
2081 1926 2472 1995 exstinguatur,
2501 1928 2612 1998 ipsa
2639 1937 2792 1998 stupa
2813 1929 3010 1996 deficit,
3035 1939 3090 1985 et
3117 1931 3342 2000 quadam
3371 1933 3521 2000 quasi

1936 2026 2214 2073 senectute
2256 2019 2622 2090 consumitur)
2655 2037 2668 2073 :
2697 2020 2950 2089 quamdiu
2991 2037 3118 2090 ergo
3147 2022 3268 2076 talia
3297 2037 3520 2091 corpora

1935 2107 2190 2176 gerimus,
2205 2123 2270 2164 ex
2287 2108 2494 2164 defectu
2511 2109 2825 2180 indigemus,
2845 2125 2910 2164 cx
2935 2111 3216 2182 indigentia
3237 2113 3520 2178 esurimus,

1938 2213 2006 2254 cx
2025 2197 2200 2252 csurie
2219 2199 2616 2254 manducamus.
2639 2201 2867 2271 Angelus
2887 2217 3014 2256 vero
3040 2217 3142 2256 non
3159 2218 3222 2256 ex
3241 2203 3524 2272 indigentia

1939 2288 2241 2343 manducat.
2271 2291 2424 2344 Aliud
2450 2301 2532 2346 est
2554 2291 2694 2346 enim
2723 2308 2786 2346 ex
2815 2301 3076 2362 potestate
3107 2294 3300 2364 aliquid
3329 2295 3522 2356 facere.

1939 2379 2080 2433 aliud
2111 2395 2176 2434 ex
2213 2382 2548 2438 necessitate.
2589 2383 2869 2438 Mandueat
2897 2384 3078 2449 homo,
3109 2401 3177 2441 ne
3223 2389 3478 2442 moriatur
3511 2406 3522 2441 :

1942 2468 2222 2524 manducat
2237 2471 2472 2541 angelus,
2483 2481 2540 2526 ιιι
2555 2475 2866 2530 mortalibus
2875 2487 3146 2546 congruat.
3155 2477 3210 2532 Si
3227 2479 3368 2532 enim
3387 2495 3528 2534 mor-

1943 2567 2050 2615 tem
2071 2575 2176 2616 non
2201 2560 2352 2616 timet
2371 2562 2611 2632 angelus,
2635 2579 2738 2618 non
2761 2579 2826 2621 ex
2851 2565 3055 2622 delectu
3075 2567 3398 2625 reﬁcitur:si
3423 2585 3526 2624 non

1943 2666 2006 2706 ex
2029 2652 2235 2708 defectu
2261 2653 2496 2708 reﬁcitur
2515 2697 2528 2721 ,
2561 2671 2666 2710 non
2693 2671 2758 2712 ex
2787 2655 3074 2727 indigentia
3099 2659 3400 2715 manducet.
3429 2660 3527 2728 Qui

1943 2751 2122 2798 autem
2165 2743 2414 2800 videbant
2441 2747 2686 2816 angelum
2733 2749 3073 2815 manducare,
3111 2761 3358 2823 tanquam
3405 2769 3531 2808 esu-

1945 2833 2170 2890 rientem
2209 2838 2484 2918 puutabant.
2519 2837 2629 2894 lloc
2653 2847 2736 2894 est
2763 2840 2904 2911 quod
2933 2843 3026 2908 ait,
3060 2842 3182 2900 Visa
3211 2855 3371 2899 uestro
3397 2847 3534 2901 ride-

1947 2926 2094 2980 batis.
2127 2926 2240 2980 Non
2271 2929 2414 2982 enim
2451 2927 2604 2994 dixit,
2632 2930 2904 2986 Videbatis
2933 2947 3018 2990 me
3051 2934 3372 2992 manducare
3393 2977 3406 3000 ,
3437 2939 3531 2992 sed

1950 3033 2052 3070 non
2083 3017 2396 3072 manducavi
2422 3035 2435 3072 :
2471 3018 2746 3086 Videbatis,
2777 3021 2966 3091 inquit,
2995 3040 3074 3078 me
3099 3027 3422 3092 manducare,
3445 3031 3533 3081 sed

1950 3110 2056 3162 visu
2080 3119 2238 3164 uestro
2269 3111 2548 3177 videbatis;
2569 3111 2620 3166 id
2649 3121 2754 3179 est,
2775 3127 2872 3183 ego
2895 3117 3280 3172 manducabam
3305 3128 3360 3172 ut
3387 3120 3532 3174 vobis

1949 3221 2334 3275 congruerent,
2373 3221 2478 3262 non
2509 3208 2630 3276 quia
2663 3207 2854 3264 famem
2887 3209 3047 3264 ullam
3077 3220 3168 3266 aut
3195 3211 3534 3282 indigentiam

1953 3299 2206 3368 patiebar,
2233 3313 2336 3368 qua
2365 3309 2590 3368 cogente
2627 3315 2723 3354 vos
2771 3301 3094 3358 manducare
3137 3304 3484 3358 COIlSlIcVisliS
3519 3347 3534 3366 .

1951 3399 2008 3446 et
2045 3391 2166 3446 ideo
2207 3405 2342 3460 quos
2383 3391 2706 3446 manducare
2749 3393 3004 3458 videritis,
3057 3409 3119 3450 ex
3165 3395 3452 3465 indigentia
3485 3397 3534 3448 id

1955 3481 2066 3536 ﬁeri
2111 3483 2488 3552 snspicamini,
2520 3483 2608 3553 qui
2637 3499 2700 3538 ex
2729 3493 2904 3538 vestra
2949 3487 3336 3541 consuetudine
3377 3489 3534 3541 mett-

1955 3574 2082 3628 ιιιἱηί
2105 3573 2244 3641 quod
2273 3574 2460 3628 videtis
2489 3591 2502 3626 :
2534 3575 2634 3628 hoc
2658 3583 2758 3638 est,
2789 3576 2896 3628 visu
2923 3585 3080 3630 vestro
3107 3576 3368 3631 videbatis.

2025 3662 2252 3720 CAPUT
2291 3664 2568 3719 IUL—12.
2591 3665 2937 3719 Manducandi
2954 3676 3170 3736 potestas
3191 3677 3537 3737 postremi-re.

1955 3760 2167 3812 ctionem
2187 3759 2299 3824 erit,
2331 3759 2457 3812 sicut
2475 3759 2528 3813 in
2551 3759 2766 3823 Christo,
2791 3775 2891 3812 non
2921 3761 3206 3815 necessitas.
3230 3761 3366 3827 Quid
3387 3778 3538 3830 ergo,

1957 3847 2148 3902 fratres
2177 3848 2313 3903 mei?
2341 3848 2566 3914 Scimus,
2589 3849 2726 3903 sicut
2753 3849 2880 3904 dicit
2903 3851 3212 3918 Aprsstoius,
3244 3852 3364 3921 quia
3388 3851 3539 3906 Chri-

1957 3949 2062 3994 stus
2103 3957 2368 4011 resurgens
2411 3957 2474 3994 ea:
2513 3941 2724 3995 mortuis
2743 3943 2852 4012 jam
2881 3957 2980 3996 non
3011 3945 3243 4010 moritur,
3272 3954 3318 3998 et
3345 3961 3478 3998 mors
3497 3948 3541 3998 ei

1959 4035 2094 4088 ultra
2121 4051 2222 4086 non
2258 4033 2617 4087 dominabitur.
2645 4032 2793 4099 Quod
2813 4035 2942 4087 enim
2967 4043 3190 4088 mortuus
3215 4043 3287 4089 est
3313 4047 3536 4104 peccato,

1959 4135 2184 4178 mortuus
2213 4133 2284 4179 est
2313 4126 2465 4178 semel
2493 4125 2662 4194 :quod
2701 4134 2868 4178 autem
2893 4123 3006 4178 rieit
3025 4165 3040 4191 ,
3069 4125 3186 4178 uiuit
3225 4123 3332 4179 Deo
3364 4124 3540 4194 (Rom.

1959 4231 2032 4280 vt,
2059 4216 2090 4269 9
2117 4224 2162 4268 et
2186 4213 2298 4286 10).
2327 4213 2381 4269 Si
2413 4229 2542 4284 ergo
2571 4215 2662 4268 ille
2689 4214 2796 4284 jam
2819 4231 2924 4268 non
2953 4216 3204 4280 moritur,
3241 4223 3295 4269 et
3320 4231 3464 4269 mors
3493 4218 3544 4270 ei

1961 4307 2098 4360 ultra
2139 4321 2241 4361 non
2277 4307 2668 4372 dominabitur;
2699 4307 2774 4361 sic
2803 4321 2901 4361 nos
2929 4315 3322 4362 resurrecturus
3357 4323 3536 4377 sperc-

1959 4415 2100 4462 ntus,
2123 4409 2180 4452 ut
2203 4399 2256 4452 in
2277 4413 2342 4453 eo
2367 4408 2506 4454 statu
2532 4414 2742 4468 semper
2759 4400 2946 4464 simus,
2970 4399 3020 4453 in
3043 4413 3198 4469 quem
3222 4399 3544 4469 resurgendo

1961 4491 2305 4546 tnutabimur.
2345 4491 2696 4545 Mandueandi
2745 4501 2920 4545 autent
2971 4500 3027 4546 et
3076 4493 3285 4546 bibendi
3337 4493 3541 4547 etiamsi

1961 4593 2196 4655 potestas
2243 4584 2378 4649 erit,
2407 4584 2696 4640 necessitas
2727 4601 2832 4639 non
2869 4586 2990 4640 erit.
3024 4587 3148 4640 Erat
3195 4595 3372 4642 autem
3417 4596 3546 4641 tttne

1960 4695 2056 4734 cur
2077 4679 2179 4734 hoe
2205 4679 2402 4734 faceret
2437 4679 2724 4744 Dominus,
2756 4680 2894 4749 quia.
2914 4689 3064 4733 erant
3097 4680 3266 4734 adlmc
3295 4680 3346 4734 in
3383 4695 3544 4736 carne

1961 4771 2153 4840 quibus
2205 4770 2365 4824 vellet
2421 4784 2753 4838 congruere,
2807 4770 3000 4840 quibus
3057 4771 3216 4826 etiam
3271 4771 3546 4828 cicatrices

1961 4862 2246 4917 ostendere
2287 4862 2473 4916 voluit.
2519 4861 2632 4914 Non
2675 4863 2816 4916 enim
2863 4862 2952 4931 qui
3000 4862 3122 4916 fecit
3171 4863 3354 4917 oculos
3392 4866 3542 4930 caici,

1961 4969 2096 5026 quos
2123 4956 2186 5010 in-
2205 4955 2390 5009 matris
2420 4963 2574 5009 utero
2603 4969 2706 5008 non
2739 4963 3036 5024 acceperat,
3069 4957 3184 5010 sine
3208 4955 3548 5012 cicatricibus

1961 5061 2242 5116 resurgere
2265 5061 2370 5100 non
2401 5046 2628 5101 valebat.
2659 5046 2758 5113 Qui
2787 5046 2830 5099 si
2861 5045 3021 5101 vellet
3049 5047 3215 5117 ipsius
3233 5049 3409 5103 carnis
3435 5065 3546 5104 sua:

1963 5139 2240 5195 mortalem
2271 5139 2616 5209 indigentiam
2651 5151 2776 5195 ante
2819 5149 3047 5194 mortem
3085 5140 3156 5195 ita
3181 5151 3546 5208 commutare,

1963 5242 2018 5288 ut
2047 5249 2151 5287 non
2197 5232 2417 5286 haberet
2459 5232 2686 5302 aliquam
2715 5230 3046 5286 necessitatis
3085 5233 3337 5302 inopiam,
3367 5239 3548 5302 posset

1961 5326 2187 5396 utique:
2235 5325 2286 5379 itt
2327 5339 2487 5379 manu
2524 5324 2664 5379 enim
2709 5324 2972 5390 habebat,
3001 5325 3122 5395 quia
3169 5325 3307 5379 Deus
3337 5331 3450 5376 erat
3495 5325 3546 5379 in

1961 5429 2142 5482 carne,
2167 5423 2222 5470 et
2251 5415 2590 5484 omnipotens
2616 5415 2800 5478 Filius,
2837 5415 2972 5469 sicut
2993 5416 3330 5484 omnipotens
3365 5413 3542 5468 Pater.

1963 5505 2092 5562 Nam
2118 5515 2172 5561 et
2203 5507 2370 5576 ipsam
2398 5521 2614 5561 carnem
2663 5519 2812 5560 suam
2844 5515 2968 5561 ante
2989 5513 3214 5560 mortem
3247 5505 3464 5557 mutavit
3495 5505 3545 5558 in

1961 5595 2102 5670 quod
2151 5598 2334 5652 voluit.
2379 5597 2434 5652 In
2475 5607 2654 5652 monte
2709 5599 2904 5668 quippe
2947 5611 3066 5651 eum
3117 5594 3390 5665 discipulis
3425 5611 3546 5651 cum

1962 5697 2122 5757 esset,
2157 5691 2292 5744 sicut
2321 5689 2398 5743 sol
2429 5689 2699 5760 splenduit
2727 5689 2902 5743 vultus
2925 5689 3039 5757 ejus
3059 5685 3269 5758 (Matth.
3301 5701 3430 5752 xvu,
3461 5689 3542 5759 Ξ).

1965 5782 2073 5839 lloc
2116 5791 2290 5838 autem
2320 5790 2577 5855 potestate
2619 5779 2775 5850 fecit,
2804 5779 3082 5836 ostendere
3117 5781 3304 5837 voletis
3330 5781 3452 5854 quia
3491 5791 3546 5839 et
