3968 6448
510 338 647 390 1ὺ19

505 452 672 518 ipsum
701 462 915 503 carnem
947 460 1096 499 suam
1129 454 1304 514 posset
1333 444 1401 497 ab
1436 442 1577 496 omni
1608 440 1897 509 indigentia
1932 452 2088 491 eom-

507 554 732 605 umtare,
757 551 808 595 ut
828 555 929 594 non
953 548 1249 594 moreretur
1272 538 1315 593 si
1340 538 1521 592 nollet.
1546 536 1869 597 Potestatem,
1896 534 2090 603 inquit,

508 632 665 686 habeo
690 632 907 701 ponendi
933 631 1151 684 animum
1186 646 1349 683 meam
1368 672 1383 694 ,
1415 638 1461 681 et
1493 637 1781 695 potestatem
1811 627 1968 680 habeo
1993 628 2089 679 ite—

505 741 617 777 rum
634 724 860 778 sumendi
876 738 1002 775 eam.
1037 720 1198 775 Nemo
1219 738 1327 774 eam
1351 720 1479 773 tollit
1508 736 1538 772 a
1565 735 1643 774 me
1676 718 1852 788 (Joan.
1884 735 1931 781 x,
1977 717 2087 787 18).

508 817 749 871 Potestas
777 816 889 869 haec
931 831 1116 883 magna
1141 858 1154 880 ,
1185 830 1286 885 qua
1330 822 1506 883 posset
1546 821 1601 867 et
1644 829 1747 866 non
1781 812 1912 864 mori
1948 830 1961 865 :
1996 811 2087 865 sed

508 907 676 974 major
728 906 1124 968 misericordia,
1156 922 1257 975 qua
1292 904 1456 959 voluit
1491 906 1643 958 mori.
1676 904 1755 957 Ad
1801 904 1902 957 hoc
1946 903 2087 956 enim

507 1000 632 1055 fecit
666 1014 759 1069 per
798 999 1213 1053 misericordiam
1237 1041 1251 1064 ,
1277 999 1415 1068 quod
1464 1006 1642 1066 posset
1671 1006 1723 1051 et
1760 1012 1862 1049 non
1902 996 2083 1050 facere

508 1107 603 1159 per
630 1099 942 1159 potestatem
964 1133 977 1152 ,
1014 1101 1067 1144 ut
1112 1090 1264 1144 nobis
1304 1090 1650 1143 coastitueret
1681 1087 2083 1141 fundamentum

508 1183 914 1237 resurrectionis
959 1201 972 1235 :
1012 1193 1068 1234 ut
1111 1180 1238 1235 illud
1280 1180 1418 1249 quod
1459 1190 1672 1249 propter
1716 1194 1814 1233 nos
1858 1178 2082 1232 mortale

510 1272 773 1336 portabat,
798 1281 849 1325 et
890 1281 1213 1335 moreretur,
1244 1272 1365 1340 quia
1407 1270 1645 1323 morituri
1692 1284 1905 1331 sumus;
1937 1279 1989 1321 et
2018 1266 2083 1320 ad

505 1362 958 1415 inunortalitatem
986 1372 1318 1432 resurgeret,
1344 1373 1398 1415 ut
1424 1362 1868 1415 immortalitatem
1898 1372 2084 1428 spere-

507 1468 644 1507 mus.
693 1453 920 1522 Ideoque
952 1464 1073 1507 ante
1100 1461 1324 1507 mortem
1365 1467 1470 1505 non
1500 1452 1672 1506 solum
1714 1451 1969 1518 scriptum
2003 1459 2086 1504 est

505 1544 626 1610 quia
650 1542 984 1595 manducavit
1010 1551 1063 1597 et
1097 1542 1258 1606 bibit,
1287 1540 1376 1595 sed
1408 1541 1566 1595 etiam
1602 1542 1723 1608 quia
1764 1541 1984 1594 csurivit
2032 1548 2086 1593 ct

504 1637 669 1690 sitivit
695 1636 908 1705 (.llatth.
937 1653 1009 1699 iv,
1042 1636 1111 1690 2'2
1133 1679 1146 1699 ,
1177 1635 1397 1690 etloan.
1428 1651 1512 1688 χιχ
1535 1676 1549 1699 ,
1580 1634 1669 1703 28)
1703 1652 1716 1687 :
1751 1641 1868 1702 post
1897 1647 2081 1686 resur-

503 1732 793 1784 rectionem
845 1739 1044 1783 tautmn
1075 1730 1195 1798 quia
1241 1737 1295 1781 et
1334 1727 1666 1781 manducavit
1696 1736 1747 1779 et
1779 1726 1943 1790 bibit,
1977 1739 2080 1777 non

498 1827 674 1872 autem
714 1819 835 1888 quia
878 1820 1095 1872 esurivit
1128 1828 1181 1874 et
1221 1819 1423 1883 sitivit;
1456 1818 1577 1887 quia
1611 1819 1661 1869 in
1705 1831 1931 1886 corpore
1976 1831 2079 1869 non

499 1909 726 1978 amplius
772 1910 1028 1964 morituro
1055 1919 1302 1964 uenerat
1330 1910 1413 1963 illa
1451 1909 1737 1977 indigentia
1780 1907 2081 1975 corruptio-

500 2005 604 2067 nis,
629 2013 685 2056 nt
712 2013 855 2057 esset
893 2006 1184 2059 necessitas
1212 2003 1514 2059 refectionis
1535 2046 1548 2063 .
1580 2004 1673 2057 sed
1704 2012 1815 2057 erat
1846 2012 2080 2072 potestas

499 2094 710 2149 edendi.
739 2096 957 2149 Factum
981 2105 1061 2150 est
1090 2112 1247 2151 causa
1273 2096 1594 2166 eongruendi
1621 2138 1635 2160 ,
1667 2111 1771 2149 non
1800 2108 1853 2149 ut
1890 2097 2083 2151 subve-

500 2189 706 2243 niretur
734 2189 927 2260 inopia:
954 2189 1130 2244 carnis
1153 2232 1165 2257 ,
1189 2189 1280 2244 sed
1306 2197 1361 2243 ut
1386 2189 1700 2243 suaderetur
1730 2189 1931 2243 veritas
1955 2203 2079 2243 cor-

502 2282 666 2348 poris.

590 2373 817 2427 CAPUT
865 2372 1002 2427 XIII.
1032 2401 1106 2414 ——
1149 2373 1235 2426 15.
1291 2372 1532 2439 Quaestio,
1564 2372 1811 2442 quomodo
1861 2388 1979 2424 caro
2032 2380 2079 2425 et

496 2466 704 2533 sanguis
747 2482 848 2517 non
900 2462 1171 2531 possidebit
1212 2479 1421 2531 regnum
1462 2461 1576 2515 Dei.
1629 2462 1899 2516 Adversus
1944 2463 2077 2517 hanc

496 2564 695 2608 tantam
714 2554 1054 2616 evidentiam,
1079 2552 1315 2606 nonnulli
1344 2553 1495 2607 nobis
1510 2568 1573 2606 ex
1602 2553 1853 2621 Apostolo
1884 2553 2079 2607 faciunt

495 2646 843 2713 qna‘stionem
874 2662 889 2699 :
920 2654 1103 2698 contra
1130 2643 1284 2698 istam
1303 2644 1498 2713 quippe
1514 2643 2076 2711 disputationem,vide

496 2735 621 2804 quid
663 2736 937 2805 objiciunt.
996 2736 1133 2801 Non,
1190 2736 1452 2806 inquiunt,
1509 2744 1749 2805 resurget
1800 2750 1925 2789 caro
1966 2754 1978 2790 :
2029 2735 2077 2791 si

497 2828 639 2881 enim
668 2836 928 2896 resurget,
953 2826 1242 2896 possidebit
1268 2843 1485 2896 regnum
1521 2828 1642 2891 Dei;
1671 2837 1854 2895 aperte
1897 2837 2073 2881 autem

497 2918 624 2972 dicit
652 2919 955 2988 Apostolus,
983 2917 1114 2973 Caro
1142 2928 1187 2973 et
1212 2920 1417 2989 sanguis
1443 2935 1649 2987 regnum
1674 2917 1769 2971 Dei
1794 2935 1892 2971 non
1917 2919 2077 2986 possi-

496 3010 647 3063 debit.
700 3011 955 3073 Audistis,
1005 3026 1126 3065 cum
1178 3011 1465 3080 Apostolus
1509 3011 1790 3077 legeretur.
1840 3010 2074 3065 Dicimus

499 3116 711 3154 carnem
740 3115 1020 3170 resurgere
1038 3142 1051 3165 ,
1077 3109 1131 3155 et
1155 3099 1349 3155 clamat
1379 3101 1690 3168 Apostolus,
1717 3098 1847 3155 Caro
1876 3111 1922 3154 et
1958 3118 2079 3155 san-

496 3192 609 3261 guis
628 3208 831 3261 regnum
859 3191 955 3245 Dei
994 3208 1093 3245 non
1134 3191 1418 3263 possidebit.
1453 3191 1592 3261 Ergo
1625 3200 1807 3245 contra
1850 3192 2076 3260 Aposto-

496 3283 605 3335 lum
630 3282 998 3350 praedicamus,
1030 3291 1121 3336 aut
1147 3283 1258 3351 ipse
1284 3291 1465 3335 contra
1498 3282 1835 3351 Evangelium
1878 3282 2074 3351 praedi-

493 3373 672 3427 cavit?
696 3372 1039 3443 Evangelium
1063 3372 1236 3426 divina
1263 3387 1394 3425 voce
1423 3381 1675 3436 testatur,
1716 3371 1928 3424 Verbum
1955 3389 2072 3425 caro

497 3466 687 3534 factum
716 3474 788 3519 est
806 3507 820 3529 ,
848 3474 892 3519 et
920 3464 1157 3518 habitavit
1194 3464 1246 3517 in
1272 3465 1413 3517 nobis
1441 3462 1618 3535 (Joan.
1651 3481 1689 3529 ι,
1727 3464 1835 3533 14).
1867 3464 1920 3519 Si
1950 3479 2074 3517 caro

494 3556 688 3609 factum
732 3565 848 3621 est,
876 3571 997 3609 vera
1032 3570 1159 3610 caro
1202 3554 1392 3609 factum
1428 3563 1525 3607 est.
1560 3554 1689 3608 Nam
1721 3555 1763 3608 si
1801 3569 1903 3607 non
1948 3568 2072 3607 vera

493 3660 619 3700 caro
642 3688 655 3707 ,
689 3662 789 3702 nec
837 3661 980 3700 caro.
1008 3646 1155 3701 Sicut
1192 3662 1315 3701 vera
1359 3661 1483 3699 caro
1526 3644 1704 3699 Maria:
1727 3688 1740 3710 ,
1780 3661 1902 3700 vera
1945 3660 2071 3699 caro

494 3738 714 3803 Christi,
744 3755 862 3807 qua:
911 3739 1031 3792 inde
1062 3748 1302 3807 suscepta
1329 3748 1425 3791 est.
1468 3738 1592 3793 Ητρο
1617 3754 1740 3792 vera
1767 3753 1891 3791 caro
1925 3753 2073 3791 eom-

495 3828 777 3895 prehensa,
803 3827 1079 3897 flagellata,
1106 3829 1454 3898 colaphizata,
1484 3843 1735 3895 suspensa
1759 3845 1773 3892 ;
1810 3827 1921 3880 haec
1948 3842 2070 3881 vera

494 3934 619 3972 caro
661 3927 864 3971 mortua
886 3959 902 3983 ,
931 3917 1046 3973 hac
1076 3934 1198 3973 vera
1231 3933 1357 3972 caro
1398 3918 1601 3987 sepulta
1640 3929 1753 3983 est;
1788 3918 1901 3973 hrec
1946 3934 2070 3973 vera

496 4023 623 4061 caro
657 4023 684 4060 a
725 4018 896 4062 morte
922 4008 1081 4062 etiam
1131 4008 1441 4063 resurrexit.
1476 4009 1723 4063 Reddunt
1768 4010 2067 4064 testimonia

493 4098 797 4153 cicatrices:
817 4098 996 4152 vident
1017 4099 1153 4153 oculi
1174 4098 1574 4167 discipulorum,
1589 4110 1641 4153 et
1662 4100 1832 4155 adhuc
1853 4101 2071 4156 fluctuat

495 4188 811 4254 admiratio;
852 4191 1152 4260 compalpat
1202 4205 1425 4252 manus,
1471 4206 1538 4245 ne
1591 4191 1795 4246 dubitet
1839 4193 2066 4247 animus.

492 4278 687 4334 Contra
716 4288 915 4335 tantum
962 4281 1277 4336 evidentiam
1304 4322 1318 4345 ,
1350 4281 1569 4347 fratres,
1592 4299 1746 4352 quam
1778 4283 1878 4338 hoc
1902 4285 2070 4340 'inodo

495 4370 661 4425 voluit
690 4372 946 4427 Dominus
973 4384 1153 4427 noster
1180 4374 1337 4428 Jesus
1360 4375 1602 4429 Christus
1630 4376 1945 4444 persuadere
1983 4377 2067 4431 di-

495 4461 711 4530 scipulis
739 4477 856 4516 eam
888 4478 983 4531 per
1011 4464 1193 4518 orbem
1225 4472 1482 4517 terrarum
1519 4465 1912 4533 prmdieaturis;
1943 4482 2069 4520 con-

500 4558 576 4606 tra
628 4552 764 4607 hanc
825 4554 1142 4609 evidentiam
1204 4570 1439 4624 pugnare
1487 4555 1694 4609 videtur
1742 4557 2062 4625 Apostolus,

500 4644 683 4699 dicens
713 4660 727 4697 :
760 4643 890 4699 Caro
916 4654 962 4698 et
986 4646 1192 4715 sanguis
1218 4662 1427 4713 regnum
1456 4643 1550 4697 Dei
1575 4662 1673 4698 non
1698 4647 2003 4714 possidebit?

562 4734 647 4789 Li.
671 4734 898 4790 Solvitur
924 4736 1151 4805 quarstiol
1182 4733 1358 4797 Prima
1390 4736 1635 4804 expositio
1664 4736 1904 4805 ,lpostoli.
1939 4737 2069 4791 Pos-

492 4842 674 4880 scmus
700 4826 836 4880 hanc
856 4828 1200 4897 quaestionem
1243 4828 1313 4881 ita
1344 4828 1552 4883 solvere
1576 4870 1589 4893 ,
1618 4838 1671 4883 et
1698 4830 1945 4885 resistere
1971 4845 2065 4883 va-

488 4915 571 4970 nis
615 4917 1078 4975 calumniatoribus
1124 4936 1139 4975 :
1192 4930 1555 4974 verumtamen
1602 4930 1657 4974 et
1687 4923 1764 4975 sie
1806 4922 2062 4988 solvetur,

488 5006 759 5077 quomodo
786 5019 961 5077 potest
987 5012 1092 5064 cito
1121 5009 1459 5079 responderi,
1488 5018 1543 5065 et
1568 5010 1893 5081 diligentius,
1922 5013 2063 5082 quod

486 5097 558 5151 ait
590 5097 895 5167 Apostolus,
923 5099 1375 5155 considerabimus
1412 5099 1554 5153 unde
1595 5100 1664 5153 sit
1688 5101 1906 5155 dictum.
1940 5102 2066 5156 Dico

485 5204 613 5260 ergo
640 5188 909 5259 quomodo
945 5191 1209 5257 possimus
1253 5191 1501 5245 facillime
1548 5193 1888 5262 respondere.
1930 5194 2064 5259 Quid

488 5284 649 5338 habet
684 5280 1066 5351 Evangelium?
1095 5282 1246 5349 Quod
1292 5284 1583 5338 resurrexit
1620 5282 1862 5338 Christus
1906 5286 1958 5339 in
1998 5300 2064 5340 eo

486 5389 709 5447 corpore
730 5415 744 5439 ,
779 5387 885 5444 quo
914 5372 1154 5442 sepultus
1194 5382 1312 5427 est:
1344 5373 1467 5443 quia
1498 5374 1660 5437 visus,
1686 5376 1806 5445 quia
1853 5387 2065 5431 contre-

485 5477 651 5523 ctatus
676 5476 778 5534 est,
812 5464 932 5536 quia
974 5464 1246 5535 discipulis
1270 5465 1344 5519 ait
1389 5467 1691 5533 putantibus
1728 5468 1866 5537 quod
1911 5470 2067 5539 spiri-

484 5570 564 5614 tus
599 5568 778 5627 esset,
809 5557 1061 5627 Palpate,
1083 5566 1129 5611 et
1158 5554 1317 5611 videte
1340 5597 1353 5617 ,
1380 5557 1501 5623 quia
1539 5558 1743 5627 spiritus
1776 5575 1978 5613 carnem
2019 5572 2065 5614 et

480 5669 591 5705 ιιςιιη
640 5670 742 5708 non
786 5652 953 5719 habet,
1007 5652 1135 5706 sicut
1183 5665 1264 5703 me
1310 5648 1485 5703 videtis
1530 5648 1709 5704 habere
1736 5649 1883 5720 (Luc.
1916 5669 2062 5714 xxiv,

477 5743 604 5810 '59).
664 5744 801 5812 Quid
853 5754 1036 5802 contra
1081 5739 1404 5814 Apostolus?
1451 5739 1579 5797 (iam
1616 5748 1658 5794 et
1696 5743 1928 5811 sanguis,
1980 5745 2061 5798 in-

1730 324 1786 381 S.
1828 321 2188 379 AUGUSTI-Nl
2232 323 2529 379 lii’iSCUPl

3638 339 3773 396 16Ξο

2200 436 2329 504 quit,
2356 454 2559 508 regnum
2588 439 2679 494 Dsi
2718 459 2815 496 non
2857 446 3192 514 possidebunt.
3226 450 3532 519 Amplector
3559 462 3762 512 utrum-

2207 544 2341 596 que,
2393 546 2489 584 nec
2520 531 2638 587 dico
2671 533 2768 588 ista
2818 541 3097 606 pugnantia
3122 582 3136 606 ,
3169 558 3237 597 ne
3284 559 3383 616 ego
3436 548 3547 615 ipse
3588 561 3771 607 contra

2202 620 2470 675 stimulum
2495 638 2746 693 pugnem.
2773 627 3049 695 Quomodo
3077 647 3205 701 ergo
3244 635 3537 703 amplector
3562 649 3769 695 utrum-

2199 713 2344 781 que?
2381 714 2528 780 Cito,
2571 726 2626 770 ut
2672 717 2799 784 dixi,
2858 735 3066 788 possem
3115 725 3191 777 sic
3243 729 3563 796 respondere
3592 750 3603 782 :
3630 731 3774 797 Apoo

2198 806 2364 859 stolus
2392 809 2483 873 ait,
2517 810 2645 864 Caro
2674 821 2719 865 et
2754 816 2957 884 sanguis
2985 832 3190 887 regnum
3217 817 3313 872 Dei
3338 823 3625 878 Ittzreditate
3647 841 3769 895 pos-

2195 898 2357 949 sidere
2396 916 2495 952 non
2531 913 2755 970 possunt.
2785 904 2949 960 Recte
2980 907 3139 971 dixit;
3167 925 3272 963 non
3303 922 3379 965 est
3411 913 3551 965 enim
3592 917 3769 969 carnis

2196 988 2490 1055 possidere,
2536 992 2628 1047 sed
2655 995 2929 1062 possideri.
2967 996 3078 1050 Non
3102 1000 3240 1053 enim
3267 1015 3458 1068 corpus
3487 1011 3631 1058 tuum
3672 1007 3768 1060 ali-

2193 1081 2315 1149 quid
2341 1084 2592 1150 possidet,
2622 1087 2710 1139 sed
2734 1088 2905 1141 anima
2931 1098 3013 1142 tua
3045 1106 3138 1159 per
3157 1107 3349 1161 corpus
3373 1098 3619 1163 possidet.
3645 1116 3767 1171 qua:

2194 1175 2361 1244 ipsum
2390 1180 2546 1232 etiam
2570 1195 2760 1250 corpus
2787 1183 3038 1250 possidet.
3060 1185 3112 1239 Si
3131 1201 3257 1255 ergo
3285 1190 3360 1242 sic
3378 1194 3596 1261 resurgit
3616 1211 3764 1260 caro,

2192 1277 2248 1319 ut
2275 1266 2550 1335 habeatur,
2583 1287 2684 1325 non
2721 1272 2943 1337 haheat;
2975 1284 3031 1326 ιιι
3068 1278 3430 1346 possideatur,
3464 1299 3564 1337 non
3596 1288 3767 1352 possi-

2190 1357 2308 1410 deat
2334 1378 2346 1412 :
2372 1361 2493 1429 quid
2524 1363 2713 1417 mirum
2742 1365 2783 1417 si
2814 1381 2936 1419 caro
2964 1378 3013 1420 et
3042 1370 3255 1436 sanguis
3277 1386 3493 1440 regnum
3529 1375 3617 1429 Dei
3653 1392 3763 1431 non

2191 1450 2500 1517 possidebit,
2530 1454 2648 1522 quia
2684 1458 2863 1525 utique
2889 1459 3274 1525 possidebitur?
3301 1463 3431 1517 Nam
3455 1481 3543 1519 eos
3589 1469 3762 1535 possi-

2189 1541 2275 1594 det
2298 1558 2441 1608 caro,
2474 1547 2561 1614 qui
2588 1561 2689 1599 non
2733 1557 2854 1601 sunt
2882 1565 3097 1619 regnum
3140 1553 3250 1615 Dei,
3278 1556 3370 1609 sed
3404 1572 3618 1627 regnum
3646 1560 3765 1614 dia-

2191 1631 2315 1693 boli,
2346 1644 2399 1688 et
2426 1636 2544 1690 ideo
2564 1636 2758 1691 subditi
2788 1648 2912 1693 sunt
2934 1642 3283 1712 voluptatibus
3309 1648 3503 1701 carnis.
3530 1649 3678 1705 Unde
3702 1660 3761 1707 et

2189 1723 2276 1777 ille
2307 1726 2625 1795 paralyticus
2646 1731 2862 1797 grabato
2890 1734 3195 1799 portabatur
3223 1752 3235 1788 :
3264 1736 3355 1791 sed
3384 1748 3567 1793 sanato
3588 1741 3759 1796 Domi-

2187 1829 2285 1867 nus
2310 1815 2402 1878 ait,
2438 1816 2578 1871 Tolle
2597 1819 2855 1887 grabatum
2881 1831 3037 1885 tuum,
3079 1834 3122 1876 et
3150 1825 3276 1878 vade
3307 1828 3358 1879 in
3388 1828 3588 1881 domum
3618 1840 3759 1886 tuam

2192 1903 2376 1977 (Marc.
2407 1922 2463 1973 ιι,
2493 1908 2599 1977 ll).
2632 1908 2717 1963 Sic
2737 1926 2865 1980 ergo
2895 1913 3122 1985 paralysi
3154 1923 3333 1969 sanata
3363 1926 3505 1972 tenet
3539 1933 3755 1977 carnem

2186 2009 2355 2059 suam,
2388 2006 2441 2051 et
2490 1998 2633 2053 ducit
2666 2017 2771 2070 quo
2811 2002 2949 2057 vult:
2974 2020 3077 2057 non
3126 2020 3231 2076 quo
3253 2023 3357 2062 non
3387 2009 3548 2064 vulta
3595 2026 3757 2069 carne

2187 2088 2298 2158 ipse
2326 2091 2569 2156 trahitur,
2600 2104 2652 2146 et
2680 2105 2851 2161 portat
2871 2098 3046 2166 potius
3081 2113 3295 2166 corpus,
3334 2117 3490 2169 quam
3514 2114 3758 2171 portatur

2185 2193 2212 2230 a
2236 2195 2475 2249 corpore.
2500 2182 2829 2239 Manifestum
2857 2196 2937 2241 est
2979 2188 3119 2257 quod
3151 2190 3199 2242 in
3233 2190 3316 2243 illa
3362 2196 3757 2251 resurrectione

2185 2287 2287 2325 non
2320 2272 2530 2327 habebit
2556 2291 2681 2329 caro
2705 2278 3073 2334 illecebrarum
3098 2290 3341 2346 tractum,
3364 2293 3425 2338 ut
3450 2284 3606 2339 ducat
3630 2287 3753 2343 ani-

2184 2377 2321 2413 mam
2381 2379 2474 2431 per
2535 2367 2788 2433 quasdam
2845 2370 3172 2425 titillationes
3220 2383 3379 2443 atque
3432 2377 3750 2446 blanditias,

2183 2466 2287 2515 quo
2307 2451 2480 2506 anima
2510 2470 2610 2507 non
2640 2456 2768 2521 vult,
2793 2468 2846 2511 et
2875 2459 3181 2528 plerumque
3202 2473 3506 2533 superatur,
3536 2466 3749 2522 dicens:

2192 2540 2348 2596 Video
2412 2543 2564 2597 aliam
2620 2546 2776 2617 legem
2826 2550 2878 2601 in
2935 2551 3167 2604 membris
3224 2554 3346 2607 meis
3391 2567 3751 2627 repugnantem

2182 2634 2279 2703 legi
2327 2636 2505 2690 mentis
2531 2654 2688 2702 mete,
2720 2648 2769 2692 et
2812 2644 3060 2709 captivum
3110 2660 3190 2697 me
3237 2644 3494 2700 ducentem
3554 2650 3605 2702 in
3644 2650 3754 2721 lege

2183 2726 2389 2790 peccati,
2418 2742 2529 2793 qua:
2555 2737 2625 2781 est
2646 2730 2696 2782 in
2723 2730 2953 2785 membris
2979 2734 3119 2785 meis.
3152 2734 3337 2790 Adhuc
3367 2747 3601 2805 portatur
3627 2754 3752 2809 gra-

2182 2812 2304 2866 bato
2334 2816 2670 2886 paralyticus,
2702 2820 2932 2874 nondum
2963 2832 3132 2891 portat
3164 2843 3175 2876 :
3210 2827 3465 2882 exclamet
3488 2843 3631 2897 ergo,
3655 2828 3752 2883 ln-

2180 2905 2305 2973 felix.
2329 2921 2416 2973 ego
2448 2906 2616 2972 homo,
2647 2911 2757 2977 quis
2782 2927 2859 2963 me
2885 2912 3105 2965 liberabit
3133 2915 3196 2966 tle
3220 2932 3429 2985 corpore
3466 2920 3633 2972 mortis
3662 2921 3751 2973 Ιιι-

2169 2995 2294 3061 jus?
2322 2995 2757 3064 Restiondcatur,
2790 3000 2963 3055 Gratia
3010 3003 3104 3056 Dei
3150 3022 3239 3074 per
3281 3007 3455 3061 Jesum
3495 3008 3751 3065 Christum

2178 3082 2451 3140 Dominum
2472 3100 2696 3143 nostrum
2720 3092 2893 3159 (Rom.
2916 3110 3008 3159 vn,
3030 3095 3247 3167 ‘22-‘25).
3272 3098 3401 3152 Cum
3420 3115 3546 3169 ergo
3571 3116 3751 3156 resur-

2178 3178 2491 3241 rexerimus,
2513 3195 2614 3233 non
2634 3197 2730 3235 nos
2743 3196 2867 3236 caro
2885 3184 3131 3253 portabit,
3147 3186 3237 3240 sed
3267 3202 3362 3242 nos
3379 3204 3493 3242 eam
3514 3190 3746 3257 portabi—

2179 3284 2331 3322 mus:
2376 3270 2416 3323 si
2450 3286 2545 3324 nos
2572 3273 2929 3341 portabimus,
2964 3291 3061 3330 nos
3086 3292 3202 3331 eam
3231 3280 3614 3348 possidebimus
3645 3298 3659 3333 :
3700 3283 3749 3337 si

2178 3376 2275 3414 nos
2297 3376 2411 3415 eam
2438 3363 2843 3431 possidebimus,
2864 3383 2968 3421 non
2996 3368 3062 3422 ab
3091 3384 3150 3423 ea
3180 3372 3593 3438 possidebimur;
3624 3375 3745 3444 quia

2178 3451 2432 3506 liberalia
2460 3452 2669 3509 diabolo
2696 3471 2913 3526 regnum
2944 3459 3035 3514 Dei
3066 3475 3249 3516 sumus
3280 3479 3293 3513 :
3322 3472 3477 3532 atque
3518 3465 3587 3517 ita
3622 3480 3748 3520 caro

2178 3551 2229 3595 et
2256 3546 2469 3612 sanguis
2497 3561 2714 3614 regnum
2738 3547 2828 3601 Dei
2852 3564 2953 3602 non
2980 3550 3285 3618 possidebit.
3311 3552 3445 3621 Ergo
3462 3553 3750 3607 calumnia-

2180 3642 2321 3687 tores
2348 3636 2417 3687 illi
2446 3637 2839 3700 conticescant,
2872 3640 2959 3707 qui
2989 3656 3111 3693 vere
3139 3650 3261 3694 sunt
3285 3656 3411 3696 caro
3435 3651 3486 3696 et
3513 3646 3743 3713 sanguis,

2178 3732 2230 3778 et
2274 3726 2401 3778 nihil
2435 3736 2656 3794 possunt
2692 3728 2790 3782 nisi
2827 3730 3111 3783 carnaliter
3135 3731 3383 3800 cogitare.
3414 3732 3543 3799 Quia
3588 3736 3745 3789 etiam

2176 3814 2243 3870 de
2270 3816 2374 3870 illis
2405 3818 2454 3870 in
2500 3818 2685 3873 eadem
2716 3819 2988 3888 prudentia
3032 3822 3204 3873 carnis
3246 3825 3705 3890 perseverantibus
3729 3867 3744 3887 ,

2178 3908 2318 3961 unde
2340 3924 2464 3962 caro
2493 3919 2546 3964 et
2590 3912 2801 3982 sanguis
2842 3913 3031 3967 merito
3062 3914 3393 3981 appellantur
3414 3955 3429 3980 ,
3461 3926 3603 3971 recte
3643 3918 3746 3973 dici

2178 4001 2363 4068 potuit,
2389 4001 2517 4055 Caro
2543 4012 2587 4055 ct
2613 4004 2820 4073 sanguis
2843 4022 3049 4073 regnum
3072 4005 3167 4059 Dei
3192 4024 3289 4060 non
3313 4010 3653 4077 possidebunt.

2247 4092 2471 4147 CAPUT
2497 4093 2705 4147 XlV.—
2720 4096 2889 4150 Etiam
2909 4097 3008 4152 hoc
3034 4098 3190 4153 modo
3210 4100 3442 4154 solvatur
3465 4102 3576 4155 haec
3600 4118 3743 4173 qua:-

2176 4184 2312 4238 stio:
2346 4186 2465 4252 quia
2497 4185 2627 4239 tales
2658 4185 2919 4253 homines,
2952 4189 3038 4258 qui
3071 4205 3196 4243 caro
3232 4199 3285 4244 et
3320 4192 3531 4261 sanguis
3559 4193 3740 4262 appeto

2176 4278 2349 4330 lantur
2378 4278 2475 4339 (de
2503 4278 2690 4332 talibus
2739 4280 2877 4333 enim
2932 4282 3086 4335 etiam
3134 4283 3417 4351 Apostolus
3442 4283 3587 4345 dicit,
3623 4282 3743 4339 Non

2174 4379 2247 4429 est
2289 4372 2429 4423 nobis
2470 4370 2758 4424 colluctatio
2808 4373 3043 4427 adversus
3089 4390 3289 4429 carnem
3344 4386 3390 4428 et
3451 4377 3744 4446 sanguinem

2179 4460 2388 4531 [Ep/tes.
2422 4479 2494 4527 vi,
2533 4461 2727 4534 l2]).si
2754 4479 2858 4517 non
2889 4481 2945 4517 se
2971 4465 3035 4519 ad
3064 4466 3389 4535 spiritualem
3425 4467 3582 4521 vitam
3611 4483 3745 4523 con-

2177 4553 2449 4612 verterint,
2488 4562 2539 4605 et
2584 4554 2769 4620 Spiritu
2810 4553 2944 4607 facta
2971 4556 3146 4610 carnis
3172 4556 3622 4621 mortiﬁcaveriut,
3652 4574 3746 4614 re-

2173 4656 2331 4709 gnum
2366 4642 2451 4694 Dei
2484 4643 2754 4710 possidere
2786 4660 2887 4698 non
2919 4652 3186 4713 poterunt.

2248 4731 2329 4785 15.
2382 4730 2556 4785 Vcrior
2600 4734 2822 4803 Apostoli
2866 4751 3057 4789 sensus.
3091 4737 3462 4792 Verumtamen
3505 4736 3631 4809 quid
3666 4739 3740 4796 ait

2173 4824 2458 4893 Apostolus
2481 4865 2496 4890 ,
2540 4825 2731 4880 dixerit
2770 4826 2997 4895 aliquis?
3028 4828 3117 4883 llle
3155 4830 3295 4883 enim
3343 4832 3518 4885 verior
3555 4846 3744 4903 sensus

2173 4923 2273 4977 est,
2303 4917 2388 4984 qui
2416 4915 3065 4972 circumstantialeetionis
3084 4921 3335 4989 aperitur.
3362 4921 3538 4991 itaque
3570 4923 3743 4992 ipsum

2172 5009 2345 5077 potius
2371 5007 2667 5073 audiamus,
2696 5018 2749 5061 et
2778 5024 2839 5064 es
2871 5018 2973 5062 tota
2997 5026 3113 5079 quat
3136 5011 3274 5067 circa
3302 5020 3384 5067 est
3403 5015 3745 5072 contextione

2174 5099 2459 5169 Scriptura:
2482 5138 2497 5165 ,
2529 5099 2652 5167 quid
2686 5099 2735 5152 in
2764 5115 2827 5155 eo
2857 5100 2973 5153 loro
3020 5100 3240 5171 intelligi
3284 5104 3529 5170 voluerit,
3559 5104 3744 5160 videa-

2172 5206 2310 5244 mus.
2356 5190 2444 5244 Sic
2488 5190 2626 5245 enim
2666 5192 2780 5243 ait:
2815 5188 3017 5244 Primus
3062 5192 3211 5245 homo
3256 5193 3318 5247 de
3375 5204 3543 5258 terra,
3582 5204 3746 5248 terre-

2173 5296 2301 5343 nus;
2331 5280 2571 5334 secundus
2615 5281 2761 5334 homo
2805 5280 2867 5333 de
2903 5279 3045 5334 ctelo.
3074 5281 3250 5348 Qualis
3277 5280 3519 5351 terrenus,
3544 5284 3665 5337 tales
3694 5295 3747 5339 et

2174 5374 2403 5437 terreni;
2440 5382 2485 5425 et
2526 5373 2689 5441 qualis
2736 5372 2945 5426 caelestis
2976 5414 2991 5437 ,
3046 5375 3171 5429 tales
3217 5386 3260 5428 et
3306 5377 3543 5430 calestes.
3597 5375 3747 5431 Sicut

2173 5467 2480 5536 portavimus
2517 5465 2783 5534 imaginem
2829 5466 3048 5531 terreni,
3095 5476 3347 5535 portemus
3391 5476 3439 5521 et
3478 5467 3747 5535 imaginem

2174 5560 2282 5626 eius
2304 5559 2389 5627 qui
2410 5558 2472 5611 de
2498 5556 2617 5610 caelo
2644 5568 2735 5609 est.
2771 5554 2879 5609 Hoc
2898 5566 3061 5609 autem
3101 5558 3230 5621 dico,
3261 5558 3461 5628 fratres,
3484 5560 3601 5629 quia
3624 5574 3747 5614 caro

2172 5662 2222 5706 et
2245 5651 2450 5721 sanguis
2477 5665 2684 5719 regnum
2714 5646 2807 5701 Dei
2836 5664 2935 5701 non
2970 5649 3272 5718 possidebit;
3310 5667 3465 5720 neque
3491 5652 3746 5717 corruptio

2174 5744 2590 5811 incorruptionem
2615 5740 2654 5809 (Ι
2680 5739 2793 5795 Cor.
2818 5755 2905 5805 xv,
2940 5738 3142 5809 i7-50).
3175 5741 3385 5811 Singula
3415 5757 3540 5811 ergo
3568 5740 3747 5795 videa-
