1984 3231
86 167 100 196 ί
105 166 163 197 Gﬂ

86 232 166 252 ulla.
182 223 288 251 Primus
297 223 383 255 homo,
393 222 487 256 inquit,
498 222 529 249 de
541 226 618 256 terra,
629 226 757 255 terrenus,-
767 222 892 250 secundus

87 270 182 302 homo.
198 269 232 296 de
242 268 316 296 caelo.
331 268 420 302 Qualis
435 272 557 300 terrenus,
573 266 637 295 talos
651 272 675 294 et
688 268 790 302 terreni,
802 268 827 296 id
840 272 893 301 est,

86 322 190 342 omnes
205 314 350 341 morituri:
364 318 387 341 et
397 313 479 349 qualis
495 313 610 345 catastis,
623 313 686 341 tales
703 318 725 341 et
737 315 857 348 cwtestes,
869 314 895 342 id

86 365 144 394 est,
157 368 256 387 Omnes
270 359 455 387 resurrecturi.
472 359 529 385 iam
544 360 614 386 enim
629 360 745 386 cu‘lelis
762 360 842 386 homo
854 368 895 387 re-

86 407 224 438 surrcxit,
237 411 265 433 et
278 405 396 432 ascendit
419 405 444 431 in
460 405 556 432 cadum
571 414 576 431 :
592 406 633 432 cui
659 413 705 439 per
726 406 803 432 iidem
826 414 895 433 nunc

86 453 309 487 iumrporaunur,
319 456 346 477 ut
358 451 389 478 sit
406 452 461 485 ipse
472 456 549 484 caput
566 456 685 477 nostrum
696 459 702 481 ;
715 451 832 477 membra
848 459 894 476 au-

86 503 148 524 tem
168 498 265 524 ordine
278 505 326 524 suo
342 502 485 531 sequantur
504 501 582 531 caput
596 504 683 528 suout,
699 502 724 523 ot
744 497 811 531 quod
827 505 894 531 pra:-

86 549 273 570 nionstratum
286 548 326 570 est
341 543 367 569 in
388 543 486 577 capite,
499 548 618 577 tempore
635 551 683 569 suo
698 543 894 570 demonstretur

87 590 114 615 in
139 589 290 615 metnbris:
307 589 385 615 modo
406 593 494 615 autem
508 589 562 621 ,ltoc
586 589 635 615 Iide
659 594 803 623 portemus,
821 594 847 615 ut
861 589 893 615 ad

87 635 179 667 ipsam
202 643 259 662 rem
277 640 304 662 et
329 635 444 669 Speciem
470 643 518 662 suo
540 641 658 669 tempore
680 636 826 662 veniamus.
850 638 893 663 Sit:

87 681 166 708 enim
178 681 232 708 alio
247 682 261 708 lt
273 689 305 708 co
318 681 400 709 dicit:
418 682 446 708 Si
461 687 543 708 autent
559 683 733 708 Ti’SlH‘l't‘IiS/is
747 691 802 708 cum
821 682 893 708 Cltri-

86 732 148 759 uo,
161 735 220 761 qua
233 736 332 754 sursum
345 732 402 754 sunt
418 728 520 762 quwrite
531 748 537 759 ,
554 728 595 754 ubi
610 727 724 755 Christus
740 734 775 754 est
791 729 815 754 in
831 728 892 755 dtu:-

88 780 147 800 trra
164 773 211 800 Dei
232 774 341 806 “deus;
367 783 422 809 quae
445 783 544 802 sursum
564 780 621 801 sunt
646 776 740 810 sapite,
765 785 813 802 non
836 785 892 810 qua:

87 828 169 854 super
190 825 284 847 terram
305 819 423 855 (Coloss.
440 829 465 847 Ill
477 842 484 853 ,
504 822 514 848 1
535 827 557 848 et
572 821 610 857 εὶ).
624 821 697 848 Sicut
712 830 776 856 ergo
790 830 849 849 cum
866 824 890 850 in

88 865 296 900 nobismetipsis
317 866 434 893 nondum
450 867 630 899 surreximus,
647 868 715 895 sicut
729 869 850 895 Christo:
865 870 889 896 in

87 919 209 947 corpore
220 933 227 944 .
246 920 294 947 per
309 912 388 940 tidem
405 918 492 940 tanton
512 921 572 940 eum
588 914 693 941 Christo
714 916 890 942 resurrexisse

89 966 142 985 nos
165 958 281 986 dicimur
303 967 310 985 τ
334 960 368 986 ita
396 960 537 994 imaginem
562 961 679 987 coalenlis
702 961 837 993 ltomin‘s,
864 962 888 989 id

89 1009 143 1036 est,
154 1004 199 1039 qui
207 1006 261 1038 jam
276 1004 300 1031 in
316 1004 391 1031 ccclis
401 1010 449 1035 est,
461 1005 511 1032 ﬁde
521 1006 625 1033 interim
636 1011 740 1040 portare
750 1007 887 1041 nosjubet.

127 1049 173 1076 16.
200 1049 316 1076 Christus
341 1050 465 1085 quomodo
488 1051 561 1077 homo
588 1051 619 1077 de
641 1053 704 1078 cwlo
726 1053 841 1079 (tr/estis.
860 1053 887 1080 Si

88 1096 152 1129 quis
172 1101 260 1122 autent
285 1097 378 1131 qumrit
397 1105 444 1123 cur
459 1096 592 1124 hominem
617 1099 763 1125 secundum
788 1107 840 1126 non
862 1100 886 1126 in

88 1141 162 1169 εωΙο
177 1142 292 1175 dixerit,
309 1143 354 1169 sed
370 1143 403 1170 de
416 1144 502 1176 ctelo,
523 1151 581 1170 eum
597 1150 623 1171 ct
643 1145 698 1178 ipse
715 1145 842 1172 Doiniuus
855 1147 886 1173 de

90 1194 167 1215 terra
179 1196 279 1223 corpus
299 1190 447 1223 acet-perit,
462 1190 521 1223 quia
546 1189 636 1223 utique
658 1190 737 1216 Maria
755 1199 784 1216 ex
802 1191 884 1217 Atiam

88 1238 113 1259 ct
131 1233 184 1260 Eva
202 1238 259 1260 erat
273 1235 428 1268 progenita;
445 1234 573 1268 intelligat
594 1240 725 1261 terrenum
752 1235 885 1262 hominem

88 1278 238 1306 secundum
268 1284 400 1306 terrenam
427 1281 670 1314 concupiscentiam
703 1281 801 1307 dictum
829 1290 834 1306 :
860 1286 886 1307 et

89 1326 217 1358 quoniam
237 1325 345 1352 atieetus
369 1326 412 1353 ille
429 1331 549 1353 terrenus
566 1332 615 1359 est,
632 1335 683 1360 quo
699 1336 744 1361 per
758 1329 883 1354 concuhi—

89 1377 146 1398 tum
161 1373 245 1398 maris
259 1377 286 1399 et
305 1371 411 1399 fetuintc
430 1378 577 1399 nascuntur
597 1373 732 1403 homines,
751 1374 885 1400 trahentes

88 1419 170 1445 etiam
185 1426 218 1445 ex
233 1419 389 1453 parentibus
402 1419 529 1453 originale
545 1425 680 1453 prct'atum
700 1428 705 1451 ;
728 1428 827 1453 corpus
840 1429 885 1446 au-

89 1470 143 1491 tem
158 1464 261 1491 Domini
277 1465 350 1491 nullo
364 1465 408 1491 tali
427 1465 524 1492 aichtu
540 1474 570 1492 ex
584 1470 660 1492 utero
677 1466 794 1499 virginali
809 1474 883 1492 crcu-

90 1515 149 1537 Ium
162 1515 215 1541 est,
236 1511 357 1545 quantivis
368 1510 401 1537 de
415 1515 484 1537 terra
497 1511 619 1537 Christus
633 1512 805 1544 assumpxerit
825 1519 883 1537 rar-

89 1564 168 1589 nem,
185 1557 255 1591 quod
280 1556 437 1591 intelligitur
459 1556 572 1590 Spirit::s
588 1562 696 1583 sanctus
718 1557 881 1590 significare,

88 1602 181 1628 dicens
192 1621 201 1633 ,
222 1601 316 1628 Veritas
329 1602 359 1627 de
373 1607 439 1628 terra
450 1607 505 1627 artu
525 1607 559 1628 est
576 1601 665 1635 (I’sul.
689 1610 797 1633 vaxtv,
811 1602 862 1635 1:7.)
876 1611 882 1635 ;

90 1655 143 1673 non
165 1652 255 1674 tamen
270 1651 393 1674 terrenus
403 1667 410 1679 ,
426 1647 472 1673 sed
486 1648 602 1674 emit-stis
617 1647 711 1678 homo,
731 1653 755 1673 et
769 1647 803 1674 de
816 1648 883 1674 (mit)

88 1692 196 1719 dicitur.
216 1692 243 1719 Si
258 1692 328 1719 enim
343 1693 399 1719 suis
413 1692 462 1718 hoc
475 1693 595 1719 lidellbus
620 1700 667 1727 per
680 1693 791 1726 gratiam
814 1701 883 1727 prm—

89 1741 156 1768 stilit
168 1762 175 1773 ,
191 1744 221 1767 ut
232 1745 304 1768 recte
317 1741 387 1767 dicat
402 1741 553 1775 Apostolus.
570 1740 663 1767 Nostra
678 1742 742 1766 enim
753 1749 883 1766 εοιιιιιτδα-

89 1788 124 1813 tio
143 1788 169 1814 in
183 1788 253 1814 ra'lis
265 1793 299 1814 est
316 1787 324 1822 (
342 1787 456 1821 Philipp.
472 1796 508 1815 ιιι,
521 1787 573 1821 20)
591 1796 595 1812 :
611 1792 708 1821 quanto
723 1788 805 1821 magis
827 1787 883 1821 ipsc

88 1835 208 1862 celestis
221 1834 300 1861 homo
311 1856 317 1867 ,
329 1835 398 1861 etde
410 1835 478 1860 caelo
492 1834 619 1860 dicendus
634 1840 674 1860 est
688 1855 694 1866 ,
719 1835 744 1860 in
760 1842 812 1868 quo
828 1834 883 1861 nul-

90 1883 142 1909 lum
157 1889 272 1916 unquam
287 1886 422 1915 peccatum
437 1881 485 1907 fuit
502 1882 512 1907 ἰν
530 1881 640 1915 Propter
654 1886 788 1914 peccatum
812 1881 880 1907 enim

89 1929 188 1955 dictum
204 1932 245 1954 est
260 1927 359 1954 homini
372 1947 380 1959 ,
397 1927 476 1953 Terra
487 1936 522 1957 es,
537 1932 559 1953 ct
575 1929 599 1953 in
624 1932 714 1953 terram
735 1927 781 1952 ibis
796 1925 879 1961 (Gen.

90 1982 127 2005 ut,
143 1975 176 2000 19
187 1975 208 2007 ).
230 1973 268 2000 De
289 1973 358 2001 coelo
377 1981 440 2008 ergo
451 1973 566 1999 emit-stis
583 1973 661 1999 homo
677 1973 720 1999 ille
734 1973 881 1999 rectissime

90 2020 204 2053 dicitur,
219 2019 295 2054 cujus
314 2019 483 2046 conversatio
504 2019 537 2045 de
552 2019 620 2045 rmlo
637 2026 769 2052 tamquam
793 2026 882 2045 reces-

89 2066 122 2091 sit
139 2066 280 2100 :qnamvis
299 2065 344 2092 Dei
366 2065 450 2092 Filius
471 2066 549 2092 etiam
568 2065 681 2091 hominis
704 2065 772 2091 [ilius
798 2064 880 2091 factus

88 2112 120 2138 de
133 2117 203 2138 terra
227 2118 325 2146 corpus
352 2111 534 2146 assumpserit,
561 2110 585 2136 id
600 2114 656 2142 est,
673 2109 782 2136 formam
799 2110 878 2136 Servi.

90 2158 146 2185 Non
161 2158 231 2185 enim
245 2158 380 2190 aSi-endit,
394 2158 442 2184 nisi
458 2158 502 2192 qui
517 2157 665 2184 descendit.
681 2157 746 2189 Quia
765 2156 813 2183 etsi
828 2164 879 2183 (31(3-

90 2204 154 2235 Ieri,
170 2204 380 2239 quibuscumque
400 2204 538 2230 donaverit
553 2202 715 2233 ascendunt,
731 2203 772 2229 vel
794 2203 878 2236 potius

90 2251 147 2284 ejus
159 2250 242 2285 gratia
259 2250 379 2277 levantur
396 2250 422 2276 in
437 2249 532 2276 cmlum
543 2270 549 2280 ,
566 2250 644 2275 etiam
659 2248 697 2275 sic
713 2248 767 2282 ipse
784 2255 878 2273 ascen-

89 2298 136 2329 dit,
156 2295 218 2330 quia
231 2303 326 2330 corpus
341 2297 398 2330 ejtts
412 2296 475 2322 [iunt
492 2304 499 2327 ;
519 2300 544 2321 et
567 2294 712 2321 secundum
740 2294 789 2320 hoc
811 2302 877 2320 unus

88 2342 228 2369 ascendit:
242 2342 364 2376 quoniam
379 2346 571 2368 sacramentum
589 2348 711 2375 magnum
730 2341 755 2366 in
774 2340 878 2366 Chrile

89 2394 115 2415 et
138 2387 258 2415 Ecclesia
279 2388 387 2422 exponit
409 2387 571 2421 Apostolus.
593 2395 645 2420 quo
667 2386 794 2420 Scriptum
820 2390 876 2418 est,

90 2433 123 2460 Et
144 2439 216 2460 erant
238 2433 288 2460 duo
301 2433 326 2459 iu
343 2441 445 2459 carnem
460 2441 535 2458 totout
551 2433 559 2467 (
574 2432 666 2466 lfp/tcs.
683 2439 708 2463 γ,
726 2431 782 2465 51).
805 2429 878 2457 Unde

90 2480 166 2506 etiam
176 2478 283 2510 dicitur,
299 2477 381 2513 Igitur
392 2486 441 2504 non
452 2478 505 2513 jam
517 2477 575 2506 duo,
588 2477 631 2503 sed
643 2485 692 2502 una
703 2484 761 2502 caro
772 2475 876 2510 (.lluttlt.

92 2532 145 2557 xu,
161 2524 201 2558 6).
215 2523 381 2558 Quapropter
394 2531 466 2549 nemo
482 2522 593 2549 ascendit
613 2522 638 2548 in
653 2522 741 2548 coitum
753 2542 759 2554 ,
775 2521 822 2547 nisi
836 2521 878 2555 qui

89 2572 119 2597 de
141 2570 203 2597 calo
228 2570 370 2602 descendit,
397 2569 480 2596 Filius
501 2568 623 2600 hominis,
648 2568 691 2601 qui
710 2572 746 2593 est
769 2568 795 2593 iu
818 2567 878 2593 arto

90 2617 185 2651 (locu.
202 2624 237 2649 tu,
257 2616 316 2650 i3).
332 2616 445 2650 Propter
460 2615 509 2641 hoc
526 2615 597 2641 enim
612 2613 729 2645 addidit,
745 2613 787 2646 qui
803 2618 837 2639 est
853 2613 878 2638 in

89 2664 159 2695 calo,
174 2670 209 2690 ne
231 2663 368 2698 quisquam
385 2662 441 2697 ejus
456 2662 684 2688 conversatiOnem
700 2660 732 2686 de
752 2659 819 2686 cmlo
835 2667 877 2686 re-

89 2710 200 2738 cessisse
220 2709 412 2740 arbitraretur,
428 2716 487 2734 cum
507 2716 554 2742 per
570 2711 702 2734 terrenum
727 2713 823 2740 corpus
853 2705 877 2731 in

91 2762 155 2783 terra
183 2755 334 2782 hominibus
364 2758 511 2789 appareret.
542 2753 609 2787 Ergo
632 2754 694 2778 sicut
726 2752 877 2786 portavimus

90 2803 220 2837 imaginem
244 2801 352 2832 terreni.
369 2805 494 2835 portemus
518 2804 540 2826 et
561 2799 694 2833 iutugiucttt
718 2798 771 2832 ejus
793 2797 834 2831 qui
849 2797 878 2822 (te

90 2849 148 2875 calo
162 2853 209 2880 est,
224 2848 330 2874 interim
349 2846 410 2877 Iide,
434 2853 480 2880 per
503 2853 581 2880 quam
600 2845 678 2871 etiam
698 2851 757 2870 cum
775 2843 819 2869 illo
835 2850 876 2869 re-

90 2895 251 2921 surrninms
268 2902 272 2920 :
289 2897 316 2920 ut
331 2898 356 2919 et
376 2900 479 2920 sursum
502 2899 545 2917 eor
561 2890 702 2916 h-ihcruuus
715 2909 721 2921 ,
739 2888 781 2914 ubi
799 2887 873 2914 (lhzi-

787 165 900 194 SEmiO
920 164 1061 197 CCCLX".

1679 177 1744 205 16-31

951 230 1008 252 stus
1020 231 1059 253 est
1073 225 1100 253 in
1121 226 1230 256 dextera
1245 228 1292 256 Dei
1312 229 1426 263 sedens;
1441 235 1467 257 ct
1487 230 1546 259 ideo
1567 239 1626 267 qua.-
1641 241 1743 261 sursum

950 275 1012 298 sunt
1025 279 1192 307 quaeramus,
1207 277 1286 310 atque
1299 275 1444 310 sapiamus,
1461 284 1513 304 non
1525 286 1583 313 qum
1597 286 1677 314 super
1691 285 1744 307 te:-

950 324 1017 344 fall).

985 363 1096 392 CAPUT
1116 364 1271 394 θυι-47.
1295 366 1348 393 Hoc
1374 368 1443 394 nobis
1470 368 1650 397 resurrectione
1675 379 1741 406 pro"

949 409 1084 443 standum,
1105 411 1173 446 quod
1206 412 1232 439 in
1255 412 1355 440 Christo
1379 415 1515 449 praecessit.
1545 415 1610 443 Caro
1637 419 1742 452 sanguio

949 463 995 489 pro
1009 457 1177 490 corruptione.
1198 457 1250 484 Sed
1272 458 1332 492 quia
1357 458 1390 486 de
1410 460 1606 488 resurrectione
1621 463 1744 496 corporis

948 500 1042 533 agebat
1065 510 1073 534 ;
1101 509 1161 529 nam
1186 503 1220 529 ita
1244 509 1419 538 proposuerat
1442 514 1449 532 :
1472 504 1526 532 Sed
1549 506 1610 532 dicit
1629 507 1740 541 aliquis.

950 545 1081 579 Quomodo
1101 553 1235 583 resurgunt
1258 549 1351 576 mortui
1375 549 1384 583 (
1404 549 1414 577 Ῑ
1433 549 1492 578 Cor.
1513 559 1546 579 xv
1558 572 1565 583 ,
1581 552 1614 579 55
1629 551 1639 587 )
1656 552 1670 579 τ
1690 560 1739 587 quo

947 596 1029 619 autem
1042 601 1147 628 corpore
1167 594 1268 621 vmiuut
1280 595 1293 621 ?
1307 599 1334 622 et
1354 601 1492 631 propterea
1506 596 1619 630 dixerat,
1635 597 1739 626 Primus

947 637 1022 665 ltomo
1040 639 1071 665 de
1083 645 1150 666 terra
1159 644 1281 673 terrenus,
1291 642 1415 669 secundus
1427 643 1511 676 homo,
1522 643 1552 670 de
1566 644 1637 671 calo.
1649 643 1738 678 Qualis

936 686 1068 719 terrenus,
1080 687 1142 713 tales
1155 691 1179 714 et
1189 688 1281 715 terreni
1295 696 1304 721 ;
1317 693 1340 715 et
1354 689 1436 724 qualis
1447 689 1561 730 cogitastis,
1572 690 1634 717 tales
1648 695 1673 718 et
1685 699 1736 717 car-

946 730 1018 759 testes
1032 740 1041 759 :
1061 737 1090 759 ut
1110 732 1161 760 hoc
1173 741 1311 769 speremus
1325 735 1350 761 in
1365 740 1457 763 nostro
1470 743 1582 771 corpore
1599 736 1712 764 futurum
1725 757 1733 769 ,

944 777 1015 812 quod
1036 777 1062 805 in
1083 778 1181 807 Christi
1193 787 1305 816 corpore
1320 782 1454 816 prmcessit
1471 790 1479 813 ;
1494 786 1573 817 atque
1586 782 1636 810 hoc
1649 789 1735 817 quan-

944 830 1022 857 quam
1034 824 1151 852 nondum
1163 825 1250 860 reipsa
1262 826 1444 861 percepimus,
1459 827 1563 855 interim
1579 827 1630 855 (ide
1646 832 1736 855 tenea-

942 876 1012 896 mus.
1036 869 1097 897 ldeo
1110 870 1299 906 subjunxerat,
1327 871 1400 900 Sicut
1422 873 1577 908 portavimus
1599 873 1734 908 imaginem

943 915 1042 947 terreni,
1063 920 1189 951 portemus
1202 921 1224 944 et
1244 917 1378 953 imaginem
1391 918 1445 953 ejus
1458 918 1502 952 qtti
1512 918 1542 945 de
1556 918 1620 945 calo
1634 923 1680 945 est.
1694 918 1733 946 No

941 960 974 987 ad
1000 960 1060 988 talia
1087 969 1137 989 nos
1160 967 1358 991 resurrecturos
1378 963 1564 996 crederemus,
1584 963 1671 998 qualia
1687 971 1732 991 so-

941 1006 1056 1034 cundum
1071 1008 1184 1042 primum
1199 1008 1332 1036 hominem
1341 1009 1549 1044 corruptibiliter
1566 1010 1723 1044 agebamus.

940 1052 1054 1088 subjecit
1074 1054 1163 1081 statim
1178 1063 1184 1081 :
1198 1053 1254 1081 Hoc
1267 1060 1351 1082 autem
1374 1055 1431 1082 dico
1442 1076 1449 1088 ,
1473 1055 1572 1089 fratres,
1600 1055 1660 1091 quia
1674 1063 1733 1082 caro

940 1102 963 1124 et
974 1098 1078 1134 sanguis
1088 1107 1193 1134 regnum
1203 1099 1251 1126 Dei
1260 1099 1405 1127 Itwreditate
1416 1100 1544 1135 possidere
1552 1107 1602 1127 non
1615 1105 1731 1136 possunt.

940 1144 1026 1179 Atque
1037 1144 1178 1172 ostendere
1188 1145 1281 1173 volens
1289 1145 1352 1180 quid
1366 1145 1463 1173 dixerit
1471 1153 1577 1173 carnem
1585 1150 1613 1173 et
1622 1146 1731 1180 sangui-

939 1197 1011 1224 nem,
1025 1191 1085 1225 quia
1098 1198 1150 1218 non
1169 1191 1252 1226 ipsam
1272 1192 1386 1227 speciem
1412 1192 1549 1227 corporis,
1573 1192 1620 1219 sed
1639 1200 1732 1219 corru-

939 1236 1055 1269 ptionem
1066 1236 1198 1271 signiﬁcat
1216 1237 1324 1264 nomine
1344 1237 1433 1265 carnis
1446 1243 1473 1265 et
1496 1238 1648 1273 sanguinis,
1670 1245 1730 1273 qua:

938 1281 1073 1316 comtptio
1094 1286 1156 1309 tunc
1179 1290 1232 1310 non
1254 1282 1314 1310 erit.
1337 1282 1441 1318 Corpus
1460 1283 1531 1310 enim
1555 1284 1613 1311 sine
1637 1291 1730 1311 corru-

938 1326 1029 1360 ptione
1039 1346 1046 1359 ,
1061 1334 1113 1354 non
1129 1328 1236 1362 proprie
1248 1328 1345 1355 dicitur
1355 1319 1418 1356 caro
1430 1333 1457 1356 et
1476 1329 1597 1364 sanguis,
1611 1329 1658 1356 sed
1671 1337 1731 1356 cor-

939 1379 998 1406 pus.
1014 1371 1042 1400 Si
1062 1372 1133 1400 enim
1148 1380 1210 1401 caro
1224 1378 1276 1406 est,
1303 1374 1484 1409 corruptibilis
1510 1379 1589 1409 atque
1612 1374 1730 1402 mortalis

938 1422 978 1445 est
995 1426 1002 1444 :
1016 1417 1038 1445 si
1053 1422 1141 1445 autem
1154 1418 1210 1453 jam
1231 1426 1284 1446 non
1298 1419 1420 1452 moritur,
1433 1419 1488 1454 jatn
1504 1426 1556 1446 n0n
1569 1419 1728 1454 corruptibi-

938 1463 970 1491 lis
983 1471 991 1497 ;
1004 1468 1031 1491 et
1052 1464 1112 1491 ideo
1134 1465 1193 1492 sine
1209 1465 1379 1499 corruptione
1400 1470 1526 1493 manente
1547 1465 1655 1500 specie.
1675 1473 1728 1494 non

936 1509 989 1544 jam
1003 1517 1077 1543 caro,
1092 1509 1140 1537 sed
1152 1517 1249 1545 corpus
1259 1510 1356 1538 dicitur
1369 1520 1375 1537 :
1392 1515 1419 1538 et
1432 1510 1454 1538 si
1473 1510 1570 1537 dicitur
1587 1518 1660 1543 caro,
1676 1518 1728 1538 non

934 1554 989 1589 jam
1016 1555 1122 1589 proprie
1144 1555 1256 1588 dicitur,
1279 1555 1326 1583 sed
1341 1560 1450 1591 propter
1471 1555 1611 1590 quamdam
1630 1555 1727 1591 speciei

936 1600 1146 1627 similitudinem.
1167 1600 1241 1628 Sicut
1252 1609 1392 1636 possumus
1403 1601 1471 1628 forte
1486 1606 1593 1636 propter
1606 1601 1727 1628 eamdem

937 1645 1148 1680 similitudinem,
1164 1647 1243 1673 etiam
1257 1647 1420 1681 Angelorum
1435 1654 1541 1674 carnem
1555 1646 1654 1679 dicere,
1667 1654 1727 1674 cum

936 1692 1005 1719 sicut
1030 1691 1152 1719 homines
1173 1697 1353 1727 apparuerunt
1375 1692 1526 1720 hominibus
1540 1701 1548 1725 ς
1563 1700 1622 1720 cuin
1637 1699 1728 1720 essent.

936 1746 1047 1773 corpus.
1074 1746 1125 1765 non
1138 1747 1200 1766 caro
1221 1732 1303 1774 :quia
1322 1739 1500 1775 corruptionis
1513 1738 1656 1774 indigentia
1673 1747 1726 1765 non

937 1784 1029 1810 inerat.
1046 1783 1112 1817 Quia
1127 1791 1191 1818 ergo
1211 1791 1352 1819 possumus
1364 1783 1509 1812 secundum
1523 1783 1723 1811 similitudinem

935 1836 1040 1855 c:trnem
1064 1829 1198 1863 appellare
1214 1829 1293 1856 etiam
1317 1837 1414 1864 corpus
1427 1828 1496 1864 quod
1513 1828 1568 1863 jam
1591 1836 1644 1856 non
1665 1836 1726 1856 cor-

934 1874 1082 1908 rumpitur,
1103 1878 1209 1902 secutus
1224 1874 1351 1902 sollicitus
1374 1874 1517 1909 Apostolus
1531 1881 1664 1909 exponere
1679 1881 1726 1900 ro—

935 1920 981 1947 luit
993 1920 1056 1954 quid
1076 1920 1172 1947 dixerit
1195 1928 1304 1948 carnem
1319 1925 1346 1948 et
1359 1921 1515 1956 sanguinem
1529 1929 1536 1954 ;
1552 1921 1612 1956 quia
1627 1928 1725 1949 secun-

934 1965 996 1992 dutn
1020 1967 1217 2001 corruptionem
1238 1967 1288 1994 hoc
1307 1967 1383 2000 dixit,
1411 1975 1464 1994 non
1490 1966 1635 1994 secundum
1663 1975 1725 2002 spe-

933 2011 1001 2037 ciem
1018 2019 1025 2038 :
1041 2015 1068 2037 et
1090 2011 1203 2047 subjecit
1224 2012 1331 2044 statim,
1349 2012 1436 2047 Neque
1456 2012 1586 2047 corruptio
1608 2012 1725 2039 incorru-

933 2057 1044 2089 ptionem
1059 2057 1204 2084 Imrcditate
1216 2058 1350 2093 possidebit
1365 2066 1374 2085 :
1389 2062 1512 2092 tanquam
1523 2059 1632 2089 diceret.
1647 2058 1722 2092 Quod

933 2101 985 2128 dixi
998 2122 1006 2134 ,
1021 2101 1086 2129 Caro
1098 2107 1120 2129 et
1131 2103 1233 2137 sanguis
1250 2111 1352 2138 regnum
1367 2102 1414 2130 Dei
1426 2111 1475 2130 non
1494 2102 1630 2138 possidebit
1643 2111 1652 2135 ;
1673 2103 1723 2130 hoc

933 2146 997 2179 dixi,
1011 2147 1134 2181 quoniam
1150 2148 1277 2183 corruptio
1289 2148 1501 2182 incorruptionem
1514 2156 1564 2175 non
1577 2148 1719 2183 possidebit.

969 2192 1010 2220 18.
1029 2192 1162 2225 Quomodo
1183 2193 1209 2219 in
1228 2192 1290 2220 ctelo
1303 2193 1349 2220 erit
1370 2202 1461 2228 corpus
1485 2198 1615 2224 nostrum.
1638 2195 1658 2220 si
1673 2201 1723 2220 non

932 2239 977 2265 erit
990 2238 1024 2265 ibi
1045 2239 1182 2273 corruptio.
1206 2238 1295 2266 Curitis
1316 2247 1365 2266 nou
1379 2244 1450 2266 erunt
1464 2238 1551 2266 eadem
1570 2247 1648 2274 opera
1667 2244 1722 2274 post

932 2285 1148 2312 resurrectionem.
1174 2283 1323 2312 Judworttm
1345 2289 1367 2311 et
1383 2283 1584 2312 Sudducworum
1600 2293 1672 2311 error
1692 2285 1723 2312 de

932 2330 1119 2358 resurrectione.
1138 2329 1295 2357 Resurrcctio
1314 2331 1348 2357 ad
1362 2330 1436 2357 vitam
1457 2330 1617 2365 Aug/olorum.
1643 2329 1676 2356 Et
1690 2337 1723 2357 no

931 2377 1070 2413 quisquam
1084 2377 1192 2410 (liceret,
1209 2377 1236 2405 Si
1256 2385 1320 2412 ergo
1336 2376 1497 2411 incorruptio
1516 2384 1535 2403 θ
1549 2375 1723 2410 corruptione

932 2430 985 2449 non
1000 2426 1088 2458 potest
1107 2422 1250 2457 possideri,
1266 2423 1400 2457 quomodo
1428 2421 1462 2449 ihi
1479 2422 1529 2449 erit
1549 2428 1646 2455 corpus
1670 2429 1720 2448 no-

932 2473 1015 2496 strum
1028 2469 1040 2495 ‘t
1051 2468 1141 2495 audite
1158 2467 1228 2503 quod
1251 2468 1379 2503 sequitur.
1403 2467 1482 2502 Quasi
1498 2467 1568 2495 enitn
1590 2466 1725 2495 diceretur

932 2514 1072 2549 Apostolo,
1086 2513 1153 2547 Quid
1171 2519 1214 2541 est
1228 2522 1291 2549 ergo
1309 2513 1380 2549 quod
1402 2513 1469 2541 dicis
1483 2515 1495 2541 ’ἰ
1511 2513 1643 2542 frustrane
1662 2522 1724 2542 cre-

932 2560 1047 2588 didiutus
1068 2560 1156 2587 carnis
1178 2560 1426 2591 resurrectionem?
1447 2559 1475 2588 Si
1496 2568 1559 2588 caro
1574 2565 1601 2588 et
1615 2561 1725 2596 suntqui.

932 2614 1042 2641 regnum
1056 2606 1103 2634 Dei
1115 2614 1166 2633 non
1178 2606 1332 2642 possidebit,
1350 2606 1445 2634 frustra
1459 2606 1622 2635 credidimus
1639 2614 1724 2633 resur-

932 2653 1034 2680 rexisse
1053 2652 1193 2680 Dominum
1217 2657 1337 2680 nostrum
1351 2660 1365 2679 a
1384 2653 1496 2681 mortuis
1513 2653 1538 2680 in
1558 2660 1669 2687 corpore
1698 2651 1722 2678 in

932 2706 985 2734 quo
999 2703 1075 2725 natus
1096 2703 1124 2726 et
1136 2697 1278 2725 crucifixus
1288 2703 1339 2732 est,
1359 2699 1384 2726 in
1397 2706 1430 2727 eo
1451 2698 1604 2726 ascendisse
1625 2697 1651 2724 in
1666 2705 1725 2724 eteo

932 2746 986 2772 lttttt
1002 2752 1092 2772 coram
1106 2744 1191 2772 oculis
1203 2744 1393 2780 discipulorum
1410 2753 1529 2777 suorum,
1543 2744 1576 2771 de
1586 2751 1637 2778 quo
1651 2745 1724 2770 cmlo

931 2791 964 2818 ad
988 2795 1014 2819 te
1034 2791 1168 2824 clamavit,
1192 2791 1288 2824 Saule,
1304 2791 1394 2825 Saule,
1421 2791 1481 2827 quid
1504 2798 1542 2816 me
1566 2790 1721 2825 persequuti

933 2837 1001 2871 (Act.
1015 2836 1088 2873 ιιι)
1100 2837 1112 2864 ?
1126 2836 1247 2866 Occurrit
1260 2838 1310 2865 hoc
1324 2837 1406 2865 Paulo
1420 2841 1511 2864 sancto
1521 2840 1549 2863 et
1562 2835 1640 2863 beato
1655 2843 1728 2871 apo-,

933 2884 1000 2911 stolo
1013 2904 1020 2919 ,
1036 2888 1062 2912 et
1075 2885 1116 2920 pia
1128 2886 1254 2913 charitate
1274 2884 1428 2917 parturienti
1444 2883 1511 2911 liti-)5
1523 2885 1587 2910 suos
1601 2883 1626 2910 in
1641 2882 1715 2911 Chri-
