3968 6448
508 357 648 413 ιδιδ

443 486 452 504 ·’
507 485 592 528 sto
617 487 710 542 per
733 465 1075 538 Evangelium
1101 461 1304 534 genitos
1322 457 1374 534 (l
1395 460 1510 514 Cor.
1530 473 1602 524 tv,
1633 457 1746 524 15),
1765 467 1898 524 quos
1919 450 2093 542 adnue

453 617 462 621 ..
511 541 839 634 parturiebat
858 559 1028 614 donec
1049 554 1288 612 Christus
1319 553 1370 606 in
1393 550 1471 606 eis
1491 547 1868 604 reformaretur
1896 541 2088 616 (Galat.

510 671 583 721 tv,
617 652 736 722 19),
771 650 821 706 id
853 657 951 711 est,
975 648 1146 702 donec
1173 651 1448 716 portarent
1494 657 1588 711 per
1619 639 1774 693 fidem
1809 636 2089 706 imaginem

508 748 625 814 ejus
663 745 750 814 qui
782 743 847 797 de
893 741 1029 795 caelo
1055 748 1155 794 est.
1196 737 1421 792 Nolebat
1449 735 1588 788 enim
1633 747 1726 786 eos
1757 731 1808 783 in
1841 744 1902 782 ea
1942 726 2092 781 ruina

510 850 808 900 remanere,
834 843 891 888 ιιι
915 833 1300 886 arbitrarentur
1325 843 1384 882 se
1415 826 1536 880 talia
1579 825 1811 877 facturos
1844 821 1893 873 in
1928 831 2091 886 regno

509 930 624 992 Dei,
659 928 708 982 in
739 928 824 981 illa
857 935 1054 980 :cterna
1086 923 1210 988 vita,
1242 920 1414 991 qualia
1448 916 1710 971 faciebant
1737 914 1788 967 iu
1829 913 1928 966 hac
1955 911 2089 973 vita,

509 1021 560 1075 in
585 1018 940 1090 voluptatibus
968 1009 1316 1069 manducandi
1341 1021 1394 1065 et
1421 1008 1652 1072 bibendi,
1684 1003 1932 1067 nubendi,
1961 1017 2093 1056 uxo-

512 1126 598 1165 res
647 1108 911 1174 ducendi,
944 1116 997 1162 et
1049 1121 1142 1162 eos
1186 1103 1470 1158 carnaliter
1511 1098 1795 1171 generandi
1828 1096 1904 1167 (α)
1941 1095 2097 1150 ειιςηο

509 1203 649 1256 enim
672 1216 834 1271 opera
863 1197 1132 1267 corruptio
1166 1196 1340 1249 carnis
1371 1193 1548 1257 habet,
1595 1205 1698 1245 non
1750 1190 1859 1258 ipsa
1891 1187 2098 1256 species

511 1295 710 1350 carnis.
759 1292 875 1348 Jam
919 1306 1047 1360 ergo
1075 1289 1195 1359 quia
1227 1301 1330 1340 non
1371 1285 1438 1340 ad
1479 1283 1602 1337 talia
1635 1279 1982 1337 resurrecturi
2011 1293 2100 1330 su-

511 1402 651 1450 tnus,
692 1383 1048 1454 prmscripsit,
1077 1390 1135 1434 ut
1171 1379 1279 1450 jam
1310 1376 1509 1432 dudum
1551 1375 1810 1437 dixeram,
1846 1371 2098 1425 Dominus

515 1479 568 1532 in
597 1477 902 1546 evangeliea
935 1474 1164 1528 lectione
1194 1485 1312 1540 quae
1358 1467 1516 1522 modo
1544 1466 1762 1521 recitata
1800 1472 1898 1518 est.
1927 1460 2096 1517 Judmi

513 1569 656 1623 enim
709 1564 1157 1622 resurrectionem
1205 1560 1417 1632 quidem
1449 1557 1739 1614 credebant
1778 1554 1974 1618 carnis,
2005 1553 2098 1608 sed

515 1660 674 1714 talem
706 1658 935 1712 futuram
964 1653 1235 1724 putabant,
1267 1662 1322 1704 ut
1350 1665 1413 1706 ea
1454 1650 1559 1703 vita
1607 1657 1750 1702 esset
1777 1647 1826 1699 in
1856 1659 2098 1699 resurre-

512 1751 710 1813 ctione,
733 1748 940 1818 qualem
964 1745 1128 1800 inboc
1156 1743 1352 1798 sarculo
1379 1741 1632 1811 gerebant
1656 1757 1668 1804 ;
1694 1749 1849 1808 atque
1884 1737 1953 1790 ita
1979 1751 2100 1790 car-

515 1840 706 1894 naliter
743 1837 1036 1908 cogitantes
1057 1877 1070 1900 ,
1101 1833 1409 1890 Sadducazis
1449 1829 1778 1900 respondere
1805 1843 1910 1882 non
1950 1837 2102 1897 pote-

512 1942 631 1986 rant
684 1927 1101 2000 proponentibus
1155 1926 1220 1982 de
1273 1924 1665 1981 resurrectione
1712 1922 2098 1992 qurestionem,

514 2021 668 2090 cujus
696 2021 799 2076 erit
824 2034 956 2074 uxor
985 2018 1195 2080 mulier,
1220 2031 1376 2086 quam
1409 2024 1614 2084 septem
1641 2013 1831 2067 fratres
1855 2011 1955 2066 sibi
1984 2025 2104 2064 suc-

516 2114 766 2168 cedentes
803 2112 1136 2175 habuerunt,
1167 2123 1288 2162 cum
1344 2107 1501 2162 vellet
1542 2104 1904 2173 unusquisque
1951 2101 2101 2155 fratri

517 2219 617 2260 suo
647 2211 857 2258 mortuo
885 2217 948 2255 ex
980 2201 1095 2270 ejus
1125 2213 1288 2254 uxore
1329 2212 1510 2252 semen
1541 2195 1792 2250 excitare.
1826 2190 2103 2248 Sadduczei

518 2294 661 2348 enim
701 2301 844 2348 secta
871 2301 986 2347 erat
1013 2289 1252 2360 quaedam
1298 2288 1636 2352 Judmorum,
1689 2300 1807 2355 qua:
1854 2299 1956 2338 non
1988 2299 2104 2338 cre-

519 2386 679 2440 debat
721 2382 1185 2440 resurrectionem.
1232 2379 1400 2435 Judu-i
1438 2395 1566 2449 ergo
1601 2377 1911 2433 Sadducteis
1950 2377 2103 2429 istam

519 2477 869 2547 quzestionem
897 2472 1317 2544 proponentibus
1357 2471 1674 2525 ﬂuctuantes
1703 2478 1752 2524 et
1799 2467 2105 2521 luesitantcs

523 2568 848 2638 respondere
877 2582 982 2620 non
1025 2572 1269 2634 poterant
1297 2605 1310 2626 ,
1346 2563 1466 2632 quia
1515 2576 1734 2630 regnum
1764 2559 1856 2613 Dei
1886 2575 1914 2612 a
1946 2573 2106 2612 carne

525 2667 579 2711 et
622 2657 902 2726 sanguine,
947 2655 998 2709 id
1040 2663 1142 2720 est,
1195 2651 1646 2721 incorruptionem
1697 2664 1726 2702 a
1765 2649 2107 2717 corruptione

523 2750 781 2818 possideri
823 2763 982 2819 posse
1006 2744 1416 2800 arbitrabantur.
1459 2741 1618 2796 Venit
1651 2740 1892 2803 Veritas,
1941 2740 2105 2792 inter-

525 2848 740 2910 rogatur
767 2852 796 2893 ιι
819 2838 1054 2909 deceptis
1080 2846 1134 2893 et
1155 2834 1530 2907 deceptoribus
1551 2833 1886 2899 Sadducaeis,
1922 2847 2108 2902 propo-

524 2933 668 2986 nitur
711 2932 796 2986 illa
835 2931 1058 3002 qumstio
1106 2929 1350 2983 Domino.
1411 2928 1476 2981 Et
1515 2926 1770 2980 Dominus
1813 2925 1900 2994 qui
1946 2924 2111 2978 sciret

523 3024 649 3092 quid
679 3023 880 3078 diceret
906 3064 921 3087 ,
958 3031 1012 3077 et
1046 3020 1190 3091 quod
1219 3018 1587 3074 nesciebamus
1617 3016 1837 3072 credere
1875 3030 1970 3069 nos
2000 3014 2109 3068 vel-

525 3115 618 3178 let,
663 3113 954 3183 reSpondet
991 3112 1302 3166 auctoritate
1350 3109 1638 3179 maiestatis
1667 3123 1776 3161 suae
1820 3105 1961 3177 quod
1989 3120 2108 3160 cre-

527 3204 735 3258 damus.
761 3201 1046 3272 Apostolus
1089 3209 1264 3255 autem
1292 3201 1535 3269 exposuit
1558 3207 1810 3268 quantum
1851 3198 1898 3252 ei
1927 3197 2108 3251 datum

526 3305 611 3351 est
653 3313 667 3352 :
715 3295 881 3365 quod,
930 3301 1183 3364 quantum
1229 3307 1530 3362 possumus,
1565 3291 1936 3360 intelligamus.
1974 3288 2109 3355 Quid

529 3404 659 3459 ergo
685 3387 939 3441 Dominus
967 3384 1276 3440 Sadducmis
1299 3384 1322 3436 ?
1345 3381 1561 3442 Erratis,
1596 3381 1763 3450 inquit
1783 3421 1797 3446 ,
1822 3397 1921 3433 non
1946 3380 2108 3433 scien-

529 3492 600 3536 tes
647 3481 963 3550 Scripturas,
1011 3494 1168 3549 neque
1210 3477 1441 3530 virtutem
1487 3475 1597 3528 Dei.
1651 3472 1712 3527 In
1755 3473 2113 3528 resurrectione

528 3574 662 3627 enim
689 3588 848 3643 neque
874 3571 1084 3636 nubunt,
1113 3585 1272 3639 neque
1306 3584 1487 3622 uxores
1517 3567 1705 3620 ducunt
1734 3583 1752 3629 ;
1801 3581 1955 3635 neque
1982 3565 2113 3616 enim

525 3666 774 3736 incipiunt
804 3663 952 3730 mori,
977 3663 1064 3718 sed
1089 3672 1233 3716 erunt
1273 3661 1490 3730 tequales
1542 3659 1746 3730 Angelis
1774 3657 1883 3712 Dei.
1927 3656 2111 3724 Magna

529 3759 697 3812 virtus
719 3757 830 3811 Dei.
860 3757 1036 3824 Quare
1060 3771 1164 3809 non
1197 3755 1420 3819 nubunt,
1455 3770 1626 3822 neque
1657 3768 1846 3808 uxores
1869 3750 2113 3806 ducunt?

529 3848 662 3915 Quia
711 3863 816 3901 non
867 3846 1118 3915 incipient.
1157 3846 1312 3900 mori.
1359 3845 1430 3898 lbi
1477 3846 1618 3898 enim
1675 3857 1972 3906 successor,
2026 3842 2113 3895 ubi

531 3940 804 3994 decessor.
834 3937 987 3992 Nulla
1008 3952 1136 4006 ergo
1163 3936 1230 3989 ibi
1260 3935 1378 3990 talis
1404 3935 1694 4004 corruptio.
1733 3935 1796 3988 Et
1828 3934 1917 3987 ille
1940 3933 2117 3986 Domi.

534 4044 634 4084 nus
673 4043 766 4098 per
789 4035 971 4082 :etates
996 4027 1062 4080 ab
1091 4025 1303 4081 infantia
1329 4041 1492 4097 usque
1532 4025 1597 4079 ad
1640 4017 1970 4092 juventutem
2020 4040 2115 4079 cu-

533 4121 718 4185 currit,
760 4121 880 4189 quia
931 4118 1106 4172 carnis
1149 4116 1321 4171 adhuc
1349 4116 1586 4170 mortalis
1611 4115 1826 4183 gerebat
1863 4114 2114 4169 substan—

537 4213 662 4267 tiam
689 4229 702 4266 :
729 4219 1074 4282 posteaquam
1117 4208 1406 4263 resurrexit
1436 4207 1487 4262 in
1519 4215 1674 4261 aetate
1714 4206 1764 4260 in
1797 4221 1898 4275 qua
1942 4206 2118 4276 sepul-

537 4323 625 4366 tus
715 4317 836 4378 est,
917 4300 1170 4370 numquid
1222 4300 1487 4356 credimus
1515 4314 1636 4354 eum
1678 4299 1728 4352 in
1769 4299 1904 4354 cmlo
1961 4313 2119 4353 seue-

536 4411 688 4450 scere
713 4395 737 4449 ?
768 4394 905 4465 Ergo
932 4403 1105 4460 erunt,
1135 4393 1336 4463 inquit,
1360 4392 1577 4464 aequales
1599 4390 1801 4462 Angelis
1830 4389 1943 4444 Dei.
1976 4391 2116 4444 Abs-

545 4487 664 4541 tulit
715 4485 782 4540 de
822 4485 996 4539 tnedio
1045 4483 1398 4552 Suspicionem
1443 4482 1780 4548 Judrcorum,
1810 4481 2006 4536 refellit
2030 4498 2120 4536 ca-

543 4575 770 4633 lumnias
801 4576 1213 4630 Sadduczcorum
1255 4592 1269 4628 :
1311 4576 1431 4645 quia
1463 4574 1631 4630 Jud.ei
1673 4574 1960 4630 credebant
2003 4575 2120 4645 qui-

538 4671 658 4726 dem
688 4677 1080 4724 resurrecturus
1107 4676 1363 4733 mortuos,
1393 4666 1488 4721 sed
1519 4665 1583 4720 ad
1607 4681 1723 4735 qua:
1749 4681 1908 4736 opera
1936 4682 2117 4720 resur-

518 4767 737 4828 gereut,
770 4758 1052 4814 carnaliter
1084 4757 1402 4814 sentiebant.
1438 4756 1602 4810 Erunt
1641 4759 1881 4826 aequales,
1928 4757 2116 4828 inquit,

549 4853 746 4923 Angelis
792 4852 902 4908 Dei.
955 4851 1160 4907 Audisti
1201 4850 1268 4905 de
1297 4849 1490 4905 virtute
1534 4851 1656 4916 Dei,
1700 4852 1819 4905 audi
1865 4851 2023 4905 etiam
2054 4851 2121 4907 de

545 4945 849 5012 Scripturis.
909 4943 984 4998 De
1041 4944 1437 5008 resurrectione,
1479 4942 1690 5012 inquit,
1740 4960 1840 4996 non
1896 4943 2117 5013 (φὶ-λὶς,

548 5034 796 5104 quomodo
845 5036 1038 5090 locutus
1089 5037 1152 5089 sit
1202 5033 1451 5087 Dominus
1503 5034 1570 5085 ad
1615 5033 1825 5102 Moysen
1874 5035 1935 5086 de
1974 5035 2117 5102 rubo,

543 5131 713 5182 dicens
745 5144 762 5180 :
797 5125 902 5197 Ego
930 5143 1039 5180 smn
1074 5127 1206 5182 Dens
1232 5127 1519 5193 Abraham,
1553 5125 1688 5179 Deus
1712 5125 1880 5192 Isaac,
1911 5137 1956 5180 et
1984 5125 2122 5181 Dens

542 5219 701 5273 .Incub
725 5219 749 5272 .9
771 5216 892 5271 Non
919 5227 989 5270 est
1021 5216 1152 5270 Deus
1183 5230 1510 5284 mortuorum,
1539 5217 1626 5272 sed
1652 5218 1871 5271 virorum
1895 5218 1913 5284 ζ
1933 5218 2118 5272 Matth.

546 5331 674 5376 nn,
717 5310 910 5373 25-52,
939 5318 984 5363 et
1018 5307 1142 5362 Luc.
1175 5325 1260 5371 xx,
1291 5308 1501 5379 27-58).

610 5403 838 5462 CAPUT
875 5399 1194 5457 XVl.—i9.
1231 5399 1544 5454 Resurrertio
1573 5403 1639 5455 ad
1669 5405 1818 5456 vitam
1857 5407 1968 5458 sine
2006 5422 2121 5459 cor-

542 5499 790 5569 ruptione.
839 5493 1057 5550 Mutatio
1108 5491 1273 5544 carnis
1301 5490 1352 5543 in
1400 5492 1575 5544 melius
1611 5494 1850 5548 bonorum
1893 5497 2118 5566 propria.

543 5593 691 5658 Quod
720 5606 846 5661 ergo
875 5601 1234 5659 resnrgamus,
1285 5584 1481 5640 dictum
1524 5596 1647 5639 est:
1691 5597 1745 5642 ct
1787 5592 2032 5659 quoniam
2056 5591 2119 5646 ad

522 5691 530 5700 '
607 5684 678 5747 (υ)
697 5685 884 5735 nectitis
904 5681 1048 5747 forte
1071 5682 1327 5747 legeretur
1350 5691 1362 5724 :
1390 5689 1565 5728 uxores
1588 5679 1814 5747 ducendi,
1831 5689 1988 5747 natos,
2017 5683 2118 5741 vel,

543 5741 713 5813 ρηρᾡ
743 5745 1004 5813 carnaliter
1038 5741 1300 5813 generandi
1323 5749 1451 5811 ;_aut
1479 5741 1941 5813 cut.n_ttort:l,t:£en_1_.
1980 5748 2110 5804 Ct'it.,

544 5803 592 5866 'v.
627 5809 747 5862 19οε
777 5821 950 5862 uxores
972 5803 1199 5870 ducendi,
1224 5817 1287 5856 ex
1311 5803 1377 5857 eis
1393 5803 1648 5855 carnaliter
1673 5806 1946 5867 generandi.
2001 5814 2056 5856 at.

1745 340 1800 396 S.
1843 333 2109 394 ΑΗΕ-155⁷1
2119 329 2203 387 INI
2247 331 2548 387 EPiSCUPl

3654 329 3788 386 nm

2201 444 2358 498 vitam
2392 442 2709 514 Angelorum
2759 438 3102 510 resurgimus,
3133 455 3162 493 ιι
3189 439 3415 496 Domino
3443 439 3741 498 audivimus
3771 461 3787 499 :

2200 535 2250 589 in
2292 551 2390 606 qua
2435 549 2564 590 vero
2607 533 2784 603 Specie
2829 545 3187 602 resurgamus,
3219 531 3332 602 ipse
3361 532 3597 588 ostendit
3619 534 3669 588 in
3702 549 3796 590 re-

2199 627 2528 680 surrectione
2577 641 2692 681 sua.
2725 623 2856 692 Quia
2884 638 3013 679 vero
3069 623 3180 694 ipsa
3226 625 3433 694 species
3487 625 3792 695 corruptio-

2200 733 2320 772 nem
2350 733 2453 771 non
2480 715 2713 783 habebit,
2762 715 3049 785 Apostolus
3079 715 3208 769 dicit
3240 733 3252 768 :
3307 715 3419 770 Hoc
3460 727 3624 770 autem
3650 716 3786 780 diro,

2201 812 2403 880 fratres,
2436 810 2552 880 quia
2588 825 2704 862 caro
2740 818 2785 861 et
2832 809 3040 878 sanguis
3086 824 3299 878 regnum
3352 807 3447 862 Dei
3495 809 3792 863 haereditate

2201 902 2454 971 possidere
2484 917 2582 953 non
2613 909 2820 970 possunt
2851 917 2870 965 ;
2898 915 3052 968 neque
3079 899 3337 968 corruptio
3362 895 3790 968 incorruptionem

2201 993 2494 1045 Ita'reditate
2529 991 2796 1062 possidebit
2827 1005 2844 1044 :
2871 1000 2926 1044 ut
2953 989 3261 1046 ostenderet
3282 991 3495 1046 nomine
3525 992 3700 1047 carnis
3737 1002 3794 1046 et

2201 1086 2471 1155 sanguinis
2501 1085 2896 1153 corruptionem
2924 1083 3162 1138 mortalis
3203 1083 3556 1153 animalisque
3592 1099 3792 1154 corpo-

2202 1177 2276 1231 ris
2319 1192 2376 1230 se
2421 1177 2714 1246 intelligere
2757 1175 3009 1229 voluisse.
3067 1173 3268 1228 Deinde
3323 1175 3483 1228 solvit
3520 1174 3626 1244 jam
3676 1175 3795 1242 ipso

2201 1267 2568 1338 qumstionem,
2618 1282 2773 1336 quam
2813 1275 3028 1336 possent
3072 1265 3140 1319 ab
3167 1281 3232 1320 eo
3270 1266 3480 1320 solliciti
3522 1266 3794 1319 auditores

2203 1360 2483 1430 exquirere
2517 1378 2530 1413 :
2559 1359 2679 1428 quia
2711 1357 2985 1411 sollicitior
3011 1358 3124 1426 ipse
3148 1357 3505 1412 deintelleetu
3537 1355 3787 1421 filiorum,

2203 1467 2361 1523 quam
2392 1451 2480 1504 filii
2507 1460 2630 1504 sunt
2656 1450 2721 1504 de
2752 1450 2927 1504 verbis
2966 1457 3260 1519 parentum.
3301 1448 3586 1518 Subjungit
3633 1462 3792 1519 ergo,

2203 1552 2258 1597 et
2283 1541 2411 1597 dicit
2439 1559 2451 1594 :
2479 1540 2609 1594 Ecce
2649 1541 2936 1611 mysterium
2964 1540 3100 1593 vobis
3126 1539 3257 1593 dico.
3285 1539 3796 1608 Quiescatcogimtio

2205 1641 2313 1698 tua,
2349 1647 2382 1686 ο
2409 1631 2588 1698 homo,
2620 1631 2860 1701 quisquis
2904 1645 2981 1684 es.
3009 1629 3265 1698 Cmperas
3293 1629 3433 1684 enim
3463 1634 3695 1700 cogitare
3723 1629 3795 1684 de

2204 1727 2380 1782 verbis
2429 1725 2690 1795 Apostoli,
2734 1723 2878 1795 quod
2928 1738 3055 1778 caro
3098 1723 3328 1778 lmmaua
3377 1738 3482 1777 non
3528 1731 3792 1792 resurgat,

2205 1833 2324 1872 cum
2346 1817 2577 1882 audires,
2607 1815 2737 1871 Caro
2767 1825 2814 1869 et
2842 1816 3047 1884 sanguis
3073 1831 3282 1882 regnum
3311 1813 3405 1867 Dei
3430 1829 3527 1867 non
3563 1813 3795 1882 posside-

2207 1909 2275 1962 bit
2305 1925 2322 1961 :
2353 1907 2445 1962 sed
2473 1906 2648 1976 prmbe
2689 1921 2872 1961 aurem
2900 1906 3346 1976 consequentibus
3373 1906 3571 1969 verbis,
3598 1914 3652 1958 et
3672 1919 3798 1960 eor-

2206 1999 2318 2067 rige
2368 1997 2835 2067 praesumptionem
2880 1997 3236 2065 cogitationis.
3262 1994 3407 2060 Ecce,
3454 1993 3796 2064 inquit,my-

2207 2090 2413 2144 sterium
2444 2089 2556 2142 dico
2583 2089 2720 2142 vobis
2747 2105 2765 2141 :
2795 2104 2965 2142 omnes
2985 2088 3188 2156 quidem
3217 2103 3548 2156 resurgemus,
3576 2085 3665 2140 sed
3694 2103 3798 2140 non

2207 2197 2378 2235 outues
2420 2181 2818 2234 immulabimur.
2846 2179 2983 2246 Quid
3028 2189 3110 2235 est
3158 2179 3304 2235 hoc?
3343 2179 3562 2234 Mutatio
3601 2179 3801 2249 quippe

2207 2284 2295 2327 aut
2319 2273 2369 2326 in
2393 2273 2541 2342 pejus
2569 2281 2670 2335 est,
2703 2281 2794 2326 aut
2821 2273 2873 2326 in
2901 2271 3108 2326 melius.
3137 2271 3193 2327 Si
3218 2287 3344 2342 ergo
3370 2272 3540 2342 posita
3567 2280 3649 2326 est
3675 2287 3801 2324 tutt-

2210 2364 2357 2427 tatio,
2378 2374 2431 2416 ut
2449 2363 2681 2416 nondum
2697 2362 2970 2416 videamus
2989 2363 3161 2432 qualis
3187 2364 3309 2428 erit,
3329 2371 3502 2416 utrum
3524 2363 3574 2417 in
3595 2363 3799 2432 aliquid

2210 2455 2418 2520 melius,
2441 2469 2506 2507 an
2537 2454 2586 2508 in
2617 2453 2815 2522 aliquid
2839 2453 3074 2508 deterius
3104 2472 3117 2508 :
3145 2469 3276 2525 ergo
3303 2463 3572 2524 sequatur.
3601 2463 3653 2508 et
3683 2454 3804 2522 ipse

2210 2553 2440 2613 exponat
2471 2558 2486 2606 ;
2533 2542 2658 2613 quid
2700 2543 2853 2598 nobis
2881 2551 2963 2598 est
2991 2543 3299 2613 suspicari?
3338 2545 3403 2598 Et
3445 2542 3665 2598 fortasse
3696 2543 3802 2597 lut-

2210 2651 2365 2691 mana
2396 2635 2700 2704 suspicione
2729 2635 2832 2690 labi
2866 2635 2916 2689 in
2952 2650 3190 2690 errorem
3221 2643 3271 2689 te
3317 2649 3421 2690 non
3464 2635 3714 2704 permittit
3745 2635 3802 2689 in

2211 2728 2543 2798 conjecturas
2590 2736 2706 2783 tuas
2741 2729 3029 2797 apostolica
3057 2729 3367 2793 auctoritas,
3397 2739 3451 2782 et
3479 2727 3578 2781 boc
3604 2726 3806 2798 liquide

2211 2821 2465 2890 exponit,
2499 2820 2795 2890 cujusmodi
2841 2821 3188 2876 mutationem
3216 2822 3346 2876 velit
3373 2821 3612 2891 intelligi.
3661 2820 3802 2889 Quid

2211 2927 2339 2982 ergo
2364 2911 2388 2965 ?
2415 2910 2546 2965 Cum
2587 2910 2826 2976 dixisset,
2862 2910 3049 2964 Omnes
3113 2928 3448 2982 resurgemus,
3496 2929 3595 2965 nou
3638 2921 3808 2965 tamen

2212 3018 2382 3055 omnes
2420 3001 2797 3054 immutabimur
2834 3017 2854 3056 :
2896 3000 3050 3055 video
3087 3016 3276 3056 omnes
3325 3012 3714 3057 resurrecturus
3749 3010 3810 3055 ct

2212 3093 2383 3148 bonos
2409 3103 2462 3148 et
2482 3093 2648 3147 malos
2677 3108 2692 3158 ;
2715 3092 2808 3148 sed
2830 3091 2918 3162 qui
2945 3093 3394 3160 immutabuutur,
3413 3094 3682 3149 videamus
3710 3109 3724 3158 ;
3749 3104 3811 3148 et

2213 3184 2338 3238 binc
2368 3185 2720 3255 intelligamus
2749 3185 3118 3251 mutationem,
3153 3195 3330 3241 utrum
3359 3187 3410 3240 in
3435 3186 3625 3240 melius
3651 3201 3718 3239 an
3748 3185 3808 3240 in

2214 3275 2448 3329 deterius
2475 3275 2542 3328 sit
2573 3275 2768 3329 futura.
2792 3275 2848 3329 Si
2875 3276 3015 3329 enim
3040 3277 3302 3330 malorum
3323 3285 3407 3331 est
3430 3277 3528 3330 ista
3556 3275 3804 3340 mutatio,

2217 3366 2268 3418 in
2296 3365 2489 3434 pejus;
2517 3366 2562 3419 si
2589 3371 2766 3420 autem
2796 3368 3078 3433 bonorum,
3117 3367 3169 3420 in
3207 3367 3395 3422 melius
3420 3367 3538 3422 erit.
3583 3365 3650 3419 lu
3687 3374 3806 3418 ato-

2215 3473 2319 3523 mo,
2343 3457 2533 3526 inquit,
2559 3457 2614 3508 in
2643 3457 2744 3509 ictu
2769 3456 2926 3524 oculi,
2948 3457 3000 3510 in
3030 3458 3299 3512 novissima
3323 3457 3462 3511 tuba.
3487 3458 3640 3511 Cauet
3668 3458 3809 3512 enim

2217 3550 2354 3616 tuba,
2397 3559 2442 3603 et
2483 3550 2667 3604 mortui
2690 3559 2946 3621 resurgeut
2985 3550 3284 3619 incorrupti,
3321 3559 3368 3604 et
3393 3567 3483 3604 nos
3511 3549 3809 3602 immutabi-

2217 3659 2350 3696 mur.
2377 3642 2493 3696 Jam
2534 3657 2662 3712 ergo
2705 3643 2756 3696 in
2787 3642 2976 3697 melius
3004 3643 3104 3697 erit
3144 3642 3242 3696 ista
3285 3643 3528 3705 mutatio,
3563 3659 3681 3696 cum
3723 3644 3808 3696 di-

2216 3737 2307 3800 cit,
2335 3734 2401 3788 Et
2423 3751 2512 3789 nos
2539 3734 2911 3788 immutabimur
2940 3750 2958 3788 :
2981 3733 3076 3788 sed
3116 3733 3350 3788 nondum
3377 3749 3692 3804 expressum
3719 3744 3810 3791 est.

2218 3836 2471 3898 quantum
2493 3826 2716 3896 exprimi
2745 3826 2998 3896 oportuit,
3039 3839 3314 3896 quousque
3340 3841 3534 3898 corpus
3555 3835 3803 3883 nostrum

2217 3930 2574 3976 commutatur
2600 3921 2650 3975 in
2681 3921 2892 3976 melius.
2922 3918 3057 3988 Quid
3103 3928 3184 3974 est
3213 3919 3383 3989 ipsum
3419 3920 3630 3986 melius,
3672 3935 3810 3975 non-

2219 4013 2344 4068 dum
2373 4013 2570 4068 dictum
2598 4021 2699 4067 est.
2726 4012 2858 4067 Nam
2883 4024 2938 4068 et
2961 4012 3029 4067 ab
3058 4010 3275 4068 infantia
3308 4012 3363 4068 in
3392 4013 3806 4069 adolescentiam

2220 4119 2341 4158 cum
2373 4111 2622 4167 mutatur,
2656 4111 2834 4172 potest
2886 4103 2993 4159 dici
3036 4103 3088 4158 in
3131 4103 3321 4159 melius
3355 4103 3688 4170 commutari,
3715 4103 3807 4159 ubi

2221 4194 2318 4248 etsi
2349 4194 2525 4248 minus
2554 4194 2839 4260 infirmum,
2868 4193 3044 4250 adhuc
3071 4204 3246 4250 tamen
3284 4194 3551 4250 infirmum
3577 4203 3630 4250 et
3655 4209 3807 4248 nte-:-

2222 4287 2326 4342 tale
2346 4296 2445 4340 est.

2291 4397 2515 4456 CAPUT
2545 4399 2706 4453 XVII.
2736 4430 2808 4440 ——
2829 4399 2920 4454 20.
2950 4399 3190 4456 Celeritas
3235 4403 3632 4457 resurrectionis.
3681 4404 3809 4456 Ato-

2222 4507 2354 4555 mus,
2404 4490 2546 4560 quid.
2601 4491 2810 4545 Atomus
2853 4491 2904 4545 in
2957 4509 3182 4561 corpore.
3214 4493 3424 4548 Atomus
3473 4494 3524 4547 in
3563 4502 3807 4562 tempore.

2224 4579 2362 4635 Ictus
2391 4581 2541 4634 oculi.
2569 4581 2704 4652 Ergo
2743 4581 2944 4649 singula
2988 4582 3294 4652 diligentius
3346 4593 3713 4639 retractemus.
3742 4583 3809 4637 In

2223 4684 2420 4736 atomo,
2455 4672 2643 4742 inquit.
2690 4671 2915 4727 Difficile
2935 4673 3144 4730 videtur
3179 4675 3484 4730 hominibus
3523 4691 3810 4745 resurgere

2224 4772 2505 4818 mortuos:
2536 4763 2628 4817 sed
2673 4762 2866 4818 mirttm
2910 4774 2993 4819 est
3034 4766 3484 4836 quemadmodum
3524 4767 3811 4824 abstulerit

2224 4856 2511 4925 Apostolus
2539 4870 2727 4910 omnes
2773 4857 3028 4928 ancipites
3078 4857 3415 4914 difficultates
3444 4858 3513 4914 de
3557 4859 3813 4914 cordibus

2227 4947 2480 5000 fidelium.
2510 4946 2650 5001 Dicis
2696 4956 2782 5015 tu,
2821 4947 2934 5002 Non
2969 4957 3252 5019 resurgunt
3285 4951 3478 5004 mortui
3508 4963 3526 5004 ξ
3560 4966 3658 5021 ego
3697 4967 3806 5005 non

2226 5038 2397 5094 solum
2429 5053 2707 5108 resurgere
2728 5048 2995 5093 mortuum
3021 5039 3145 5094 dico
3165 5081 3180 5105 ,
3208 5039 3301 5094 sed
3329 5049 3471 5094 tanta
3495 5041 3770 5097 celeritate
3791 5083 3811 5110 ,

2227 5141 2418 5204 quanta
2442 5147 2544 5184 non
2575 5139 2862 5201 conceptus
2884 5138 2939 5185 et
2959 5140 3118 5185 natus
3144 5147 3224 5186 es.
3267 5130 3474 5198 Quanta
3499 5131 3641 5186 enim
3661 5147 3808 5187 mora

2228 5237 2310 5281 est
2327 5235 2383 5278 ut
2400 5223 2660 5279 formetur
2675 5223 2836 5278 homo
2854 5223 2905 5277 in
2928 5233 3100 5288 utero,
3120 5233 3176 5278 ut
3203 5226 3522 5294 perficiatur,
3537 5235 3595 5280 ut
3620 5241 3776 5280 nasea
3792 5258 3810 5270 -

2229 5325 2331 5379 tur,
2363 5323 2419 5371 ut
2441 5323 2654 5370 :etatum
2678 5314 3018 5370 successione
3045 5316 3367 5372 roboretur?
3389 5317 3649 5388 Numquid
3675 5317 3815 5375 forte

2226 5410 2304 5463 sic
2321 5417 2715 5463 resurrecturus
2732 5404 2977 5461 est?Non
3004 5423 3017 5460 :
3041 5407 3133 5461 sed
3151 5408 3203 5460 in
3228 5417 3420 5473 atomo,
3445 5409 3632 5478 inquit.
3661 5407 3815 5465 Multi

2230 5501 2471 5555 nesciunt
2497 5499 2621 5570 quid
2651 5499 2722 5554 sit
2765 5508 2996 5553 atomus.
3024 5501 3250 5556 Atomus
3292 5501 3463 5557 dictus
3500 5513 3579 5556 est
3601 5517 3631 5555 a
3662 5517 3812 5569 tam,

2228 5591 2368 5662 quod
2397 5600 2478 5646 est
2501 5591 2670 5646 sectio
2695 5608 2708 5644 :
2735 5595 2919 5657 ἄτομος
2940 5606 3112 5661 grai-cc
3129 5593 3269 5663 quod
3287 5593 3456 5648 secari
3485 5609 3589 5648 non
3614 5604 3813 5664 potest.

2228 5684 2332 5739 Sed
2365 5684 2556 5739 dicitur
2570 5691 2779 5736 atomus
2801 5683 2851 5738 in
2882 5698 3138 5754 corpore,
3167 5684 3430 5740 diciturin
3456 5693 3713 5756 tempore.
3752 5687 3812 5744 lu

2234 5790 2454 5847 corpore
2486 5774 2698 5842 dicitur,
2731 5775 2774 5830 si
2821 5775 2944 5847 quid
2974 5776 3196 5832 inveniri
3227 5786 3399 5849 potest
3427 5777 3566 5850 quod
3589 5776 3817 5850 quidem
