3996 6468
205 370 346 429 1625

200 486 368 542 dividi
419 498 522 539 non
574 495 730 553 posse
771 479 1098 551 perhibetur,
1154 475 1527 547 corpusculum
1575 472 1787 544 aliquod

201 587 312 631 tam
341 578 619 638 minutum,
667 582 723 627 ut
758 572 868 642 jam
897 585 1000 626 non
1033 569 1227 623 habeat
1253 568 1339 622 ubi
1382 566 1552 622 secari
1597 564 1783 635 possit.

203 671 429 722 Atomus
450 675 624 721 autem
647 665 697 718 in
725 673 963 732 tempore
981 669 1305 717 momentum
1333 668 1416 714 est
1445 659 1627 724 breve,
1645 657 1786 727 quod

199 759 308 828 jam
337 773 444 813 non
482 756 640 811 liabet
684 754 773 810 ubi
820 754 1103 808 dividatur.
1133 751 1289 806 Verbi
1315 750 1504 820 gratia,
1557 757 1613 803 ut
1660 762 1786 817 pos-

201 853 314 907 sint
341 852 499 908 etiam
553 849 711 905 corda
757 848 989 903 tardiora
1043 861 1235 916 capere
1275 844 1414 915 quod
1455 843 1575 898 dico
1609 860 1621 896 :
1651 842 1784 910 lapis

201 940 525 1006 est;divide
546 955 664 995 eum
689 941 740 994 in
771 946 972 1008 partes,
1007 948 1061 993 et
1106 945 1282 1007 partes
1323 935 1465 1004 ipsas
1513 934 1689 988 divide
1729 933 1783 988 in

203 1031 432 1101 lapillos,
460 1032 670 1101 lapillos
692 1031 904 1100 quidem
935 1030 985 1082 in
1016 1043 1178 1098 grana
1201 1069 1213 1089 ,
1247 1026 1409 1081 veluti
1434 1034 1556 1079 sunt
1581 1039 1780 1088 arente,

201 1135 493 1191 rursusque
531 1121 642 1188 ipsa
673 1133 848 1173 arenae
875 1132 1039 1189 grana
1065 1115 1241 1170 divide
1273 1115 1324 1169 in
1368 1112 1781 1169 minutissimum

201 1212 498 1281 pulverem.
528 1211 696 1266 donec
717 1211 759 1264 si
793 1209 957 1280 possit
983 1209 1256 1277 pervenias
1278 1205 1342 1260 ad
1363 1206 1591 1275 aliquam
1613 1205 1785 1258 minu-

206 1305 358 1369 tiam,
377 1305 548 1374 qualis
571 1303 678 1374 jam
712 1303 870 1356 dividi
899 1317 1002 1355 non
1033 1309 1224 1370 potest.
1252 1299 1374 1354 llaec
1392 1307 1698 1354 estatomus
1731 1299 1782 1352 in

197 1397 536 1464 corporibus.
589 1395 644 1449 In
676 1401 915 1460 tempore
946 1407 1071 1448 vero
1101 1393 1178 1447 sic
1218 1391 1542 1461 intelligitur.
1577 1390 1781 1453 Annus,

201 1488 355 1543 verbi
393 1490 581 1560 gratia,
621 1488 875 1543 dividitur
903 1487 952 1541 in
981 1501 1214 1551 menses,
1239 1499 1449 1540 menses
1479 1482 1785 1537 dividuntur

199 1581 256 1633 in
291 1580 434 1644 dies,
465 1581 578 1636 dics
615 1580 788 1636 adhuc
840 1581 893 1634 in
933 1578 1093 1633 horas
1129 1576 1290 1632 dividi
1327 1586 1580 1646 possunt,
1639 1573 1784 1627 hora:

143 1679 146 1681 λ
198 1669 378 1725 adhuc
423 1672 475 1724 in
531 1681 707 1740 partes
771 1671 1024 1725 horarum
1072 1667 1327 1738 quasdam
1385 1665 1778 1736 productiores,

198 1776 323 1830 qua:
346 1761 632 1816 admittunt
650 1761 960 1827 divisiones,
981 1774 1256 1830 quousque
1281 1759 1463 1812 venias
1486 1756 1552 1811 ad
1582 1765 1782 1810 tantum

201 1854 461 1923 temporis
501 1865 784 1924 punctum,
829 1863 883 1910 et
932 1851 1212 1923 quamdam
1244 1851 1499 1907 momenti
1548 1850 1782 1916 stillam,

200 1953 262 1998 ut
286 1959 380 2014 per
403 1945 600 1999 nullam
632 1946 892 2000 morulam
945 1944 1164 2015 produci
1194 1944 1379 2013 possit,
1412 1951 1467 1996 et
1511 1937 1634 1996 ideo
1675 1941 1784 2010 jam

195 2035 368 2089 dividi
395 2050 500 2090 non
527 2037 693 2106 possit
726 2056 738 2090 :
770 2037 886 2091 hmo
909 2045 990 2091 est
1013 2044 1220 2090 atomus
1251 2035 1525 2103 temporis.
1558 2033 1784 2088 Dicebas

198 2141 335 2196 ergo
354 2142 460 2181 non
489 2143 768 2195 resurgere
796 2138 1033 2182 mortuos
1067 2145 1080 2180 ε
1115 2142 1220 2180 non
1265 2126 1438 2180 solum
1477 2135 1781 2193 resurgunt,

199 2217 302 2272 sed
327 2227 468 2272 tanta
494 2219 766 2274 celeritate
787 2226 1105 2288 resurgunt,
1135 2226 1192 2272 ut
1232 2219 1285 2272 in
1333 2227 1510 2271 atomo
1537 2217 1788 2286 temporis

204 2307 384 2362 futura
413 2309 480 2362 sit
507 2311 746 2363 omnium
777 2310 1095 2363 resurrectio
1125 2308 1476 2362 mortuorum.

279 2398 504 2454 CAPUT
545 2398 727 2453 XVIII.
749 2429 820 2439 —
839 2399 907 2452 Et
932 2413 1203 2467 exponens
1234 2398 1325 2452 tibi
1353 2399 1513 2452 atomi
1545 2399 1791 2453 celerita-

206 2498 356 2553 tem,
401 2503 522 2542 cum
562 2488 823 2554 dixisset,
869 2488 922 2541 in
974 2497 1160 2554 atomo,
1219 2487 1459 2558 adjunxit
1515 2489 1788 2555 continuo,

203 2590 463 2652 quantum
493 2580 604 2635 fieri
633 2581 797 2650 possit
823 2580 1047 2634 actionis
1069 2595 1132 2635 ac
1160 2590 1334 2634 motus
1365 2579 1417 2635 in
1447 2589 1624 2634 atomo
1654 2589 1789 2635 tem-

205 2673 388 2741 poris,
427 2669 490 2724 In
512 2672 611 2724 ictu
639 2672 772 2725 oculi
801 2672 893 2725 ait.
925 2671 1092 2726 Scivit
1121 2671 1263 2725 enim
1292 2671 1521 2726 obscure
1558 2671 1789 2734 dixisse,

206 2766 264 2819 in
291 2775 485 2832 atomo,
513 2774 564 2818 et
587 2765 793 2833 planius
812 2764 992 2819 dicere
1018 2763 1183 2818 voluit
1204 2763 1342 2832 quod
1372 2763 1577 2818 facilius
1601 2763 1792 2816 intelli-

204 2865 442 2926 geretur.
490 2855 627 2922 Quid
671 2864 754 2910 est
805 2856 940 2910 ictus
984 2854 1162 2909 oeuli?
1209 2853 1326 2910 Non
1371 2869 1477 2925 quo
1530 2855 1794 2924 palpebris

205 2949 508 3004 claudimus
555 2949 768 3002 oculum
833 2947 916 3002 vel
965 2948 1277 3017 aperimus:
1309 2946 1404 3001 sed
1455 2946 1614 3000 ictum
1667 2946 1794 3000 dicit

205 3040 353 3094 oculi
379 3039 718 3095 emissionem
746 3038 1014 3092 radiorum
1040 3037 1106 3092 ad
1128 3036 1325 3107 aliquid
1345 3036 1668 3092 cernendum
1693 3035 1790 3106 (η).

208 3131 335 3185 Mox
364 3131 504 3184 enim
527 3141 585 3184 ut
612 3130 906 3201 conjeceris
927 3137 1198 3199 aspectum
1225 3172 1238 3193 ,
1268 3129 1497 3184 emissus
1523 3128 1706 3184 radius
1741 3129 1794 3184 in

207 3222 408 3277 calum
439 3222 692 3291 pervenit,
725 3221 815 3275 ubi
843 3221 1012 3276 solem
1042 3229 1095 3275 et
1133 3221 1314 3274 lunam
1342 3229 1394 3274 et
1418 3219 1601 3274 stellas
1627 3230 1679 3275 et
1719 3220 1794 3273 si-

207 3311 343 3366 dera
367 3320 697 3376 contuemur,
733 3321 838 3365 tam
878 3309 1140 3366 immenso
1173 3309 1451 3365 intervallo
1479 3324 1508 3363 a
1536 3318 1678 3365 terra
1711 3327 1797 3366 se-

207 3413 418 3473 parata.
445 3404 645 3459 Tubam
673 3420 798 3460 vero
823 3405 1187 3479 novissimam,
1217 3405 1425 3477 signum
1449 3407 1796 3460 novissimum

206 3494 364 3549 dicit.
393 3494 547 3550 Canet
591 3497 743 3561 enim,
791 3496 986 3566 inquit,
1026 3497 1165 3564 tuba,
1215 3507 1261 3552 et
1307 3499 1494 3553 mortui
1535 3508 1796 3568 resurgent

208 3587 513 3656 incorrupti,
545 3596 591 3640 et
635 3605 724 3641 nos
779 3587 1174 3642 immutabimur.
1223 3587 1333 3645 Nos
1379 3590 1558 3658 utique
1609 3589 1798 3644 ﬁdeles

209 3678 370 3744 dixit,
400 3689 453 3732 ct
479 3679 679 3747 priores
710 3689 1047 3751 resurgentes
1069 3681 1134 3734 ad
1164 3681 1323 3735 vitam
1353 3691 1628 3736 aeternam.
1660 3682 1799 3752 Ergo

211 3769 306 3822 illa
339 3769 586 3834 mutatio,
619 3770 739 3838 quia
789 3770 997 3840 piorum
1052 3781 1212 3842 atque
1262 3781 1567 3827 sanctorum
1596 3782 1712 3841 est,
1746 3775 1796 3828 in

208 3858 410 3913 melius
434 3859 557 3923 erit,
585 3874 690 3913 non
720 3860 770 3913 in
798 3860 1053 3915 deterius.

285 3949 378 4006 21.
411 3949 706 4003 Immutatio
733 3961 1019 4004 sanctorum
1041 3953 1093 4005 in
1119 3961 1477 4007 resurrectione
1500 3957 1661 4022 qualis
1682 3958 1795 4008 erit.

211 4042 351 4097 Caro
373 4051 420 4096 et
452 4043 655 4112 sanguis
683 4044 885 4112 proprie
911 4045 1246 4115 corruptionis
1273 4054 1321 4099 et
1352 4047 1672 4100 mortalitatis
1702 4064 1798 4101 no-

212 4137 378 4189 mina.
408 4134 512 4190 Sed
541 4151 657 4203 qua:
684 4145 765 4190 est
794 4136 892 4190 ista
923 4137 1184 4191 mutatio?
1211 4138 1336 4208 quid
1365 4148 1448 4193 est
1488 4139 1615 4194 illud
1658 4140 1800 4210 quod

213 4232 318 4293 ait,
351 4227 778 4283 Immutobimur?
824 4230 1038 4300 Species
1081 4232 1340 4286 amittitur
1364 4249 1481 4302 quae
1512 4249 1655 4290 nunc
1676 4243 1795 4300 est,

214 4339 288 4376 an
313 4322 423 4376 sola
451 4322 740 4390 corruptio,
773 4332 991 4393 prOpter
1031 4323 1081 4378 id
1109 4324 1250 4394 quod
1278 4325 1476 4380 dictum
1525 4337 1626 4393 est,
1669 4326 1802 4382 Caro

216 4422 265 4467 et
285 4412 491 4483 sanguis
506 4429 711 4482 regnum
729 4412 824 4467 Dei
849 4414 1103 4484 possidere
1125 4430 1224 4469 non
1247 4427 1486 4486 possunt;
1514 4434 1672 4487 neque
1692 4434 1790 4472 cor.

220 4502 393 4571 ruptio
418 4503 841 4574 incorruptionem
889 4505 1180 4560 licereditate
1218 4507 1526 4576 possidebit?
1555 4508 1704 4576 Quod
1738 4525 1804 4564 ne

218 4593 518 4650 auditorem
540 4605 786 4672 moveret
823 4596 890 4651 ad
922 4597 1308 4668 desperandam
1360 4602 1535 4654 carnis
1567 4617 1806 4656 resurre-

218 4687 486 4752 ctionem,
518 4686 772 4756 subjecit,
804 4687 934 4742 Ecce
960 4690 1248 4758 mysterium
1276 4691 1412 4746 vobis
1454 4693 1567 4746 dico
1590 4709 1609 4748 :
1633 4709 1803 4749 omnes

219 4795 542 4849 resurgemus
561 4821 576 4845 ,
604 4782 691 4834 sed
719 4797 818 4834 non
864 4797 1036 4836 omnes
1072 4783 1464 4840 immutabimur.
1499 4787 1563 4840 Et
1610 4803 1676 4841 ne
1705 4804 1803 4857 pu-

222 4879 465 4930 taremus
510 4871 935 4928 immutationem
986 4871 1039 4927 in
1079 4873 1231 4943 pejus
1286 4875 1511 4931 futuram
1545 4895 1557 4930 :
1591 4888 1645 4932 et
1683 4895 1800 4945 nos,

220 4962 426 5033 inquit,
454 4964 848 5020 immutabimur.
883 4965 1067 5022 Restat
1091 4982 1218 5037 ergo
1248 4977 1305 5022 ut
1327 4968 1470 5024 dicat
1503 4971 1672 5040 qualis
1701 4972 1802 5025 imo

224 5053 452 5108 mutatio
475 5053 644 5109 futura
659 5055 745 5110 sit.
765 5055 973 5126 Oportet
990 5057 1121 5111 enim
1142 5056 1236 5110 hoc
1254 5060 1594 5129 corruptibile,
1612 5062 1799 5131 inquit,

220 5144 438 5198 induere
461 5145 907 5217 incorruptionem,
926 5157 972 5202 et
987 5150 1196 5202 mortale
1214 5149 1306 5202 hoc
1326 5150 1531 5205 induere
1546 5153 1808 5207 immorta-

224 5235 444 5288 litatem.
473 5235 527 5290 Si
557 5238 900 5306 corruptibiie
932 5239 1034 5294 hoc
1077 5239 1326 5295 induetur
1372 5242 1768 5312 incorruptione
1789 5285 1804 5311 ,

225 5337 285 5382 ct
318 5328 548 5383 mortale
569 5329 671 5385 hoc
701 5331 948 5386 induetur
977 5333 1402 5400 immortalitate;
1439 5336 1549 5405 jam
1579 5352 1681 5392 non
1708 5339 1810 5394 erit

224 5418 592 5489 corruptibilis
617 5434 762 5475 caro.
787 5421 843 5476 Si
870 5437 995 5493 ergo
1018 5439 1122 5479 non
1144 5425 1248 5479 erit
1276 5427 1633 5496 corruptibilis
1659 5445 1804 5496 caro,

227 5513 466 5567 cessabit
495 5527 688 5567 nomen
731 5515 1088 5584 corruptionis
1127 5517 1177 5571 in
1224 5533 1384 5573 carne
1431 5527 1484 5575 et
1529 5523 1807 5591 sanguine,

225 5606 467 5661 cessabit
503 5607 661 5662 etiam
691 5623 882 5663 nomen
913 5610 1184 5680 proprium
1211 5613 1386 5669 carnis
1413 5623 1466 5670 et
1505 5616 1808 5686 sanguinis;

227 5699 358 5770 quia
383 5699 722 5755 mortalitatis
771 5710 897 5757 sunt
948 5702 1047 5757 ista
1097 5705 1328 5760 nomina.
1362 5707 1422 5763 Et
1451 5707 1492 5762 si
1519 5708 1587 5764 ita
1623 5714 1722 5767 est,
1761 5711 1814 5758 Cl

295 5811 374 5875 (a)
401 5811 515 5864 vide
537 5826 696 5877 supra,
724 5827 872 5866 serm.
899 5815 1009 5880 277,
1035 5831 1136 5880 cap.
1170 5819 1241 5870 l0.

1588 357 1814 418 SER?le
1855 358 2140 418 CCCLX".

3343 378 3362 431 Ι
3373 379 3474 432 6‘26

1892 490 2017 530 caro
2043 489 2284 550 resurget
2303 522 2316 543 ,
2346 489 2398 535 et
2427 484 2547 552 quia
2596 482 2900 540 immutatur
2930 500 2981 542 ct
3026 499 3081 542 at
3141 492 3468 563 incorrupta.

1891 584 2011 623 caro
2055 580 2100 624 et
2135 573 2339 643 sanguis
2367 591 2574 645 regnum
2611 575 2706 631 Dei
2743 596 2843 634 non
2888 581 3177 650 possidebit.
3220 583 3372 652 Quod
3417 588 3461 640 si

1893 661 2034 715 illam
2063 663 2482 720 immutationem
2513 667 2564 722 in
2601 669 2680 724 eis
2714 670 2905 740 aliquis
2943 673 3242 745 intelligere
3285 676 3457 733 volne-

1891 751 1991 815 rit,
2015 768 2146 822 quos
2173 749 2296 810 tunc
2325 756 2498 812 adhuc
2539 762 2688 815 vivos
2720 762 2807 817 ille
2847 762 2963 818 dies
3012 765 3323 821 inventurus
3345 779 3462 831 est;

1890 850 1948 896 ut
1976 844 2062 911 qui
2083 843 2192 913 jam
2224 849 2416 901 mortui
2444 858 2614 916 erant,
2641 863 2940 923 resurgant,
2975 857 3062 924 qui
3089 865 3264 910 autem
3292 857 3467 914 adhuc

1889 937 2090 1002 vivunt,
2125 939 2499 1008 immolentur;
2533 953 2591 997 ut
2636 960 2820 1000 eorum
2860 962 3141 1016 personam
3167 951 3467 1019 suscepisse

1888 1028 2136 1084 Credatur
2180 1032 2486 1099 Apostolus,
2515 1049 2637 1088 cum
2680 1037 2774 1100 ait,
2811 1036 2873 1090 Et
2905 1055 2997 1092 nos
3041 1041 3466 1096 immutabimur:

1889 1118 2075 1173 eadem
2105 1130 2278 1174 tamen
2309 1123 2444 1176 ratio
2474 1135 2847 1194 consequetur,
2877 1128 2996 1196 quia
3026 1129 3108 1181 illa
3141 1130 3468 1199 incorruptio

1888 1207 1954 1261 ad
1985 1224 2170 1263 omnes
2205 1212 2383 1280 utique
2412 1215 2697 1283 pertinebit
2721 1256 2734 1277 ,
2765 1232 2879 1269 cum
2907 1218 3233 1287 corruptibile
3261 1221 3356 1273 hoc
3386 1221 3467 1272 in-

1889 1297 2004 1350 duet
2027 1301 2471 1371 incorruptionem,
2503 1315 2546 1359 et
2577 1308 2786 1360 mortale
2831 1307 2924 1360 hoc
2963 1310 3133 1362 induet
3162 1310 3464 1364 immortali-

1890 1398 2061 1444 tatem.
2103 1389 2246 1445 Tunc
2286 1394 2370 1459 ﬁet
2412 1411 2574 1449 sermo
2603 1397 2690 1460 qui
2716 1399 2932 1468 scriptus
2981 1407 3080 1464 est,
3121 1399 3367 1470 Absorpta
3393 1411 3463 1453 est

1890 1497 2022 1535 mors
2044 1482 2102 1535 in
2129 1483 2410 1536 victoriam.
2444 1483 2542 1539 Ubi
2584 1496 2690 1551 est,
2747 1505 2901 1552 mors,
2933 1490 3184 1544 contentio
3229 1489 3358 1543 tua?
3385 1490 3468 1542 ubi

1888 1581 1980 1636 est,
2011 1588 2164 1638 mors,
2187 1575 2392 1629 aculeus
2419 1578 2572 1630 tuus?
2597 1577 2802 1648 Corpus
2825 1591 2997 1634 autem
3026 1581 3162 1650 quod
3189 1581 3296 1651 jam
3322 1597 3466 1634 mor-

1892 1663 1994 1718 tale
2037 1681 2141 1719 non
2170 1675 2279 1728 est,
2327 1685 2431 1722 non
2477 1672 2691 1741 proprie
2745 1672 2938 1727 dicitur
2984 1689 3109 1727 caro
3137 1684 3191 1727 et
3219 1676 3464 1744 sanguis,

1889 1773 2006 1825 qua:
2035 1767 2244 1812 terrena
2289 1769 2414 1815 Sunt
2441 1777 2662 1830 corpora
2689 1777 2703 1814 :
2726 1763 2818 1817 sed
2851 1779 3044 1834 corpus
3083 1765 3293 1829 dicitur,
3325 1767 3467 1836 quod

1883 1849 1992 1918 jam
2021 1851 2238 1906 caeleste
2280 1851 2382 1906 dici
2433 1861 2623 1920 potest.
2673 1853 2821 1908 Sicut
2863 1855 3000 1908 idem
3047 1856 3318 1924 apostolus
3347 1871 3468 1910 cmn

1889 1939 2185 1995 diceret’de
2224 1943 2460 1996 carnium
2503 1942 2798 1997 differentia
2829 1961 2843 1998 :
2880 1943 3002 1998 Non
3047 1945 3233 2011 ontnis,
3267 1946 3467 2014 inquit.

1889 2047 2007 2083 caro
2025 2029 2194 2084 eadem
2207 2048 2344 2086 caro.
2361 2032 2475 2086 Alia
2497 2033 2694 2104 quidem
2712 2044 2780 2088 est
2799 2035 3076 2102 hominum,
3096 2037 3200 2089 alia
3213 2053 3465 2107 pecorum,

1891 2123 1993 2176 alia
2007 2123 2238 2192 piscium,
2259 2127 2360 2178 alia
2384 2127 2660 2190 volucrum,
2679 2127 2783 2180 alia
2794 2132 3118 2198 serpentium.
3148 2129 3212 2182 Et
3237 2147 3469 2198 corpora,

1893 2213 2061 2282 ittquit
2079 2257 2093 2280 ,
2124 2217 2374 2283 cazlcstia,
2407 2228 2452 2272 et
2481 2235 2693 2286 corpora
2720 2222 2970 2275 terrestria
3001 2223 3018 2291 (
3035 2223 3048 2275 l
3068 2221 3183 2276 Cor.
3213 2239 3302 2280 xv.
3330 2223 3396 2279 39
3425 2233 3475 2278 et

1893 2306 2006 2375 55).
2031 2305 2185 2359 Nullo
2200 2308 2357 2361 modo
2373 2317 2550 2363 autem
2572 2311 2970 2365 diceretearnes
2989 2314 3262 2378 caelestes;
3281 2331 3468 2385 quam-

1895 2398 1975 2449 vis
2001 2413 2186 2451 carnes
2213 2399 2417 2467 possint
2445 2401 2544 2454 dici
2577 2415 2820 2470 corpora,
2856 2402 2949 2456 sed
2974 2404 3265 2457 terrestria.
3289 2405 3472 2458 Omnis

1894 2488 2036 2541 cnim
2085 2503 2209 2542 caro
2263 2505 2458 2559 corpus
2510 2500 2760 2546 estznon
2823 2501 2999 2548 autem
3065 2509 3223 2549 onme
3281 2509 3472 2566 corpus

1895 2592 2056 2632 earo:
2092 2593 2194 2632 non
2246 2580 2416 2633 solum
2459 2581 2578 2649 quia
2624 2581 2846 2636 caeleste
2891 2597 3084 2651 corpus
3125 2598 3229 2636 non
3279 2583 3472 2638 dicitur

1896 2683 2054 2734 caro,
2082 2669 2174 2723 sed
2215 2671 2370 2724 etiam
2403 2671 2641 2739 qutedam
2665 2671 2777 2741 ipsa
2815 2673 3082 2726 terrestria
3106 2715 3122 2737 ,
3170 2673 3307 2728 sicut
3333 2674 3470 2744 ligna

1897 2771 1949 2815 et
1978 2761 2211 2830 lapides,
2265 2773 2319 2819 et
2355 2764 2396 2818 si
2428 2764 2552 2834 quid
2582 2765 2844 2834 ejusmodi
2880 2774 2979 2820 est.
3027 2765 3201 2819 Etiam
3228 2766 3306 2820 sic
3345 2781 3474 2835 ergo

1897 2868 2021 2908 caro
2048 2863 2100 2908 et
2124 2856 2338 2925 sanguis
2368 2871 2586 2926 regnum
2618 2858 2708 2912 Dei
2733 2857 3007 2927 possidere
3049 2873 3165 2913 non-
3215 2869 3473 2928 possunt:

1897 2944 2017 3014 quia
2045 2960 2329 3014 resurgens
2350 2962 2476 3002 caro
2503 2949 2555 3002 in
2589 2948 2693 3004 tale
2731 2964 2926 3019 corpus
2956 2951 3390 3017 commutabitur,
3423 2952 3476 3006 in

1897 3049 2003 3104 quo
2025 3037 2132 3103 jam
2161 3053 2264 3091 non
2287 3039 2385 3092 erit
2413 3040 2652 3094 mortalis
2674 3041 2966 3112 corruptio,
2984 3050 3039 3097 et
3067 3050 3345 3112 propterea
3372 3058 3472 3098 nec

1899 3127 2075 3181 carnis
2095 3136 2148 3182 et
2175 3129 2448 3198 sanguinis
2483 3146 2701 3186 nomen.

1970 3220 2194 3277 CAPUT
2221 3221 2360 3276 XIX.
2383 3222 2561 3278 ~22.
2591 3223 2753 3279 Error
2775 3225 3107 3296 quorumdam
3136 3226 3271 3280 circa
3298 3227 3480 3281 verita.

1902 3322 1998 3366 tem
2021 3313 2416 3368 resurrectionis.
2471 3313 2579 3370 Sed
2625 3313 2914 3380 intendite,
2964 3313 3186 3383 fratres,
3234 3331 3482 3386 rogamus

1903 3419 2034 3468 vos;
2066 3419 2171 3459 non
2202 3413 2283 3459 est
2309 3419 2394 3458 res
2421 3404 2567 3474 parvi
2591 3405 2865 3474 pendenda
2888 3446 2902 3470 ,
2929 3405 2999 3461 de
3025 3405 3127 3462 ﬁde
3154 3415 3334 3461 nostra
3366 3407 3482 3475 agi-

1905 3505 2024 3552 tur:
2053 3497 2135 3552 cui
2161 3512 2263 3551 non
2297 3506 2400 3551 tam
2433 3513 2460 3550 a
2492 3496 2715 3568 Paganis
2763 3497 3059 3553 cavendum
3101 3505 3182 3552 est
3202 3506 3229 3563 ,‘
3249 3512 3405 3568 quam
3449 3511 3481 3550 ιι

1903 3589 2214 3660 quibusdam
2237 3588 2519 3657 perversis,
2547 3589 2635 3658 qui
2658 3603 2716 3643 se
2739 3587 3070 3642 Christianos
3089 3587 3191 3641 dici
3228 3597 3280 3641 et
3309 3586 3478 3642 videri

1903 3680 2104 3734 volunt.
2141 3678 2255 3733 Non
2293 3680 2433 3734 enim
2474 3679 2694 3733 deerant
2731 3680 2891 3733 etiam
2929 3679 3028 3733 sub
3055 3678 3362 3748 Apostolis.
3391 3679 3480 3749 qui

1903 3770 2144 3824 dicerent
2184 3770 2628 3824 resurrectionem
2663 3769 2770 3838 jam
2811 3769 3002 3822 iactam
3055 3784 3207 3836 esse,
3239 3780 3295 3824 et
3323 3769 3480 3824 tidem

1904 3861 2249 3932 quorumdam
2291 3869 2681 3932 perverterent,
2713 3860 2780 3915 de
2808 3860 3000 3930 quibus
3032 3860 3340 3929 Apostolus,
3379 3859 3480 3926 Qui

1904 3955 2037 4006 circa
2077 3953 2351 4018 veritatem,
2398 3952 2598 4022 inquit,
2627 3961 2936 4017 erraverunt,
2979 3953 3198 4006 dicentes
3247 3969 3478 4006 resurre-

1906 4045 2118 4098 ctionem
2134 4046 2245 4114 jam
2264 4049 2449 4116 factam
2470 4061 2609 4109 esse;
2633 4053 2678 4099 et
2699 4045 2849 4113 ﬁdem
2876 4045 3202 4115 quorumdam
3225 4044 3480 4099 subverte-

1905 4144 2023 4188 runt
2052 4135 2116 4204 (ll
2143 4135 2271 4189 Tim.
2297 4151 2354 4200 ll,
2399 4135 2509 4206 18).
2540 4135 2652 4191 Non
2683 4144 2858 4190 autem
2886 4145 3038 4190 vacat
3064 4137 3205 4206 quod
3239 4152 3340 4191 non
3373 4138 3477 4204 ait,

1905 4227 1948 4282 A
1984 4226 2200 4280 veritate
2245 4226 2656 4290 aberravcrunt;
2699 4226 2827 4289 sed,
2885 4227 3019 4279 circa
3067 4228 3342 4288 veritatem,
3374 4244 3477 4281 non

1907 4326 2082 4371 tamen
2115 4316 2388 4372 veritatem
2413 4325 2716 4372 tenuerunt.
2743 4317 2881 4370 Mors
2898 4332 3025 4386 ergo
3054 4318 3274 4378 tollitur,
3299 4327 3351 4372 ct
3375 4335 3479 4372 non

1913 4409 2254 4480 eritquodam
2286 4409 2444 4464 modo
2468 4411 2638 4464 :sicut
2662 4409 2948 4478 Apostolus
2975 4412 3084 4476 ait,
3131 4411 3482 4465 Absorbebitur

1906 4501 2116 4554 mortale
2135 4517 2168 4552 a
2194 4501 2294 4554 vita
2339 4498 2405 4572 (ll
2441 4498 2557 4555 Cor.
2599 4516 2653 4565 v,
2686 4502 2760 4572 4).
2790 4500 2878 4556 Sic
2903 4501 3045 4556 enim
3075 4501 3280 4573 dictum,
3310 4512 3391 4557 est
3421 4512 3474 4558 et

1908 4590 1974 4645 de
2006 4591 2258 4656 Domino,
2289 4591 2411 4661 quia
2441 4591 2716 4659 deglutivit
2755 4601 2980 4646 mortem
3013 4589 3056 4661 (1
3086 4590 3223 4646 Petr.
3250 4607 3324 4653 Ill,
3352 4591 3470 4664 22)..

1907 4681 2022 4736 Non
2051 4683 2190 4736 enim
2219 4681 2367 4750 quasi
2395 4682 2593 4736 recedit
2639 4697 2785 4736 mors
2831 4681 3032 4734 habens
3071 4682 3301 4751 aliquam
3351 4682 3480 4737 sub.

1908 4773 2154 4828 stantiam
2184 4787 2334 4826 suam
2367 4773 2499 4826 :sed
2529 4774 2580 4826 in
2626 4772 2741 4841 ipso
2778 4787 3005 4841 corpore
3035 4771 3124 4825 ubi
3171 4779 3316 4838 erat,
3359 4787 3482 4828 esse

1909 4865 2149 4930 desinet,
2176 4873 2234 4918 ut
2255 4865 2486 4933 speciem
2522 4864 2702 4918 videas
2721 4905 2737 4930 ,
2768 4866 2999 4934 speciem
3039 4874 3247 4930 teneas,
3277 4877 3492 4935 qumras

1909 4957 2302 5025 corruptionem
2331 4963 2384 5010 et
2412 4957 2786 5011 mortalitatem
2809 4997 2822 5019 ,
2863 4967 2916 5012 et
2944 4971 3048 5011 non
3080 4957 3337 5012 invenias.
3370 4957 3488 5012 Dis-

1911 5049 2070 5104 cessit
2096 5064 2223 5119 ergo
2249 5048 2425 5119 aliquo
2451 5049 2764 5118 corruptio?
2803 5047 2916 5103 Non
2955 5065 2970 5101 :
3008 5050 3101 5105 sed
3131 5050 3202 5105 ibi
3235 5051 3493 5108 intercute

1913 5149 2000 5209 pta
2031 5148 2146 5204 est,
2179 5139 2249 5193 ibi
2289 5140 2539 5209 absorpta
2588 5147 2689 5195 est.
2731 5140 3016 5210 Propterea
3054 5157 3176 5197 cum
3224 5142 3484 5208 dixisset,

1916 5231 2126 5300 Oportet
2150 5231 2469 5301 corruptibile
2489 5231 2583 5285 hoc
2601 5231 2808 5286 induere
2821 5233 3268 5303 incorruptionem,
3291 5246 3338 5290 et
3353 5251 3488 5288 mor-

1915 5322 2016 5376 tale
2064 5322 2170 5394 Itoc’
2209 5321 2631 5378 immortalitatem
2675 5322 2885 5376 induere
2911 5338 2930 5377 :
2956 5332 3073 5378 tunc
3122 5325 3226 5394 fiet,
3277 5324 3478 5394 inquit,

1914 5428 2074 5466 smne
2100 5413 2186 5481 qui
2213 5410 2427 5482 scriptus
2455 5421 2548 5477 est,
2591 5411 2938 5483 Absorpta'est
2966 5430 3100 5469 mors
3128 5415 3180 5468 in
3207 5415 3483 5468 victoriam.

1921 5502 2018 5557 Ubi
2040 5513 2131 5568 est,
2164 5520 2319 5570 mors,
2365 5505 2615 5560 contentio
2640 5505 2766 5558 tua?
2811 5506 2897 5559 ubi
2942 5515 3036 5569 est,
3071 5522 3238 5570 mors,
3283 5507 3486 5561 aculeus

1917 5596 2072 5650 tuus?
2109 5595 2174 5650 Et
2201 5611 2306 5651 non
2336 5596 2430 5663 ait,
2461 5597 2710 5652 Discessit
2738 5612 2879 5652 mors
2908 5598 2959 5651 in
3003 5598 3312 5661 victoriam;
3354 5599 3448 5654 secl
3476 5642 3488 5662 ,

1920 5689 2167 5757 Absorpta
2206 5699 2278 5743 est
2308 5705 2444 5744 mors
2493 5690 2544 5744 in
2595 5691 2868 5744 victoriam.
2914 5688 3190 5756 Quomodo
3239 5705 3368 5762 ergo
3417 5691 3491 5748 illi

1921 5783 2056 5836 circa
2085 5782 2356 5838 veritatem
2399 5781 2812 5838 abcrravcrunt?
2856 5781 2985 5848 Quia
3038 5795 3214 5836 veram
3244 5782 3494 5840 dixerunt
