3968 6442
510 321 648 378 11-27
1390 363 1414 376 ρ

511 434 958 494 resurrectionem
995 446 1179 494 unam,
1209 425 1302 483 sed
1329 425 1487 480 aliam
1517 425 1871 492 negaverunt.

580 527 804 584 CAPUT
844 524 1139 581 kX.—‘25.
1171 519 1486 574 Resurrectio
1511 515 1724 587 duplex,
1748 513 1798 567 in
1830 510 2016 584 spiritu
2045 516 2090 562 et

442 644 447 648 ·
510 624 562 676 in
604 635 825 692 corpore.
873 616 1097 685 Corpora
1139 612 1409 682 impiorum
1451 608 1624 678 qualia
1662 611 1947 674 resurgent.
1999 600 2093 654 Est

509 717 654 770 enim
698 711 1015 767 resurrectio
1065 706 1358 763 secundum
1412 703 1610 766 ﬁdem,
1666 701 1720 754 in
1759 713 1861 768 qua
1917 696 2092 749 omnis

509 807 598 874 qui
624 804 810 870 credit,
861 801 1088 870 resurgit
1130 799 1181 853 in
1212 797 1420 867 Spiritu.
1455 793 1660 848 Etenim
1705 789 1794 844 ille
1836 787 1972 842 bene
2002 799 2091 837 re-

509 906 689 967 surget
705 899 755 951 in
774 911 1018 964 corpore.
1045 894 1130 963 qui
1154 892 1323 960 primo
1346 883 1637 942 resurrexit
1657 883 1708 935 in
1732 879 1943 951 spiritu.
1961 875 2093 930 Nam

508 989 599 1059 qui
629 999 784 1042 antea
815 987 864 1041 in
895 985 1080 1054 spiritu
1103 999 1194 1051 per
1217 979 1374 1034 ﬁdem
1405 993 1510 1032 non
1539 968 1951 1033 resurrexerint,
1984 981 2093 1020 non

513 1081 576 1135 ad
606 1081 748 1133 illam
791 1074 1262 1131 commutationem
1290 1075 1571 1137 resurgent
1600 1066 1652 1119 in
1701 1075 1928 1130 corpore
1956 1099 1971 1124 ,
2007 1055 2094 1110 ubi

510 1180 810 1227 assumetur
859 1180 914 1224 et
940 1166 1314 1224 absorbcbitur
1353 1161 1531 1218 omnis
1562 1157 1838 1226 corruptio
1863 1195 1877 1219 ,
1904 1150 2000 1208 sed
2029 1149 2096 1205 ad

513 1265 654 1318 illam
685 1262 947 1332 poenalem
999 1259 1378 1327 integritatem.
1429 1251 1560 1307 Nam
1609 1250 1812 1318 integra
1849 1251 2006 1300 erunt
2043 1250 2098 1296 et

511 1370 735 1425 corpora
752 1353 1056 1423 impiorum,
1081 1349 1292 1404 nihilex
1321 1346 1399 1401 eis
1427 1343 1762 1398 imminutum
1785 1335 2094 1408 apparebit;

513 1447 609 1503 sed
633 1447 697 1501 ad
723 1461 932 1516 pinnam
953 1445 1055 1499 erit
1076 1441 1354 1510 integritas
1379 1436 1642 1507 corporis,
1661 1440 1716 1488 et
1744 1428 2009 1502 qumdam,
2043 1433 2099 1480 ut

516 1541 587 1594 ita
605 1539 798 1602 dicam,
817 1536 1055 1608 quaedam
1095 1534 1315 1588 ﬁrmitas
1344 1527 1604 1598 corporis,
1623 1520 1980 1592 corruptibilis
2005 1517 2095 1571 ﬁr-

517 1631 706 1686 unitas:
731 1630 852 1700 quia
875 1628 962 1683 ubi
990 1626 1143 1682 dolor
1162 1639 1280 1680 esse
1306 1620 1518 1691 poterit,
1543 1632 1648 1670 non
1679 1610 1966 1682 potestdici
1990 1624 2096 1663 non

515 1737 637 1776 esse
663 1721 969 1791 corruptio;
1001 1717 1241 1788 quamvis
1269 1727 1371 1767 non
1399 1709 1612 1765 deﬁciat
1632 1705 1718 1760 illa
1741 1702 2019 1757 inﬁrmitas
2045 1700 2098 1754 in

515 1812 805 1874 doloribus,
836 1826 902 1864 ne
922 1809 1079 1863 dolor
1113 1808 1226 1875 ipse
1248 1802 1522 1857 moriatur.
1545 1798 1676 1854 Nam
1706 1797 1872 1864 ipsam
1909 1808 2098 1848 corru-

519 1905 754 1972 ptionem
783 1900 997 1955 nomine
1040 1897 1238 1952 vermis
1262 1893 1571 1966 prophetice
1614 1889 1962 1958 signiﬁcatam
1995 1899 2099 1938 non

519 1996 809 2064 incongrue
842 1990 1098 2053 creditur,
1131 1998 1196 2042 et.
1228 1987 1401 2057 ipsum
1428 1982 1668 2037 dolorem
1699 1978 1914 2032 nomine
1941 1975 2098 2046 ignis.

517 2085 626 2142 Sed
663 2085 782 2154 quia
821 2083 1040 2138 ﬁrmitas
1088 2087 1232 2134 tanta
1274 2077 1408 2139 erit,
1438 2083 1494 2128 ut
1523 2087 1623 2126 nec
1649 2069 1920 2125 doloribus
1949 2065 2103 2121 cedat

519 2180 573 2233 in
608 2185 835 2233 mortem
860 2217 876 2242 ,
908 2189 1007 2228 nec
1049 2173 1126 2227 ad‘
1161 2170 1636 2238 incorruptionem,
1692 2164 1746 2217 in
1796 2177 1897 2232 qua
1928 2159 2102 2214 nullus

521 2271 672 2324 dolor
695 2278 810 2334 est,
837 2274 1226 2327 commutetur;
1261 2269 1543 2332 propterea
1574 2259 1652 2313 sic
1685 2255 1940 2325 scriptum
1989 2261 2101 2319 est,

532 2363 721 2418 l'ermis
741 2378 910 2416 eorum
942 2377 1040 2414 non
1077 2358 1338 2419 morietur,
1363 2365 1408 2408 et
1430 2354 1561 2425 ignis
1584 2369 1754 2406 eorum
1783 2367 1884 2403 non
1908 2348 2103 2402 exstin-

517 2464 696 2526 guetur
716 2451 864 2524 (lsai.
889 2467 1032 2514 LXVI,
1053 2450 1152 2514 2i;
1177 2445 1342 2500 Marc.
1370 2461 1446 2509 ιχ,
1476 2446 1566 2510 43,
1599 2443 1710 2514 l5).
1738 2437 2106 2494 Cetnmutatio

519 2561 645 2600 vero
670 2559 790 2614 qua:
808 2542 1202 2611 corruptionem
1232 2553 1337 2592 non
1363 2535 1611 2601 habebit,
1640 2541 1948 2587 sanctorum
1982 2531 2103 2585 erit.

517 2637 736 2692 Illorum
770 2649 896 2703 ergo
921 2634 1052 2696 erit,
1101 2630 1190 2700 qui
1223 2628 1382 2682 modo
1420 2626 1455 2681 ιι
1476 2627 1618 2680 ιϋειιι
1650 2623 2100 2678 resurrectionem

518 2729 740 2797 spiritus
761 2742 855 2796 per
895 2725 1051 2780 ﬁdem
1083 2741 1095 2778 :
1129 2723 1196 2778 de
1225 2738 1328 2792 qua
1356 2720 1746 2775 resurrectione
1785 2716 1914 2770 dicit
1958 2718 2105 2784 Apo-

517 2818 710 2882 stolus,
741 2819 800 2872 Si
820 2827 986 2870 autem
1012 2815 1353 2869 resurrexistis
1380 2829 1493 2866 cum
1517 2809 1741 2876 Christo,
1772 2825 1885 2879 qua:
1906 2823 2107 2862 sursum

518 2920 640 2966 sunt
667 2911 892 2981 qiuarite,
925 2909 1008 2962 ubi
1038 2907 1268 2963 Christus
1298 2915 1370 2960 est
1409 2906 1460 2958 in
1505 2905 1710 2959 dextero
1750 2901 1846 2956 Dei
1892 2901 2068 2955 sedens
2091 2915 2111 2954 :

520 3021 636 3075 qua:
654 3021 853 3058 sursum
877 3011 993 3056 sunt
1019 3002 1200 3073 sapite,
1229 3017 1330 3054 non
1359 3015 1472 3069 qua:
1491 3014 1642 3068 super
1672 3006 1877 3049 terram.
1919 2995 1970 3048 Μ
1977 2993 2111 3046 ortui

521 3097 658 3148 enim
693 3095 830 3158 estis,
851 3103 895 3146 et
929 3094 1029 3146 vita
1074 3101 1236 3145 vestra
1261 3089 1553 3143 abscondita
1583 3097 1654 3141 est
1684 3102 1798 3139 cum
1823 3084 2020 3138 Christo
2060 3084 2113 3136 in

527 3188 656 3243 Deo.
689 3185 964 3255 Quomodo
1007 3183 1265 3239 morimur
1295 3181 1587 3236 secundum
1631 3178 1878 3248 spiritum
1898 3218 1912 3240 ,
1945 3185 1999 3231 et
2026 3192 2113 3231 re-

527 3279 793 3350 surgimus
839 3277 1131 3334 secundum
1171 3275 1456 3345 spiritum:
1488 3275 1564 3327 sic
1610 3281 1793 3342 postea
1855 3271 2114 3324 morimur

529 3370 820 3426 secundum
846 3385 1083 3432 carnem,
1116 3376 1170 3422 ct
1202 3365 1526 3435 resurgimus
1551 3362 1842 3418 secundum
1868 3376 2109 3417 carnem.

525 3463 830 3519 Secundum
860 3462 1103 3532 Spiritum
1132 3475 1279 3513 mors
1305 3466 1409 3523 est,
1445 3471 1548 3511 non
1592 3453 1812 3509 credere
1837 3467 1969 3507 vana
1997 3467 2116 3520 qua:

526 3556 801 3620 credebat,
834 3569 940 3608 non
987 3553 1160 3608 lacere
1190 3552 1325 3605 mala
1363 3565 1481 3619 qua:
1531 3548 1778 3604 faciebat.
1809 3544 2113 3602 Secundum

530 3649 770 3718 spiritum
794 3645 1113 3700 resurrectio
1125 3652 1206 3698 est
1227 3639 1449 3696 credere
1473 3639 1703 3694 salubria
1731 3651 1849 3707 qua:
1871 3650 1975 3690 non
1995 3649 2114 3690 cre-

533 3740 714 3803 debat,
746 3747 799 3793 ct
827 3738 1002 3791 facere
1031 3736 1169 3789 bona
1205 3750 1324 3803 qua:
1356 3748 1462 3788 non
1509 3730 1756 3786 faciebat.
1781 3728 1885 3795 Qui
1907 3737 2117 3783 terrena

534 3831 675 3886 idola
705 3839 757 3884 et
779 3830 1021 3898 ﬁgmenta
1044 3826 1175 3881 deos
1200 3825 1438 3894 putabat,
1462 3838 1625 3876 unum
1651 3822 1818 3875 Deum
1846 3819 2114 3890 cognovit,

535 3924 590 3977 in
621 3935 741 3976 eum
757 3917 1002 3982 credidit,
1021 3927 1262 3971 mortuus
1282 3924 1365 3968 est
1391 3915 1441 3967 in
1475 3912 1802 3976 idololatria,
1828 3909 2120 3965 resurrexit

540 4015 596 4069 in
628 4012 731 4066 ﬁde
759 4010 1066 4066 christiana.
1111 4006 1365 4061 Ebriosus
1413 4013 1548 4068 erat,
1592 4003 1802 4059 sobrius
1831 4007 1948 4066 est;
1977 4015 2125 4054 mor-

543 4119 663 4160 tuus
693 4113 776 4159 est
803 4104 868 4160 ab
889 4103 1166 4166 ebrietate,
1191 4099 1484 4155 resurrexit
1511 4099 1566 4153 in
1603 4097 1908 4152 sobrietate.
1933 4095 2024 4151 Sic
2057 4093 2126 4150 ab

537 4197 788 4251 onmibus
817 4195 969 4250 malis
1017 4192 1264 4263 operibus
1304 4207 1424 4245 cum
1468 4189 1758 4252 receditur,
1801 4204 1946 4242 mors
1974 4201 2124 4256 qua:-

538 4292 664 4347 dam
695 4290 753 4344 ﬁt
781 4290 832 4344 in
863 4289 1038 4344 anima
1061 4330 1074 4352 ,
1104 4295 1159 4342 et
1188 4287 1240 4340 in
1268 4285 1385 4355 ejus
1420 4284 1574 4340 bonis
1599 4282 1852 4352 operibus
1876 4279 2124 4350 resurgit.

545 4382 879 4451 Mortiﬁcate,
912 4379 1083 4449 inquit
1113 4377 1422 4448 Apostolus,
1442 4376 1664 4428 membra
1693 4381 1857 4427 vestra
1879 4387 1990 4442 qua:
2010 4378 2130 4426 sunt

543 4491 696 4545 super
741 4482 956 4537 terram,
985 4468 1391 4532 immunditiam,
1435 4465 1895 4536 perturbationem,
1939 4477 2130 4516 concu-

528 4567 841 4638 piscentiam
867 4563 1055 4616 malam
1072 4603 1086 4627 ,
1112 4570 1156 4615 et
1182 4561 1482 4624 avaritiam,
1514 4557 1716 4627 inquit,
1740 4570 1852 4624 (pta:
1872 4562 1942 4608 est
1965 4553 2130 4606 idolo-

543 4679 658 4716 rum
696 4660 908 4714 servitus
931 4655 1149 4729 (Coloss.
1183 4669 1274 4717 tu,
1312 4653 1446 4721 1-5).
1493 4649 1823 4706 Mortiﬁcatis
1863 4663 1990 4717 ergo
2017 4647 2132 4700 istis

545 4754 799 4810 membris
819 4791 834 4820 ,
859 4750 1188 4821 resurgimus
1225 4746 1276 4801 in
1307 4744 1463 4800 bonis
1487 4759 1606 4816 quae
1629 4751 1754 4798 sunt
1780 4741 1893 4796 istis
1914 4748 2130 4795 contra-

546 4847 660 4908 ria;
694 4846 744 4899 in
785 4843 1098 4907 sanctitate,
1129 4841 1180 4894 in
1214 4837 1623 4907 tranquillitate,
1657 4834 1708 4888 in
1751 4832 2046 4896 charitate,
2078 4830 2131 4885 in

543 4936 922 5008 eleemosynis.
954 4930 1236 5002 Quomodo
1267 4938 1446 4984 autem
1488 4925 1744 4998 praecedit
1764 4939 1908 4980 mors
1935 4936 2132 4977 secun-

542 5029 672 5084 dum
728 5029 1004 5097 spiritum,
1054 5023 1502 5083 resurrectionem
1547 5036 1667 5091 quas
1712 5028 1796 5076 est
1840 5017 2132 5075 secundum

543 5122 789 5194 Spiritum
815 5120 926 5175 :sie
948 5132 1274 5189 prmeessura
1299 5123 1378 5171 est
1407 5129 1553 5170 mors
1581 5111 1872 5167 secundum
1891 5123 2128 5175 carnem,

543 5213 992 5273 resurrectionem
1017 5227 1136 5281 qua:
1162 5210 1335 5264 futura
1366 5216 1449 5264 est
1476 5205 1767 5262 secundum
1798 5219 2034 5259 carnem.

611 5305 842 5366 CAPUT
872 5302 1180 5360 XXL—Qi.
1201 5299 1508 5354 Testimouia
1528 5298 1590 5351 de
1605 5297 1799 5366 duplici
1814 5296 2134 5350 resurrectio-

541 5423 604 5461 ne
627 5420 692 5459 ea:
713 5399 980 5472 Apostolo.
1003 5394 1298 5463 Utramque
1326 5406 1454 5462 ergo
1477 5390 1800 5454 noverimus,
1815 5397 1869 5444 et
1887 5389 2135 5458 spiritua-

540 5501 644 5555 lem
660 5504 715 5554 et
731 5485 1174 5565 corporalem.Ad
1187 5483 1514 5557 spiritualem
1535 5482 1760 5551 pertinet
1778 5481 1916 5550 quod
1934 5480 2134 5534 dictum

541 5605 653 5657 est,
693 5590 893 5662 Surge,
935 5583 1022 5656 qui
1047 5579 1275 5643 dormis;
1303 5585 1350 5632 et
1377 5589 1591 5644 exsurge
1616 5589 1649 5627 α
1675 5573 1886 5627 mortuis
1915 5572 2133 5643 (Ephes.

541 5701 572 5736 ν
591 5727 605 5750 ,
651 5687 742 5754 14)
788 5703 799 5737 :
841 5691 896 5738 et
935 5677 1060 5735 illud
1083 5718 1097 5742 ,
1143 5673 1244 5743 Qui
1269 5669 1506 5727 sedebant
1533 5669 1586 5719 in
1610 5665 1786 5719 umbra
1812 5665 1986 5720 mortis
2005 5705 2018 5728 ,
2045 5665 2136 5719 tua:

541 5793 646 5831 orta
689 5791 763 5835 cst
811 5775 881 5830 eis
931 5770 1080 5846 (Isai.
1129 5783 1214 5838 ix,
1255 5765 1312 5840 ‘2)
1359 5780 1372 5821 :
1421 5770 1475 5820 et
1503 5757 1630 5816 illud
1659 5756 1797 5830 quod
1825 5757 1980 5829 paulo
2012 5767 2132 5814 ante

1744 303 1801 361 S.
1845 294 2204 358 AUGUSTIN]
2248 296 2545 353 El’lSCOl‘l

3661 301 3800 359 1628

2206 413 2652 478 commemoravi,
2709 413 2769 467 Si
2825 412 3208 467 consurrexistis
3253 429 3366 467 cum
3421 411 3651 482 Christo,
3679 432 3798 486 qua

2202 520 2401 557 sursum
2439 513 2554 558 sunt
2595 505 2821 575 quierite.
2866 505 2945 560 Ad
2977 505 3311 574 corporalem
3336 516 3513 563 autem
3545 524 3793 568 resurre-

2202 596 2430 650 Ctionem
2456 595 2682 665 pertinet
2707 596 2846 667 quod
2871 612 3011 652 nunc
3031 597 3158 653 dicit
3179 597 3488 667 Apostolus,
3511 601 3597 670 qui
3627 601 3793 656 talem

2202 687 2302 741 sibi
2333 689 2680 757 quaestionem
2715 698 3062 758 pr0posuerat
3093 706 3106 742 ε
3141 688 3248 746 Sed
3273 691 3395 744 dicit
3423 691 3634 761 aliquis,
3665 710 3796 757 quo-

2205 780 2352 832 modo
2391 788 2658 849 resurgunt
2701 781 2934 834 mortui?
2973 797 3073 852 quo
3111 791 3280 834 autem
3315 799 3525 850 corpore
3552 785 3744 838 venient
3768 784 3794 836 .’

2203 870 2406 940 Agebat
2443 885 2571 940 ergo
2609 870 2676 926 de
2718 873 3112 927 resurrectione
3139 873 3410 942 corporis,
3443 874 3495 927 in
3521 891 3621 944 qua
3649 890 3793 944 pra:-

2202 961 2364 1014 cessit
2411 961 2666 1015 Dominus
2707 962 2997 1016 Ecclesium
3039 978 3189 1016 suam
3235 982 3248 1018 :
3289 964 3354 1019 de
3399 965 3496 1020 hac
3522 980 3648 1035 ergo
3677 966 3790 1032 ait,

2207 1052 2416 1122 Oportet
2469 1055 2794 1124 corruptibile
2837 1055 2931 1110 hoc
2978 1056 3187 1110 induere
3231 1058 3693 1126 incorruptionem,
3743 1070 3794 1112 et

2205 1145 2416 1199 mortale
2437 1146 2530 1199 hoc
2551 1146 2758 1200 induere
2778 1147 3226 1201 inmortalitatem.
3254 1148 3476 1218 PrOpter
3500 1149 3624 1202 illud
3647 1149 3792 1219 quod

2203 1239 2447 1305 dixerat,
2495 1239 2626 1294 Caro
2648 1250 2693 1294 et
2741 1242 2947 1312 sanguis
2990 1259 3199 1314 regnum
3243 1242 3337 1296 Dei
3366 1261 3466 1297 non
3497 1245 3789 1314 possidebit.

2207 1331 2472 1385 Habemus
2518 1342 2693 1387 autem
2724 1331 2828 1386 alio
2860 1333 2977 1389 loco
3007 1336 3341 1405 apertissime
3373 1337 3792 1406 ipsiusapostoli

2204 1421 2354 1476 Pauli
2395 1423 2754 1478 testimonium
2794 1425 2861 1479 de
2888 1429 3279 1482 resurrectione
3309 1430 3600 1485 secundum
3629 1431 3790 1500 spiri-

2208 1523 2316 1568 tum
2338 1556 2351 1578 ,
2382 1525 2434 1569 ct
2455 1515 2520 1570 de
2554 1518 2947 1573 resurrectione
2989 1519 3280 1574 secundum
3321 1536 3556 1577 carnem.
3583 1521 3793 1592 Corpus

2205 1606 2346 1660 enim
2395 1609 2651 1672 mortale,
2702 1608 2842 1679 quod
2894 1611 3185 1666 animatum
3239 1624 3320 1668 est
3370 1615 3454 1669 vel
3497 1616 3791 1670 animatum

2209 1696 2336 1762 fuit,
2381 1713 2506 1752 caro
2546 1697 2761 1754 dicitur.
2807 1699 2895 1757 Sic
2937 1717 3065 1772 ergo
3107 1704 3394 1772 Apostolus
3419 1706 3695 1774 loquitur:
3733 1707 3797 1763 Si

2207 1798 2374 1842 autem
2418 1787 2647 1844 Christus
2688 1790 2740 1843 in
2778 1791 2948 1859 vobis,
2990 1808 3174 1863 corpus
3211 1794 3413 1864 quidem
3451 1804 3700 1850 mortuum
3723 1808 3797 1851 est

2209 1889 2416 1950 propter
2442 1890 2701 1950 peccatum
2721 1924 2736 1949 ,
2767 1882 2976 1952 spiritus
3003 1896 3169 1938 autem
3197 1887 3298 1939 vita
3324 1897 3396 1942 est
3427 1898 3628 1958 propter
3638 1890 3801 1960 justi-

2208 1973 2348 2023 tiam.
2380 1972 2514 2026 Ecce
2531 1973 2641 2042 jam
2671 1976 2992 2030 resurrectio
3021 1977 3236 2045 spiritus
3256 1993 3353 2047 per
3376 1978 3634 2047 justitiam
3659 1980 3796 2035 lat-ta

2210 2063 2518 2132 intelligitur
2558 2083 2570 2118 :
2613 2065 2732 2119 vide
2777 2074 2949 2120 utrmn
2987 2067 3247 2136 Sperando
3279 2069 3346 2122 sit
3371 2069 3528 2123 etiam
3555 2071 3796 2140 corporis

2211 2155 2552 2210 resurrectio.
2603 2155 2825 2212 Mortale
2875 2157 3017 2213 enim
3065 2173 3260 2229 corpus
3307 2161 3477 2215 noluit
3523 2161 3800 2232 appellare

2213 2247 2463 2312 mortale,
2505 2247 2598 2303 sed
2628 2261 2894 2304 mortuum
2919 2268 2934 2316 ;
2965 2260 3019 2306 et
3051 2259 3226 2306 tamen
3255 2251 3356 2308 hoc
3383 2269 3442 2309 se
3469 2255 3800 2325 signiﬁcasse

2214 2339 2264 2392 in
2305 2341 2752 2410 consequentibus
2792 2343 2981 2411 aperit.
3028 2342 3279 2413 Sequitur
3305 2345 3514 2414 itaque,
3545 2355 3595 2402 et
3621 2345 3748 2400 dicit
3782 2365 3796 2400 :

2213 2433 2272 2487 Si
2300 2449 2418 2503 ergo
2438 2433 2646 2502 spiritus
2669 2435 2775 2502 eius
2799 2435 2885 2504 qui
2902 2437 3158 2490 suscitavit
3179 2437 3356 2492 losum
3376 2456 3407 2492 a
3431 2440 3640 2494 mortuis
3661 2483 3675 2507 ,
3704 2441 3802 2496 ha-

2213 2523 2334 2576 bitat
2361 2525 2412 2577 in
2437 2525 2608 2590 vobis;
2636 2527 2722 2595 qui
2748 2529 3004 2582 suscitavit
3036 2529 3306 2584 Dominum
3335 2542 3560 2586 nostrum
3578 2531 3756 2589 Iesum
3775 2578 3790 2601 ,

2214 2616 2260 2666 vi
2264 2616 2308 2668 vi
2311 2615 2478 2685 ficabit
2505 2626 2550 2669 et
2575 2619 2806 2670 mortalia
2828 2635 3041 2690 corpora
3060 2631 3222 2674 vestra
3238 2639 3326 2692 per
3345 2623 3648 2678 habitantem
3669 2625 3798 2692 Spi-

2215 2711 2369 2762 ritum
2413 2711 2522 2780 ejus
2562 2711 2615 2763 in
2657 2713 2790 2766 vobis
2835 2713 3008 2780 (Rom.
3038 2729 3127 2768 vut
3149 2755 3163 2780 ,
3193 2714 3288 2781 lt),
3322 2715 3434 2785 11).
3465 2716 3805 2787 Quapropter

2215 2803 2290 2857 illi
2321 2805 2455 2857 circa
2479 2805 2732 2857 veritatem
2759 2806 3109 2860 aberraverunt
3129 2848 3144 2873 ,
3176 2823 3333 2862 unam
3362 2821 3684 2879 negaverunt
3707 2827 3798 2865 re—

2218 2898 2624 2952 surrectionem.
2674 2897 2727 2952 Si
2769 2898 2908 2952 enim
2947 2900 3089 2952 omni
3121 2900 3279 2953 modo
3309 2916 3425 2954 eam
3453 2909 3740 2970 negarent,
3775 2920 3807 2959 ιι

2221 2990 2442 3043 veritate
2480 2989 2790 3043 abcrrarent
2815 3029 2830 3054 ,
2870 3003 2975 3043 non
3011 2991 3146 3043 circa
3186 2993 3462 3046 veritatem.
3503 2993 3637 3058 Quia
3674 3008 3811 3048 vero

2219 3085 2355 3136 circa
2381 3083 2636 3136 veritatem
2659 3081 3012 3136 aberraverunt
3032 3125 3046 3149 ,
3069 3082 3301 3138 confessi
3324 3094 3447 3138 sunt
3470 3101 3626 3140 unam
3648 3125 3664 3150 ,
3686 3101 3812 3155 quas

2222 3175 2514 3231 secundum
2559 3176 2803 3245 spiritum
2855 3176 2912 3229 ﬁt
2937 3193 2952 3241 ;
2984 3189 3310 3245 negaverunt
3339 3187 3515 3233 autem
3543 3179 3772 3234 alteram
3792 3221 3810 3246 ,

2222 3287 2340 3340 quae
2379 3286 2470 3339 per
2497 3269 2672 3323 carnis
2701 3284 2943 3324 resnrrec
2955 3270 3149 3323 tionem
3179 3280 3455 3338 speratur,
3486 3271 3703 3324 dicentes
3731 3288 3817 3325 re.

2224 3363 2578 3416 siu'rectibnem
2600 3361 2714 3431 jam
2743 3360 2932 3430 factam
2959 3376 3065 3414 esse
3094 3376 3112 3414 :
3143 3361 3285 3430 quod
3315 3361 3414 3415 nisi
3444 3362 3513 3415 ita
3539 3361 3813 3428 dicerent,

2226 3463 2283 3506 ut
2324 3451 2465 3506 illam
2509 3467 2626 3521 qua:
2666 3452 2718 3505 in
2759 3467 2985 3520 corpore
3025 3452 3198 3506 futura
3239 3461 3321 3506 est
3353 3453 3497 3506 credi
3528 3461 3584 3509 et
3609 3454 3821 3522 sperari

2228 3541 2605 3611 prohiberent,
2650 3556 2755 3596 non
2798 3540 2866 3596 de
2908 3540 2992 3596 his
3029 3540 3328 3610 diceretur,
3370 3540 3418 3595 F
3422 3543 3554 3596 idem
3578 3559 3822 3612 quamm-

2227 3634 2346 3688 dam
2370 3635 2678 3688 subvertant.
2919 3643 2922 3645 ’

2301 3724 2525 3779 CAPUT
2568 3724 2807 3779 XXll.—
2833 3723 2925 3779 25.
2954 3723 3127 3778 Ambo:
3151 3725 3538 3780 resurrectiones
3565 3726 3618 3779 in
3651 3725 3825 3780 Evan-

2231 3817 2383 3890 gelia.
2417 3816 2738 3872 Resurrectio
2764 3816 3037 3870 secundum
3060 3816 3293 3885 spiritum
3316 3859 3332 3883 ,
3359 3833 3472 3886 qua:
3497 3835 3630 3871 nunc
3650 3820 3706 3887 ﬁt
3730 3836 3826 3888 per

2232 3911 2404 3979 ﬁdem.
2452 3907 2557 3963 Sed
2597 3908 2774 3963 audite
2799 3907 2908 3976 jam
2940 3906 3429 3960 manifestissimum
3459 3907 3826 3963 testimonium

2234 4000 2400 4070 ipsius
2436 3999 2645 4054 Domini
2676 4000 2728 4054 in
2761 3997 3048 4068 Evangelio
3073 3996 3363 4052 secundum
3393 3997 3647 4055 Joannem
3668 4039 3683 4064 ,
3714 4013 3830 4055 uno

2235 4089 2355 4144 loco
2375 4089 2560 4144 ambas
2582 4092 3000 4144 resnrrectiones
3017 4128 3032 4153 ,
3055 4095 3109 4142 et
3129 4104 3246 4156 quin
3267 4088 3556 4143 secundum
3577 4089 3828 4159 Spiritum

2235 4179 2396 4235 modo
2442 4181 2499 4234 tit
2525 4222 2539 4246 ,
2585 4189 2640 4234 et
2683 4194 2801 4250 qua:
2843 4179 3135 4234 secundum
3179 4194 3392 4233 carnem
3429 4189 3611 4248 postea
3649 4179 3829 4233 futura

2236 4282 2347 4340 est,
2380 4274 2449 4329 ita
2479 4273 2877 4340 declarantem,
2909 4281 2964 4326 ut
2984 4273 3201 4328 omnino
3227 4273 3472 4328 dubitare
3497 4287 3600 4326 non
3625 4273 3828 4343 possit,

2237 4367 2326 4437 qui
2356 4381 2567 4436 quoquo
2598 4365 2755 4419 modo
2780 4364 3126 4420 christianum
3153 4379 3212 4419 se
3232 4364 3390 4430 dicit,
3422 4372 3476 4420 et
3502 4363 3834 4434 evangelica:

2237 4457 2540 4514 auctoritati
2582 4457 2854 4526 subjectus
2895 4466 3013 4520 est;
3043 4466 3100 4512 ut
3131 4458 3308 4511 nullus
3336 4456 3509 4510 aditus
3533 4455 3834 4512 calumnia-

2239 4551 2445 4605 toribus
2485 4558 2679 4613 restet,
2709 4557 2762 4602 et
2787 4564 2855 4616 qu
2876 4551 2933 4602 lsi
2963 4563 3058 4617 per
3087 4548 3243 4602 ﬁdem
3274 4548 3616 4603 Christianam
3643 4546 3834 4602 volen-

2238 4643 2378 4696 tibus
2407 4650 2648 4695 evertere
2677 4639 3006 4695 Christianos
3025 4681 3040 4706 ,
3075 4640 3359 4695 inserendo
3390 4655 3588 4695 venena
3617 4654 3708 4694 sua
3730 4679 3746 4705 ,
3773 4651 3833 4695 ut

2235 4733 2482 4790 occidant
2519 4733 2726 4788 animas
2762 4731 3116 4787 inﬁrmorum.
3149 4732 3253 4788 Sed
3281 4747 3347 4786 ex
3379 4733 3494 4800 ipso
3523 4730 3706 4786 codice
3734 4745 3832 4784 au-

2237 4826 2365 4881 dite.
2414 4825 2702 4893 Propterea
2747 4823 2887 4878 cnim
2929 4839 3033 4878 non
3077 4833 3280 4877 tantum
3324 4822 3700 4894 dis-putatoris,
3733 4823 3832 4876 sed

2238 4919 2396 4974 etiam
2421 4917 2634 4973 lectoris
2657 4915 2844 4986 iungor
2866 4915 3063 4980 ofﬁcio,
3085 4926 3335 4970 utsermo
3367 4917 3466 4970 iste
3497 4925 3676 4970 noster
3697 4929 3832 4968 san-

2240 5021 2442 5064 ctarum
2495 5010 2894 5079 Scripturarum
2935 5008 3251 5063 auctoritate
3293 5007 3570 5072 lulciatur,
3595 5021 3701 5062 non
3730 5005 3839 5064 hu—

2239 5103 2412 5157 manis
2440 5101 2834 5170 suspicionibus
2861 5115 3022 5168 super
3047 5114 3262 5154 arenam
3288 5097 3600 5168 aediﬁcetur,
3623 5103 3668 5157 si
3693 5097 3841 5152 forte

2240 5195 2434 5266 aliquid
2451 5211 2554 5250 non
2574 5195 2881 5250 memoriter
2894 5195 3206 5248 occurrerit.
3229 5192 3426 5252 Audite
3447 5213 3573 5268 ergo
3593 5197 3840 5266 Evange-

2240 5290 2368 5343 lium
2409 5289 2700 5342 secundum
2740 5288 3019 5342 Joannem.
3052 5287 3309 5344 Dominus
3339 5289 3572 5359 loquitur
3597 5307 3609 5343 :
3634 5288 3792 5342 Anien
3823 5331 3840 5354 ,

2239 5399 2386 5436 auten
2452 5381 2581 5460 dico
2621 5380 2755 5434 vobis
2793 5419 2807 5442 ,
2861 5377 2982 5448 quia
3061 5382 3145 5451 qui
3203 5379 3402 5434 verbum
3455 5396 3619 5434 meum
3693 5380 3839 5432 audit

2244 5485 2291 5528 et
2331 5473 2488 5527 credit
2529 5472 2571 5526 ei
2620 5471 2705 5542 qui
2744 5471 2881 5527 snisit
2913 5490 3020 5537 me,
3063 5473 3208 5525 habet
3233 5473 3382 5525 vitam
3407 5481 3680 5534 teternam;
3710 5481 3756 5525 et
3783 5471 3839 5525 in

2241 5566 2494 5636 judicium
2533 5579 2636 5624 non
2674 5566 2838 5630 venit,
2885 5566 2974 5621 sed
3009 5566 3276 5620 transitans
3300 5564 3416 5635 fecit
3444 5581 3474 5617 a
3500 5573 3656 5618 morte
3679 5563 3731 5615 in
3759 5563 3838 5617 vi-

2244 5674 2368 5717 tam.
2407 5663 2566 5719 Amen
2590 5702 2605 5725 ,
2633 5677 2779 5716 amen
2809 5659 2921 5714 dico
2951 5658 3086 5713 vobis
3105 5700 3119 5724 ,
3147 5659 3269 5729 quia
3298 5659 3425 5711 venit
3453 5657 3600 5722 hora,
3632 5665 3676 5708 et
3702 5668 3838 5708 nun:

2246 5760 2318 5809 ert
2340 5797 2354 5823 ,
2385 5753 2586 5819 quando
2615 5751 2795 5806 mortui
2823 5750 3029 5804 audient
3058 5765 3223 5806 vorem
3248 5748 3373 5804 Filii
3402 5747 3531 5816 Dei;
3557 5754 3602 5802 et
3623 5743 3711 5817 qui
3731 5760 3836 5800 au-
