3968 6456
87 362 226 420 l619
1483 358 1701 416 SERMO

1814 359 2040 420 ZCLXH.

85 477 310 536 meruit,
355 475 550 528 vivent.
579 473 730 529 Sicut
759 472 890 526 enim
920 469 1072 526 Pater
1099 470 1243 527 habet
1270 472 1418 526 vitam
1445 471 1496 525 in
1525 480 1703 526 semet-

83 573 229 631 περ,
285 567 364 620 sic
410 567 553 620 dedit
595 575 639 620 et
683 563 821 620 Filio
858 565 1010 618 vitam
1039 564 1220 618 habere
1248 565 1299 618 in
1324 565 1588 634 semetipso
1613 580 1633 628 ;
1657 575 1702 617 et

87 670 403 726 releuatem
433 656 571 710 drdit
600 658 646 710 ei
667 666 713 710 et
730 656 983 728 judicium
1010 660 1176 728 facere
1194 699 1207 722 ,
1237 656 1355 728 quia
1378 655 1515 725 ﬁlius
1538 655 1704 710 hamis

85 755 164 808 nis
181 761 291 809 at.
319 747 508 806 Nolite
527 749 706 804 mirari
725 752 819 804 hoc
839 790 853 812 ,
883 749 998 818 quia
1021 749 1149 802 venit
1176 748 1320 811 liora,
1346 750 1396 801 in
1414 765 1512 816 qua
1533 764 1704 802 omnes

85 841 174 913 qui
293 851 633 898 monumento
656 849 772 895 sunt
797 883 810 905 ,
840 841 1046 895 audient
1076 857 1242 893 vocem
1271 841 1377 909 ejus
1411 855 1428 892 :
1458 849 1503 892 et
1531 855 1705 908 proce-

87 937 214 988 dat
357 931 497 988 bona
517 937 775 1005 fecerunt,
802 932 851 984 in
877 931 1286 985 resurrectionem
1312 932 1458 992 vitae;
1485 931 1570 1000 qui
1590 945 1702 983 vero

89 1025 234 1080 null
279 1033 534 1100 egerunt,
572 1024 627 1078 in
656 1023 1064 1078 resurrectionem
1086 1023 1273 1095 judirii
1303 1021 1476 1091 (Joan.
1511 1039 1541 1074 v
1563 1065 1576 1088 ,
1608 1021 1706 1076 2i-

87 1115 212 1188 29).
259 1113 526 1170 Arbitror
563 1113 780 1186 quidem
818 1113 1014 1168 mullos
1045 1113 1337 1183 intelligere
1363 1113 1429 1167 ab
1459 1114 1573 1181 ipso
1604 1114 1704 1167 Do-

3275 381 3404 460 Ηΐὸυ

1811 490 2037 545 quorum
2060 477 2315 536 cadavera
2347 483 2398 538 in
2432 488 2784 542 monumentis
2813 500 2934 546 sunt
2957 505 3323 550 resurrectura
3349 514 3400 553 ιη

1817 567 2004 622 ultimo
2030 570 2231 625 smculi.
2265 572 2362 628 llic
2391 589 2516 646 ergo
2545 586 2600 632 ut
2630 578 2714 633 illa
2746 581 2795 632 in
2823 579 2924 634 ﬁne
2945 572 3252 650 speraretur
3277 603 3394 642 cor-

1818 674 2004 727 porum
2050 665 2399 730 resurrectio,
2450 667 2668 737 Omnes,
2715 673 2826 740 ait,
2868 675 2955 744 qui
2990 676 3043 730 in
3070 683 3402 736 monumentis

1814 763 1932 806 sunt
1955 794 1969 818 ,
2000 754 2204 809 audient
2230 773 2392 811 vocem
2419 761 2525 832 ejus
2545 805 2558 826 ,
2584 769 2627 815 et
2651 765 2935 833 precedent.
2971 767 3097 822 Item
3127 773 3396 839 Superius,

1817 845 2032 898 Audient
2051 888 2065 910 ,
2100 849 2298 918 inquit,
2330 867 2496 904 vocem
2528 851 2651 906 Filii
2675 853 2808 921 Dei;
2831 866 2877 910 et
2899 858 2988 928 qui
3012 861 3263 915 audierint
3283 904 3296 925 ,
3321 863 3399 916 vi-

1815 946 1946 988 vent.
1981 938 2115 1003 Quid
2146 956 2278 1008 opus
2305 954 2412 995 erat
2437 943 2630 999 addere
2649 989 2663 1010 ,
2691 945 2792 1010 Qui
2817 948 3102 1012 audierint;
3125 966 3243 1005 cum
3270 967 3400 1022 pos-

1817 1036 1897 1080 set
1923 1029 1990 1081 ita
2019 1028 2119 1083 dici
2145 1073 2157 1092 ,
2192 1032 2420 1087 Audient
2450 1049 2632 1088 vocem
2665 1036 2782 1090 Filii
2816 1038 2937 1101 Dei,
2971 1049 3021 1093 et
3047 1041 3262 1096 vivent;
3297 1044 3396 1096 nisi

1815 1119 1936 1188 quia
1981 1120 2047 1175 de
2096 1122 2176 1176 bis
2227 1125 2439 1179 diccbat
2481 1126 2568 1196 qui
2610 1129 2899 1184 secundum
2941 1133 3132 1186 mentis
3158 1150 3395 1190 errorem

91 1205 250 1262 mino
277 1203 338 1262 in
365 1201 474 1260 hoc
495 1204 617 1260 loco
639 1213 917 1274 utramque
943 1205 1409 1269 resurrectionem,
1433 1212 1486 1258 et
1506 1219 1699 1258 secun-

91 1300 226 1356 dum
269 1289 531 1372 Spiritum
577 1313 674 1369 per
711 1296 868 1352 ﬁdem
890 1339 904 1362 ,
932 1306 986 1352 et
1014 1298 1302 1353 secundum
1330 1313 1575 1363 carnem,
1609 1313 1704 1368 per

94 1387 642 1459 tib-“imam
674 1388 852 1443 tubam
877 1386 1124 1443 distincte
1149 1398 1437 1459 aperteque
1465 1389 1703 1444 declara-

94 1397 250 1448 ἰὼ·
295 1399 300 1402 ’
339 1453 344 1458 ,
399 1397 416 1404 ⁷
480 1397 642 1444 imam
674 1397 852 1443 tubam
877 1397 1124 1443 distincte
1149 1398 1437 1459 aperteque
1465 1397 1703 1444 declara-

93 1397 500 1552 «2&2
542 1477 659 1535 haec
687 1478 875 1535 eadem
906 1479 1064 1534 verba
1095 1479 1374 1550 diligenter
1399 1479 1703 1535 considere-

95 1583 222 1629 mus
235 1611 262 1642 ,
279 1559 364 1628 ἰι
387 1571 645 1629 omnibus
667 1570 1003 1626 audientibus
1029 1571 1365 1627 manifestum
1395 1573 1480 1626 sit.
1513 1572 1666 1625 Amen
1684 1614 1699 1639 ,

94 1669 252 1720 aulai
279 1663 402 1720 dico
429 1664 599 1732 vobis,
630 1665 753 1738 quia
779 1664 866 1737 qui
892 1664 1092 1719 verbum
1118 1682 1284 1720 meum
1311 1667 1454 1718 audit
1477 1675 1521 1720 et
1544 1666 1703 1718 credit

97 1759 144 1814 ei
181 1757 286 1830 φὶ
319 1757 463 1816 nisi:
499 1775 582 1814 nte
601 1800 618 1826 ,
654 1758 803 1814 habet
827 1760 974 1812 vitam
1000 1769 1277 1824 cateruam;
1307 1771 1353 1814 et
1382 1761 1432 1813 in
1450 1760 1702 1826 judicium

99 1865 204 1906 Μ.
229 1849 404 1916 fuit,
434 1849 528 1906 sed
550 1849 820 1906 transitum
848 1851 966 1920 fecit
991 1867 1022 1902 a
1043 1859 1202 1904 morte
1226 1852 1276 1903 in
1300 1851 1470 1904 vitam.
1501 1851 1703 1905 Secun-

99 1943 234 1997 dum
275 1941 532 2014 spiritum
577 1942 907 1997 resurrectio
952 1949 1065 2003 est,
1100 1958 1217 2010 qum
1250 1941 1304 1995 lit
1333 1941 1491 1996 modo
1522 1958 1614 2011 per
1642 1943 1702 1996 ﬁ-

99 2033 250 2088 dem.
297 2029 414 2094 Sed
457 2047 530 2089 ne
568 2031 640 2088 ita
688 2033 957 2104 proposita
998 2032 1268 2087 videretur
1293 2077 1306 2098 ,
1351 2035 1495 2103 quasi
1529 2035 1701 2089 adhuc

101 2123 268 2196 loqu
297 2121 478 2180 futura
501 2121 610 2189 sit;
643 2139 942 2194 quanquam
972 2139 1075 2178 non
1105 2123 1297 2177 dixerit
1323 2165 1335 2187 ,
1361 2125 1701 2179 Transiturus

101 2219 186 2269 est
209 2229 250 2270 ι
277 2219 460 2271 me
487 2213 543 2269 in
568 2213 766 2280 vitam;
799 2214 891 2269 sed
913 2257 928 2282 ,
961 2215 1226 2268 transitum
1255 2216 1374 2285 fecit
1403 2233 1433 2268 a
1465 2227 1621 2269 morte
1649 2218 1702 2270 in

102 2309 264 2362 vita.
307 2313 332 2362 .‘
377 2313 558 2364 tamen
607 2321 675 2362 ne
716 2307 880 2362 verbo
924 2307 1173 2377 przeteriti
1202 2308 1454 2377 temporis
1486 2309 1702 2378 ﬁgurate

107 2414 238 2455 usus
261 2397 572 2465 videretur,
604 2399 742 2454 sicut
770 2407 851 2454 est
868 2440 882 2465 ,
913 2398 1172 2453 Foderunt
1193 2417 1370 2452 manus
1393 2417 1524 2452 meas
1547 2413 1591 2453 et
1613 2419 1702 2472 pe-

110 2493 198 2547 des
435 2505 532 2547 ut
551 2533 567 2560 ,
597 2490 688 2562 I7)
709 2497 728 2556 ,'
752 2489 893 2562 quod
919 2491 1092 2545 adhuc
1120 2490 1351 2545 futurum
1377 2495 1703 2560 praenuntia-

107 2584 289 2652 batur;
309 2581 577 2654 sequitur,
600 2591 654 2638 et
680 2581 784 2638 hoc
806 2581 976 2652 ipsum
1000 2582 1206 2652 planius
1230 2583 1459 2651 explicat
1485 2602 1494 2635 :
1521 2585 1698 2648 Amen,

107 2687 258 2730 αα
301 2671 424 2728 dico
463 2671 604 2730 vobis
623 2713 637 2736 .
667 2673 866 2745 inquit,
895 2675 1014 2747 quia
1039 2675 1168 2728 venit
1199 2675 1325 2729 liora
1353 2685 1398 2728 et
1426 2693 1559 2729 nunc
1587 2685 1658 2729 est
1682 2717 1697 2742 ,

106 2761 316 2836 φιαήο
335 2764 528 2819 mortui
548 2763 758 2820 audient
780 2779 946 2819 vocem
965 2763 1089 2818 Filii
1113 2764 1205 2818 Dei
1223 2782 1243 2830 ,'
1263 2776 1307 2818 et
1323 2767 1407 2836 qui
1425 2766 1696 2833 audierint,

109 2857 292 2912 situt.
335 2853 496 2928 Quod
537 2871 697 2928 supra
735 2855 863 2912 dixit
882 2899 897 2924 ,
942 2854 1163 2911 Transiit
1192 2875 1222 2910 a
1248 2868 1404 2910 morte
1432 2858 1482 2910 in
1511 2857 1657 2909 vitam
1684 2873 1702 2919 ,'

111 2950 212 3006 hoc
247 2951 398 3005 nunc
433 2947 604 3014 dicit,
649 2949 828 3004 vivent.
864 2948 968 3004 Sed
996 2966 1060 3003 ue
1088 2950 1215 3004 illud
1241 2949 1383 3020 quod
1410 2951 1482 3003 ait
1505 2991 1520 3016 ,
1559 2948 1704 3003 Venit

113 3039 272 3103 buli.
297 3037 356 3094 in
383 3035 546 3095 ﬁnem
575 3039 755 3094 saeculi
785 3049 1092 3110 speraretur
1113 3082 1127 3105 ,
1159 3041 1372 3110 quando
1402 3041 1558 3096 etiam
1586 3057 1707 3095 cor-

111 3129 306 3198 pm
341 3117 672 3186 resurrectio
710 3127 884 3184 futura
923 3141 1043 3195 est;
1087 3130 1326 3199 addidit,
1370 3143 1414 3186 et
1452 3149 1582 3186 nunc
1608 3142 1700 3187 est.

109 3221 226 3278 Non
263 3222 418 3278 enim
459 3221 534 3278 ait
561 3229 765 3276 tantum
785 3263 800 3287 ,
838 3220 982 3276 Venit
1008 3223 1164 3286 liora;
1198 3223 1292 3278 sed
1318 3266 1331 3289 ,
1371 3222 1514 3277 Venit
1542 3225 1666 3277 liora
1687 3265 1700 3291 ,

111 3325 156 3368 et
173 3319 316 3369 nunc
337 3321 438 3368 est.
461 3309 564 3380 Qui
585 3319 762 3367 autem
785 3312 1049 3368 audierint
1075 3313 1213 3368 hanc
1241 3330 1424 3368 vocem
1448 3357 1460 3380 ,
1484 3315 1699 3381 vivent;

111 3403 322 3460 sciicet
341 3401 452 3458 vita
473 3405 634 3474 (luam
656 3403 902 3472 superius
922 3403 1255 3474 signiﬁcavit,
1276 3405 1478 3472 dicens,
1515 3406 1705 3459 Trans-

111 3500 168 3554 iit
203 3513 240 3553 ο
261 3503 270 3514 ’
291 3503 458 3552 ωτι
483 3497 554 3550 ad
578 3496 750 3551 vitam.
777 3495 875 3551 Hic
899 3511 1026 3567 ergo
1055 3511 1149 3551 eos
1176 3497 1488 3568 signiﬁcavit
1518 3499 1606 3568 qui
1636 3498 1700 3552 ad

115 3603 328 3659 pellam
361 3575 552 3660 iudicii
599 3603 704 3642 non
750 3587 1055 3659 pertinent;
1105 3589 1225 3658 quia
1265 3589 1592 3657 praeveniunt
1619 3588 1702 3659 iu-

113 3681 310 3736 dicium
327 3679 438 3735 title
455 3693 572 3742 sua,
593 3687 647 3733 et
671 3678 950 3733 transitum
971 3677 1165 3732 iaciunt
1189 3694 1215 3730 a
1240 3689 1409 3732 morte
1429 3677 1494 3733 ad
1517 3679 1698 3731 vitam.

178 3769 418 3840 CAPUT
441 3769 703 3828 XXIIL—
723 3769 815 3826 26.
853 3769 1173 3825 Resurrectio
1197 3771 1471 3825 secundum
1497 3787 1702 3826 carnea:

116 3872 310 3936 fatua.
349 3863 540 3922 Restat
561 3879 690 3936 ergo
715 3873 773 3920 ut
798 3863 1055 3934 judicium
1086 3863 1317 3916 futurum
1349 3861 1593 3917 ostendat
1624 3863 1703 3917 in-

117 3973 196 4015 ter
233 3957 412 4016 bonos
449 3961 506 4014 et
531 3940 702 4013 malos
729 3974 743 4010 :
772 3957 893 4028 quia
919 3956 1008 4012 bic
1031 3957 1198 4011 bonos
1230 3965 1432 4010 tantum
1463 3971 1703 4011 ευιηῐηρτ

115 4049 344 4108 amavit
380 4049 450 4106 ad
489 4058 806 4122 prmsentem
846 4049 1324 4114 resurrectionem,
1367 4065 1485 4119 qure
1513 4065 1704 4104 secun-

113 4146 238 4200 dum
279 4141 534 4216 spiritum
559 4143 674 4210 est,
707 4142 991 4212 pertinere.
1024 4140 1272 4210 Sequitur
1299 4142 1505 4211 itaque,
1538 4153 1592 4196 et
1618 4141 1700 4196 di-

114 4238 184 4290 cit
203 4277 222 4300 ,
251 4231 322 4292 ει
347 4241 646 4308 potestatem
675 4231 814 4287 dedit
839 4233 884 4286 ei
907 4241 954 4286 et
972 4232 1229 4303 judicium
1258 4232 1422 4300 facere
1445 4273 1458 4294 ,
1487 4233 1603 4302 quia
1632 4233 1700 4301 ﬁ-

115 4330 214 4382 lius
245 4325 472 4382 hominis
507 4333 598 4380 est.
641 4323 930 4381 lnsinuavit
962 4323 1251 4378 secundum
1280 4323 1405 4393 quid
1434 4323 1701 4392 acceperit

120 4425 446 4500 [aestatem
481 4415 668 4488 iudicii
709 4433 725 4471 :
764 4416 884 4487 quia
917 4415 1083 4486 ﬁlius,
1129 4415 1327 4484 inquit,
1364 4416 1579 4469 hominis
1599 4405 1697 4470 est.

119 4511 246 4566 Natu
285 4505 582 4568 secundum
621 4506 672 4563 id
693 4506 834 4579 quod
861 4506 1026 4562 Filius
1055 4507 1144 4561 Dei
1176 4518 1255 4561 est
1280 4549 1293 4571 ,
1322 4507 1698 4576 sempiternam

116 4615 236 4658 cum
277 4593 442 4656 Patre
475 4597 636 4655 habet
671 4607 1007 4668 potestatem.
1034 4597 1149 4653 Jam
1179 4597 1445 4668 quomodo
1472 4599 1540 4652 sit
1563 4598 1702 4652 lutu-

119 4707 230 4748 run
249 4689 514 4764 jud‘tcium
536 4730 550 4754 ,
570 4684 962 4759 consequenter
980 4688 1195 4759 exponit
1220 4705 1232 4741 :
1261 4686 1433 4742 Nolite
1454 4730 1468 4757 ,
1499 4688 1696 4759 inquit,

118 4785 296 4842 uir-ri
313 4783 414 4840 huc
429 4824 446 4850 ,
470 4783 592 4856 quia
609 4782 740 4838 venit
765 4782 889 4837 hora
909 4825 924 4848 ,
947 4782 1000 4836 in
1019 4799 1118 4855 qua
1140 4798 1310 4836 omnes
1335 4783 1420 4853 qui
1445 4784 1495 4836 in
1517 4799 1700 4836 monu-

63 4924 70 4930 .
120 4877 298 4934 nauis
318 4885 472 4944 sunt,
496 4875 704 4931 audient
731 4890 898 4930 vocem
919 4875 1027 4946 ejus
1055 4889 1074 4928 :
1098 4885 1144 4928 et
1175 4875 1444 4945 precedent
1463 4875 1551 4946 qui
1571 4876 1700 4930 bona

121 4973 373 5042 fecerunt,
415 4965 470 5024 in
503 4965 913 5024 resurrecttbnem
953 4965 1108 5031 vim;
1145 4966 1232 5033 qui
1271 4982 1385 5020 vero
1427 4967 1563 5020 mala
1589 4983 1700 5038 ege-

121 5069 263 5129 runt,
287 5059 344 5117 in
365 5059 782 5116 resurrectionem
792 5057 996 5132 judicii.
1024 5055 1282 5128 Superius
1301 5073 1420 5113 eum
1443 5058 1698 5128 dixisset,

131 5151 274 5208 Venit
289 5151 460 5218 tina;
483 5147 712 5222 adjecit,
737 5157 784 5204 et
807 5165 940 5203 nunc
960 5158 1033 5203 est
1062 5165 1076 5202 :
1103 5164 1169 5203 ne
1193 5148 1280 5202 illa
1302 5148 1432 5204 hora
1457 5165 1702 5220 praenun-

121 5247 244 5303 tiata
281 5251 564 5318 putaretur
584 5284 600 5310 ,
637 5253 740 5315 qua
771 5242 824 5296 in
855 5241 958 5298 ﬁne
985 5241 1163 5297 saaculi
1197 5241 1368 5296 futura
1397 5253 1479 5297 est
1506 5258 1700 5314 corpo-

123 5351 236 5394 ηι-
277 5333 624 5394 resurrectio.
665 5331 764 5389 llic
804 5347 931 5402 ergo
957 5332 1079 5403 quia
1109 5333 1278 5403 ipsam
1305 5333 1517 5388 volebat
1543 5334 1703 5389 intel-

122 5427 240 5496 ligi,
275 5441 401 5484 eum
439 5423 698 5494 dixisset,
744 5419 884 5479 Venit
909 5423 1074 5490 hora;
1106 5440 1209 5478 non
1241 5423 1464 5493 adjecit,
1495 5436 1542 5479 et
1570 5443 1703 5480 nunc

121 5529 210 5576 est.
251 5515 382 5574 Item
429 5516 678 5589 superius
713 5523 952 5570 mortuos
991 5513 1123 5570 dixit
1150 5514 1336 5570 audire
1367 5531 1552 5571 vocem
1581 5517 1699 5572 Filii

125 5609 212 5667 Dei
235 5653 253 5679 ,
297 5617 767 5666 monumentorum
804 5617 980 5662 autem
1015 5607 1213 5663 nullam
1242 5611 1703 5664 commemoratio-

125 5719 238 5761 netu
269 5702 396 5760 fecit
427 5721 443 5758 :
471 5711 530 5760 ut
551 5701 1002 5773 distingueremus
1022 5702 1260 5758 mortuus
1281 5717 1374 5772 per
1395 5700 1586 5760 mentis
1613 5720 1699 5760 er-

125 5813 290 5853 rorem
315 5797 407 5868 qui
439 5803 720 5866 resurgunt
751 5791 910 5847 modo
938 5807 1036 5859 per
1067 5792 1254 5865 ﬁdem,
1283 5792 1349 5848 ab
1376 5795 1454 5851 eis
1481 5797 1702 5853 mortuis

1817 1213 2008 1266 mortui
2049 1225 2198 1277 sunt,
2245 1233 2468 1286 quorum
2506 1220 2652 1273 multi
2683 1221 2902 1276 audiunt
2928 1231 2977 1277 et
3010 1240 3115 1278 non
3142 1225 3395 1292 audiunt,

1817 1303 1866 1356 id
1898 1315 2013 1368 est,
2047 1322 2152 1360 non
2184 1308 2589 1379 obtemperant,
2621 1327 2725 1367 non
2757 1315 3018 1369 credunt?
3043 1317 3141 1385 Qui
3170 1336 3295 1373 vero
3322 1319 3398 1374 sic

1815 1396 2070 1462 audiunt,
2111 1401 2377 1468 quomodo
2417 1402 2625 1456 volebat
2651 1403 2855 1468 audiri,
2887 1420 3006 1459 cmn
3033 1407 3268 1473 diceret,
3299 1409 3399 1473 Qui

1815 1487 1960 1541 habet
1999 1505 2147 1543 aures
2185 1492 2460 1558 audiendi,
2504 1495 2677 1546 audiat
2721 1495 2872 1565 (Luc.
2911 1513 3033 1557 vtu.
3072 1499 3166 1567 8);
3197 1499 3293 1568 ipsi
3322 1501 3399 1553 vi-

1814 1587 1958 1630 vent.
2004 1579 2236 1634 Audient
2273 1596 2399 1652 ergo
2425 1583 2612 1650 multi,
2644 1584 2736 1639 sed
2766 1586 2852 1651 qui
2879 1587 3168 1655 audierint,
3195 1590 3354 1642 vivent
3380 1631 3395 1654 ,

1814 1667 1866 1721 id
1906 1678 2018 1732 est,
2049 1671 2140 1740 qui
2169 1671 2511 1727 crediderint.
2544 1674 2675 1729 Nam
2706 1680 2794 1746 qui
2825 1677 2902 1732 sic
2929 1677 3181 1745 audient,
3210 1690 3396 1737 utnon

1814 1762 2061 1826 credant,
2093 1779 2197 1817 non
2226 1767 2402 1819 vivent
2429 1785 2439 1819 :
2474 1767 2614 1822 unde
2641 1779 2863 1838 apparet
2885 1770 2952 1825 de
2977 1787 3078 1840 qua
3108 1782 3278 1828 morte
3297 1815 3310 1837 ,
3343 1782 3400 1828 et

1814 1853 1879 1906 de
1915 1869 2014 1921 qua
2045 1855 2148 1907 vita
2187 1871 2250 1908 eo
2286 1856 2402 1910 loco
2431 1855 2624 1911 dixerit
2650 1877 2660 1911 :
2686 1859 2752 1914 de
2773 1870 2943 1914 morte
2963 1863 3162 1917 scilicet
3185 1879 3303 1934 qum.
3329 1865 3396 1918 ad

1813 1946 1953 1999 solos
1977 1947 2142 2000 malos
2174 1949 2421 2016 pertinet,
2444 1965 2506 2001 eo
2527 1950 2641 2018 ipso
2655 1967 2758 2020 quo
2775 1953 2898 2007 mali
2917 1964 3039 2007 sunt
3063 1971 3078 2020 ;
3107 1963 3160 2007 et
3187 1955 3253 2010 de
3288 1957 3395 2010 vita

1813 2052 1930 2102 qum
1957 2036 2020 2088 ad
2049 2038 2189 2091 solos
2232 2039 2397 2092 bonos
2428 2042 2686 2108 pertinet,
2717 2057 2783 2096 eo
2811 2042 2927 2112 ipso
2954 2060 3060 2113 quo
3089 2045 3215 2100 boni
3244 2046 3394 2100 ﬁunt.

1883 2127 2110 2184 CAPUT
2153 2130 2338 2185 XXIV.
2368 2160 2438 2170 -ο
2476 2132 2572 2187 llic
2598 2144 2806 2199 autem,
2837 2134 2923 2188 tibi
2955 2137 3244 2192 secundum
3274 2153 3397 2193 coro

1813 2235 1940 2287 pora
1983 2229 2380 2276 resurrecturos
2407 2224 2740 2291 pronuntiat,
2769 2241 2874 2280 non
2902 2226 3009 2293 ait,
3040 2227 3274 2282 Audicnt
3302 2243 3399 2283 vo-

1812 2326 1925 2363 cem
1968 2310 2113 2378 ejus,
2157 2320 2209 2365 et
2249 2312 2336 2380 qui
2367 2312 2662 2379 audierint,
2691 2315 2998 2383 precedent.
3030 2315 3228 2373 Omnes
3252 2319 3395 2373 enim

1813 2404 2153 2456 novissimam
2181 2404 2357 2457 tubam
2383 2404 2618 2468 audient,
2645 2413 2693 2458 el
2724 2406 3035 2474 precedent,
3058 2409 3182 2478 quia
3208 2423 3397 2465 omnes

1812 2512 2166 2566 resurgemus.
2209 2496 2313 2551 Sed
2348 2497 2468 2567 quia
2501 2513 2603 2551 non
2636 2513 2824 2552 omnes
2853 2500 3278 2568 immutabimur,
3307 2517 3396 2556 se-

1813 2590 1991 2657 quitur
2031 2598 2084 2642 et
2125 2589 2290 2654 dicit,
2338 2590 2436 2656 Qui
2462 2589 2592 2643 bona
2623 2596 2846 2661 fecerunt
2870 2635 2883 2657 ,
2913 2593 2965 2644 in
2993 2595 3397 2648 resurrectionem

1811 2683 1962 2742 vitm;
1995 2680 2078 2747 qui
2108 2695 2223 2732 vero
2251 2680 2386 2732 mala
2413 2691 2617 2750 egerunt
2641 2723 2654 2747 ,
2683 2682 2734 2734 in
2760 2684 3170 2737 resurrectionem
3188 2684 3395 2752 jndicii.

1813 2770 2069 2840 Superius
2098 2771 2274 2840 itaque
2300 2772 2386 2825 ubi
2419 2787 2513 2840 per
2545 2772 2701 2827 ﬁdem
2731 2773 3020 2829 secundum
3047 2776 3291 2845 spiritum
3315 2791 3399 2833 re-

1813 2861 2123 2927 viviscitur,
2173 2861 2240 2916 ad
2282 2861 2521 2917 eamdem
2562 2873 2758 2920 sortem
2807 2879 2994 2920 omnes
3037 2867 3397 2933 reviviscunt;

1815 2959 1868 3002 nt
1898 2952 2000 3002 vita
2025 2966 2208 3004 eorum
2238 2967 2341 3005 non
2368 2952 2715 3008 distribuatur
2735 2955 2786 3008 in
2813 2954 3190 3011 beatitudinem
3214 2966 3267 3012 et
3291 2960 3394 3012 mi-

1814 3044 2004 3094 seriam
2033 3083 2044 3103 .
2087 3042 2180 3097 sed
2215 3044 2276 3095 ad
2309 3045 2496 3097 bonam
2535 3054 2734 3113 partem
2766 3061 2950 3101 omnes
2981 3051 3292 3116 pertineant.
3333 3050 3399 3105 Et

1815 3133 1934 3186 ideo
1957 3150 2077 3187 cum
2109 3134 2356 3200 (lixisset,
2391 3135 2490 3200 Qui
2510 3137 2796 3203 audierint,
2825 3139 3025 3203 vivent;
3055 3155 3158 3192 non
3181 3140 3394 3210 adjecit,

1813 3225 1910 3291 Qui
1942 3227 2075 3279 bona
2107 3239 2358 3296 egerunt,
2390 3230 2438 3280 in
2468 3230 2626 3282 vitam
2659 3240 2952 3295 mternam;
2986 3232 3074 3302 qui
3104 3248 3234 3288 vero
3259 3235 3394 3289 mala

1812 3327 2033 3386 egerunt
2059 3360 2072 3381 ,
2119 3319 2168 3371 in
2199 3333 2408 3385 pcenam
2441 3329 2715 3374 a~ternam.
2748 3320 2860 3376 Hoc
2887 3323 3028 3376 enim
3059 3325 3228 3391 ipsum
3256 3326 3395 3394 quod

1812 3410 2010 3464 dictum
2043 3419 2139 3475 est,
2171 3411 2349 3475 vivent,
2381 3412 2430 3464 in
2455 3413 2593 3465 bono
2621 3414 2988 3468 tantummodo
3014 3416 3180 3484 accipi
3203 3416 3394 3472 voluit:

1813 3502 1946 3555 sicut
1973 3502 2132 3556 etiam
2162 3503 2406 3572 superius
2433 3545 2446 3566 ,
2475 3503 2787 3569 Transitum,
2821 3505 3010 3574 inquit,
3039 3507 3158 3574 fecit
3182 3524 3214 3559 a
3239 3517 3401 3560 morte

1813 3593 1882 3644 ad
1908 3593 2057 3644 vitam
2085 3609 2103 3657 ;
2129 3607 2230 3646 nec
2255 3593 2387 3646 dixit
2413 3593 2476 3646 ad
2502 3609 2659 3663 quam
2681 3595 2876 3656 vitam;
2904 3596 3023 3663 quia
3054 3610 3149 3662 per
3178 3595 3334 3650 ﬁdem
3363 3612 3394 3650 θ

1813 3689 1984 3736 morte
2027 3681 2382 3748 reviviscere,
2429 3697 2532 3734 non
2576 3690 2748 3750 potest
2783 3697 2904 3736 esse
2948 3684 3082 3737 mala
3124 3685 3247 3737 vita.
3299 3667 3412 3740 Ilie’

1811 3783 1986 3828 autem
2027 3775 2198 3843 primo
2238 3788 2379 3841 non,
2427 3775 2658 3828 Audicut
2697 3789 2882 3829 vocem
2921 3774 3037 3844 ejus
3076 3784 3132 3829 et
3175 3777 3391 3841 vivent;

1812 3866 1985 3932 ips::m
2024 3866 2196 3930 enim,
2242 3867 2436 3932 virent,
2486 3881 2580 3934 per
2624 3875 2784 3920 totam
2831 3865 2986 3922 istam
3029 3867 3310 3924 lectionem
3340 3869 3393 3924 in

1810 3958 1952 4013 bono
1979 3959 2194 4028 inteliigi
2227 3960 2393 4013 voluit
2424 3977 2437 4012 :
2470 3959 2561 4013 sed
2592 3960 2756 4025 dixit,
2787 3960 3010 4024 audient,
3037 3972 3084 4015 et
3106 3963 3392 4030 procedent,

1810 4065 1916 4120 quo
1954 4050 2120 4104 verbo
2157 4049 2469 4119 signiﬁcavit
2509 4051 2842 4120 corporalem
2880 4062 3080 4106 motum
3111 4068 3394 4124 οοφήἰιιη

1810 4142 1876 4196 de
1905 4141 2039 4196 locis
2060 4142 2451 4210 sepulturarum
2478 4157 2712 4196 suarum.
2742 4142 2845 4197 Sed
2868 4143 2990 4212 quia
3012 4146 3303 4212 procedere
3325 4144 3396 4199 de

1811 4233 2167 4287 monumentis
2198 4249 2304 4287 non
2333 4233 2580 4288 omnibus
2605 4234 2671 4287 ad
2696 4233 2892 4288 bonum
2917 4235 3020 4288 erit
3051 4254 3064 4289 :
3101 4235 3200 4298 Qui
3227 4235 3356 4288 bona
3375 4277 3391 4298 ,

1809 4325 2013 4394 inquit,
2066 4327 2324 4394 fecerunt,
2369 4325 2421 4378 in
2465 4325 2874 4379 resurrectionem
2919 4325 3079 4390 vitae;
3120 4325 3278 4380 etiam
3308 4325 3395 4380 hic

1811 4415 1970 4468 vitam
2017 4416 2067 4469 in
2116 4415 2256 4469 bono
2298 4424 2501 4470 tantum
2531 4415 2749 4485 intelligi
2774 4416 2976 4471 voluit:
3003 4417 3087 4485 qui
3117 4432 3232 4471 vero
3257 4419 3396 4474 mala

1808 4518 2046 4578 egerunt,
2095 4508 2298 4578 inquit,
2343 4509 2397 4563 in
2439 4510 2853 4564 resurrectionem
2892 4509 3098 4578 iudicii,
3134 4511 3394 4581 judicium

1808 4603 2012 4656 scilicet
2041 4617 2137 4669 pro
2165 4617 2318 4670 ptena
2344 4603 2538 4672 posuit.
2729 4589 2746 4608 ’

1879 4691 2106 4748 ΟΜ)οΤ
2144 4691 2310 4747 XXV.
2332 4722 2403 4734 —
2419 4691 2510 4747 27.
2536 4691 2697 4759 Quale
2715 4710 2918 4766 corpus,
2942 4703 2990 4749 et
3009 4695 3172 4765 qualis
3188 4704 3393 4750 sancto-

1806 4800 1918 4836 rum
1944 4785 2043 4836 vita
2073 4792 2184 4851 post
2216 4785 2645 4838 resurrectionem.
2685 4785 2804 4842 Jam
2846 4801 2996 4856 ergo,
3039 4785 3250 4852 fratres,
3291 4802 3392 4841 ne-

1810 4890 1896 4928 mo
1925 4885 2128 4944 qumrat
2158 4889 2406 4943 perversa
2436 4874 2729 4930 subtilitate
2755 4876 3054 4944 cujusmodi
3094 4876 3263 4946 ﬁgura
3291 4878 3398 4935 erit

1808 4979 2090 5033 corporum
2123 4964 2176 5017 in
2227 4966 2624 5020 resurrectione
2676 4973 3030 5031 mortuorum,
3058 4974 3254 5037 quanta
3285 4974 3397 5022 sta-

1811 5067 1950 5122 tura,
1990 5056 2163 5127 qualis
2193 5065 2392 5119 motus,
2418 5057 2594 5126 qualis
2616 5057 2876 5114 incessus.
2898 5058 3108 5115 Suttleit
3127 5059 3223 5116 tibi
3253 5061 3396 5132 quod

1810 5151 2041 5222 resurgit
2074 5165 2203 5205 caro
2233 5160 2319 5206 tua
2351 5151 2402 5205 in
2431 5167 2493 5205 ea
2525 5153 2723 5222 specie,
2747 5152 2799 5206 in
2823 5168 2926 5223 qua
2952 5153 3207 5209 Dominus
3235 5171 3400 5226 appa-

1810 5241 1935 5305 ruit,
1964 5244 2016 5295 in
2048 5241 2279 5296 hominis
2309 5241 2490 5310 utique
2515 5241 2718 5311 Specie.
2749 5242 2855 5298 Sed
2893 5244 3003 5298 noli
3039 5257 3256 5316 propter
3271 5261 3396 5315 spe-

1811 5334 1947 5388 ciem
1981 5333 2167 5389 timere
2187 5333 2583 5403 corruptionem
2611 5352 2624 5388 :
2648 5336 2693 5389 si
2715 5335 2858 5390 enim
2887 5352 2992 5392 non
3014 5339 3252 5393 timueris
3271 5353 3394 5391 cor-

1810 5429 2134 5494 ruptionem,
2165 5440 2267 5479 non
2297 5425 2506 5479 timebis
2547 5436 2603 5481 et
2645 5427 2790 5482 illam
2834 5431 3174 5494 sententiam,
3199 5428 3328 5483 Caro
3351 5443 3395 5483 et

1809 5519 2018 5589 sanguis
2037 5534 2245 5588 regnum
2277 5517 2371 5572 Dei
2390 5535 2490 5572 non
2521 5519 2829 5587 possidebit:
2850 5536 2949 5576 nec
2977 5520 3182 5576 incides
3219 5519 3271 5574 in
3313 5521 3393 5574 la-

1812 5626 2007 5682 queum
2056 5609 2502 5676 Sadducmorum,
2548 5629 2708 5682 quem
2753 5623 3036 5686 propterea
3080 5629 3185 5670 non
3228 5618 3401 5686 possis

1812 5705 2036 5768 evitare,
2070 5705 2189 5773 quia
2219 5715 2372 5774 putas
2399 5705 2465 5760 ad
2494 5705 2595 5761 hoc
2619 5720 2900 5777 resurgere
2929 5708 3200 5770 homines,
3227 5709 3398 5765 utdno

1813 5808 1933 5853 cant
1972 5813 2190 5864 uxores,
2235 5798 2820 5869 etgenerentﬁlios,et
2885 5811 3041 5870 agitet
3093 5816 3256 5872 opera
3314 5807 3398 5858 vi-
