3968 6438
579 321 706 377 IGBI

574 449 643 491 tte
695 433 952 492 mortalis.
993 428 1054 488 SI
1083 430 1278 502 quaeris
1315 427 1488 498 qualis
1525 425 1628 480 erit
1657 424 1783 492 vita,
1811 425 1931 496 quis
1969 419 2145 476 homi-

575 546 698 584 num
753 529 852 584 IlOC
892 527 1088 598 poterit
1151 521 1449 593 explicare?
1489 519 1608 575 Vita
1657 518 1758 574 erit
1804 517 2148 587 Angelorum.

573 623 903 690 Quicumque
934 617 1024 672 tibi
1049 616 1280 688 potuerit
1303 613 1589 670 ostendere
1613 613 1774 666 vitam
1803 609 2148 680 Angelorum,

572 712 816 768 ostendet
853 712 1010 764 vitam
1033 723 1216 764 eorum
1236 725 1250 768 ;
1271 707 1393 776 quia
1427 705 1657 773 aequales
1688 701 1846 756 futuri
1869 699 2152 755 eruntAn-

571 806 726 873 gulis.
778 803 832 858 Si
879 809 1058 856 autem
1097 800 1422 870 Angelorum
1457 798 1562 850 vita
1603 795 1811 850 occulta
1849 800 1964 858 est,
1996 805 2154 852 nemo

574 903 776 964 qua:rat
814 893 1075 962 amplius;
1110 906 1176 946 ne
1215 905 1310 960 per
1347 903 1584 944 errorem
1623 901 1730 942 non
1769 883 2045 954 perveniat
2085 880 2154 936 ad

573 985 626 1040 bl
666 985 806 1056 quod
835 984 1046 1053 qumrit,
1086 982 1180 1037 sed
1220 981 1286 1034 ad
1325 978 1464 1049 quod
1511 977 1608 1032 sibi
1658 977 1772 1046 ipse
1813 971 2172 1040 conﬁnveritu

577 1077 926 1147 l’ra‘propere
955 1076 1096 1130 enim
1125 1071 1336 1144 quierit,
1379 1080 1432 1126 et
1473 1069 1727 1123 festinans
1757 1064 1968 1136 quaerit.
2000 1063 2078 1116 'I‘u
2101 1061 2156 1114 in

575 1169 656 1220 via
695 1167 940 1232 ambula;
972 1165 1156 1220 venies
1182 1164 1248 1218 ad
1277 1162 1521 1232 patriam,
1555 1160 1598 1214 si
1630 1173 1733 1213 non
1755 1157 1971 1212 deseras
1991 1155 2154 1208 viam.

575 1257 612 1310 Ἰ
622 1269 775 1314 enete
801 1271 928 1327 ergo
955 1254 1244 1319 Christum,
1289 1252 1500 1318 fratres,
1547 1259 1724 1304 tenete
1767 1247 1950 1312 ﬁdem,
1981 1255 2156 1300 tenete

576 1351 716 1404 viam
744 1351 885 1420 :ipsa
915 1365 1010 1402 vos
1041 1348 1292 1416 perducet
1314 1346 1378 1400 ad
1404 1344 1454 1398 id
1477 1343 1615 1413 quod
1645 1343 1824 1396 videre
1865 1340 2022 1416 modo
2050 1353 2153 1392 non

579 1443 819 1508 potestis.
853 1440 906 1492 In
939 1439 1030 1494 illo
1068 1439 1209 1492 enim
1249 1437 1420 1504 capite
1464 1435 1706 1504 apparuit
1733 1431 1874 1501 quod
1917 1437 2159 1497 speretur

581 1535 632 1587 in
661 1532 942 1595 membris;
989 1533 1040 1586 in
1081 1529 1170 1582 illo
1237 1527 1578 1580 fundamento
1619 1523 2036 1577 demonstratum
2078 1528 2160 1574 est

577 1624 717 1694 quod
761 1623 812 1678 in
857 1631 1033 1676 nostra
1077 1620 1365 1673 :rdilieetur
1393 1617 1516 1681 ﬁde,
1543 1623 1600 1670 ut
1645 1623 1823 1683 postea
1857 1611 2160 1682 perﬁciatur

579 1713 632 1767 in
663 1712 841 1781 specie
867 1729 878 1764 :
905 1726 971 1764 ne
994 1712 1128 1764 forte
1151 1723 1271 1762 cum
1301 1707 1494 1776 putatis
1518 1720 1614 1758 vos
1640 1717 1876 1767 cernere,
1908 1710 2159 1770 appareat

578 1804 728 1858 vobis
769 1803 966 1872 aliquid
1003 1816 1096 1872 per
1142 1800 1426 1869 imaginem
1455 1798 1640 1852 falsam
1671 1798 1820 1866 quasi
1860 1809 1980 1850 esse
2019 1792 2158 1864 quod

577 1909 682 1947 non
708 1903 809 1957 est,
839 1901 894 1948 et
919 1892 1134 1946 dimissa
1163 1891 1244 1944 via
1278 1891 1331 1944 in
1361 1903 1598 1944 errorem
1627 1887 1869 1952 devictis,
1894 1897 1946 1939 et
1969 1885 2034 1940 ad
2073 1901 2162 1952 pa-

577 1987 730 2040 triam
760 2001 865 2056 quo
901 1985 1048 2040 ducit
1095 1985 1198 2046 via,
1233 1982 1284 2036 id
1335 1990 1436 2047 est,
1485 1980 1552 2035 ad
1599 1979 1832 2050 speciem
1875 1995 1980 2048 quo
2017 1977 2162 2032 ducit

581 2077 732 2138 fides,
775 2093 880 2130 non
906 2075 1243 2145 pervenistis.

647 2186 871 2240 CAPUT
899 2184 1088 2239 XXVI.
1127 2213 1199 2224 -—
1221 2183 1310 2238 ‘28.
1348 2181 1464 2236 Vita
1499 2181 1677 2236 similis
1715 2179 2021 2250 Angelorunt
2043 2179 2158 2244 erit,

576 2293 749 2330 carens
791 2273 1024 2342 operibus
1063 2273 1399 2340 corruptionis
1441 2281 1486 2322 et
1523 2271 1834 2340 indigentiae.
1883 2269 2161 2323 Subbutum

575 2377 888 2436 perpetuum.
905 2363 956 2418 Μ
965 2363 1268 2418 isericordire
1285 2379 1438 2432 opera
1459 2379 1547 2416 cur
1561 2363 1628 2416 ibi
1645 2361 1788 2414 nulla
1802 2371 1963 2414 erunt.
1983 2360 2158 2422 Dices,

575 2457 854 2525 Quomodo
893 2458 1076 2509 vivunt
1103 2453 1330 2523 Angeli?
1357 2452 1566 2508 Sufficit
1589 2452 1682 2505 tibi
1704 2452 1841 2506 scire
1871 2451 1992 2517 hoc,
2017 2449 2160 2520 quod

576 2565 682 2602 non
703 2546 1119 2614 corruptibiliter
1151 2545 1354 2596 vivunt.
1386 2541 1620 2596 Facilius
1664 2541 1806 2597 enim
1856 2541 1949 2594 tibi
1987 2548 2163 2608 potest

575 2639 678 2693 dici
703 2637 829 2706 quid
873 2637 940 2690 ibi
991 2651 1095 2689 non
1137 2634 1258 2697 erit,
1302 2647 1460 2702 quam
1502 2632 1628 2703 quid
1673 2632 1742 2686 ibi
1783 2632 1902 2685 erit.
1932 2631 2154 2686 Possum

575 2731 716 2786 enim
745 2739 800 2784 et
827 2744 946 2798 ego,
995 2728 1186 2782 fratres
1233 2728 1360 2794 mei,
1403 2726 1637 2781 breviter
1666 2725 1814 2780 vobis
1842 2741 2160 2797 percurrere

575 2825 815 2892 qua:dam
842 2841 959 2894 qua:
991 2826 1058 2880 ibi
1087 2841 1192 2880 non
1229 2836 1385 2880 erunt
1419 2842 1435 2880 :
1475 2834 1530 2879 et
1571 2823 1672 2878 hoc
1715 2833 1994 2892 propterea
2037 2837 2162 2892 pos-

576 2931 714 2980 sum,
746 2916 866 2985 quia
901 2916 997 2970 ista
1026 2915 1234 2985 experti
1266 2931 1472 2980 sumus,
1501 2923 1554 2969 ct
1583 2914 1829 2968 novimus
1853 2929 1916 2968 ea
1941 2927 2061 2983 qua:
2087 2912 2160 2967 ibi

577 3023 680 3060 non
703 3017 876 3060 erunt.
902 3007 1036 3074 Quid
1065 3015 1240 3062 autem
1266 3007 1338 3061 ibi
1360 3007 1462 3060 crit
1491 3005 1726 3079 nondum
1755 3020 1940 3060 sumus
1965 3018 2160 3072 exper-

577 3097 636 3150 ti.
673 3095 772 3150 Per
797 3097 948 3164 ﬁdem
983 3098 1116 3150 enim
1157 3096 1494 3158 ambulamus,
1535 3095 1756 3148 nondum
1787 3111 1875 3164 per
1901 3094 2117 3162 speciem
2137 3109 2157 3148 :

577 3187 816 3255 quamdiu
839 3203 1010 3240 suums
1035 3188 1088 3239 in
1115 3202 1344 3256 corpore,
1373 3187 1750 3254 peregrinantur
1785 3202 1817 3237 a
1853 3183 2070 3237 Domino
2095 3182 2160 3252 (Il

581 3275 697 3329 Cor.
725 3292 776 3341 v,
801 3276 835 3330 6
867 3286 910 3330 et
937 3277 1014 3346 7).
1046 3275 1184 3344 Quid
1213 3291 1342 3346 ergo
1371 3276 1440 3330 ibi
1469 3291 1573 3330 non
1602 3275 1740 3330 erit?
1781 3275 1982 3328 Ducere
2026 3289 2160 3327 uxo-

579 3383 712 3434 rem,
761 3377 819 3422 ut
865 3369 955 3423 ﬁlii
1004 3379 1394 3440 propagentur;
1438 3367 1560 3438 quia
1611 3382 1716 3422 non
1759 3379 1840 3421 est
1866 3367 1934 3420 ibi
1967 3381 2156 3420 mors:

579 3473 684 3512 non
721 3459 792 3513 ibi
823 3461 926 3514 erit
969 3474 1232 3526 crescere,
1273 3460 1396 3528 quia
1443 3473 1540 3513 nec
1580 3471 2022 3512 senescerezuon
2060 3457 2164 3511 erit

581 3546 821 3612 refectio,
861 3550 982 3618 quia
1026 3565 1124 3604 nec
1167 3548 1432 3604 defectio:
1459 3564 1564 3602 non
1611 3547 1680 3602 ibi
1727 3555 1882 3601 erunt
1928 3547 2158 3614 negotia,

579 3640 701 3709 quia
733 3655 830 3695 nec
857 3640 1177 3710 indigentia;
1203 3655 1300 3696 nec
1331 3641 1442 3711 ipsa
1473 3639 1752 3694 laudabilia
1783 3653 1943 3707 opera
1983 3637 2159 3692 homi-

583 3746 708 3783 num
728 3731 1109 3796 innocentium,
1123 3748 1242 3802 qua:
1256 3733 1400 3801 cogit
1415 3731 1622 3800 operari
1639 3738 1845 3800 egestas
1860 3737 1912 3784 et
1929 3728 2163 3783 necessi-

582 3830 665 3874 tas
691 3821 846 3890 hujus
865 3821 1012 3876 vitte.
1032 3822 1146 3876 Non
1169 3803 1308 3876 enim
1329 3822 1450 3876 dico
1474 3820 1838 3876 tantummodo
1859 3835 1964 3874 non
1985 3819 2053 3874 ibi
2079 3817 2160 3873 fu-

586 3921 702 3965 tura
729 3927 887 3980 opera
907 3913 1170 3966 latronum
1191 3919 1282 3966 aut
1301 3911 1677 3974 feneratorum,
1697 3912 1790 3966 sed
1809 3912 1920 3982 ipsa
1941 3927 2057 3981 qua:
2075 3911 2156 3966 in-

584 4012 836 4058 nocentes
859 4003 1096 4058 homines
1111 4011 1397 4074 operantur
1409 4011 1624 4072 propter
1649 4003 1994 4072 indigentiam
2023 4003 2154 4058 sub-

581 4092 920 4148 levandarum
957 4092 1306 4150 humanarum
1357 4094 1751 4161 necessitatum,
1771 4109 1875 4147 non
1893 4093 1966 4148 ibi
1981 4101 2155 4149 erunt.

651 4191 878 4260 CAPUT
903 4204 1113 4260 XXVII.
1133 4237 1205 4246 —
1223 4205 1511 4261 Sabbatum
1539 4205 1638 4259 erit
1663 4212 1994 4274 perpetuum,
2017 4204 2160 4276 quod

583 4309 612 4348 a
663 4293 860 4350 Judteis
903 4297 1202 4351 celebratur
1241 4297 1622 4366 tcmporaliter,
1655 4311 1685 4350 a
1724 4296 1876 4350 nobis
1899 4305 2075 4350 autem
2105 4298 2159 4350 in

584 4399 838 4442 internum
867 4389 1202 4458 intelligitur.
1240 4387 1400 4456 Quies
1435 4389 1536 4442 erit
1573 4387 1872 4454 inelfabilis,
1917 4405 2035 4458 quae
2065 4403 2162 4443 ex-

584 4478 767 4548 plicari
807 4493 910 4532 non
957 4487 1165 4548 potest;
1197 4478 1312 4542 sed,
1339 4488 1398 4532 ut
1437 4477 1568 4544 dixi,
1601 4487 1888 4547 utcumque
1925 4477 2160 4548 explica-

545 4565 550 4570 ’
585 4581 690 4636 tur,
720 4583 838 4623 cum
867 4569 1112 4623 dicuntur
1141 4583 1258 4639 qua:
1281 4569 1349 4623 ibi
1380 4583 1486 4622 non
1509 4577 1684 4623 erunt.
1725 4568 1804 4624 Ad
1836 4569 1976 4624 illam
2004 4555 2160 4639 quie-

583 4669 687 4714 tem
739 4660 1026 4724 tendimus,
1068 4659 1134 4714 ad
1177 4660 1320 4714 illam
1371 4659 1713 4728 spiritualiter
1757 4675 2156 4729 regeneramur.

581 4749 730 4806 Sicut
767 4751 910 4808 enim
959 4750 1026 4804 ad
1069 4749 1280 4804 labores
1317 4750 1602 4804 carnaliter
1649 4751 1935 4816 nascimur,
1973 4750 2044 4804 ita
2093 4747 2160 4803 ad

581 4841 814 4908 quietem
843 4841 1190 4911 spiritualiter
1215 4841 1545 4895 renascimur
1577 4857 1590 4894 :
1622 4841 1886 4896 clamante
1915 4841 2024 4906 illo,
2065 4839 2160 4894 Ve-

585 4929 684 4983 nire
707 4930 775 4984 ad
797 4947 893 4997 me,
922 4949 1094 4987 omnes
1131 4931 1219 5002 qui
1259 4931 1498 4986 laboratis
1533 4939 1578 4985 et
1617 4933 1810 4986 onerati
1833 4933 1972 4998 estis,
1995 4940 2042 4986 et
2069 4947 2160 5003 ego

583 5021 809 5086 reﬁciant
853 5039 936 5076 vos
967 5023 1176 5094 (Matth.
1209 5039 1280 5088 ιι,
1311 5020 1426 5094 28).
1457 5021 1552 5078 Hic
1582 5024 1768 5091 pascit,
1811 5023 1880 5078 ibi
1902 5021 2156 5093 perﬁcit:

581 5115 670 5171 ltic
707 5115 985 5186 promittit,
1015 5116 1084 5170 ibi
1125 5115 1336 5172 reddit:
1361 5114 1446 5170 hic
1473 5114 1752 5184 significat,
1783 5115 1853 5170 ibi
1883 5114 2157 5187 exprimit.

577 5211 707 5262 Cum
737 5215 914 5262 autem
946 5207 996 5260 in
1029 5207 1114 5260 illa
1147 5205 1475 5262 beatitudine
1511 5213 1568 5260 et
1601 5206 1788 5274 spiritu
1831 5213 1886 5260 et
1929 5220 2156 5275 corpore

577 5303 797 5375 perfecti
838 5301 1076 5371 salvique
1117 5299 1394 5362 fuerimus,
1423 5299 1520 5352 ista
1567 5298 1775 5368 negotia
1813 5313 1918 5352 non
1965 5307 2156 5364 erunt;

573 5411 674 5451 nec
704 5397 790 5452 illa
822 5394 893 5450 ibi
923 5401 1101 5460 erunt,
1133 5406 1254 5462 qua:
1283 5389 1368 5443 hic
1407 5388 1686 5444 laudantur
1711 5390 1762 5444 in
1791 5390 1946 5444 bonis
1974 5391 2158 5460 operi-

573 5489 672 5544 bus
694 5487 1142 5545 Chrlstianorum.
1173 5482 1306 5554 Quis
1335 5481 1476 5536 eiiim
1511 5495 1614 5536 non
1641 5481 1883 5538 laudatur
1909 5483 2161 5539 christia-

571 5597 670 5638 nus
712 5579 1030 5654 porrigondo
1070 5593 1260 5652 panem
1309 5572 1564 5629 esurienti
1606 5582 1891 5644 potumque
1924 5575 2156 5640 sitienti,

571 5676 842 5734 vesuendo
877 5674 1101 5740 nudum,
1131 5664 1476 5741 suscipiendo
1501 5666 1864 5734 peregrinum,
1907 5668 2147 5737 pacando

569 5763 872 5840 litigiosum,
907 5769 1168 5830 visitando
1195 5771 1480 5839 a'grotum,
1509 5758 1813 5830 sepeliendo
1859 5769 2146 5828 mortuum,

1778 309 1832 366 ε.
1869 299 2232 382 AUGUSTINI
2267 301 2564 358 EPISCOPI

3714 293 3866 351 I052

2261 413 2586 470 consolando
2629 410 2934 484 lugentem?
2973 409 3158 482 Magna.
3202 423 3386 476 Opera,
3427 407 3586 480 plena
3633 409 3862 464 miscri-

2260 506 2476 568 cordize,
2499 505 2651 574 plena
2678 503 2849 558 laudis
2875 511 2929 556 et
2951 501 3158 576 gratiae.
3185 500 3292 557 Sed
3323 516 3420 557 nec
3442 501 3554 571 ipsa
3575 499 3644 556 ibi
3667 511 3862 556 erunt:

2261 597 2382 667 quia
2413 611 2572 665 opera
2605 593 2984 649 misericordia:
3028 592 3322 648 necessitas
3367 591 3596 646 miseria:
3639 605 3865 661 compa-

2263 688 2417 741 ravit.
2447 686 2614 755 Quem
2643 687 2833 755 pascis,
2866 684 2954 739 ubi
2989 699 3144 738 nemo
3172 681 3376 739 esur'it?
3400 683 3494 737 Cui
3526 691 3704 752 potum
3727 682 3862 748 das,

2265 776 2350 831 ubi
2379 791 2536 830 nemo
2567 775 2715 830 sitit?
2747 777 2826 828 An
2857 774 3142 828 vestitnrus
3188 789 3247 828 es
3295 772 3514 839 nudum,
3543 772 3629 826 ubi
3661 788 3866 826 omnes

2263 866 2374 936 ipsa
2419 865 2812 920 immortalitate
2853 863 3028 919 vestiti
3073 863 3234 917 sunt?
3275 863 3480 916 Audisti
3531 861 3685 932 paulo
3725 873 3864 918 ante

2263 960 2468 1014 tunicas
2495 949 2820 1026 sanctorum,
2849 958 3099 1028 loquente
3130 959 3167 1012 Α
3179 957 3406 1028 postulo,
3435 955 3642 1028 Oportet
3673 973 3865 1010 corru-

2263 1050 2436 1121 ptibile
2455 1051 2548 1104 hoc
2569 1051 2774 1104 induere
2817 1049 3267 1120 incorruptionem.
3299 1048 3398 1104 Ubi
3427 1048 3646 1104 induere
3671 1059 3862 1115 sonat,

2265 1142 2628 1196 indumentum
2661 1141 2874 1196 indicat.
2905 1142 3040 1196 [lock
3060 1142 3428 1196 indumentum
3459 1141 3627 1195 Adam
3671 1141 3864 1212 perdi—

2264 1233 2360 1298 dit,
2407 1241 2462 1286 ut
2506 1233 2670 1302 pelles
2707 1235 2990 1302 acciperet.
3021 1233 3099 1287 An
3131 1233 3468 1303 percgrinum
3507 1242 3864 1302 suscepturus

2265 1339 2342 1391 es,
2379 1325 2466 1378 ubi
2494 1340 2678 1378 omnes
2709 1325 2759 1378 in
2799 1327 2965 1394 patria
3011 1341 3104 1378 sua
3137 1325 3359 1378 vivunt?
3387 1323 3640 1394 Aigrotos
3671 1324 3862 1377 visita-

2266 1417 2366 1480 bis,
2401 1417 2486 1470 ubi
2529 1433 2713 1472 omnes
2753 1417 2938 1472 eadem
2973 1417 3390 1486 incorruptiouis
3425 1415 3676 1472 ﬁrmitate
3701 1417 3856 1487 vige-

2265 1507 2437 1562 bunt?
2463 1509 2722 1562 Mortunm
2765 1509 3087 1578 sepulturus,
3118 1509 3204 1562 ubi
3232 1524 3444 1578 semper
3471 1509 3686 1564 vivunt?
3719 1509 3856 1562 Lili-

2265 1607 2450 1667 gantes
2480 1599 2920 1664 concordaturus,
2953 1597 3038 1651 ubi
3071 1598 3246 1651 omnia
3289 1598 3339 1652 in
3371 1613 3500 1668 pace
3528 1598 3689 1652 sunt?
3729 1597 3858 1654 Tri-

2265 1701 2375 1744 stes
2401 1692 2792 1754 consolaturus,
2823 1689 2908 1744 ubi
2939 1705 3124 1744 omnes
3147 1691 3200 1744 in
3227 1701 3482 1745 mternum
3513 1690 3860 1761 gaudebunt?

2265 1783 2398 1848 Quia
2429 1798 2554 1851 ergo
2596 1782 2879 1836 cessabunt
2919 1781 3079 1836 simul
3123 1783 3373 1848 miseriae,
3405 1783 3693 1838 cessabunt
3737 1783 3858 1838 [nec

2266 1887 2424 1941 opera
2456 1872 2856 1930 miscricordim.

2335 1963 2560 2019 CAPUT
2603 1965 2835 2018 XXVIII.
2859 1996 2929 2005 —
2945 1965 3032 2020 ‘29.
3062 1967 3188 2032 Qum
3208 1969 3300 2021 erit
3325 1969 3580 2021 beatorum
3595 1969 3726 2022 actio
3745 1979 3860 2039 post

2266 2058 2697 2109 resurrectionem.
2725 2057 2882 2110 Amen
2905 2067 2954 2110 et
2991 2057 3208 2111 Alleluia
3246 2061 3336 2112 erit
3377 2069 3480 2112 tota
3515 2061 3645 2114 actio
3681 2070 3860 2114 nostra

2265 2147 2374 2200 sine
2394 2148 2560 2200 (mdia.
2583 2147 2718 2214 Quid
2748 2164 2874 2216 ergo
2927 2149 2994 2202 ibi
3019 2149 3242 2218 agetur?
3280 2150 3466 2205 Nonne
3491 2151 3599 2221 jam
3623 2151 3752 2218 dixi,
3783 2153 3862 2206 fa-

2267 2238 2419 2292 cilius
2450 2253 2534 2292 me
2561 2238 2740 2293 dicere
2773 2239 2895 2309 quid
2923 2239 2990 2294 ibi
3023 2255 3128 2294 non
3150 2241 3270 2308 erit,
3295 2258 3452 2312 quam
3475 2241 3598 2312 quid
3623 2243 3694 2297 ibi
3713 2245 3857 2297 erit?

2267 2329 2406 2384 Illud.
2429 2331 2558 2394 scio,
2587 2331 2795 2394 fratres,
2825 2331 2963 2401 quod
3005 2347 3108 2386 non
3164 2347 3349 2388 sumus
3387 2333 3720 2390 dormitaturi
3758 2351 3857 2390 va-

2267 2421 2458 2484 cando,
2488 2421 2608 2490 quia
2632 2431 2684 2476 et
2712 2422 2824 2492 ipse
2850 2437 3067 2478 somnus
3095 2425 3394 2480 subsidium
3415 2425 3728 2482 defectionis
3754 2427 3856 2482 da-

2271 2521 2353 2566 tus
2385 2521 2467 2566 est
2508 2514 2716 2568 animai.
2749 2513 2952 2585 Quippe
2982 2515 3331 2572 intentionem
3363 2530 3671 2588 perpetuam
3702 2535 3858 2574 mor-

2271 2605 2398 2660 tales
2455 2621 2642 2660 sensus
2693 2607 2980 2676 agitantem
3017 2623 3120 2661 non
3173 2605 3342 2662 ferret
3391 2609 3576 2679 fragile
3623 2625 3848 2678 corpus,

2269 2697 2366 2751 nisi
2407 2697 2650 2752 sensibus
2689 2698 2978 2768 consopitis
3015 2698 3080 2753 ad
3111 2699 3354 2754 eamdem
3392 2703 3730 2772 agitationem
3773 2702 3857 2757 fe-

2268 2787 2487 2842 rendam
2513 2799 2849 2860 repararetur
2873 2791 2986 2859 ipsa
3009 2789 3303 2861 fragilitas;
3331 2801 3384 2850 et
3404 2793 3857 2864 quemadmodum

2268 2893 2332 2933 ex
2361 2889 2532 2934 morte
2571 2881 2840 2934 innovatiu
2865 2881 3040 2936 futura
3066 2891 3169 2948 est,
3201 2883 3280 2939 sic
3308 2899 3447 2940 nunc
3473 2901 3536 2940 ex
3567 2899 3756 2940 somno
3778 2887 3862 2940 vi-

2267 2967 2450 3037 gilatio
2475 2967 2643 3023 ﬁeret.
2679 2969 2754 3024 lbi
2800 2986 2928 3040 ergo
2977 2987 3081 3026 non
3129 2974 3251 3028 erit.
3299 2973 3404 3030 Ubi
3444 2977 3584 3030 enim
3631 2992 3732 3029 non
3771 2987 3862 3031 est

2265 3075 2428 3128 mors,
2452 3077 2549 3116 nec
2571 3063 2740 3133 imago
2767 3065 2954 3118 mortis
2971 3066 3091 3119 erit.
3116 3066 3224 3121 Nec
3261 3076 3441 3122 tamen
3464 3069 3706 3140 cuiquam
3727 3069 3862 3122 sub-

2265 3162 2414 3221 repat
2479 3153 2640 3207 timor
2680 3155 2956 3209 tzcdiorum
2985 3198 3000 3221 ,
3031 3172 3152 3211 cum
3187 3157 3238 3213 ei
3265 3157 3456 3213 dicitur
3479 3159 3618 3229 quod
3644 3174 3862 3228 semper

2269 3243 2524 3313 vigilabit,
2552 3255 2606 3299 ct
2639 3262 2742 3300 non
2773 3257 2888 3318 aget
2911 3247 3134 3317 aliquid.
3169 3249 3392 3306 Possum
3420 3251 3620 3316 dicere,
3643 3260 3695 3306 et
3715 3267 3858 3321 quo-

2267 3335 2428 3390 modo
2453 3337 2665 3406 quidem
2697 3337 2930 3392 futurum
2974 3341 3064 3406 sit,
3092 3355 3197 3395 non
3239 3357 3454 3410 possum
3498 3342 3697 3407 dicere,
3729 3344 3858 3411 quia

2270 3443 2368 3482 nec
2389 3427 2567 3481 videre
2596 3428 2768 3482 adhuc
2800 3445 3015 3498 possum
3045 3448 3055 3484 :
3083 3413 3488 3504 tamen-aliquid
3529 3449 3632 3488 non
3678 3435 3860 3504 impu-

2265 3518 2454 3572 dcntcr
2491 3518 2630 3584 dico,
2671 3519 2792 3589 quia
2838 3520 2904 3576 de
2944 3519 3234 3591 Scripturis
3275 3522 3416 3588 dico,
3467 3541 3587 3595 qua:
3625 3525 3696 3582 ibi
3750 3526 3862 3579 erit

2267 3611 2406 3665 actio
2431 3621 2631 3666 nostra.
2660 3613 2790 3666 Tota
2821 3614 2959 3668 actio
2985 3623 3188 3682 nostra,
3214 3617 3383 3670 Amen
3407 3626 3461 3672 et
3483 3619 3702 3672 Alleluia
3725 3619 3860 3673 erit.

2267 3699 2402 3768 Quid
2442 3699 2636 3767 dicitis,
2671 3701 2896 3758 fratres?
2967 3704 3132 3759 Video
3170 3705 3311 3778 quod
3349 3708 3543 3764 auditis
3587 3719 3640 3764 ct
3681 3712 3860 3779 gavisi

2266 3791 2417 3844 estis.
2442 3790 2546 3846 Sed
2573 3792 2733 3847 nol'le
2753 3794 2940 3846 iterum
2964 3795 3163 3848 carnali
3186 3796 3504 3866 cogitatione
3526 3801 3868 3867 contristari,

2267 3883 2384 3950 quia
2409 3883 2450 3936 si
2483 3883 2621 3938 forte
2650 3884 2842 3956 aliquis
2880 3897 3115 3941 vestrum
3150 3890 3358 3944 steterit
3378 3899 3430 3945 et
3453 3891 3648 3947 dixerit
3672 3896 3856 3964 quoti-

2265 3973 2370 4040 die,
2403 3977 2569 4030 Amen
2598 3984 2652 4030 et
2681 3977 2926 4046 Alleluia,
2981 3979 3141 4034 tmdio
3168 3995 3483 4050 marecscet,
3529 3995 3582 4040 et
3629 3987 3678 4040 in
3725 3987 3860 4056 ipsis

2265 4065 2484 4120 vocibus
2511 4068 2835 4134 dormitabit,
2869 4079 2922 4124 et
2949 4080 3124 4127 lacere
3153 4073 3265 4142 jam
3297 4075 3464 4130 volet:
3493 4085 3548 4130 ct
3573 4087 3860 4146 propterea

2269 4167 2418 4226 putet
2445 4157 2544 4212 sibi
2571 4173 2689 4213 esse
2717 4163 3108 4230 aspernabilem
3135 4165 3320 4230 vitam,
3351 4175 3404 4220 et
3445 4182 3546 4220 non
3576 4167 3856 4223 desidera-

2265 4247 2447 4314 bilem,
2470 4249 2709 4306 dicentes
2737 4253 3128 4324 vobismetipsis
3153 4274 3166 4310 :
3188 4263 3354 4312 Amen
3386 4269 3438 4314 et
3465 4260 3689 4314 Alleluia
3711 4277 3860 4316 sem-

2265 4355 2361 4411 per
2381 4341 2577 4396 dicturi
2609 4357 2811 4408 sumus,
2845 4345 2963 4414 quis
2994 4347 3246 4402 durabit?
3275 4349 3456 4404 Dicam
3499 4367 3646 4422 ergo,
3679 4353 3722 4406 si
3753 4367 3856 4422 po-

2265 4440 2398 4497 tero,
2418 4443 2672 4502 quautnm
2691 4445 2895 4502 potero.
2911 4436 3024 4490 Non
3043 4439 3188 4494 sonis
3203 4441 3598 4496 transeuntibus
3615 4441 3858 4499 dicemus

2264 4525 2431 4579 Amen
2455 4533 2508 4580 et
2532 4525 2776 4588 Alleluia,
2805 4525 2898 4581 sed
2945 4527 3135 4583 aﬂ'ectu
3183 4531 3366 4585 animi.
3400 4531 3538 4600 Quid
3589 4543 3670 4587 est
3708 4535 3856 4589 enim

2264 4614 2470 4668 Amen?
2500 4615 2626 4684 quid
2673 4615 2937 4670 Alleluia?
2981 4620 3173 4686 Amen,
3215 4631 3298 4676 est
3344 4638 3529 4678 verum
3561 4639 3573 4676 :
3602 4623 3862 4692 Alleluia,

2264 4707 2476 4762 laudate
2506 4707 2694 4761 Deum.
2727 4707 2858 4776 Quia
2889 4725 3014 4780 ergo
3043 4711 3184 4768 Deus
3215 4714 3413 4768 veritas
3439 4723 3518 4769 est
3549 4715 3854 4770 incommu-

2267 4795 2463 4864 tabilis,
2495 4797 2611 4852 sine
2639 4797 2872 4862 defectu,
2903 4801 3018 4855 sine
3047 4812 3323 4872 provectu,
3355 4806 3473 4860 sine
3508 4806 3856 4874 detrimento,

2264 4889 2378 4944 sine
2401 4899 2704 4960 augmento,
2737 4892 2850 4945 sine
2877 4891 3101 4963 alicujus
3126 4893 3374 4950 falsitatis
3393 4897 3730 4952 inclinatione
3751 4897 3852 4966 (a),

2265 4992 2538 5053 perpetua,
2574 4989 2630 5038 et
2669 4984 2896 5052 stabilis,
2922 4993 2977 5039 et
3023 5000 3239 5056 semper
3279 4987 3698 5058 incorruptibilis
3737 5007 3854 5044 ma-

2267 5091 2432 5142 nens;
2467 5075 2582 5130 lucc
2620 5087 2798 5132 autem
2841 5091 2960 5146 qua:
3001 5078 3207 5147 agimus
3235 5079 3288 5134 in
3315 5093 3558 5138 creatura
3586 5093 3638 5137 et
3667 5083 3718 5138 in
3752 5084 3854 5138 ista

2265 5171 2392 5240 vita,
2425 5169 2567 5224 velut
2597 5170 2774 5240 ﬁgura:
2813 5179 2937 5224 sunt
2957 5185 3136 5224 rerum
3160 5187 3257 5242 per
3286 5175 3708 5246 signiﬁcationes
3729 5191 3854 5230 cor-

2267 5278 2480 5333 porum,
2514 5272 2567 5317 et
2593 5261 2836 5333 quaedam
2869 5261 2920 5316 in
2950 5262 3140 5332 quibus
3168 5265 3504 5322 ambulamus
3536 5285 3629 5339 per
3659 5269 3814 5323 ﬁdem
3839 5288 3852 5324 :

2265 5370 2388 5410 cum
2419 5355 2705 5410 viderimus
2745 5353 2878 5408 facie
2927 5352 2992 5408 ad
3036 5354 3224 5411 faciem
3264 5359 3403 5428 quod
3442 5376 3583 5415 nunc
3611 5359 3856 5416 videmus

2267 5463 2360 5516 per
2411 5445 2685 5516 speculum
2733 5445 2786 5498 in
2835 5445 3115 5514 a'nigmate
3154 5446 3212 5517 (Ι
3242 5447 3360 5503 Cor.
3411 5467 3522 5517 xm,
3573 5450 3685 5520 l2),
3721 5461 3851 5507 tunc

2266 5533 2420 5604 longe
2467 5533 2572 5586 alio
2616 5541 2668 5587 et
2711 5531 3053 5588 inelfabiliter
3095 5534 3202 5589 alio
3237 5537 3426 5592 affectu
3455 5539 3714 5605 dicemus,
3752 5539 3850 5594 Ve-

2328 5647 2400 5714 (α)
2421 5645 2586 5714 melius
2601 5658 2708 5714 cum
2723 5645 2888 5704 Morel,
2907 5645 2971 5696 El.
2989 5654 3122 5714 Crit...
3147 5663 3194 5711 p.
3220 5651 3327 5710 3l6,
3356 5650 3690 5712 inquinatione.
3713 5653 3848 5714 quod

2267 5707 2548 5780 vocabulum
2579 5720 2653 5770 ap;
2673 5709 2811 5782 riuie.
2835 5710 3100 5782 ιυεροιιόοι
3137 5707 3448 5782 ιόιειίιτβῦςιιπὶἱ
3477 5707 3860 5765 enumeratioan

2267 5773 2486 5833 proxime
2508 5772 2774 5834 sequentis,
2803 5770 2846 5818 id
2875 5770 2968 5834 est,
2991 5770 3382 5835 inrui-ruptibiiis.
3452 5783 3494 5824 tt

3739 5901 3758 5924 ἱ
