3996 6468
161 359 306 416 i653

157 487 284 528 rum
307 483 414 540 est;
447 482 498 529 ct
529 489 650 529 cum
675 473 772 528 hoc
799 473 1054 540 dicemus,
1085 474 1250 528 Amen
1277 473 1456 544 utique
1482 477 1744 540 dicemus,

155 569 258 622 sed
289 567 570 621 insatiabili
594 568 854 622 satietate.
876 567 1006 636 Quia
1031 567 1172 622 enim
1203 583 1306 620 non
1334 567 1507 622 deerit
1528 567 1746 637 aliquid,

156 655 288 712 ideo
331 659 548 712 satietas
594 677 608 712 :
642 659 763 727 quia
796 673 921 712 vero
953 657 1080 712 illud
1108 657 1248 727 quod
1282 673 1386 710 non
1414 657 1584 712 deerit
1611 671 1752 711 scm-

157 765 262 818 pcr
285 749 587 816 delectabit,
621 749 742 804 ideo
763 749 1027 820 quaedam,
1051 751 1094 804 si
1124 749 1224 804 dici
1255 759 1447 818 potest,
1478 748 1752 804 insatiabi-

157 841 234 895 lis
264 843 480 896 satietas
511 843 630 896 crit.
673 841 842 909 Quam
887 855 1014 910 ergo
1063 840 1431 895 insatiabiliter
1475 839 1752 894 satiaberis

155 934 410 999 veritate,
461 941 567 986 tam
610 932 899 986 insatiabili
940 932 1163 987 veritate
1202 931 1380 996 dices,
1416 933 1603 984 Amen.
1633 929 1749 984 .lam

153 1025 323 1093 quale
358 1031 440 1080 cst
480 1025 600 1093 quis
641 1031 818 1093 potest
861 1023 1061 1090 dicere,
1091 1022 1226 1092 quod
1264 1022 1442 1075 oculns
1477 1037 1574 1074 non
1608 1021 1747 1086 vidit,

155 1131 256 1169 nec
277 1117 416 1170 auris
436 1117 646 1180 audivit,
662 1133 752 1170 nec
771 1117 822 1169 in
837 1132 922 1169 cor
934 1115 1148 1168 hominis
1159 1113 1381 1168 ascendit
1403 1113 1440 1185 (l
1457 1113 1570 1167 Cor.
1585 1131 1647 1180 ιι,
1667 1113 1750 1182 9)?

153 1203 296 1272 Quia
325 1206 504 1276 itaque
544 1207 660 1261 sine
699 1207 876 1276 aliquo
905 1205 1114 1260 fastidio
1144 1215 1196 1260 et
1223 1219 1342 1259 cum
1373 1215 1624 1274 perpetua
1652 1205 1748 1259 de-

151 1297 455 1353 lectatione
481 1298 774 1352 videbimus
803 1313 986 1352 verum
1007 1339 1022 1361 ,
1053 1305 1106 1352 et
1147 1297 1446 1352 certissima
1486 1297 1750 1350 evidentia

155 1390 558 1456 contuehimur,
590 1405 772 1444 amore
795 1389 960 1458 ipsius
985 1388 1222 1442 veritatis
1249 1389 1458 1443 accensi
1489 1397 1540 1442 et
1580 1387 1750 1442 iuba)-

153 1491 350 1536 rentes
380 1481 430 1535 ei
453 1480 592 1534 dulci
619 1489 673 1534 et
701 1489 850 1534 casto
879 1479 1126 1549 amplexu
1162 1479 1458 1549 eodemque
1501 1480 1750 1550 incorpo-

153 1585 278 1634 reo,
306 1573 394 1626 tali
439 1573 598 1627 etiam
643 1587 773 1627 voce
819 1573 1156 1628 laudabimus
1207 1587 1347 1637 eum,
1398 1581 1452 1626 ct
1489 1573 1747 1638 dicemus,

151 1663 409 1718 Alleluia.
459 1663 999 1720 Exsultantes‘cnim
1045 1679 1104 1720 se
1161 1663 1226 1718 ad
1273 1665 1492 1734 parilem
1543 1664 1749 1718 laudem

153 1755 566 1827 ﬂagrantissima
583 1757 839 1812 charitate
858 1759 1080 1812 invicem
1098 1767 1152 1812 et
1179 1759 1230 1811 in
1257 1757 1445 1823 Deum,
1465 1772 1651 1811 omnes
1677 1757 1752 1811 ci-

153 1865 255 1905 ves
274 1851 414 1904 illius
434 1852 663 1905 civitatis
689 1851 888 1914 dicent,
915 1851 1138 1905 Alleluia
1160 1867 1172 1915 ;
1194 1850 1312 1920 quia
1333 1851 1532 1914 dicent,
1558 1854 1748 1903 Amen.

229 1941 458 1998 CAPUT
475 1941 664 1998 XXIX.
681 1973 750 1982 —
768 1943 856 1999 '50.
879 1941 1092 2012 Requies
1108 1953 1151 1996 et
1165 1942 1412 1996 recnbitus
1426 1943 1678 1994 beatorum
1701 1941 1752 1994 in

151 2035 584 2104 contemplatione
613 2051 672 2088 ac
711 2033 863 2088 laude
890 2035 1130 2088 veritatis.
1155 2033 1280 2088 Huic
1307 2035 1463 2104 igitur
1493 2033 1594 2086 vita
1625 2047 1750 2086 san-

149 2139 367 2185 ctorum
386 2129 544 2184 etiam
569 2143 794 2198 corpora
823 2143 1008 2183 eorum
1057 2135 1376 2182 commutata
1406 2127 1456 2180 in
1478 2126 1751 2182 caelestem

149 2231 211 2276 et
239 2221 536 2292 angelicum
565 2229 759 2274 statum
787 2221 865 2274 sic
904 2219 1164 2290 implebit,
1196 2229 1354 2288 atque
1384 2219 1752 2272 immortaliter

151 2313 446 2383 vegetabit,
499 2320 554 2365 ut
600 2310 666 2365 ab
713 2310 798 2364 illa
845 2310 1149 2364 beatissima
1197 2309 1649 2377 contemplatione
1697 2315 1751 2362 et

155 2404 328 2460 laude
371 2403 630 2469 veritatis,
671 2403 812 2456 nulla
863 2403 1132 2470 corruptio
1179 2399 1510 2455 necessitatis
1549 2407 1754 2454 avertat

151 2504 252 2549 aut
274 2501 481 2549 avocet.
526 2493 600 2547 lta
647 2492 749 2546 illis
781 2491 930 2546 cibus
976 2492 1077 2546 erit
1121 2491 1234 2560 ipsa
1265 2490 1494 2544 veritas:
1521 2489 1630 2560 ipsa
1657 2503 1753 2542 au-

157 2597 274 2641 tem
313 2586 528 2656 requies
567 2594 818 2654 tanquam
863 2582 1149 2638 recubitus.
1178 2581 1326 2650 Quod
1361 2582 1502 2635 enim
1549 2579 1750 2635 dictum

155 2683 266 2745 est,
289 2677 412 2748 quia
441 2676 812 2731 recumbentcs
841 2673 1214 2744 epulabantur,
1247 2674 1383 2728 sicut
1411 2671 1538 2726 dicit
1568 2671 1750 2725 Domi-

155 2782 284 2834 nus,
311 2766 444 2835 Quia
469 2766 612 2819 multi
653 2767 844 2820 venient
889 2765 951 2818 ab
987 2765 1176 2817 oriente
1215 2771 1258 2817 et
1296 2762 1570 2828 occidente,
1598 2769 1644 2816 et
1665 2777 1749 2816 re-

155 2859 393 2914 cumbent
418 2875 532 2911 cum
553 2855 808 2910 Abraham
836 2864 883 2910 et
907 2853 1058 2908 Isaac
1089 2863 1134 2907 et
1176 2853 1337 2908 Jacob
1369 2853 1420 2906 in
1454 2869 1604 2923 regno
1646 2851 1750 2906 Pa-

155 2951 254 3004 tris
280 2949 376 3004 ntei
411 2948 623 3022 (Matth.
650 2963 762 3010 vnt,
789 2946 876 3018 ll)
904 2963 916 3000 :
941 2945 1043 2999 hoc
1083 2945 1434 3014 signiﬁcatum
1473 2952 1576 3006 est,
1613 2957 1750 3013 quo-

156 3042 306 3094 niam
355 3055 542 3110 magna
588 3037 773 3108 requie
819 3045 1102 3106 pascentur
1141 3036 1262 3090 cibo
1309 3034 1568 3089 veritatis.
1607 3033 1750 3087 Talis

155 3135 305 3188 enim
341 3133 491 3188 cibus
533 3131 722 3197 reﬁcit,
747 3139 802 3186 et
839 3145 944 3184 non
991 3128 1200 3192 deﬁcit;
1229 3128 1414 3198 implet
1451 3135 1506 3182 et
1543 3125 1749 3197 integer

156 3237 244 3281 est
270 3243 283 3280 :
311 3235 362 3280 tu
391 3223 798 3286 consummat-is,
829 3223 940 3292 ipse
976 3237 1082 3277 non
1111 3221 1460 3276 consumitur.
1493 3219 1638 3275 Talis
1665 3227 1750 3274 est

157 3319 252 3373 ille
278 3317 450 3384 cibus,
485 3332 587 3370 non
611 3315 784 3386 qualis
813 3315 930 3378 istc,
957 3313 1046 3384 qui
1071 3311 1251 3368 deﬁcit
1280 3321 1336 3366 ut
1363 3311 1584 3374 reﬁciat,
1609 3321 1660 3364 et
1683 3325 1751 3366 ne

79 3448 82 3450 -
153 3409 325 3463 vitam
369 3407 518 3461 ﬁniat
557 3407 646 3476 qui
686 3421 807 3461 eum
855 3405 1066 3475 accipit,
1094 3403 1207 3476 ipse
1233 3405 1430 3458 linitur.
1463 3403 1750 3458 Recuhitns

155 3515 290 3566 ergo
313 3499 419 3562 ille,
444 3499 766 3566 sempiterna
791 3495 1002 3566 requies
1031 3495 1169 3550 erit:
1195 3495 1362 3565 epulae
1393 3495 1519 3560 illan,
1556 3496 1750 3548 veritas

155 3590 609 3647 incommutabilis
635 3590 737 3643 erit
773 3605 785 3640 :
831 3589 1062 3658 epulatio
1107 3589 1212 3653 illa,
1245 3587 1349 3641 vita
1395 3595 1590 3641 {eterna
1628 3587 1748 3649 erit,

155 3683 212 3737 id
243 3691 348 3748 est,
373 3683 488 3753 ipsa
516 3681 766 3753 cognitio.
797 3680 926 3748 Quia
953 3681 1058 3734 lucc
1079 3689 1171 3746 est,
1197 3679 1384 3746 inquit,
1413 3667 1514 3731 vita
1537 3688 1745 3742 ceterna,

155 3787 212 3828 ut
242 3784 546 3846 c0gnoscant
568 3785 614 3828 te
638 3777 802 3828 soluat
825 3791 994 3828 verum
1019 3773 1203 3839 Deum,
1229 3781 1274 3826 et
1295 3787 1441 3842 quem
1461 3772 1642 3826 misisti
1661 3769 1754 3826 Je-

157 3885 278 3921 sum
309 3869 562 3921 Christum
595 3865 771 3938 (Joan.
803 3882 932 3930 xvtt,
963 3867 1040 3936 5).

230 3956 458 4012 CAPUT
495 3955 664 4012 XXX.
692 3986 764 3997 —
789 3957 878 4022 3i.
919 3955 1033 4008 Vita
1076 3953 1433 4008 delectabiliter
1469 3969 1754 4022 summeque

157 4049 450 4104 vacantium
497 4049 549 4101 in
589 4049 777 4100 visione
825 4046 942 4100 Dei.
1003 4043 1236 4098 Precatio
1289 4053 1397 4112 post
1441 4043 1749 4098 concionem.

157 4143 295 4198 Nam
313 4143 432 4212 quia
449 4142 534 4195 illa
553 4141 656 4194 vita
675 4139 724 4192 in
745 4139 1192 4208 contemplatione
1209 4138 1445 4192 veritatis
1463 4153 1564 4191 non
1581 4137 1750 4190 solum

161 4233 521 4297 inetl‘abiliter,
550 4230 641 4286 sed
655 4231 775 4300 quia
789 4241 840 4286 et
855 4229 1234 4284 delectabiliter
1249 4227 1596 4298 permanebit,
1611 4229 1748 4281 mul-

163 4327 230 4379 tis
262 4325 390 4378 locis
417 4323 686 4392 Scriptura
726 4331 966 4386 testatur,
995 4337 1113 4391 qua:
1141 4321 1316 4374 omnia
1334 4334 1752 4375 commemorare

164 4431 271 4472 non
305 4429 603 4485 possumus.
625 4413 752 4468 Inde
775 4423 859 4468 est
890 4411 1017 4466 illud
1043 4431 1054 4465 :
1082 4412 1178 4478 Qui
1199 4411 1364 4482 diligit
1389 4427 1485 4474 me,
1514 4411 1752 4463 arandata

163 4523 276 4560 mea
297 4505 552 4570 custodit;
574 4515 620 4560 et
640 4521 731 4575 ego
752 4505 958 4576 diligam
981 4521 1113 4570 eum;
1141 4513 1185 4558 et
1206 4503 1466 4556 ostendam
1488 4519 1566 4556 me
1584 4503 1751 4572 ipsum

164 4599 243 4652 illi
274 4597 452 4670 (Joan.
487 4613 596 4664 xtv,
622 4597 736 4668 21).
768 4595 1039 4666 Tanquam
1072 4596 1212 4650 enim
1242 4594 1442 4649 fructus
1468 4603 1519 4649 et
1546 4609 1752 4650 merces

165 4692 232 4746 ab
260 4707 325 4746 eo
349 4699 700 4761 quzereretur,
729 4687 850 4758 quia
891 4687 1137 4742 mandata
1175 4687 1289 4757 ejus
1329 4687 1736 4742 custodiuntur:

169 4783 465 4848 Ostendam,
498 4781 688 4852 inquit,
720 4797 799 4834 me
823 4780 986 4850 ipsum
1005 4779 1080 4834 illi
1099 4797 1116 4844 ;
1151 4779 1436 4850 perfectam
1465 4779 1750 4834 beatitudi-

167 4889 288 4928 nem
336 4887 562 4944 ponens,
593 4881 652 4928 ut
693 4879 1044 4941 cognoscatur
1090 4870 1243 4925 sicuti
1289 4879 1388 4926 est.
1423 4869 1550 4925 Inde
1578 4879 1660 4925 est
1698 4879 1750 4926 et

168 4963 294 5018 illud
318 4979 333 5016 :
359 4962 705 5028 Dilectissimi,
737 4960 834 5032 ﬁlii
872 4959 968 5014 Dei
1006 4977 1198 5028 sumus,
1229 4961 1318 5014 sed
1343 4959 1564 5014 nondum
1590 4977 1751 5032 appa-

166 5056 265 5108 ruit
283 5055 408 5124 quid
432 5055 637 5110 erimus.
673 5053 878 5108 Scimus
916 5054 1034 5122 quia
1077 5067 1190 5104 cum
1219 5051 1532 5120 apparuerit,
1563 5051 1752 5106 similes

167 5145 214 5199 ei
232 5147 454 5210 erimus;
479 5145 598 5216 quia
623 5143 900 5199 uidebimus
921 5159 1032 5196 eum
1053 5141 1202 5196 sicuti
1222 5151 1294 5195 est
1314 5141 1353 5212 (l
1377 5142 1530 5195 Joan.
1563 5159 1640 5206 ιιι,
1668 5141 1748 5214 2).

171 5237 292 5293 Ideo
338 5247 392 5292 et
430 5237 716 5308 Apostolus
759 5237 974 5300 Paulus,
1007 5235 1172 5303 Tunc,
1197 5233 1386 5304 inquit,
1413 5236 1543 5306 facie
1574 5235 1642 5288 ad
1673 5239 1754 5307 fa-

173 5329 296 5384 ciem
331 5329 370 5400 (1
398 5327 514 5384 Cor.
545 5345 660 5394 χιιι,
697 5329 784 5397 l9.)
819 5343 832 5381 :
865 5329 986 5398 quia
1019 5329 1175 5382 etiam
1228 5325 1358 5381 dixit
1383 5327 1488 5381 alio
1517 5327 1653 5392 loco,
1686 5327 1754 5381 In

173 5421 396 5474 eamdem
424 5421 697 5490 imaginem
727 5419 1150 5488 transformamur
1183 5435 1214 5470 a
1252 5415 1414 5488 gloria
1444 5417 1494 5470 in
1516 5418 1748 5487 gloriam,

167 5519 406 5578 tanquam
433 5528 465 5564 a
493 5509 702 5564 Domini
727 5509 926 5580 Spiritu
950 5509 1018 5576 (ll
1046 5509 1161 5564 Cor.
1192 5526 1267 5572 ttt,
1293 5509 1399 5580 18).
1434 5507 1500 5563 Ει
1528 5509 1580 5563 in
1609 5509 1756 5564 Psal-

171 5603 270 5656 mis
289 5603 438 5666 dicit,
455 5599 658 5666 Vacate,
682 5611 728 5654 et
749 5601 909 5656 videte
927 5601 1044 5671 quia
1069 5618 1157 5673 ego
1178 5617 1286 5655 smn
1313 5599 1558 5654 Dominus
1580 5599 1752 5672 (Psal.

177 5707 292 5754 xcv,
321 5692 431 5764 ll).
455 5693 604 5748 Tunc
621 5707 746 5763 ergo
767 5693 970 5763 optime
995 5691 1279 5759 videbitur,
1309 5693 1522 5764 quando
1545 5707 1755 5749 summe

237 5805 254 5832 ³
287 5809 444 5863 forte,
467 5809 784 5853 exhortantes.

1538 361 1763 417 δεςιιιιο
1803 359 2111 416 CCCLXIII.

3309 375 3439 430 I655

1865 475 2150 530 vocabitur.
2183 477 2404 544 Quando
2435 491 2606 536 autem
2635 495 2842 538 summe
2871 485 3160 550 vocabitur.
3191 489 3288 544 nisi
3317 507 3440 546 eum

1863 570 2165 622 transierint
2197 579 2430 641 tempora
2465 575 2746 642 laboriosa,
2771 584 3010 646 tempora
3039 571 3438 642 necessitatum.

1858 659 2050 738 quibus
2095 659 2254 714 modo
2286 661 2526 718 obstricti
2569 681 2773 732 sumus,
2823 669 3074 737 quamdiu
3123 681 3264 726 terra
3305 677 3441 742 parit

1861 747 2062 802 homini
2084 753 2348 821 peccaturi
2376 753 2554 822 spinas
2583 763 2637 808 et
2666 757 2908 824 tribulos,
2943 768 3000 812 ut
3024 763 3074 814 in
3104 761 3300 816 sudore
3321 765 3436 816 vul-

1861 847 1942 894 tus
1989 842 2069 896 sui
2115 843 2398 898 manducet
2437 860 2624 915 panem
2665 851 2860 902 suum?
2906 849 3438 924 Temporibuserbo

1859 933 2056 986 terreni
2113 932 2340 988 hominis
2366 938 2508 990 omni
2533 953 2596 992 ex
2623 951 2772 1010 parte
2805 946 3103 1010 transactis,
3133 955 3186 999 ct
3215 947 3300 1002 die
3325 965 3438 1003 eue-

1859 1021 2005 1074 lestis
2038 1021 2266 1078 hominis
2309 1027 2454 1081 omni
2497 1043 2562 1082 ex
2601 1039 2750 1098 parte
2778 1035 3026 1101 perfecto,
3055 1051 3264 1092 summa
3293 1040 3438 1094 vide-

1856 1111 2063 1180 bimus;
2093 1117 2212 1186 quia
2261 1133 2468 1174 summe
2513 1123 2836 1180 vacabitnus.
2864 1125 3032 1181 Finita
3075 1130 3216 1184 enim
3253 1149 3439 1186 corru-

1855 1203 2036 1271 ptione
2077 1215 2129 1259 et
2179 1207 2464 1279 indigentia
2510 1211 2560 1266 in
2603 1216 2994 1272 resurrectione
3042 1219 3295 1287 ﬁdelium,
3329 1239 3434 1278 non

1856 1295 1958 1348 erit
1997 1305 2216 1366 propter
2253 1302 2392 1369 quod
2433 1303 2721 1360 laboretur.
2761 1307 2920 1374 Quasi
2958 1312 3098 1364 enim
3147 1314 3434 1382 diceretur,

1857 1383 2170 1442 Recumbite
2190 1399 2244 1443 et
2273 1392 2618 1459 manducata;
2645 1396 2711 1449 ita
2735 1397 2932 1452 dictum
2955 1409 3056 1466 est,
3093 1400 3272 1458 Vacate
3299 1417 3342 1458 et
3363 1410 3438 1460 vi.

1856 1476 1982 1550 dele.
2015 1477 2327 1535 Vacabimus
2357 1499 2481 1552 ergo
2503 1493 2556 1540 et
2571 1486 2865 1542 videbimus
2880 1490 3207 1547 Deumsicuti
3227 1504 3341 1561 est;
3382 1507 3437 1552 et

1857 1569 2096 1626 videntes
2133 1573 2466 1632 laudabimus
2495 1578 2685 1634 Deum.
2719 1582 2784 1635 Et
2817 1583 2928 1638 haec
2963 1587 3064 1638 erit
3090 1588 3192 1641 vita
3221 1600 3437 1644 sancto-

1855 1675 1994 1728 rum,
2027 1661 2141 1717 bzec
2167 1667 2304 1718 actio
2328 1669 2648 1736 quietorum,
2679 1673 2798 1742 quia
2829 1675 2944 1730 sine
2970 1677 3176 1733 defectu
3201 1681 3436 1736 laudabi-

1858 1765 1992 1805 mus.
2023 1752 2138 1808 Non
2166 1771 2270 1810 ttno
2295 1758 2381 1812 die
2407 1760 2738 1817 laudabimus
2763 1781 2775 1816 :
2801 1765 2892 1820 sed
2925 1768 3059 1822 sicut
3083 1770 3196 1826 dies
3220 1773 3307 1828 ille
3328 1789 3435 1828 non

1857 1839 2018 1898 habet
2051 1847 2331 1902 terminum
2359 1852 2628 1920 temporis,
2665 1854 2732 1906 ita
2755 1855 2870 1908 laus
2889 1867 3064 1910 nostra
3091 1876 3194 1914 non
3224 1863 3436 1918 habebit

1857 1935 2139 1992 terminum
2170 1941 2514 2008 cessationis;
2539 1953 2591 1997 et
2631 1944 2748 1999 ideo
2791 1945 2843 1999 in
2887 1949 3080 2004 sarcula
3119 1953 3434 2007 smculorum

1857 2025 2207 2086 laudabimus.
2253 2031 2390 2085 Audi
2439 2035 2598 2088 etiam
2641 2036 2740 2090 hoc
2792 2037 3120 2108 Scripturam
3169 2043 3433 2100 dicentem

1857 2116 1987 2182 Deo,
2024 2120 2166 2188 quod
2208 2137 2302 2177 nos
2333 2123 2702 2182 desideramus
2739 2145 2752 2180 :
2794 2125 2940 2184 Beati
2981 2133 3070 2203 qui
3109 2133 3332 2188 habitant
3383 2137 3436 2190 in

1856 2207 2004 2260 domo
2042 2217 2164 2274 tua;
2204 2212 2258 2264 in
2297 2214 2483 2266 stecula
2531 2217 2831 2272 surculorum
2862 2220 3142 2276 laudabunt
3187 2233 3234 2276 te
3261 2224 3432 2294 (I‘sal.

1857 2315 2072 2367 Lxxxut,
2103 2302 2177 2372 5).
2201 2302 2456 2358 Conversi
2475 2306 2538 2360 ad
2561 2307 2862 2376 Dominum,
2893 2311 3062 2380 ipsum
3089 2311 3439 2384 deprecentur

1857 2405 1951 2459 pro
1979 2391 2129 2446 nobis
2158 2401 2211 2447 et
2241 2410 2336 2462 pro
2365 2395 2509 2449 omni
2541 2398 2694 2466 plebe
2723 2413 2815 2452 sua
2845 2411 3050 2458 astante
3081 2405 3354 2461 nobiscum
3382 2409 3434 2463 in

1854 2481 2004 2534 atriis
2019 2481 2207 2536 domus
2222 2497 2334 2538 sua:
2354 2501 2366 2536 :
2387 2499 2542 2554 quam
2565 2487 2833 2542 custodire
2849 2501 3234 2564 protegereque
3252 2496 3438 2567 digne-

1855 2579 1960 2634 tur;
1977 2587 2069 2642 per
2080 2572 2260 2628 Jesum
2273 2574 2542 2632 Christum
2563 2579 2723 2632 tilium
2739 2580 2788 2648 ej
2797 2595 2858 2634 ns
2879 2583 3154 2639 Dominum
3171 2597 3434 2657 nostrum,

1854 2663 1942 2732 qui
1963 2677 2082 2718 cum
2105 2679 2170 2719 eo
2189 2665 2314 2720 vivit
2329 2677 2378 2722 et
2402 2675 2588 2738 regnat
2607 2668 2658 2723 in
2675 2672 2870 2726 saecula
2893 2675 3228 2732 sceculorum.
3243 2679 3433 2735 Amen.

2275 2797 2502 2855 sermo
2537 2799 2828 2857 cccuuu
2857 2805 2874 2826 ο
2911 2805 3008 2877 (a).

2033 2907 2108 2962 De
2132 2910 2325 2964 cantico
2353 2911 2524 2968 Exodi
2555 2913 2654 2984 (b).
2697 2915 2823 2988 Cap.
2857 2935 2954 2984 xv,
3005 2921 3077 2992 ᾖ.
3109 2923 3255 2978 121.

1931 3042 1978 3096 1.
2033 3040 2100 3095 In
2156 3042 2437 3114 Scripturis
2479 3049 2665 3103 sanctis
2709 3053 3088 3108 considerandis
3127 3073 3218 3110 nos
3269 3075 3440 3129 regere

1855 3133 1996 3186 debet
2059 3137 2346 3190 earumdem
2408 3139 2791 3210 Scripturarum
2855 3147 3144 3202 auctoritas.
3208 3148 3434 3205 Sensum

1855 3233 2114 3292 nostrum,
2165 3226 2358 3284 fratres
2404 3233 2732 3300 charissimi,
2793 3237 2844 3290 in
2893 3237 3182 3310 Scriptnris
3237 3245 3438 3299 sanctis

1855 3315 2254 3373 considerandis
2305 3329 2466 3391 atque
2533 3325 2820 3381 tractandis
2885 3344 3072 3398 regere
3125 3332 3286 3387 debet
3343 3349 3436 3389 ea-

1855 3407 2093 3464 rumdem
2121 3409 2512 3481 Scripturarum
2553 3415 2976 3474 manifestissima
3027 3403 3346 3490 auctoritas;
3379 3437 3437 3482 ut

1856 3515 1920 3554 ex
1947 3502 2024 3556 eis
2052 3517 2170 3571 qua:
2199 3513 2380 3572 aperte
2433 3505 2572 3559 dicta
2607 3517 2732 3562 sunt
2772 3509 2836 3564 ad
2877 3513 3184 3568 nntrimdos
3226 3529 3343 3580 nos,
3374 3533 3436 3572 ea

1855 3608 1972 3662 qua:
1999 3593 2277 3649 obscurius
2325 3596 2462 3650 dicta
2505 3605 2628 3652 sunt
2656 3599 2722 3652 ad
2774 3602 3102 3656 exercendas
3153 3619 3271 3670 nos,
3307 3607 3438 3662 tide-

1855 3683 1980 3738 liter
2014 3685 2362 3741 disseruntur.
2405 3687 2533 3754 Quis
2571 3691 2712 3743 enim
2757 3691 2949 3746 audeat
2989 3694 3144 3750 aliter
3169 3709 3438 3766 exponere

1857 3787 2184 3830 sacramenta
2215 3777 2410 3836 divina.
2442 3795 2598 3848 quam
2635 3781 2796 3836 corde
2825 3791 2984 3852 atque
3021 3799 3116 3840 ore
3145 3789 3438 3857 apostolict»

1857 3865 2200 3934 pra'dicatum
2229 3877 2386 3936 atquc
2411 3871 2772 3938 praescriptum
2804 3873 2920 3926 est?
2947 3873 3079 3928 Dicit
3103 3885 3280 3931 autem
3303 3891 3434 3948 apo-

1857 3959 2024 4012 stolus
2053 3957 2246 4012 Paulus
2277 3977 2290 4010 :
2321 3958 2457 4012 Nolo
2487 3975 2572 4013 vos
2598 3962 2850 4031 ignorare,
2885 3964 3087 4032 fratres,
3117 3969 3233 4036 quia
3271 3977 3438 4038 patres

1857 4049 2014 4102 nostri
2063 4065 2234 4102 omnes
2275 4053 2366 4102 sub
2415 4051 2542 4103 nube
2587 4054 2809 4121 fuerunt,
2851 4063 2896 4107 rt
2944 4071 3112 4110 omnes
3169 4073 3259 4126 per
3301 4077 3438 4114 mare

1858 4139 2179 4206 transierunt,
2213 4153 2256 4192 et
2285 4157 2458 4194 omnes
2501 4143 2554 4194 in
2599 4139 2776 4212 Moyse
2827 4144 3067 4214 baptizati
3109 4159 3259 4214 sunt,
3293 4159 3338 4204 et
3381 4152 3434 4205 in

1857 4230 2004 4294 nube,
2039 4242 2084 4284 et
2119 4233 2168 4284 in
2199 4233 2360 4296 mari;
2391 4241 2435 4285 et
2477 4249 2645 4287 omnes
2673 4235 2896 4287 eamdem
2928 4253 3088 4289 escam
3117 4239 3432 4306 spiritualem

1856 4323 2302 4388 manducavenmt,
2355 4333 2402 4376 et
2445 4341 2613 4378 omnes
2657 4326 2884 4377 eumdem
2913 4335 3084 4396 potum
3120 4329 3436 4398 spiritualem

1858 4413 2102 4468 biberunt.
2139 4413 2380 4468 Bibebant
2408 4424 2573 4468 autem
2620 4415 2682 4468 de
2708 4415 2961 4485 spiritnali
2997 4431 3326 4490 consequente
3351 4439 3436 4476 eos

1858 4514 2031 4578 petra;
2073 4515 2212 4576 petra
2243 4517 2404 4560 autem
2437 4517 2542 4562 erat
2577 4507 2823 4562 Christus.
2855 4508 2961 4564 Sed
2987 4527 3088 4565 non
3125 4512 3178 4566 in
3205 4515 3436 4582 plurimis

1857 4613 2030 4653 eorum
2067 4597 2432 4668 beneplacitam
2481 4607 2556 4652 est
2601 4597 2726 4653 Deo.
2769 4598 3021 4655 Prostrati
3064 4605 3196 4656 enim
3239 4607 3434 4660 suntin

1856 4692 2069 4746 deserto.
2107 4691 2232 4746 Iltec
2271 4700 2436 4744 autem
2471 4693 2650 4762 ﬁgura:
2677 4703 2864 4748 nostra
2901 4697 3052 4764 facte
3075 4704 3222 4760 sunt,
3251 4707 3306 4750 ut
3334 4713 3434 4750 non

1855 4785 2011 4839 simus
2037 4785 2290 4856 cupientes
2315 4784 2470 4850 mala,
2500 4783 2628 4837 sicut
2671 4794 2719 4839 et
2755 4783 2830 4840 illi
2851 4787 3134 4856 cupierunt.
3169 4787 3234 4842 Et
3279 4789 3436 4858 paulo

1922 4939 1937 4959 '
1971 4936 2258 4990 Emendatus
2278 4936 2338 4988 ad
2373 4950 2412 4986 r.
2440 4951 2487 4986 v.
2528 4943 2580 4987 et
2598 4936 2657 4986 ad
2679 4939 2812 4987 sirm.

1940 5001 1991 5060 a)
2017 4999 2158 5060 Alias,
2175 5001 2304 5048 inter
2319 4999 2666 5060 sirmondianos
2687 4997 2734 5048 2.

1941 5059 1992 5125 ὁ)
2011 5059 2150 5110 Idem
2187 5067 2266 5129 est
2309 5059 2476 5112 titulus
2509 5061 2638 5123 apud
2683 5061 2968 5129 Pessimum,
2991 5061 3201 5129 indica“
3233 5077 3342 5129 cap.
3387 5067 3436 5116 8.

1857 5121 2144 5186 Exeat-ptum
2163 5135 2226 5172 ex
2249 5122 2341 5186 hoc
2355 5121 2586 5186 sermone
2623 5121 2854 5186 prolixius
2869 5183 2880 5186 _
2887 5125 3092 5186 exhibet
3125 5121 3335 5178 Joannes
3358 5137 3440 5178 tto-

1856 5183 2028 5234 manaa'
2055 5185 2279 5251 Ecclesia
2310 5183 2637 5251 diaconusin’
2661 5185 2763 5232 suis
2804 5183 3122 5251 Collectaueis
3155 5189 3214 5237 ad
3251 5191 3442 5251 priores

1855 5254 2048 5308 septem
2063 5246 2254 5295 Veteris
2269 5247 2566 5312 't‘estamenti
2583 5245 2748 5312 libros,
2768 5247 2976 5312 nondum
2991 5247 3216 5312 vulgatis,
3235 5245 3438 5312 quorum

1858 5305 2016 5372 penes
2037 5320 2124 5356 nos
2137 5315 2213 5372 est
2231 5319 2292 5372 ex
2315 5305 2606 5372 bibliotheca
2619 5309 2896 5357 Corbetensi
2915 5305 3436 5372 pervet'ustuin'exem-

1859 5367 1978 5434 plar,
2006 5369 2212 5417 auctoris
2229 5367 2423 5434 forsitan
2445 5373 2604 5434 aetate,
2626 5376 2708 5418 aut
2725 5377 2862 5434 certe
2885 5367 3021 5434 annis
3032 5379 3138 5434 post
3151 5383 3325 5420 nanum
3345 5385 3440 5421 sae-

1857 5429 2018 5480 culum
2041 5443 2134 5496 non
2160 5429 2328 5496 multis
2335 5429 2644 5491 descriptum.
2669 5432 2872 5496 Dubium
2895 5429 3044 5482 nobis
3067 5433 3319 5496 aliquando
3335 5447 3441 5483 ser-

1860 5505 2052 5540 monem
2087 5490 2504 5555 istumelfeccrat
2528 5495 2779 5555 enarrandi
2804 5507 2962 5555 genus
2983 5490 3224 5542 concisum
3248 5502 3298 5544 et
3320 5497 3440 5544 sub-

1860 5555 2114 5604 obscuram
2136 5553 2248 5619 :sed
2271 5553 2714 5619 cutn_Augustit_t_ttni
2729 5553 3022 5619 czet'eroquin
3049 5557 3256 5619 maxime
3269 5561 3440 5619 sapia,

1883 5628 1946 5664 ar
1965 5623 2040 5664 est
2062 5615 2268 5664 credere
2303 5613 2420 5662 locis
2441 5613 2684 5663 nonnullis
2707 5613 3050 5664 oha'uritatcm
3095 5614 3284 5668 allatam
3325 5613 3441 5669 esse

1881 5679 2163 5740 ibrariorum
2189 5675 2353 5738 lapsu;
2379 5677 2517 5740 sicuti
2544 5677 2710 5725 videre
2735 5675 2848 5740 licet
2871 5677 2920 5724 in
2943 5689 3039 5726 uno
3063 5683 3114 5724 et
3136 5677 3291 5728 altero
3315 5679 3440 5740 loco,

1862 5751 2010 5802 quem
2035 5739 2096 5787 ad
2137 5736 2330 5787 Joannis
2351 5736 2653 5804 mllectanea
2699 5739 3104 5804 redintegramus.
3139 5736 3443 5804 Suspicamui

1865 5799 2106 5865 praeterea
2127 5813 2402 5850 sermonem
2430 5801 2551 5848 bona
2571 5807 2708 5860 parte
2732 5810 2844 5848 esse
2867 5799 3190 5851 decurtatum.
3232 5799 3260 5838 ’-
