3968 6496
576 317 708 373 ιϋῦδ

579 443 695 501 post
728 450 739 485 :
778 429 960 485 Omnia
988 429 1116 497 lucc,
1148 428 1333 499 inquit,
1367 428 1417 480 iu
1444 428 1608 497 ﬁgura
1638 425 1990 496 contingebant
2013 424 2113 476 illis
2140 440 2157 487 ;

573 525 761 593 scripta
781 532 897 577 sunt
925 531 1091 575 autem
1121 522 1189 573 ad
1216 520 1569 572 correctionem
1597 528 1843 581 nostram,
1870 517 1921 568 in
1946 530 2070 587 quos
2096 514 2159 581 ft-

574 616 652 669 nis
677 614 977 668 sa’eulorum
1003 614 1192 666 devenit
1223 609 1265 679 (l
1299 609 1416 664 Cor.
1444 626 1497 674 x,
1524 607 1692 681 l-ll).

641 706 695 760 2.
741 705 1004 759 Transitus
1034 704 1188 758 maris
1219 702 1378 756 Rubri
1409 703 1573 772 ﬁgura
1598 699 1869 769 Baptismi.
1902 698 2035 752 lliuc
2056 696 2157 750 ita-

573 813 696 868 que,
727 796 1081 859 dilectissimi,
1113 796 1288 850 nullus
1314 794 1545 848 (idolium
1586 790 1929 851 dubitaverit,
1985 798 2157 842 trans-

574 890 704 942 itum
736 888 875 942 illius
905 888 1081 957 populi
1128 901 1223 955 per
1261 901 1406 939 mare
1446 884 1685 938 Rubrum
1732 882 1951 952 liguram
1996 878 2159 932 fuisse

573 981 828 1052 Baptismi
872 981 1037 1035 nostri
1067 997 1079 1032 :
1110 990 1213 1055 uta
1234 978 1446 1032 diabolo
1475 986 1528 1033 et
1562 976 1763 1046 angelis
1788 973 1923 1043 ejus,
1948 970 2159 1041 quinos

575 1082 823 1140 tanquam
844 1071 1047 1125 Pharao
1068 1079 1121 1124 et
1144 1070 1399 1139 tEgyptii,
1430 1069 1541 1121 luto
1570 1068 1743 1121 (altatis
1769 1063 2027 1118 obnoxios
2048 1062 2160 1116 vel-

572 1171 626 1213 ut
655 1161 881 1215 laterum
930 1160 1181 1229 cpt-ribus
1210 1159 1525 1223 atterebant,
1562 1157 1697 1211 duce
1722 1156 1943 1209 Domato
1975 1162 2158 1206 nostro

569 1250 695 1305 Jesu
723 1250 960 1314 Christo,
985 1251 1136 1318 cujus
1168 1261 1291 1304 tunc
1321 1249 1541 1319 ﬁguram
1571 1248 1778 1318 Moyses
1806 1245 2158 1315 gerebat,pcr

573 1342 898 1411 baptismum
927 1341 1156 1404 liberati,
1188 1341 1457 1395 Cantemus
1488 1339 1705 1393 Domino
1739 1354 1755 1391 :
1782 1337 2001 1409 gloriose
2025 1335 2156 1388 enim

570 1436 924 1505 magniﬁcatus
965 1446 1075 1500 est;
1115 1452 1295 1504 equum
1338 1444 1382 1488 et
1412 1434 1623 1504 equitem
1665 1431 1875 1501 projecit
1913 1431 1967 1483 in
1996 1444 2152 1481 mare.

569 1527 734 1583 Nobis
763 1528 903 1583 enim
934 1529 1127 1581 mortui
1154 1537 1296 1593 sunt,
1324 1528 1415 1597 qui
1444 1527 1594 1581 nobis
1617 1525 1726 1594 jam
1750 1521 2012 1578 dominari
2050 1537 2153 1573 non

572 1629 794 1689 possunt
823 1638 835 1675 :
867 1621 1115 1689 quoniam
1148 1619 1260 1689 ipsa
1297 1619 1486 1673 delicta
1536 1626 1735 1681 nostra,
1770 1631 1889 1684 qua:
1938 1627 2035 1667 nos
2080 1611 2155 1665 illi

566 1712 809 1765 subditos
855 1712 1122 1777 fecerant,
1169 1711 1382 1765 lavacro
1432 1710 1615 1779 gratia:
1670 1716 1866 1761 sancta:
1919 1704 2155 1759 liberatis

570 1804 742 1868 nobis,
777 1813 1025 1871 tauquam
1054 1804 1104 1856 in
1146 1803 1275 1855 mari
1306 1801 1583 1855 submersa
1613 1807 1770 1868 atque
1799 1796 1973 1851 deleta
2008 1803 2150 1848 sunt.

567 1892 838 1948 Cantemus
879 1909 1007 1963 ergo
1046 1892 1263 1946 Domino
1298 1907 1316 1945 :
1354 1891 1572 1962 gloriose
1615 1890 1747 1943 enim
1799 1888 2153 1958 magniﬁcatus

564 1994 672 2049 est;
713 2001 893 2053 equum
922 1995 965 2036 et
994 1986 1203 2053 equitem
1248 1984 1458 2055 projecit
1488 1984 1539 2035 in
1569 1998 1730 2048 more,
1767 1980 2070 2049 superbiam
2101 1987 2152 2032 et

565 2077 851 2146 superbum
884 2076 1084 2131 delevit
1124 2077 1174 2130 in
1221 2077 1509 2147 Baptismo.
1542 2075 1658 2129 lam
1698 2074 1893 2144 quippe
1939 2070 2152 2124 humilis

565 2168 810 2222 subditus
840 2168 948 2222 Deo
975 2178 1151 2222 cantat
1181 2169 1281 2221 hoc
1308 2166 1594 2220 canticum.
1624 2164 1756 2218 Nam
1787 2162 2017 2231 superbo
2038 2162 2150 2229 glo-

564 2259 697 2312 riam
726 2275 874 2312 suam
902 2259 1179 2327 quaerenti,
1209 2268 1261 2311 et
1290 2272 1347 2311 se
1376 2255 1753 2325 magniﬁcanti,
1790 2270 1894 2308 non
1926 2262 2005 2306 est
2034 2254 2151 2322 glo-

564 2351 707 2405 riose
747 2350 1115 2421 magniﬁcatus
1151 2350 1422 2404 Dominus.
1465 2349 1791 2403 Justiﬁeatus
1830 2358 2007 2400 autem
2044 2346 2139 2399 im-

560 2444 702 2511 pius,
728 2443 995 2499 credendo
1026 2444 1078 2497 in
1119 2459 1241 2498 cum
1270 2443 1361 2512 qui
1398 2442 1655 2512 justiﬁeat
1699 2441 1941 2509 impium,
1974 2450 2029 2492 ut
2056 2439 2149 2493 de-

559 2546 775 2606 putetur
805 2536 937 2590 fides
963 2536 1079 2605 ejus
1104 2536 1169 2589 ad
1193 2536 1452 2605 justitiam
1473 2534 1650 2604 (Rom.
1684 2550 1758 2599 ιν,
1786 2532 1867 2603 5),
1898 2543 1953 2586 ιιι
1976 2532 2151 2602 justus

561 2642 629 2680 ex
659 2627 760 2680 lide
788 2626 926 2680 vivat
957 2626 1069 2697 (Id.
1105 2643 1142 2691 ι,
1191 2627 1279 2696 l7)
1306 2644 1318 2691 ;
1364 2642 1430 2681 ne
1460 2627 1710 2695 ignorans
1740 2626 1831 2679 Dei
1867 2624 2147 2693 justitiam,

560 2725 617 2771 et
644 2732 793 2770 suam
826 2719 1009 2772 volens
1037 2718 1617 2787 constituore,justitia:
1641 2718 1733 2772 Dei
1752 2734 1853 2773 non
1877 2719 1945 2773 sit
1969 2718 2149 2787 subje-

561 2817 680 2862 ctus
711 2808 821 2879 (ld.
862 2826 920 2873 κ,
950 2810 1034 2880 5);
1064 2810 1342 2865 verissime
1386 2818 1563 2865 cantat
1600 2809 1898 2879 adjutorem
1938 2821 1994 2865 et
2021 2826 2147 2880 pro-

563 2910 819 2955 tectorem
868 2902 967 2955 sibi
1019 2902 1300 2955 Dominum
1347 2902 1399 2955 in
1447 2901 1690 2966 salutem,
1746 2902 1917 2956 Deum
1969 2917 2145 2968 suum,

560 3008 719 3062 quem
751 2993 1083 3048 ltonorilieat.
1113 2994 1293 3064 Neque
1321 2994 1462 3049 enim
1492 3004 1573 3049 est
1610 3010 1680 3049 ex
1713 2994 1816 3049 illis
1844 2994 2017 3059 elatis,
2058 2994 2148 3063 qui

558 3095 944 3153 cognoscentes
984 3085 1173 3148 Deum,
1206 3100 1316 3139 non
1362 3084 1498 3139 sicut
1544 3085 1711 3139 Deum
1760 3085 2148 3139 honorilicave-

560 3188 683 3232 runt
708 3177 818 3248 (ld.
868 3178 909 3244 Ι,
939 3179 1055 3247 2i).
1105 3178 1238 3232 Dicit
1269 3178 1467 3248 itaque,
1503 3175 1637 3231 Deus
1677 3179 1832 3247 patris
1862 3178 1978 3231 mei.
2007 3177 2147 3231 Deus

559 3280 642 3324 est
666 3273 805 3326 enim
838 3272 1001 3341 patris
1032 3270 1345 3337 Abraham‘,
1375 3272 1464 3341 qui
1489 3270 1712 3325 credidit
1737 3271 1867 3337 Deo,
1901 3280 1955 3325 et
1974 3270 2146 3340 depu-

559 3374 728 3420 tatmn
753 3375 835 3419 est
860 3366 931 3419 illi
961 3365 1025 3419 ad
1051 3366 1310 3435 justitiam
1340 3363 1451 3435 (Id.
1477 3380 1549 3431 tv,
1574 3366 1652 3435 5).
1688 3364 1753 3418 Et
1778 3363 1895 3419 ideo
1919 3364 2140 3433 parvuli,

557 3473 665 3515 non
713 3459 779 3515 de
831 3470 1011 3514 nostra
1040 3459 1245 3528 justitia
1292 3467 1700 3528 praesumentes,
1746 3458 1841 3513 sed
1871 3458 1938 3513 de
1979 3458 2146 3528 ipsius

555 3553 747 3623 gratia,
778 3552 1180 3621 magniﬁcamus
1212 3552 1517 3617 Dominum,
1546 3552 1796 3621 quoniam
1831 3549 1945 3620 ipse
1972 3560 2144 3603 cante-

555 3645 623 3698 rit
660 3662 877 3715 pugnas,
905 3645 993 3714 qui
1039 3659 1141 3715 pax
1181 3651 1267 3701 est
1292 3653 1493 3699 nostra.
1529 3644 1592 3697 Et
1621 3643 1741 3699 ideo
1772 3642 2019 3697 Dominus
2046 3658 2143 3696 no-

557 3749 671 3787 men
721 3743 793 3787 est
845 3734 922 3787 illi
951 3750 969 3788 ;
999 3735 1085 3789 cui
1113 3734 1339 3790 dicimus
1383 3732 1521 3804 apud
1553 3733 1762 3796 Isaiam,
1798 3732 2015 3786 Posside
2053 3749 2144 3787 nos

558 3821 711 3884 (lsai.
746 3839 895 3889 xxvi,
918 3825 1029 3894 l3).
1064 3824 1309 3879 Dominus
1336 3842 1518 3878 nomen
1543 3835 1614 3878 est
1639 3822 1735 3878 illi.
1767 3823 1882 3878 Non
1905 3840 2140 3891 eramus,

558 3922 613 3969 et
642 3912 769 3968 fecit
794 3929 893 3968 nos
926 3932 938 3966 :
969 3915 1317 3984 perieramus,
1351 3924 1405 3969 et
1431 3916 1631 3969 invenit
1653 3930 1752 3969 nos
1784 3932 1800 3970 :
1828 3916 2145 3970 vendidera-

567 4017 687 4058 mus
714 4019 833 4069 nos,
861 4013 914 4060 et
937 4005 1066 4059 emit
1094 4021 1210 4061 nos.
1240 4006 1488 4062 Dominus
1517 4024 1699 4061 nomen
1729 4018 1799 4063 est
1826 4010 1924 4063 illi.
1952 4010 2144 4067 Curras

560 4096 851 4151 Pharaonis
879 4106 927 4153 et
954 4098 1228 4152 exercitum
1265 4100 1374 4169 ejus
1398 4100 1607 4170 projecit
1634 4100 1687 4153 in
1714 4117 1871 4155 mare.
1902 4104 1966 4157 Et
1992 4104 2141 4158 exal-

564 4188 791 4244 tationes
835 4189 1140 4255 saeculares,
1170 4200 1223 4245 et
1250 4200 1492 4246 catervas
1521 4191 1985 4248 innumerabilium
2015 4213 2139 4265 pec-

554 4293 817 4349 catorum,
858 4298 975 4353 qua:
1002 4282 1054 4336 in
1086 4282 1240 4339 nobis
1268 4282 1481 4338 diabolo
1511 4283 1828 4352 militabant,
1856 4285 2054 4341 delevit
2088 4289 2139 4342 in

556 4372 849 4443 Baptismo.
891 4372 1079 4428 Ternas
1109 4374 1182 4445 (α)
1230 4385 1470 4430 stratores
1512 4376 1758 4430 curribus
1788 4377 2136 4448 imposuerat,

551 4466 641 4534 qui
674 4480 770 4520 nos
796 4465 987 4521 timore
1017 4465 1240 4531 doloris,
1276 4468 1467 4522 timore
1510 4467 1914 4536 humiliationis,
1949 4473 2139 4530 timore

553 4556 761 4623 mortis,
792 4556 1161 4626 persequendo
1185 4558 1475 4614 terrebant.
1510 4559 1634 4615 llzec
1661 4562 1837 4615 omnia
1861 4564 2135 4620 submersa

551 4652 751 4707 suntin
781 4651 962 4708 Rubro
1003 4652 1160 4719 mari,
1190 4653 1310 4723 quia
1355 4653 1431 4707 illi
1475 4655 1773 4725 consepulti
1818 4671 2001 4711 sumus
2045 4674 2139 4727 per

552 4744 877 4815 Baptismum
933 4745 990 4800 in
1017 4750 1245 4800 mortem
1296 4743 1473 4815 (Rom.
1507 4762 1582 4811 vi,
1613 4745 1692 4816 4),
1729 4747 1820 4817 qui
1857 4763 1953 4817 pro
1983 4750 2137 4803 nobis

551 4834 866 4904 llagellatus,
918 4837 1297 4902 exhonoratus,
1341 4846 1399 4892 et
1441 4837 1649 4892 occisus
1686 4848 1785 4892 est.
1833 4837 1907 4892 lta
1952 4840 2135 4895 Rubro

552 4926 738 4998 pelago
765 4944 951 4984 omnes
975 4928 1158 4984 hostes
1184 4929 1413 4999 operuit,
1441 4928 1531 4998 qui
1558 4938 1779 4983 cruenta
1808 4941 1999 4998 morte,
2029 4947 2133 5001 qua

551 5026 729 5072 nostra
763 5030 974 5087 peccata
1016 5030 1479 5086 consumerentur,
1509 5021 1833 5089 Baptismum
1856 5037 2136 5077 consecra-

552 5108 644 5161 vit.
693 5107 843 5174 Quod
873 5112 916 5165 si
948 5110 1127 5166 hostes
1156 5112 1324 5167 nostri
1360 5110 1676 5166 devenerint
1713 5113 1762 5165 in
1813 5114 2132 5182 profundum

551 5214 801 5273 tanquam
831 5203 985 5274 lapis,
1027 5206 1149 5262 illos
1174 5208 1316 5263 solos
1342 5207 1598 5278 possidet,
1645 5217 1843 5263 etcum
1876 5210 1975 5265 illis
2004 5213 2132 5267 solis

548 5308 631 5354 est
653 5296 845 5355 duritia
886 5296 1104 5366 diaboli,
1140 5298 1207 5354 de
1233 5300 1425 5371 quibus
1466 5301 1723 5371 scriptum
1750 5311 1851 5368 est,
1883 5302 2129 5360 Peccator

544 5406 659 5446 tum
687 5391 741 5445 in
779 5389 1094 5463 profundum
1124 5391 1313 5445 uenerit
1340 5392 1609 5460 malorum,
1640 5395 1912 5449 contemnit
1940 5394 2122 5469 (Prov.

608 5567 622 5596 ³
660 5566 935 5637 sauiandas
960 5579 974 5616 :
998 5562 1251 5637 sed__{licit
1360 5571 1502 5637 _Deus_.
1547 5573 1669 5637 Deus
1705 5576 1773 5619 est
1807 5568 1956 5637 enim
1979 5572 2129 5637 patris

540 5624 796 5679 Abraham.
822 5637 969 5681 locus
1004 5628 1228 5679 similiter
1253 5629 1449 5677 vitiatus
1483 5626 1532 5675 in
1569 5635 1673 5679 Mss.
1714 5640 1907 5682 sanatur
1948 5624 2024 5685 hic
2067 5636 2126 5682 ad

538 5693 731 5755 mantus
751 5691 937 5745 diamui
959 5691 1268 5755 adlectantia
1292 5689 1502 5739 nonduni
1526 5692 1733 5755 vulgata.

601 5752 674 5814 (α)
698 5757 828 5818 Apud
841 5761 973 5819 tu,
990 5754 1223 5807 tristatas.

1806 313 1860 365 S.
1904 307 2267 365 AL'GUSTINI
2313 308 2617 365 EPlSCOl’l

3717 318 3853 375 1036

2274 437 2422 490 xvtu,
2448 422 2525 495 5).
2567 421 2685 478 Non
2725 424 2867 479 enim
2913 427 3137 482 credunt
3176 428 3370 486 dimitti
3410 432 3507 488 sibi
3536 448 3691 503 posse
3732 450 3856 503 quae

2270 514 2546 569 iecerunt:
2590 526 2645 572 et
2668 532 2728 572 ea
2765 517 3141 590 desperatione
3165 526 3378 593 gravius
3414 528 3677 598 altiusque
3706 545 3853 585 mer-

2267 614 2484 672 guntur.
2523 605 2652 672 Sed,
2687 607 2909 663 Dextera
2937 620 3045 679 tua,
3088 611 3327 679 Domine,
3355 617 3642 687 gloriﬁcata
3682 628 3754 673 est
3804 622 3855 674 in

2268 695 2477 760 virtute;
2510 698 2716 753 dextera
2741 717 2922 755 manus
2945 711 3050 769 tua,
3073 703 3569 783 Domine,confregit
3601 711 3855 778 inimicos,-

2268 796 2314 840 et
2344 789 2663 843 multitudine
2679 794 2953 864 majestatis
2970 805 3087 861 tate,
3113 796 3348 867 Domine,
3377 804 3652 858 contrivisti
3668 806 3856 861 adver-

2266 880 2445 932 sarios.
2468 879 2657 935 Misisti
2676 885 2862 955 quippe
2874 887 3002 940 iram
3015 898 3175 955 luant,
3200 899 3247 944 et
3270 894 3484 947 comedit
3510 912 3593 950 eos
3609 907 3854 967 tauquam

2265 972 2523 1039 stipulam.
2552 974 2847 1031 'l‘imuimus
2876 980 3017 1034 enim
3050 990 3099 1036 te
3127 993 3432 1039 nascentem
3461 986 3559 1058 (a),
3591 999 3645 1045 et
3672 992 3853 1046 credi-

2264 1060 2435 1116 dimus
2464 1064 2514 1117 in
2545 1074 2617 1131 te,
2646 1075 2701 1121 et
2726 1070 2901 1122 omnia
2929 1070 3120 1127 delicta
3149 1083 3327 1129 nostra
3358 1091 3671 1150 consumpta
3703 1094 3847 1139 sunt.

2264 1151 2393 1206 Nam
2424 1170 2587 1224 quare
2614 1174 2703 1227 per
2728 1160 2958 1229 spiritum
2985 1163 3075 1217 iraa
3101 1163 3308 1220 Domini
3339 1168 3497 1223 divisa
3522 1182 3591 1227 est
3620 1190 3771 1244 aqua,
3803 1188 3851 1231 et

2262 1244 2551 1313 gelaverunt
2576 1257 2814 1319 tanquam
2856 1269 3028 1307 murus
3066 1272 3233 1327 aqum,
3268 1259 3557 1329 gelaverunt
3585 1264 3769 1332 ﬂuctus
3796 1269 3848 1320 in

2262 1334 2425 1387 medio
2452 1338 2614 1400 mari;
2645 1353 2763 1393 eum
2794 1340 2847 1394 in
2887 1342 2985 1396 ista
3024 1344 3285 1402 divisione
3315 1363 3466 1419 aquae
3486 1393 3499 1417 ,
3547 1345 3845 1423 gelantibus

2262 1425 2527 1491 ﬂuctibus,
2561 1430 2640 1483 via
2670 1435 2898 1499 patuerit
2928 1437 3125 1505 populo
3151 1438 3414 1496 liberato?
3451 1441 3559 1499 Cur
3582 1461 3710 1517 ergo
3738 1465 3841 1502 non

2262 1519 2436 1585 potius
2467 1534 2562 1587 per
2602 1522 2845 1589 spiritum
2883 1526 3261 1583 misericordia:
3301 1531 3507 1587 Domini
3555 1535 3721 1591 divisa
3762 1550 3844 1592 est

2259 1623 2428 1678 aqua;
2462 1610 2561 1664 nisi
2591 1612 2711 1681 quia
2743 1623 2914 1669 terror
2954 1617 3046 1671 irae
3089 1618 3202 1685 Dei,
3246 1636 3403 1691 quam
3434 1627 3723 1681 contemnit
3752 1629 3842 1681 illo

2262 1708 2528 1767 peccator,
2582 1704 2668 1772 qui
2716 1706 2858 1759 venit
2906 1706 2971 1761 ad
3022 1708 3341 1777 profundum
3391 1715 3669 1783 malorum,
3726 1718 3841 1789 ipse

2259 1794 2530 1861 compellit
2568 1796 2634 1849 ad
2666 1796 3015 1867 Baptismum,
3058 1810 3112 1855 ut
3143 1818 3238 1872 per
3268 1818 3461 1873 aquam
3508 1823 3610 1860 non
3654 1810 3844 1877 pruriu-

2258 1894 2488 1952 cantem,
2541 1888 2634 1941 sed
2665 1897 3002 1946 transeuntes
3040 1908 3135 1963 per
3162 1895 3300 1948 viam
3335 1896 3657 1953 liberemur?
3699 1900 3836 1955 Dixit

2259 1974 2512 2043 inimicus,
2544 1976 2845 2049 Persequar,
2879 1992 2925 2036 et
2960 1986 3411 2054 comprehendam;
3438 1991 3662 2059 partibor
3717 2010 3838 2063 spo-

2259 2067 2348 2132 lia,
2390 2078 2435 2121 et
2465 2069 2665 2139 replebo
2694 2073 2918 2126 animam
2948 2092 3142 2142 meam;
3178 2078 3478 2146 inter/icium
3506 2082 3679 2152 gladio
3706 2102 3833 2147 meo,

2258 2158 2594 2215 dominabitur
2622 2180 2800 2218 manus
2825 2183 2953 2219 mea.
2976 2166 3158 2238 Neque
3186 2169 3432 2240 intelligit
3457 2172 3701 2230 inimicus
3731 2178 3837 2232 vim

2258 2249 2505 2306 dominici
2547 2253 2897 2323 Sacramenti,
2932 2275 3052 2328 qua:
3094 2271 3176 2316 est
3205 2261 3259 2316 in
3298 2263 3569 2332 Baptismo
3597 2268 3833 2335 salutari,

2256 2342 2334 2396 eis
2351 2343 2437 2412 qui
2454 2346 2678 2401 credunt
2697 2357 2751 2403 et
2774 2361 2990 2418 sperant
3006 2353 3057 2407 in
3074 2369 3195 2408 eum
3220 2373 3231 2408 :
3253 2364 3304 2410 et
3328 2357 3499 2413 adhuc
3519 2369 3664 2428 putat
3680 2364 3839 2417 etiam

2256 2432 2515 2491 dominari
2570 2439 2846 2509 baptizatis
2895 2458 3050 2511 posse
3103 2457 3353 2515 peccata,
3384 2452 3630 2519 quoniam
3662 2457 3840 2510 carnis

2257 2525 2536 2597 fragilitate
2565 2541 2853 2597 tentantur,
2885 2537 3129 2591 nesciens
3159 2538 3269 2603 ubi,
3297 2548 3352 2593 et
3377 2541 3678 2610 quando,et
3705 2561 3840 2615 quo-

2256 2619 2416 2674 modo
2448 2621 2751 2689 perﬁciatur
2778 2626 2931 2694 plena
2952 2627 3112 2682 totius
3140 2628 3370 2685 hominis
3400 2635 3693 2701 renovatio,
3714 2652 3836 2707 qua:

2256 2712 2307 2767 in
2334 2713 2603 2784 Baptismo
2628 2716 2931 2786 inchoatur,
2959 2730 3013 2775 et
3040 2723 3411 2793 prae-signatur,
3443 2736 3493 2781 et
3523 2743 3616 2797 spe
3646 2731 3840 2785 certis-

2254 2806 2386 2859 sima
2410 2806 2521 2876 jam
2563 2817 2792 2863 tenetur.
2822 2810 2970 2867 Tunc
3000 2814 3143 2868 enim
3171 2825 3223 2871 et
3255 2818 3481 2873 mortale
3512 2819 3612 2873 hoc
3652 2820 3838 2879 induet

2254 2898 2725 2967 immortalitatem,
2750 2911 2804 2955 et
2829 2913 3085 2958 evacuato
3110 2907 3322 2974 penitus
3359 2911 3502 2963 omni
3538 2911 3837 2982 principatu

2252 2998 2305 3041 et
2337 2999 2614 3057 potestate,
2644 2993 2745 3046 erit
2777 2993 2915 3047 Deus
2944 2996 3122 3051 omnia
3153 2999 3205 3052 in
3235 3000 3486 3055 omnibus
3531 3002 3573 3071 (l
3596 3001 3710 3058 Cor.
3742 3021 3835 3073 xv,

2252 3078 2341 3143 55,
2374 3079 2463 3142 54,
2495 3080 2585 3147 2i,
2618 3081 2734 3153 28).
2763 3083 2914 3139 Nunc
2941 3095 3137 3153 autem,
3164 3091 3416 3159 quamdiu
3447 3108 3660 3164 corpus,
3692 3100 3837 3167 quod

2250 3171 2628 3240 corrumpitur,
2656 3177 3151 3243 aggravatauimam
3172 3178 3327 3251 (Sap.
3356 3198 3436 3248 ix,
3461 3184 3570 3255 15),
3591 3185 3837 3242 dicitini-

2251 3261 2443 3325 micus,
2475 3260 2775 3331 Persequar,
2819 3276 2867 3320 et
2907 3271 3367 3349 εοιιιμνειιεηάιιηι.Δ
3390 3273 3496 3327 Sed
3523 3276 3701 3331 misisti
3724 3280 3837 3349 spi-

2250 3352 2401 3404 ritum
2428 3362 2585 3421 tuum,
2617 3364 2661 3407 et
2688 3358 2885 3425 aperuit
2915 3375 2998 3413 eos
3021 3377 3176 3415 mare.
3208 3344 3367 3417 Modo
3388 3382 3492 3419 non
3515 3364 3706 3422 dicitur
3728 3344 3840 3439 spi-

2250 3444 2384 3498 ritus
2438 3444 2533 3498 ira:
2587 3446 2716 3515 Dei,
2769 3450 2984 3519 quando
3036 3467 3185 3508 mare
3234 3456 3444 3524 operuit
3470 3458 3710 3513 inimicos
3748 3472 3838 3516 :et

2251 3535 2407 3603 paulo
2434 3544 2557 3591 ante
2590 3537 2791 3594 dictum
2822 3552 2923 3606 est,
2955 3559 3045 3612 per
3069 3544 3303 3614 spiritum
3330 3547 3421 3600 ira?
3454 3558 3554 3602 tua:
3578 3550 3736 3605 diuisa
3764 3564 3840 3608 est

2249 3642 2417 3697 aqua;
2446 3644 2566 3683 cum
2597 3645 2690 3699 per
2730 3631 2831 3687 hoc
2869 3634 3044 3702 potius
3075 3637 3340 3691 transiens
3382 3639 3473 3694 Dei
3517 3643 3739 3711 populus
3768 3645 3839 3699 li-

2250 3716 2465 3772 iteratus
2490 3721 2578 3773 sit.
2602 3721 2705 3776 Sed
2728 3723 2980 3779 nimirum
3007 3726 3217 3780 videtur
3248 3728 3387 3783 Deus
3415 3747 3519 3784 non
3550 3734 3724 3799 irasci,
3749 3737 3839 3790 cui

2248 3820 2371 3864 sunt
2400 3809 2657 3880 impunita
2705 3825 2940 3883 peceata,
2988 3826 3043 3870 et
3086 3817 3257 3887 magis
3306 3820 3645 3891 ingravescit.
3685 3824 3840 3882 Unde

2248 3899 2465 3969 plumbo
2490 3914 2825 3974 comparatus
2857 3906 2908 3960 in
2940 3906 3203 3977 profunda
3227 3910 3523 3981 descendit,
3555 3924 3699 3969 tanto
3721 3933 3840 3971 ma-

2246 3993 2344 4061 gis,
2378 4003 2577 4063 quanto
2607 3997 2775 4065 magis
2815 3997 2959 4053 videt
3001 4013 3096 4054 eos
3118 4002 3206 4070 qui
3239 4017 3333 4071 per
3368 4002 3524 4060 ﬁdem
3560 4006 3837 4076 justilicati

2247 4094 2390 4153 sunt,
2420 4095 2471 4141 et
2496 4103 2592 4156 pro
2621 4104 2716 4157 spe
2743 4089 2931 4146 futura
2957 4093 3078 4147 vitte
3106 4096 3385 4163 praesentia
3417 4099 3552 4151 mala
3580 4100 3837 4170 tolerant,

2246 4174 2301 4229 in
2330 4175 2598 4232 laboribus
2623 4179 2822 4248 vivere,
2855 4183 2907 4235 in
2939 4184 3130 4253 quibus
3156 4202 3248 4241 eos
3270 4187 3601 4255 perferendis
3630 4195 3841 4247 contir-

2246 4278 2357 4323 mat
2395 4269 2622 4341 Spiritus
2648 4272 2763 4327 Dei.
2796 4274 2938 4329 Misit
2968 4292 3096 4347 ergo
3132 4278 3269 4333 Deus
3296 4280 3551 4349 Spiritum
3581 4298 3733 4336 suum
3761 4286 3833 4339 ad

2245 4362 2601 4418 consolandos
2646 4373 2701 4418 et
2750 4367 3077 4423 exercendus
3124 4369 3176 4423 in
3224 4370 3495 4426 laboribus
3533 4373 3739 4442 justas;
3783 4389 3841 4430 et

2245 4454 2454 4522 operuit
2482 4470 2628 4509 mare
2659 4454 2995 4524 impios,non
3026 4460 3196 4514 solum
3226 4472 3471 4530 potantes
3509 4464 3640 4517 nihil
3664 4464 3838 4521 inter—

2244 4559 2364 4599 esse
2412 4546 2552 4599 inter
2610 4562 2669 4601 se
2719 4555 2771 4601 et
2803 4549 2958 4614 illos;
3008 4551 3103 4605 sed
3146 4555 3318 4621 potius
3361 4556 3686 4610 mstimantes
3726 4558 3838 4614 illis

2243 4652 2363 4692 esse
2398 4641 2588 4691 iratum
2631 4638 2817 4706 Deum,
2858 4640 2947 4710 qui
2987 4643 3146 4697 tantis
3173 4645 3601 4702 tribulationibus
3626 4650 3835 4720 afﬂige-

2244 4742 2461 4795 rentur,
2503 4733 2602 4788 sibi
2631 4743 2811 4787 autem
2848 4735 3134 4805 prapitium
3156 4780 3169 4805 ,
3200 4740 3288 4809 qui
3320 4742 3479 4795 tantis
3506 4744 3837 4812 prosperita-

2245 4825 2385 4879 tibus
2406 4826 2739 4880 lzetarentur.
2760 4825 2831 4880 lta
2850 4827 3211 4883 descenderunt
3234 4841 3471 4903 tanquam
3490 4834 3747 4905 plumbum
3780 4839 3837 4892 in

2243 4934 2428 4988 aquam
2456 4918 2835 4973 validissimam.
2874 4920 2998 4987 Quis
3024 4923 3203 4977 similis
3230 4924 3316 4977 tibi
3342 4926 3395 4978 in
3433 4926 3551 4992 diis,
3576 4924 3842 4986 Domine?

2241 5009 2353 5078 quis
2378 5009 2555 5063 similis
2582 5008 2708 5064 tibi?
2739 5012 2988 5081 gloriosus
3022 5013 3073 5066 in
3098 5017 3305 5081 sanctis,
3337 5017 3424 5087 qui
3457 5033 3559 5072 non
3590 5017 3836 5088 glorian-

2243 5109 2327 5153 tur
2354 5101 2404 5153 in
2427 5114 2485 5155 se
2512 5118 2526 5153 :
2558 5101 2801 5155 mirabilis
2824 5102 2875 5155 in
2907 5103 3269 5173 majestatibus,
3302 5109 3389 5176 qui
3413 5108 3541 5177 facis
3571 5108 3835 5181 prodigia.

2242 5190 2368 5247 llaec
2394 5192 2533 5246 enim
2562 5208 2678 5263 qua:
2704 5202 2827 5246 tunc
2855 5192 2990 5248 facta
3017 5206 3162 5263 sunt,
3202 5197 3433 5253 futurum
3469 5201 3663 5270 aliquid
3695 5219 3837 5272 prae-

2241 5284 2575 5346 nuntiabant,
2605 5285 2856 5356 quoniam
2900 5286 3081 5356 ﬁgurae
3135 5301 3330 5346 nostra:
3374 5291 3603 5347 fuerunt.
3635 5292 3838 5350 Exten-

2240 5378 2359 5430 disti
2387 5378 2645 5431 dexteram
2700 5387 2859 5443 tuam,
2920 5383 3363 5437 transvarauiteas
3421 5394 3573 5439 terra.
3611 5385 3833 5443 Nullum

2239 5477 2383 5524 certe
2398 5468 2767 5539 Egyptiorum
2787 5468 2879 5524 illo
2895 5478 3134 5541 tempore
3153 5480 3308 5529 terra:
3326 5474 3498 5531 hiatus
3512 5478 3791 5535 absorbuit
3814 5499 3830 5547 ;

2236 5576 2373 5632 aqua
2422 5562 2661 5631 cooperti
2706 5571 2872 5629 sunt,
2928 5565 2980 5618 in
3038 5566 3168 5620 mari
3227 5568 3516 5638 perierunt.
3566 5570 3701 5639 Quid
3744 5587 3833 5630 est

2298 5698 2551 5758 ((1)170l‘le,
2576 5693 2941 5765 irascqztem.-—
2964 5704 3076 5765 Quae
3109 5696 3256 5750 lectio
3296 5700 3381 5750 toti
3425 5700 3489 5753 de
3522 5714 3619 5765 quo
3648 5711 3833 5756 tracta-

2236 5767 2311 5807 tur
2335 5766 2621 5820 argumento
2643 5759 2821 5820 optlme
2845 5762 3081 5822 congruit.
3148 5768 3202 5809 μ.
