3996 6522
183 386 308 442 1657

174 515 318 570 ergo,
345 496 627 552 Κριτιηαὶπί
655 496 1083 555 dexterumtuam,
1103 485 1431 543 transvorasit
1459 500 1541 540 eos
1569 482 1745 537 terra?

175 597 253 646 An
275 597 417 646 recte
435 587 776 656 intelligimus
791 584 1063 639 dexteram
1081 580 1176 636 Dei
1189 593 1312 635 eum
1329 621 1344 644 ,
1361 578 1428 633 de
1457 589 1564 647 quo
1589 573 1750 630 Isaias

173 683 320 746 dicit,
353 679 420 736 Et
467 679 726 734 brachium
781 675 984 730 Domini
1035 674 1117 728 cui
1165 671 1442 727 revelatum
1486 676 1556 724 est
1591 665 1744 738 (lsai.

175 787 284 836 ιιιι,
315 771 400 842 l)?
431 769 549 840 lpse
578 777 660 824 est
696 768 838 822 enim
878 765 1062 820 unicus
1091 761 1276 829 Filius,
1303 761 1388 816 cui
1417 773 1522 814 non
1557 771 1751 828 peper-

172 864 248 918 cit
267 864 444 928 Pater,
469 859 560 916 sed
589 875 684 931 pro
707 857 954 914 omnibus
977 855 1128 910 nobis
1159 851 1372 908 tradidit
1393 849 1542 905 illum
1568 848 1748 917 (Rom.

175 969 288 1018 Vill,
318 953 431 1024 3‘2).
473 953 650 1022 Atquo
689 950 758 1004 ita
805 949 856 1002 in
884 961 1042 1001 cruce
1067 944 1313 1000 extendit
1348 955 1562 995 manum
1602 952 1751 992 suam

173 1046 468 1108 dexteram,
511 1053 564 1097 et
609 1039 960 1099 transvoravit
1007 1036 1196 1106 impios
1229 1043 1388 1096 terra,
1420 1046 1540 1084 cum
1583 1044 1642 1084 se
1675 1025 1755 1082 vi-

174 1149 374 1204 ctores,
401 1145 456 1192 et
485 1136 628 1190 illum
657 1131 1105 1201 contemptibilem
1137 1127 1408 1198 putabant.
1437 1122 1596 1177 Terra
1611 1120 1754 1177 enim

177 1230 368 1283 tradita
415 1237 486 1281 cst
517 1228 568 1280 in
617 1241 798 1278 titanas
841 1221 1004 1288 impii,
1047 1228 1092 1274 et
1142 1217 1324 1290 faciem
1362 1213 1614 1284 judicium
1647 1212 1756 1282 ejus

175 1323 373 1390 operuit
407 1319 551 1392 (Job
598 1333 680 1378 IX;
718 1315 834 1388 2t),
875 1313 924 1367 id
971 1323 1085 1377 est,
1131 1310 1460 1365 divinitatem
1503 1305 1638 1375 ejus.
1683 1303 1756 1356 Ita

171 1413 495 1484 gubernavit
540 1409 792 1463 Dominus
849 1403 1100 1474 populant
1153 1416 1344 1466 suum,
1387 1408 1635 1466 tanquam
1667 1394 1758 1448 illo

175 1507 322 1578 ligno
357 1513 619 1575 portatum
643 1543 658 1568 ,
693 1500 778 1554 ubi
819 1507 980 1561 terra,
1027 1496 1078 1550 id
1121 1504 1224 1557 est,
1265 1508 1390 1548 caro
1423 1488 1630 1545 Domini
1661 1503 1758 1542 ex-

177 1611 324 1656 tenta
353 1599 540 1670 impios
569 1593 943 1651 transvoravit.
975 1589 1156 1659 Neque
1191 1587 1332 1643 enim
1363 1585 1484 1638 navi
1516 1580 1761 1636 transivit

177 1692 406 1764 populus
429 1666 627 1754 vmare,
655 1695 715 1740 ut
755 1682 1042 1755 gubernain
1081 1678 1290 1750 proprie
1333 1674 1621 1728 diceretur.
1653 1666 1760 1724 Sed

175 1782 469 1855 gubernasti
507 1779 710 1851 justitia
753 1785 840 1830 tua
893 1773 1138 1845 populum
1177 1783 1352 1832 tuum,
1399 1781 1504 1820 non
1555 1777 1759 1834 praesu-

177 1853 415 1931 mentem
455 1873 524 1929 de
557 1869 760 1942 justitia
801 1883 918 1933 sua,
965 1865 1058 1920 sed
1106 1879 1171 1919 ex
1219 1862 1320 1916 ﬁde
1359 1859 1619 1915 viventem
1663 1853 1762 1909 sub

177 1968 352 2038 gratia
379 1975 462 2020 tua
495 1983 507 2018 :
541 1960 786 2035 populum
813 1969 952 2012 tuum
983 1958 1135 2021 Iumc,
1164 1969 1308 2025 quem
1335 1949 1574 2006 liberasti.
1607 1947 1764 2002 Novit

179 2059 324 2114 enim
349 2057 604 2112 Dominus
629 2053 717 2123 qui
738 2051 996 2118 suntcjus
1018 2046 1086 2118 (ll
1115 2046 1248 2100 Tim.
1279 2061 1335 2110 ιι,
1369 2043 1480 2112 l9).

254 2149 310 2204 5.
354 2146 618 2201 Transitus
639 2161 726 2214 per
767 2157 986 2195 arentum
1013 2139 1178 2208 ﬁgura
1217 2131 1630 2206 peregrinationis
1673 2143 1766 2182 no-

179 2251 304 2296 stra:
333 2239 385 2293 in
413 2239 508 2292 hac
533 2237 634 2288 sita
652 2273 668 2298 ,
699 2234 754 2287 in
777 2249 878 2302 qua
902 2230 1222 2283 adversantes
1249 2238 1546 2295 superamus
1572 2219 1765 2274 auxilio

181 2329 470 2388 Christi.-—-
497 2327 812 2381 Exhortatus
838 2337 890 2375 es
905 2321 958 2373 in
973 2319 1272 2378 uirtutetua,
1291 2315 1342 2368 id
1367 2323 1467 2376 est,
1487 2314 1538 2366 in
1555 2311 1768 2366 Christo

184 2435 296 2478 tuo.
331 2421 463 2488 Quia
499 2416 638 2488 quod
671 2412 938 2468 inﬁrmum
967 2419 1050 2465 est
1081 2409 1192 2470 Dei,
1219 2405 1404 2459 fortius
1431 2412 1514 2458 est
1543 2400 1770 2454 immini-

183 2515 288 2568 bus
317 2511 360 2584 (I
391 2511 508 2564 (ἔον.
541 2525 579 2574 ι,
607 2505 722 2575 ‘25).
753 2505 816 2558 Et
843 2503 886 2556 si
917 2500 1202 2556 cruciﬁxus
1237 2505 1316 2551 est
1343 2511 1408 2550 ex
1440 2492 1766 2556 inﬁrmitate,

184 2604 286 2658 sed
317 2603 442 2655 vivit
472 2601 522 2652 iu
564 2599 756 2650 virtute
803 2594 892 2647 Dei
941 2591 1018 2661 (ll
1047 2589 1164 2642 Cor.
1207 2603 1320 2642 xm.
1351 2585 1425 2657 4).
1459 2584 1770 2638 Exhortatns

181 2713 240 2750 es
277 2696 332 2748 in
377 2693 558 2745 uirtute
593 2699 700 2753 tua,
751 2695 796 2739 ct
839 2685 894 2738 in
940 2681 1210 2752 refectione
1247 2685 1422 2732 sancta
1461 2685 1567 2726 tua.
1613 2673 1670 2727 lu
1707 2687 1772 2726 eo

183 2787 388 2857 quippe
415 2780 554 2852 quod
593 2779 770 2833 carnis
801 2775 1096 2829 mortaltas
1127 2771 1178 2824 in
1212 2769 1304 2824 illo
1343 2767 1537 2822 reiecta
1576 2774 1652 2819 est
1682 2779 1776 2833 per

184 2855 662 2936 resurrectionem,
695 2877 748 2924 et
771 2868 822 2920 iu
857 2866 950 2922 illo
971 2864 1081 2934 jam
1107 2858 1453 2929 corruptibile
1483 2857 1584 2911 hoc
1608 2855 1778 2910 induit

185 2965 672 3034 incorruptionem,
703 2957 965 3014 cxhortati
991 2967 1180 3009 sumus
1207 2952 1262 3006 in
1293 2950 1526 3005 futurum
1553 2961 1774 3018 speran-

189 3069 299 3123 tes,
341 3065 396 3111 et
421 3062 640 3124 propter
663 3051 780 3106 haec
805 3047 983 3104 οιιιιιίιι
1015 3043 1298 3116 praesentia
1331 3043 1636 3096 tolerantes.
1668 3038 1774 3092 Re-

187 3159 304 3206 stat
329 3147 470 3204 enim
499 3155 618 3216 post
643 3143 970 3213 Baptismum
994 3138 1246 3193 transitus
1275 3151 1372 3206 per
1393 3149 1653 3196 eremnm,
1685 3147 1781 3202 per

187 3244 362 3294 vitam
393 3253 512 3308 quae
533 3235 708 3308 agitur
743 3234 796 3288 in
826 3247 942 3303 spe,
971 3229 1146 3285 donec
1185 3227 1462 3282 veniamus
1490 3224 1556 3278 ad
1583 3234 1780 3279 terram

187 3329 588 3403 promissionis,
615 3335 812 3380 terram
847 3321 1134 3376 viventium
1175 3319 1262 3374 ubi
1309 3317 1462 3372 nobis
1501 3325 1582 3371 est
1613 3316 1786 3386 portio

189 3421 482 3486 Dominus,
521 3419 572 3472 in
613 3427 866 3471 aeternam
893 3412 1223 3478 Jerusalem;
1251 3423 1358 3480 quo
1399 3408 1570 3463 donec
1605 3407 1784 3462 venia-

187 3527 342 3578 mus,
379 3519 490 3566 tota
519 3509 618 3566 ista
646 3509 752 3562 vita
779 3521 990 3561 oremus
1015 3502 1170 3558 nobis
1187 3511 1290 3568 est,
1319 3509 1376 3556 et
1405 3509 1510 3556 tota
1544 3499 1781 3556 tentatio.

187 3604 306 3661 Sed
345 3603 402 3657 in
441 3617 508 3657 eo
544 3601 634 3671 qui
669 3599 796 3654 vicit
833 3597 1107 3660 szcculum,
1149 3595 1312 3650 vincit
1345 3593 1522 3649 omnia
1563 3592 1786 3663 populus

189 3696 320 3752 Dei.
355 3694 490 3750 Nam
513 3693 648 3748 sicut
687 3691 740 3745 in
768 3689 1056 3759 Baptismo,
1089 3697 1338 3756 tanquam
1374 3686 1556 3739 hostes
1583 3697 1612 3736 a
1641 3691 1790 3751 tergo

189 3789 570 3856 insequentes,
593 3781 858 3852 pratterita
889 3785 1107 3849 peccata
1127 3777 1374 3832 delentur
1397 3794 1410 3829 :
1441 3775 1519 3830 sic
1545 3781 1664 3844 post
1685 3775 1788 3827 Ba-

189 3880 486 3951 ptismum,
517 3876 574 3930 in
609 3876 800 3929 itinere
821 3873 944 3927 vita:
972 3871 1154 3940 hujus,
1181 3885 1302 3924 cum
1331 3883 1509 3923 escam
1539 3867 1790 3938 spiritua-

187 3973 304 4028 lem
361 3969 769 4029 manducamus,
826 3973 882 4020 et
933 3971 1116 4034 potum
1163 3959 1489 4030 spiritualem
1539 3959 1786 4024 bibimus,

187 4063 390 4118 orantia
431 4060 585 4114 nobis
613 4057 947 4114 adversantia
986 4069 1319 4124 superamus.
1363 4053 1574 4108 Terruit
1598 4054 1793 4124 quippe

187 4153 458 4212 inimicos
479 4150 578 4204 via:
605 4157 802 4204 nostra:
825 4161 1020 4202 nomen
1051 4144 1394 4214 imperatoris
1419 4144 1604 4198 nostri.
1641 4143 1796 4198 Prius

189 4247 352 4304 enim
413 4241 648 4298 surrexit
697 4241 774 4293 ira
823 4239 1060 4310 gentium
1112 4237 1177 4290 ad
1227 4235 1554 4305 perdendum
1599 4249 1792 4289 nomen

187 4335 603 4396 christianum;
629 4331 718 4385 ubi
739 4341 916 4386 autem
945 4329 1022 4384 ira
1055 4327 1184 4381 nihil
1213 4327 1402 4396 potuit,
1430 4341 1686 4382 conversa
1715 4335 1797 4381 est

189 4431 248 4482 in
281 4426 560 4489 dolorem,
595 4431 650 4477 et
688 4420 854 4489 magis
881 4419 1152 4488 magisque
1181 4419 1284 4474 lide
1326 4425 1602 4473 crescente
1637 4425 1797 4486 atque

189 4523 508 4586 occupante
535 4512 734 4577 omnia,
759 4511 914 4565 dolor
937 4523 1226 4566 conversus
1245 4509 1400 4564 estin
1429 4508 1670 4564 timorem
1696 4525 1709 4573 ;
1743 4517 1798 4562 ut

189 4617 250 4664 et
281 4603 514 4682 superbi
553 4602 710 4671 hujus
747 4601 946 4666 saeculi,
981 4608 1230 4670 tanquam
1257 4599 1490 4654 volatilia
1519 4599 1666 4666 coeli,
1699 4599 1798 4654 sub

191 4699 400 4754 umbra
431 4694 592 4748 oleris
617 4693 782 4756 illius,
817 4691 960 4760 quod
993 4707 1058 4746 ex
1089 4691 1440 4747 minutissimo
1467 4705 1631 4760 grano
1651 4691 1797 4744 sina-

193 4791 284 4862 pis
325 4787 562 4842 multum
604 4783 790 4846 crevit,
839 4779 1102 4851 refugium
1144 4781 1634 4852 protectionemque
1665 4795 1796 4836 con-

195 4883 434 4954 quirant
479 4877 689 4950 (Matth.
723 4891 838 4940 stu,
868 4875 955 4940 5i,
985 4871 1098 4946 52).
1137 4873 1224 4930 Sic
1261 4881 1317 4929 et
1355 4875 1408 4928 in
1435 4874 1538 4928 hoc
1567 4875 1798 4941 cantico,

193 4973 290 5028 ubi
321 4977 826 5024 commemorantur
849 4980 936 5030 ea,
961 4979 1078 5034 qua:
1106 4973 1230 5018 tunc
1251 4963 1304 5017 in
1335 4963 1502 5033 ﬁgura
1529 4963 1802 5034 continge-

193 5065 336 5120 bant
365 5061 426 5116 in
451 5059 580 5124 illis,
603 5065 846 5112 servatus
863 5065 947 5111 est
971 5053 1106 5111 ordo
1133 5055 1250 5120 iraa,
1271 5053 1493 5116 doloris.
1516 5065 1570 5109 et
1599 5055 1804 5108 timoris

191 5154 482 5226 gentium.
509 5149 810 5214 Audierant,
843 5147 1034 5217 inquit,
1072 5157 1260 5218 gentes,
1299 5156 1344 5199 et
1371 5147 1514 5202 iratae
1537 5156 1686 5213 sunt;
1713 5147 1806 5200 do-

193 5251 342 5304 lores
369 5241 864 5313 comprehenderant
887 5240 1192 5294 habitatores
1223 5237 1519 5292 Philistiim.
1553 5237 1698 5292 Tunc
1723 5239 1802 5308 {c—

191 5341 556 5398 stinaomunt,
595 5334 650 5388 id
684 5343 768 5388 est
805 5331 1106 5387 conturbati
1151 5339 1296 5395 sunt,
1343 5330 1496 5384 duces
1537 5329 1728 5397 Edam,
1757 5341 1806 5385 et

194 5431 480 5505 principes
505 5425 846 5482 Moabitarnm
871 5439 892 5480 :
919 5423 1354 5495 apprehendit!“
1382 5431 1604 5480 tranar:
1634 5427 1801 5478 tabue-

194 5533 326 5582 runt
355 5535 542 5576 omnes
565 5517 902 5572 inhabitantes
927 5514 1194 5570 Chanaan.
1219 5513 1486 5569 Incumbet
1516 5515 1568 5569 in
1597 5531 1682 5570 eos
1701 5523 1804 5570 trc-

197 5635 342 5683 snor,
381 5624 433 5670 et
478 5612 628 5668 timor
653 5609 1014 5683 magnitudinis
1039 5609 1231 5664 brachii
1259 5610 1350 5664 tui.
1383 5607 1536 5664 Fiant
1565 5619 1806 5681 tanquam

1525 369 1754 426 SEllllO
1794 365 2102 423 CCCLXlll.

3307 363 3440 418 1³188

1859 501 2076 570 lapides,
2115 505 2273 556 donec
2311 506 2529 552 trtmscat
2560 497 2775 567 populus
2821 507 2954 560 tuus,
3005 497 3238 562 Domine,
3281 503 3440 550 donec

1859 601 2077 646 transeat
2103 592 2320 662 populus
2349 599 2466 644 tuus
2502 591 2602 656 hic,
2635 605 2781 660 quem
2817 589 3090 660 acquisisti.
3119 588 3208 644 Sic
3237 587 3438 642 factum

1858 693 1959 751 est,
2001 684 2078 738 sic
2109 683 2184 738 ﬁt.
2215 681 2584 738 Admiratione
2627 688 2902 752 stupentes
2943 688 3192 752 tanquam
3237 681 3440 751 lapides

1865 776 1999 830 ﬁunt
2021 775 2219 830 inimici
2251 773 2521 840 Ecclesire,
2551 772 2723 828 donec
2746 783 3076 827 transeamus
3101 773 3165 827 ad
3195 775 3440 842 patriam.

1858 865 1964 921 Sed
2001 873 2056 920 ct
2081 865 2170 935 qui
2201 865 2451 920 resistere
2486 862 2830 930 teutaverint,
2857 863 3002 918 sicut
3037 869 3162 916 tunc
3187 859 3444 916 Amalech

1861 957 2094 1014 extentis
2123 956 2367 1010 ulantibus
2394 954 2558 1025 Moysi
2588 951 2782 1024 (Exod.
2813 954 2988 1025 svnt),
3017 954 3086 1007 ita
3123 969 3262 1008 nunc
3290 953 3342 1007 in
3369 951 3445 1005 si-

1859 1061 1964 1119 gno
1987 1047 2161 1101 crucis
2186 1045 2466 1100 dominicm
2493 1053 2830 1112 superantur.
2854 1043 3026 1112 Atque
3051 1043 3121 1096 ita
3151 1042 3447 1097 introduci-

1861 1156 2000 1204 mur,
2035 1149 2192 1208 atque
2221 1137 2523 1208 plantamur
2564 1137 2616 1190 in
2647 1143 2829 1190 monte
2863 1135 3188 1190 litercditatis
3215 1137 3446 1200 Domini,

1863 1233 1950 1303 qui
1979 1249 2044 1288 ex
2069 1247 2232 1302 parvo
2255 1229 2449 1301 lapide,
2479 1245 2636 1297 quem
2673 1228 2805 1282 vidit
2835 1228 3038 1292 Daniel,
3074 1229 3238 1283 crevit
3265 1241 3318 1283 et
3343 1231 3446 1283 int-

1865 1325 2024 1395 plevit
2051 1323 2352 1377 universam
2385 1329 2581 1375 terram
2613 1316 2774 1389 (Dan.
2801 1334 2858 1382 ιι,
2891 1318 2980 1384 5i,
3004 1318 3116 1386 55).
3155 1319 3278 1372 llzec
3307 1334 3446 1387 pra:—

1865 1427 2044 1486 parata
2071 1423 2152 1468 est
2183 1412 2435 1466 habitatio
2461 1409 2691 1465 Domini.
2712 1409 2990 1479 Templum
3019 1409 3160 1464 enim
3205 1409 3296 1464 Dei
3327 1423 3448 1464 san-

1865 1518 2006 1562 ctum
2033 1515 2134 1572 est,
2167 1514 2222 1560 et
2241 1503 2592 1559 sanctiﬁcatio
2618 1501 2807 1556 domus
2831 1501 2948 1570 ejus
2975 1517 3094 1571 qua:
3123 1501 3188 1554 ab
3209 1500 3323 1570 ipso
3343 1509 3448 1556 est.

1865 1597 2132 1667 Templum
2169 1596 2302 1650 enim
2327 1593 2424 1647 Dei
2454 1601 2682 1647 sanctum
2722 1599 2818 1656 est,
2847 1591 2922 1644 ait
2963 1591 3274 1660 Apostolus,
3314 1591 3451 1660 quod

1865 1691 1982 1744 estis
2003 1705 2086 1742 vos
2115 1687 2156 1759 (Ι
2185 1688 2302 1740 Cor.
2335 1702 2414 1748 ιιι,
2445 1686 2558 1757 17).
2589 1683 2658 1738 Et
2678 1698 2745 1738 ne
2765 1683 3041 1754 quisquam
3073 1682 3362 1750 respiceret
3385 1681 3450 1736 ad

1871 1791 2134 1838 terrenam
2193 1777 2520 1844 Jerusalem,
2576 1775 2667 1830 ubi
2721 1776 2976 1843 templum
3035 1773 3176 1828 istud
3229 1774 3450 1844 ﬁgurant
3481 1827 3488 1836 ._

1868 1872 2149 1944 quamdam
2187 1868 2550 1938 tempOraliter
2579 1865 2762 1936 gessit,
2801 1864 2940 1920 sicut
2964 1862 3222 1935 oportuit,
3246 1863 3452 1934 signiﬁ-

1871 1965 2008 2019 cavit
2035 1963 2100 2018 de
2129 1977 2295 2033 regno
2315 1971 2517 2016 aeterno
2543 1973 2600 2012 se
2629 1958 2830 2022 dicere,
2851 1957 2990 2025 quod
3019 1964 3101 2010 est
3119 1964 3316 2010 aeterna
3347 1953 3456 2008 luu-

1871 2055 2068 2111 rcdilas
2091 2054 2203 2119 Dei,
2227 2063 2424 2106 :eterna
2441 2049 2756 2104 Jerusalem.
2781 2041 3006 2102 Secutus
3024 2045 3164 2100 enim
3189 2047 3262 2098 ait
3285 2063 3298 2098 :
3331 2045 3458 2110 ρυω

1873 2154 2279 2218 pra'paravernnt
2313 2158 2494 2196 ntanus
2523 2151 2640 2204 tum,
2663 2138 2898 2207 Domine,
2921 2137 3010 2208 qui
3031 2151 3212 2207 regnas
3237 2151 3454 2205 semper,

1873 2247 1920 2294 et
1945 2239 1998 2291 in
2024 2237 2402 2305 sempiternum,
2431 2241 2478 2286 et
2508 2231 2696 2284 adhuc.
2729 2231 2890 2284 Estne
2917 2227 3044 2298 qttid
3072 2228 3203 2282 ultra
3229 2242 3388 2296 quam
3406 2227 3460 2280 in

1874 2325 2273 2398 sempiternam?
2307 2323 2435 2389 Quis
2466 2321 2568 2374 hoc
2592 2319 2818 2374 dixerit?
2855 2318 2964 2373 Cur
2989 2333 3116 2388 ergo
3153 2317 3377 2382 addidit,
3411 2327 3458 2370 ct

1875 2419 2082 2474 adhuc?
2125 2415 2287 2472 Forte
2311 2414 2432 2482 quia
2463 2413 2602 2466 solet
2647 2411 3030 2480 sempiternum
3073 2419 3127 2464 et
3167 2423 3264 2477 pro
3293 2408 3455 2477 longo

1877 2509 2036 2564 nimis
2059 2515 2294 2576 tempore
2317 2503 2560 2572 intelligi,
2589 2501 2656 2556 ad
2681 2501 2784 2555 hoc
2805 2501 3042 2556 additum
3069 2509 3170 2564 est,
3197 2509 3243 2554 et
3271 2498 3458 2562 adhuc,

1879 2610 1936 2656 ut
1957 2613 2142 2655 verum
2177 2597 2582 2666 sempiternum,
2608 2592 2749 2662 quod
2777 2591 2894 2648 siue
2923 2590 3027 2644 ﬁne
3056 2599 3163 2654 est,
3191 2589 3456 2658 intellige-

1879 2699 2043 2746 retur.
2071 2693 2152 2744 An
2179 2689 2302 2758 quia
2327 2695 2514 2757 regnat
2543 2686 2682 2742 Deus
2706 2699 2902 2754 semper
2919 2683 2970 2737 in
2991 2681 3320 2748 caelestibus,
3345 2697 3466 2751 qua:

1879 2784 2062 2840 statuit
2106 2783 2160 2836 in
2189 2780 2440 2836 saeculum
2471 2778 2672 2841 saeculi,
2705 2785 3026 2846 princeptum
3057 2775 3232 2845 posuit
3269 2783 3324 2828 ct
3357 2788 3462 2828 non

1883 2875 2172 2946 prmteribit
2195 2872 2363 2945 (Psal.
2391 2885 2616 2935 chvtu,
2641 2868 2730 2940 6);
2763 2878 2808 2922 et
2847 2869 2900 2922 in
2923 2868 3284 2937 sempiternum
3311 2866 3364 2920 in
3389 2866 3468 2920 eis

1881 2967 2072 3038 quibus
2115 2979 2180 3020 es
2225 2961 2648 3032 transgressione
2691 2957 2940 3028 praecepti
2983 2965 3164 3026 postea
3193 2957 3470 3012 conversis

1887 3069 2108 3130 peccata
2135 3055 2358 3122 dimisit,
2381 3063 2436 3108 et
2461 3067 2554 3108 eos
2583 3051 2874 3121 acquisivit
2897 3065 2962 3106 es
3001 3059 3259 3118 tempore,
3288 3048 3471 3118 eisque

1885 3147 2265 3205 beatitudinem
2303 3145 2420 3200 sine
2464 3144 2568 3198 line
2609 3142 2858 3208 donavit;
2899 3149 3083 3211 regnat
3125 3149 3170 3194 et
3211 3139 3380 3193 adhuc
3417 3139 3468 3192 iu

1885 3255 2000 3306 eos,
2026 3253 2159 3310 quos
2187 3237 2286 3292 sub
2314 3236 2492 3307 populi
2531 3235 2612 3290 sui
2651 3233 2873 3304 pedibus
2899 3233 2950 3286 in
2985 3231 3258 3302 suppliciis
3279 3231 3468 3300 justis-

1889 3334 2042 3388 simis
2071 3328 2374 3386 ordinavit?
2421 3327 2602 3398 Neque
2643 3327 2786 3382 enim
2831 3327 3110 3396 quisquam
3150 3327 3265 3394 ejus
3309 3339 3473 3394 regno

1889 3422 2238 3486 subtrahitur,
2275 3419 2428 3488 cujus
2464 3426 2664 3472 a-terna
2691 3416 2808 3487 lege
2836 3416 2887 3470 in
2915 3415 3290 3470 distributione
3313 3413 3471 3468 dandi

1891 3526 2050 3586 atque
2085 3511 2339 3568 reddendi
2380 3519 2436 3566 et
2475 3509 2679 3564 meritis
2719 3508 3058 3578 praemiorum
3101 3516 3258 3576 atque
3285 3521 3472 3575 poma-

1892 3621 2035 3672 rum,
2067 3613 2122 3660 et
2141 3603 2436 3674 justissima
2457 3600 2792 3656 ordinatione
2811 3607 3070 3653 creatura:
3095 3609 3300 3654 cuncta:
3319 3612 3474 3652 coer-

1893 3705 2100 3752 centur.
2133 3695 2272 3749 Deus
2295 3693 2438 3748 enim
2465 3689 2710 3760 superbis
2737 3689 2960 3753 resistit,
2993 3687 3277 3742 humilibus
3297 3694 3473 3742 autem

1895 3789 1986 3844 dat
2033 3788 2257 3859 gratiam
2309 3783 2510 3856 (Jacobi
2539 3799 2614 3848 Iv,
2659 3781 2736 3852 6).
2791 3781 2926 3847 Quia
2969 3781 3174 3834 intrarit
3229 3779 3477 3850 equitatus

1897 3879 2190 3935 Pharaonis
2231 3893 2344 3931 cum
2385 3873 2616 3930 curribus
2655 3883 2701 3928 et
2737 3871 3120 3926 adscensoribus
3145 3871 3197 3924 in
3235 3884 3406 3932 mare;
3431 3880 3478 3922 et

1897 3971 2110 4026 adduxit
2141 3985 2294 4040 super
2335 3984 2418 4022 eos
2451 3967 2700 4022 Dominus
2735 3979 2894 4034 aquas
2939 3962 3113 4016 maris.
3151 3959 3278 4016 Filii
3314 3969 3480 4018 autent

1899 4064 2064 4121 Israel
2088 4061 2467 4117 ambulauerunt
2491 4076 2584 4131 per
2609 4059 2820 4124 siccum,
2850 4073 2940 4128 per
2965 4055 3185 4110 medium
3211 4069 3369 4108 mare.

1970 4157 2024 4213 4.
2067 4153 2236 4209 Maria
2263 4163 2506 4224 tympano
2541 4157 2800 4220 assumpto
2827 4146 3094 4201 concinens
3123 4143 3244 4215 quid
3273 4145 3476 4215 figurat.

1901 4249 2012 4304 lloc
2032 4245 2264 4301 cantavit
2289 4243 2499 4313 Moyses
2519 4251 2572 4296 et
2599 4241 2690 4294 ﬁlii
2715 4238 2900 4302 Israel,
2929 4239 3032 4292 hoc
3059 4236 3222 4290 Maria
3247 4234 3481 4305 prophe~

1903 4342 2029 4396 tissa
2055 4347 2110 4393 et
2139 4337 2262 4392 lilia-2
2287 4335 2448 4390 Israel
2493 4349 2614 4388 cum
2653 4345 2740 4398 ea,
2789 4331 2892 4384 hoc
2933 4337 2988 4384 et
3027 4343 3124 4382 nos
3163 4327 3344 4390 ntodo,
3371 4326 3483 4380 sive

1901 4432 2002 4486 viri
2027 4440 2080 4486 ct
2103 4429 2332 4492 lentimr,
2363 4426 2476 4480 sive
2505 4424 2722 4496 Spiritus
2741 4433 2797 4478 et
2820 4435 2948 4477 caro
2977 4427 3178 4476 nostra.
3212 4417 3311 4484 Qui
3339 4417 3483 4472 enim

1901 4523 2026 4577 Jcsu
2051 4519 2240 4575 Christi
2277 4528 2417 4582 sunt,
2447 4517 2522 4570 ait
2563 4515 2871 4586 Apostolus,
2917 4527 3119 4566 carnem
3145 4526 3288 4564 suam
3317 4509 3484 4562 cruci-

1904 4615 2125 4684 ﬁxernnt
2169 4626 2283 4665 cum
2313 4607 2630 4680 passionilms
2674 4615 2720 4659 et
2759 4603 3176 4674 concupiscentiis
3204 4599 3395 4672 (Galat.
3428 4615 3483 4664 v,

1904 4705 2018 4776 24).
2059 4703 2174 4760 lloc
2215 4699 2516 4772 signiﬁcare
2555 4705 2910 4767 congruenter
2949 4692 3254 4762 intelligitur
3281 4701 3492 4761 tympa-

1907 4811 2054 4859 num,
2083 4791 2224 4863 quod
2249 4789 2538 4860 assumpsit
2559 4788 2742 4850 Maria,
2759 4795 2818 4840 ut
2843 4787 2966 4838 huic
2989 4784 3193 4838 cantico
3219 4795 3486 4835 consona-

1908 4895 2012 4942 ret.
2043 4885 2102 4940 ιιι
2123 4885 2266 4954 ligno
2287 4881 2427 4937 enim
2449 4894 2575 4935 caro
2601 4877 2922 4940 extenditur,
2949 4883 3004 4932 ut
3024 4883 3328 4947 tympanum
3364 4871 3486 4928 ﬁat:

1909 4985 1964 5032 et
1985 4991 2050 5030 ex
2081 4987 2240 5028 cruce
2277 4971 2490 5026 discunt
2517 4983 2734 5023 suavem
2772 4981 2960 5020 sonum
3000 4963 3186 5035 gratiae
3217 4962 3485 5018 conﬁteri.

1910 5064 2151 5142 llumites
2179 5078 2306 5133 ergo
2331 5075 2426 5132 per
2455 5059 2783 5130 Baptismum
2813 5055 2936 5112 lacti
2971 5053 3152 5126 gratia:
3191 5055 3408 5124 pietate,
3437 5063 3494 5107 et

1911 5155 2170 5212 exstincta
2191 5155 2262 5208 ibi
2289 5163 2470 5208 nostra
2497 5150 2766 5219 superbia,
2798 5163 2896 5218 per
2921 5162 3080 5218 quam
3101 5145 3360 5215 superbus
3387 5147 3497 5200 ini-

1913 5249 2080 5304 micus
2121 5247 2272 5302 nobis
2315 5243 2708 5310 dominabatur,
2753 5251 2810 5298 ut
2839 5241 2950 5312 jam
2985 5245 3071 5312 qui
3109 5239 3392 5311 gloriatur,
3433 5237 3490 5291 in

1915 5339 2140 5395 Domino
2179 5336 2434 5408 glorietur
2478 5334 2522 5409 (ι
2547 5334 2667 5391 Cor.
2707 5350 2746 5400 ι,
2775 5331 2888 5403 51),
2928 5331 3198 5386 Cantemus
3227 5327 3440 5382 Domino
3469 5340 3492 5378 :

1914 5433 2130 5506 gloriose
2157 5431 2288 5486 enim
2315 5429 2668 5502 magniﬁcatus
2701 5437 2810 5494 est;
2839 5441 3018 5499 equum
3041 5431 3088 5479 et
3117 5421 3326 5496 equitem
3365 5433 3494 5489 pro-

1908 5529 2032 5597 jccit
2062 5527 2112 5580 in
2133 5541 2290 5580 ntarc.
