3996 6522
645 328 661 334 δ
767 335 769 337 ,
906 333 914 337 .
970 327 1056 339 δέ.
1104 333 1108 336 .
1139 329 1181 338 μ-
1203 336 1211 338 ν
1284 327 1290 337 ι
1343 329 1360 336 ο
1385 331 1434 336 -.-.
1497 325 1527 335 ΔΑ
1550 325 1609 335 -.λέ
1669 329 1682 334 -
1744 325 1844 336 μνυι»
1874 320 2023 335 ’⁸⁵⁸⁵⁸⁸⁸⁸
2223 327 2606 338 Μῌιαδνῷιο
2726 333 2757 338 -..
2813 336 2818 339 .
2889 335 2894 338 .
3770 337 3831 347 ι..

1707 352 3020 367 --
3273 361 3408 369 νην

1402 654 2347 769 εειιιιιοιιπεε
2423 659 2986 773 DUBII.

1091 856 1218 907 Quos
1238 850 1365 898 inter
1382 850 1465 912 qui
1492 849 1579 898 visi
1604 856 1715 898 sunt
1729 850 1888 899 minus
1910 847 2101 899 referre
2126 850 2460 913 Augustinum,
2489 853 2613 915 typis
2636 854 2970 908 minutioribus
2988 859 3300 911 exhibentur.
3360 908 3361 911 η

2000 985 2367 1034 ὀὒϐὓῦἒο-

1004 1133 1234 1189 SERMO
1271 1130 1559 1186 CCCLXIV
1592 1135 1609 1153 '
1643 1130 1741 1201 ((ι).

797 1268 875 1325 De
897 1269 1143 1325 Samsone
1178 1266 1270 1340 (ὁ).
1306 1266 1481 1321 Judic.
1515 1283 1664 1335 capp.
1693 1278 1923 1319 xm-xvr.

638 1402 689 1456 1.
722 1399 997 1454 Fortitudo
1022 1399 1239 1453 Samson
1274 1414 1335 1452 ex
1383 1396 1581 1467 Spiritu
1612 1394 1726 1450 Dei.
1750 1393 1973 1449 Samson
2002 1389 2153 1445 forti-

570 1492 803 1545 tudinem
847 1489 1031 1543 lubuit
1069 1489 1136 1543 de
1184 1489 1369 1558 gratia,
1415 1502 1521 1540 non
1566 1486 1633 1540 de
1674 1494 1882 1539 natura.
1932 1481 2063 1536 Nam
2106 1479 2151 1534 si

564 1582 715 1635 {ortis
736 1590 879 1635 esset
923 1590 1131 1645 natura,
1159 1595 1279 1633 cum
1307 1578 1356 1632 ei
1383 1578 1607 1646 capillus
1641 1576 1970 1637 demeretur,
1991 1571 2144 1626 forti-

561 1672 689 1724 tudo
707 1686 810 1724 non
833 1670 1174 1723 adimeretur.
1202 1667 1369 1722 Etubi
1387 1676 1500 1721 erat
1528 1666 1613 1719 illa
1642 1663 2007 1734 potentissima
2034 1660 2145 1714 for-

562 1763 747 1826 titudo,
780 1761 878 1815 nisi
912 1762 963 1813 in
992 1776 1055 1814 eo
1093 1759 1231 1829 quod
1254 1758 1522 1825 Scriptura
1551 1755 1703 1820 dixit,
1736 1752 2005 1807 Incedebat
2033 1768 2148 1804 cum

556 1854 648 1907 illo
677 1852 901 1923 Spiritus
935 1849 1189 1904 Domini?
1228 1849 1307 1904 Ad
1339 1847 1547 1902 Domini
1575 1846 1826 1915 Spiritum
1854 1842 2149 1913 pertinebat

558 1946 647 2000 illa
678 1945 951 2000 fortitudo.
982 1944 1037 1997 lu
1060 1944 1286 1998 Samson
1313 1956 1405 1995 vss
1440 1948 1576 2004 erat,
1609 1940 1660 1993 in
1680 1937 1881 2007 Spiritu
1913 1935 2139 2004 plenitu-

555 2037 625 2091 do
651 2046 786 2091 erat.
819 2035 922 2089 Vas
944 2035 1151 2104 impleri
1180 2043 1233 2088 et
1257 2032 1518 2089 exinaniri
1548 2038 1738 2100 potest.
1766 2027 1937 2084 Omne
1960 2036 2138 2081 autem

557 2143 650 2183 vas
674 2127 886 2182 aliunde
909 2126 1069 2180 habet
1093 2125 1561 2195 complcmentmn.
1595 2121 1720 2177 ldeo
1753 2121 1803 2175 in
1836 2120 2001 2174 Paulo
2030 2119 2143 2187 ipsa

553 2218 721 2289 gratia
741 2216 1110 2273 commendata
1141 2226 1245 2283 est,
1276 2215 1491 2287 quando
1519 2215 1693 2269 dictus
1719 2222 1801 2269 est
1827 2228 1913 2266 vos
1936 2211 2142 2265 electio-

553 2311 631 2363 nis
659 2310 677 2377 (
707 2311 817 2363 Act.
852 2324 925 2372 Ix,
956 2308 1078 2377 l5).
1111 2306 1399 2361 Videamus
1441 2320 1570 2373 ergo
1595 2303 1893 2373 Allophylis
1922 2302 2136 2372 qualem

551 2400 858 2470 parabolam
885 2398 1110 2454 Samson
1131 2397 1425 2467 preposuit.
1473 2394 1552 2449 De
1580 2396 1775 2459 edente,
1810 2393 1998 2462 inquit,
2054 2408 2142 2446 εω-

556 2492 644 2546 ivit
664 2492 826 2557 cibus,
855 2501 901 2545 et
951 2491 1015 2544 de
1063 2490 1183 2559 {orti
1225 2499 1296 2543 est
1324 2504 1522 2558 egressa
1552 2487 1786 2541 dulcedo.
1815 2486 2026 2545 Prodita
2058 2494 2143 2542 est

548 2584 665 2639 haec
681 2582 951 2653 parabola,
1004 2582 1177 2637 delata
1229 2580 1296 2636 ad
1339 2581 1559 2645 amicos,
1601 2580 1774 2634 soluta
1822 2588 1935 2648 est;
1969 2579 2140 2633 victus

549 2686 633 2730 est
654 2676 901 2731 Samson.
931 2674 1027 2729 llic
1054 2674 1419 2743 sijustusest,
1455 2673 1581 2727 latet
1615 2690 1627 2726 :
1662 2671 1809 2725 valde
1832 2671 1883 2724 iu
1917 2670 2138 2740 profun-

552 2768 624 2823 do
651 2777 733 2823 est
764 2767 923 2838 hujus
960 2767 1058 2822 viri
1088 2767 1312 2837 iustitia.
1356 2767 1487 2821 Nam
1515 2775 1569 2821 et
1592 2766 1731 2836 quod
1758 2766 1947 2835 legitur
1967 2765 2137 2820 victus

548 2858 816 2914 blanditiis
856 2858 1219 2927 muliebribus,
1251 2858 1464 2930 etquod
1498 2860 1564 2912 ad
1591 2859 1924 2913 meretricem
1970 2858 2135 2911 intra-

559 2952 655 3019 vit,
678 2952 888 3008 videtur
913 2952 1066 3022 hujus
1085 2953 1329 3007 meritum
1356 2952 1605 3006 vacillare
1633 2952 1806 3006 minus
1831 2951 2135 3021 intelligen-

554 3043 695 3098 tibus
720 3052 923 3097 secreta
953 3044 1209 3099 veritatis.
1252 3042 1385 3097 Nam
1406 3053 1458 3097 et
1487 3043 1741 3114 propheta
1778 3058 1993 3097 uxorem
2025 3060 2136 3097 me-

544 3140 793 3188 retricem
823 3142 1087 3202 prrecepto
1115 3132 1325 3186 Domini
1363 3133 1580 3202 jnhetur
1627 3132 1871 3201 accipere
1905 3133 2057 3200 (Osee
2093 3148 2131 3196 l,

543 3225 637 3296 2).
665 3224 912 3280 Fortasse
955 3224 1249 3293 poterimus
1302 3224 1482 3279 dicere
1537 3223 1640 3279 hoc
1671 3225 1721 3278 in
1757 3223 1926 3279 veteri
1952 3225 2134 3279 Testa-

546 3326 726 3371 mento
777 3317 1063 3371 criminosa
1101 3318 1183 3372 vel
1223 3316 1541 3371 damnabilis
1575 3332 1678 3371 non
1707 3317 1886 3382 fuisse,
1920 3320 2131 3388 quando

544 3408 763 3477 quidem
804 3407 902 3463 hoc
927 3408 1069 3478 quod
1098 3408 1309 3464 dicebat
1336 3409 1418 3464 vel
1444 3409 1649 3479 agebat,
1686 3410 1962 3481 prophetia
1993 3421 2126 3465 erat.

546 3498 898 3568 Roqniramus
928 3514 1056 3569 ergo
1085 3499 1208 3570 quid
1249 3500 1627 3569 signiﬁcaverit
1677 3502 1869 3567 victus,
1912 3503 2038 3572 quid
2060 3505 2131 3556 si-

542 3590 874 3659 gniﬁcaverit
900 3589 1088 3656 victor,
1134 3591 1257 3660 quid
1290 3591 1662 3660 signiﬁcaverit
1686 3591 1885 3647 cedens
1918 3593 2128 3647 blandi~

544 3682 630 3735 tiis
651 3681 1018 3745 muliebribus,
1048 3682 1173 3752 quid
1204 3683 1584 3753 signiﬁcaverit
1609 3684 1839 3754 prodens
1861 3695 2125 3741 secretum

544 3774 827 3843 parabolae,
876 3774 1002 3843 quid
1029 3774 1407 3843 signiﬁcaverit
1434 3776 1636 3830 intrans
1661 3776 1727 3831 ad
1768 3780 2123 3843 meretricem,

541 3862 665 3933 quid
688 3860 1066 3932 signiﬁcaverit
1095 3864 1281 3932 vulpes
1309 3865 1544 3933 capiens,
1577 3876 1631 3920 et
1656 3879 1750 3935 per
1782 3868 1979 3922 caudas
2006 3868 2125 3922 vnl-

542 3943 708 4023 pium,
732 3952 920 4022 quibus
952 3953 1124 4022 ignem
1162 3954 1410 4023 alligavit,
1455 3956 1788 4010 inimicorum
1821 3957 2126 4012 fructusin-

542 4043 797 4098 centiens.
831 4042 976 4108 Quos
1001 4042 1210 4113 quidem
1231 4044 1430 4099 fructus
1452 4046 1519 4101 de
1544 4048 1861 4116 compendio
1877 4050 2127 4105 incende-

540 4149 601 4189 re
624 4135 811 4205 potuit,
835 4135 878 4189 si
920 4151 1024 4189 non
1084 4136 1136 4189 in
1183 4137 1428 4205 vulpibus
1474 4141 1785 4208 mysterium
1842 4143 2120 4214 cogitaret.

539 4225 803 4297 Numquid
832 4228 972 4282 enim
1027 4227 1219 4298 stipula
1264 4228 1411 4283 arida
1442 4230 1632 4286 ardere
1665 4248 1767 4285 non
1802 4236 1991 4302 potuit,
2021 4236 2123 4291 nisi

540 4321 713 4391 ignem
769 4336 862 4389 per
917 4336 1034 4375 eam
1093 4322 1280 4391 vulpes
1333 4323 1721 4380 transferrent?
1763 4325 2123 4398 intelligamus

538 4428 668 4482 ergo
694 4412 911 4483 grandia
940 4413 1103 4468 latere
1134 4416 1407 4485 mysteria.

603 4569 618 4588 ⁸
653 4567 940 4618 Fmettdatus
958 4569 1018 4618 ad
1039 4569 1089 4618 b.
1117 4568 1178 4620 cl.
1207 4569 1291 4620 fui.
1318 4582 1358 4621 r;
1387 4573 1520 4647 ει,εά
1540 4582 1640 4623 Am.
1665 4580 1741 4623 Er.
1767 4584 1868 4625 Par.
1894 4583 2002 4628 Lov.

622 4653 672 4714 (ι)
699 4650 836 4709 Alias,
860 4651 924 4700 de
949 4660 1185 4714 Tempore
1214 4655 1316 4705 tO'I.

624 4712 672 4775 b)
696 4714 931 4777 Possidius
954 4714 999 4762 in
1024 4712 1249 4777 lodicula,
1274 4730 1378 4777 cap.
1410 4716 1481 4777 10,
1503 4724 1732 4768 recenset
1750 4725 2001 4772 tractatum
2021 4724 2120 4775 «de

543 4781 858 4855 aereae
873 4776 938 4855 (1σέ
958 4776 1297 4855 resimi“
1319 4776 1399 4855 57;
1426 4776 1819 4855 {censerem
1843 4796 2119 4855 represen-

537 4837 628 4884 ωτι
650 4837 938 4899 arbitramur
962 4837 1007 4887 in
1033 4838 1126 4887 isto
1161 4837 1407 4889 sermone.
1446 4837 1549 4890 Fuit
1590 4837 1708 4890 alias
1746 4837 2120 4899 Lovaniensihus

536 4896 925 4957 dubius,Verlir,to
934 4905 1097 4965 autem
1115 4906 1166 4949 et
1182 4908 1202 4947 κ
1215 4902 1411 4965 indingo
1434 4903 1640 4965 Spurius.
1658 4909 1787 4952 Nunc
1808 4914 1944 4956 certe
1968 4896 2119 4961 multo

536 4965 861 5033 (suamjantea
889 4958 1069 5033 ‘melitu'
1108 4958 1375 5033 aut_minu§
1396 4958 1622 5033 indignus
1644 4967 1907 5026 Augustino
1930 4958 2115 5033 prodit,

538 5019 828 5090 emendatus
845 5021 902 5069 ad
927 5022 1084 5090 varios
1106 5023 1299 5090 codices
1330 5019 1697 5090 manuscriptos,
1713 5019 2117 5090 quorum'auEto:

535 5077 679 5148 ritate
691 5080 750 5148 in
770 5093 831 5148 eo
852 5082 1072 5148 quaedam
1091 5085 1407 5148 restinximus,
1429 5077 1648 5148 quaedam
1670 5077 2118 5145 resecarnusjﬁor-

534 5140 735 5228 diumhin
752 5140 887 5228 prius
908 5145 1103 5228 esensis
1120 5145 1250 5228 istud
1272 5140 1486 5228 habebat
1501 5161 1527 5220 :_
1544 5164 1565 5193 α
1587 5154 1639 5219 in
1663 5149 1870 5228 lectione
1886 5140 2116 5228 istaﬁuie

541 5219 566 5246 ι
592 5203 730 5270 nobis
764 5203 965 5270 recitata
990 5211 1093 5263 est,
1120 5205 1297 5270 fratres
1334 5207 1626 5270 charissimi,
1650 5209 1798 5262 multa
1834 5222 1885 5265 et
1920 5203 2118 5270 nimium

539 5279 564 5307 ε
588 5262 1577 5344 ρὶξςῖιὲρεὶχιιιτι-ιιιὲξξςςὶειφηῑίξιεῐιῐιιιυ.
1602 5262 1716 5344 Quis
1740 5262 1855 5344 quia
1870 5262 2116 5344 ’naii'ﬁaé'l

540 5341 567 5371 ι
588 5325 932 5397 suntbreviter
951 5325 1201 5397 explicari,
1218 5329 1309 5378 hac
1328 5327 1431 5379 sola
1456 5344 1517 5381 ex
1541 5325 1683 5383 causa
1706 5325 1914 5390 Ps'almos
1925 5325 2118 5392 instrui-

544 5403 564 5430 α
589 5398 679 5466 20s
700 5386 975 5466 temperius
986 5386 1221 5466 voluimus
1234 5403 1592 5466 consummare,
1625 5410 1690 5466 ne
1715 5412 1799 5449 vos
1826 5386 2116 5466 sééiiib‘ifré.

541 5462 568 5491 ι
590 5443 733 5518 lixior
756 5443 997 5518 tatigaret.
1024 5455 1077 5497 Et
1098 5452 1222 5518 quia
1231 5452 1347 5518 hora
1383 5443 1797 5509 consuetudinaria
1821 5443 2115 5516 iié'

542 5524 565 5551 ς
589 5514 778 5579 exituri
794 5514 931 5579 estis,
958 5521 1016 5559 ea
1047 5523 1157 5572 qua:
1186 5514 1395 5579 dicenda
1427 5528 1566 5579 sunt,
1605 5524 1870 5572 secundum
1903 5514 2117 5579 vestram

540 5584 562 5653 ξ
584 5568 1137 5653 senescentes:
1159 5574 1352 5653 suae
1376 5586 1426 5651 (ξι
1444 5568 1625 5653 quie'te'
1639 5568 2115 5653 άῐῐέόιόξὶυὶτῖῶ

539 5629 702 5704 idne.
728 5639 939 5704 sanison,
964 5629 1139 5685 fratres
1175 5629 1490 5704 dilectissimi,
1508 5629 1666 5696 (etc.—
1673 5629 1824 5698 153's}
1849 5629 2115 5701 {diana}

531 5698 881 5754 manuscriplis.

2332 1104 2387 1157 2.
2416 1105 2480 1159 1η
2510 1106 2758 1163 Samsone
2785 1112 3033 1181 ﬁguratus
3076 1114 3322 1171 Christus.
3371 1118 3515 1175 Uxor
3561 1123 3854 1184 Sameom's.

2263 1198 2530 1253 Problemn
2549 1202 2729 1271 ipsius.
2769 1204 2903 1271 Quid
2931 1216 3044 1261 erat
3072 1207 3335 1264 Samson?
3364 1212 3417 1267 Si
3461 1215 3660 1283 dicam,
3685 1218 3853 1275 Chri-

2258 1299 2396 1343 stum
2448 1292 2818 1361 signiticabat:
2858 1311 3041 1351 verum
3098 1299 3226 1353 mihi
3272 1300 3451 1358 dicere
3492 1306 3720 1371 videor;
3755 1310 3847 1364 scd

2256 1383 2508 1438 continuo
2553 1387 2783 1441 occurrit
2830 1390 3201 1459 cogitantibus,
3245 1394 3311 1448 Et
3337 1396 3585 1454 Christus
3607 1402 3851 1459 vincitur

2256 1472 2525 1529 blanditiis
2554 1477 2943 1534 muliebribus?
2977 1483 3038 1536 Et
3075 1483 3319 1540 Christus
3345 1492 3616 1558 quomodo
3648 1494 3848 1550 intelli-

2253 1564 2394 1632 gitur
2439 1565 2504 1620 ad
2558 1570 2895 1625 meretricem
2937 1572 3135 1629 intrare
3186 1579 3463 1645 potuisse?
3508 1582 3745 1653 Deinde,
3801 1601 3849 1644 et

2253 1653 2496 1711 Christus
2520 1660 2731 1727 quando
2754 1664 2926 1731 capite
2971 1666 3215 1735 nudatur,
3247 1671 3439 1739 capillo
3467 1675 3697 1743 raditur,
3725 1682 3841 1735 vir-

2254 1755 2362 1801 tute
2406 1750 2681 1818 spoliatur,
2722 1753 2987 1824 alligatur,
3038 1770 3356 1826 exczccatur,
3406 1764 3684 1823 illuditur?
3712 1772 3845 1827 Evi»

2249 1837 2374 1933 gila,
2406 1838 2556 1933 ﬁdes,
2576 1843 2789 1898 attende
2810 1845 2934 1915 quid
2955 1848 3023 1902 sit
3059 1847 3321 1918 Chrisms,
3358 1871 3459 1910 non
3493 1860 3666 1915 solum
3704 1866 3835 1933 quid

2249 1924 2392 2017 iecit,
2425 1930 2517 1983 sed
2547 1935 2704 1987 etiam
2729 1935 2854 2003 quid
2895 1952 3081 2005 passus
3107 1949 3187 1996 est
3211 1942 3472 2002 Christus.
3501 1948 3637 2017 Quid
3662 1924 3837 2010 fecit?

2248 2016 2508 2085 Operatus
2556 2029 2655 2083 est,
2708 2030 2765 2077 ut
2812 2026 3000 2082 fortis:
3030 2044 3217 2097 passus
3245 2042 3356 2100 est,
3390 2046 3446 2091 ut
3477 2016 3741 2097 inﬁrmus.
3770 2046 3825 2099 In

2248 2121 2355 2201 uno
2386 2107 2617 2201 intelligo
2638 2121 2942 2184 utrumque.
2969 2116 3137 2174 Video
3165 2121 3526 2183 fortitudinem
3567 2130 3688 2187 Filii
3715 2135 3830 2201 Dei,

2247 2198 2401 2253 video
2425 2200 2784 2261 inﬁrmitatem
2800 2208 2890 2263 ﬁlii
2910 2210 3157 2267 hominis.
3186 2215 3405 2273 Accedit
3428 2228 3482 2275 et
3508 2223 3678 2293 aliud,
3699 2198 3823 2297 quia

2245 2293 2487 2351 Christus
2515 2306 2674 2366 totus,
2706 2303 2972 2371 quomodo
3014 2321 3135 2361 eum
3158 2308 3426 2381 Scriptura
3455 2293 3824 2388 commendat,

2244 2392 2299 2438 et
2326 2395 2483 2455 caput
2510 2396 2565 2441 et
2587 2403 2779 2459 corpus
2799 2401 2900 2447 est.
2941 2394 3087 2451 Sicut
3116 2398 3365 2456 Ecclesia:
3389 2415 3545 2474 caput
3562 2418 3646 2464 est
3670 2411 3831 2468 Chri-

2244 2482 2374 2570 stus,
2395 2476 2476 2570 ita
2499 2478 2691 2533 Christi
2717 2495 2910 2551 corpus
2963 2486 3197 2544 Ecclesia
3239 2501 3322 2546 est
3351 2492 3369 2563 (
3399 2493 3588 2565 Ephes.
3631 2516 3706 2569 tv,
3736 2504 3829 2570 15.

2243 2576 2288 2619 et
2311 2564 2504 2621 Coloss.
2538 2585 2578 2635 ι,
2618 2570 2684 2625 l8
2715 2574 2753 2640 ).
2788 2573 2983 2630 Etsola
3001 2578 3211 2647 quidem
3249 2591 3308 2637 ut
3333 2599 3439 2639 non
3467 2589 3553 2652 sit,
3584 2564 3707 2645 cum
3734 2564 3826 2648 ea;

2244 2656 2350 2745 pile
2377 2673 2475 2713 suo
2493 2668 2634 2715 totus
2659 2662 2900 2720 Christus
2918 2677 3017 2721 est.
3048 2670 3216 2726 Habet
3251 2689 3378 2745 ergo
3410 2677 3648 2737 Ecclesia
3678 2684 3730 2739 in
3757 2702 3819 2742 se

2240 2743 2425 2811 fortes,
2451 2750 2607 2805 habet
2633 2752 2906 2819 inﬁrmos;
2936 2756 3092 2814 habet
3111 2776 3204 2816 eos
3236 2743 3334 2833 qui
3351 2768 3523 2823 solido
3574 2787 3714 2840 pane
3737 2791 3825 2831 ve-

2242 2849 2485 2906 scuntur,
2506 2841 2664 2898 habet
2683 2859 2775 2899 eos
2790 2848 2879 2916 qui
2898 2848 3073 2906 adhuc
3088 2852 3220 2909 lacte
3236 2858 3501 2913 nutriendi
3515 2872 3661 2918 sunt.
3673 2866 3825 2921 Addo

2237 2931 2398 3021 aliud,
2430 2934 2571 3003 quod
2612 2953 2832 3011 necesse
2863 2950 2945 2996 est
2999 2945 3237 3001 conﬁteri
3266 2966 3279 3001 :
3309 2950 3359 3003 in
3404 2952 3517 3021 ipsa
3565 2958 3822 3015 societate

2237 3020 2723 3095 Sacramentorum,
2738 3036 3214 3094 communicatione
3227 3020 3586 3111 Baptismatis,
3602 3051 3819 3118 partici-

2238 3117 2453 3184 patione
2494 3118 2709 3185 Altaris,
2741 3123 2901 3179 habet
2932 3126 3126 3195 justos,
3161 3129 3319 3186 habet
3366 3117 3612 3203 injustas.
3663 3139 3819 3195 Modo

2234 3208 2375 3261 enim
2405 3224 2601 3279 corpus
2622 3212 2843 3280 Christi,
2870 3216 3008 3285 quod
3025 3219 3212 3286 nosﬁs,
3244 3221 3294 3276 in
3324 3240 3449 3280 area
3479 3237 3561 3282 est
3587 3245 3602 3293 ;
3630 3244 3813 3300 postea

2236 3298 2288 3351 in
2309 3298 2503 3356 horreo
2527 3309 2646 3358 erit.
2703 3306 2903 3363 Tamen
2949 3325 3068 3365 cum
3096 3313 3150 3366 in
3179 3331 3299 3370 area
3326 3328 3425 3383 est,
3470 3337 3573 3379 non
3605 3298 3820 3385 recusat

2236 3390 2415 3456 paleas
2441 3393 2707 3450 sustinere
2738 3413 2752 3449 ε
2799 3412 2920 3453 cum
2954 3409 3160 3471 tempus
3184 3404 3461 3465 advenerit
3493 3420 3811 3486 reponendi,

2234 3481 2465 3578 triticum
2516 3501 2545 3538 a
2596 3487 2762 3554 paleis
2806 3494 3096 3563 segregabit
3136 3495 3348 3565 (Matth.
3391 3517 3468 3569 ιιι,
3509 3481 3631 3578 η).
3663 3481 3817 3575 Qum;

2233 3572 2353 3627 dam
2383 3589 2511 3643 ergo
2557 3575 2681 3633 fecit
2721 3580 2946 3637 Samson
2972 3600 3037 3639 ex
3064 3601 3288 3655 persona
3335 3595 3541 3664 capitis,
3571 3572 3817 3668 quaedam

2233 3680 2297 3719 ex
2328 3681 2550 3735 persona
2595 3674 2858 3741 corporis,
2916 3685 3079 3732 totum
3108 3688 3283 3737 tamen
3311 3700 3377 3740 ex
3406 3703 3632 3757 persona
3659 3692 3816 3750 Chri-

2233 3757 2318 3808 sti.
2348 3756 2402 3811 lu
2422 3774 2486 3811 eo
2515 3760 2657 3816 enim
2685 3764 2824 3830 quod
2853 3766 3073 3824 virtutes
3093 3780 3147 3824 et
3174 3756 3433 3831 mirabilia
3456 3793 3711 3849 operatus
3734 3797 3816 3842 est

2230 3846 2479 3915 Samson,
2509 3862 2665 3920 caput
2696 3853 2947 3911 Ecclesia:
2978 3857 3246 3918 Christum
3274 3846 3625 3935 signiﬁcavit:
3668 3876 3720 3931 in
3750 3895 3813 3934 eo

2230 3948 2407 3992 autent
2441 3941 2581 4009 quod
2635 3945 2924 4012 prudenter
2950 3948 3090 4015 fecit,
3124 3952 3334 4010 illorum
3358 3960 3445 4027 qui
3484 3962 3535 4016 in
3569 3964 3805 4024 Ecclesia

2226 4029 2367 4099 justc
2384 4032 2565 4087 vivunt
2592 4035 2872 4106 imaginem
2897 4042 3060 4109 gessit
3089 4060 3101 4095 :
3137 4046 3222 4101 ubi
3252 4047 3386 4105 forte
3408 4066 3709 4121 praeventus
3724 4074 3803 4115 est

2229 4133 2281 4176 et
2308 4123 2515 4181 incaute
2540 4128 2666 4197 egit,
2691 4145 2784 4185 eos
2812 4134 2899 4201 qui
2941 4136 2994 4189 in
3024 4137 3258 4196 Ecclesia
3290 4158 3595 4212 peccatores
3623 4165 3749 4208 sunt
3768 4158 3804 4222 ⁸,

2229 4214 2491 4313 ﬁguravit.
2521 4219 2769 4277 Meretrix
2797 4240 2953 4293 quam
2976 4227 3199 4286 Samson
3218 4233 3268 4287 in
3293 4238 3596 4308 conjugium
3626 4214 3809 4313 sumit,

2229 4305 2465 4364 Ecclesia
2493 4322 2594 4376 est,
2627 4330 2745 4384 quin
2770 4328 2893 4373 ante
2920 4322 3239 4389 agnitionem
3273 4305 3429 4384 unius
3453 4332 3542 4387 Dei
3561 4349 3681 4389 cum
3705 4338 3811 4394 ἱιίοο

2228 4398 2292 4452 iis
2321 4399 2573 4456 fornicata
2603 4403 2720 4471 fuit,
2744 4423 2900 4476 quam
2942 4422 3122 4479 postea
3149 4416 3245 4471 sibi
3276 4417 3516 4476 Christus
3545 4424 3807 4495 adjuuxit.

2227 4489 2513 4561 Postquam
2533 4511 2657 4551 vero
2684 4497 2751 4551 ab
2780 4515 2845 4555 eo
2866 4500 3152 4559 illuminata
3186 4507 3343 4564 ﬁdem
3373 4489 3628 4584 suscepit,
3647 4520 3808 4575 etiam

2227 4582 2327 4638 hoc
2361 4588 2573 4651 meruit,
2608 4598 2667 4644 ut
2707 4607 2803 4663 per
2839 4609 2959 4650 eum
3013 4598 3199 4654 salutis
3243 4582 3573 4671 sacramenta
3606 4625 3809 4680 cogno-

2225 4687 2417 4742 sceret,
2451 4689 2503 4734 et
2532 4681 2600 4736 ab
2626 4684 2813 4740 eodem
2865 4688 3230 4747 revelarentur
3254 4696 3302 4750 ei
3342 4702 3593 4769 mysteria
3634 4707 3806 4763 coele-

2224 4769 2382 4823 stium
2413 4784 2760 4829 secretorum.
2794 4776 2923 4833 Nam
2982 4786 3205 4851 quaestio
3242 4786 3354 4855 ipsa
3388 4806 3506 4859 quia
3539 4798 3802 4867 continet,

2223 4860 2302 4915 De
2325 4863 2497 4919 edente
2520 4868 2669 4921 exivit
2713 4870 2869 4934 cibus,
2893 4874 3025 4926 etde
3052 4878 3173 4946 forti
3220 4889 3291 4932 est
3330 4897 3529 4951 egressa
3568 4860 3805 4957 dulcedo,

2222 4953 2347 5021 quid
2369 4955 2512 5011 aliud
2539 4958 2800 5029 signiﬁcat
2828 4978 2983 5031 quam
3006 4965 3273 5022 Christum
3300 4985 3328 5022 a
3356 4976 3582 5029 mortuis
3618 4953 3805 5034 resor;

2221 5046 2582 5113 gentem'tDe
2631 5050 2823 5107 edente
2869 5054 3069 5124 utique,
3124 5058 3174 5113 id
3214 5070 3314 5124 est,
3364 5063 3429 5118 de
3475 5078 3646 5123 morte
3688 5088 3810 5141 quas

2222 5144 2409 5189 cuncta
2436 5136 2657 5194 devorat
2703 5151 2862 5213 atque
2890 5148 3175 5215 consumit,
3224 5152 3390 5208 exivit
3412 5156 3561 5211 cibus
3592 5159 3683 5216 ille
3707 5136 3811 5233 iqn't

2221 5225 2381 5319 dixit,
2397 5227 2510 5319 Ego
2539 5246 2650 5284 sum
2672 5238 2817 5301 panis
2842 5235 2999 5300 vivus,
3014 5238 3103 5306 qui
3122 5239 3181 5293 de
3200 5241 3323 5295 caelo
3348 5243 3582 5300 descendi
3605 5251 3623 5319 (
3647 5225 3812 5307 Jotin.

2221 5333 2294 5381 γι,
2328 5318 2390 5372 ﬂ
2424 5316 2464 5390 ).
2498 5320 2667 5388 Quem
2708 5324 2937 5379 humana
2981 5331 3318 5388 exacerbavit
3348 5316 3622 5407 iniquitas,
3646 5354 3699 5396 et
3726 5348 3813 5399 cui

2221 5408 2358 5462 aceti
2404 5420 2457 5463 et
2489 5411 2629 5466 fellis
2676 5413 3083 5488 amaritudinem
3117 5423 3435 5493 propinavit,
3466 5428 3535 5481 ab
3562 5447 3627 5483 eu
3658 5433 3815 5503 plebs

2229 5497 2477 5555 Gentium
2510 5502 2629 5556 vita:
2661 5503 2993 5562 dulcedinem
3048 5525 3305 5569 conversa
3340 5520 3591 5588 suscepit.
3623 5497 3715 5578 A—e
3731 5527 3813 5582 sic

2255 5721 2263 5728 θ
2340 5654 2677 5735 Mssjinjirnmi
2696 5661 2995 5735 sitat..}>aulo
3030 5671 3156 5735 post,
3197 5664 3320 5735 loco,
3351 5669 3615 5732 meretrix,
3646 5674 3819 5727 verius

2227 5721 2267 5767 si
2296 5719 2504 5783 legatur,
2518 5720 2689 5771 mulier
2711 5733 2775 5772 ea:
2792 5719 3086 5791 aliadgenis,
3127 5719 3177 5778 ut
3205 5719 3322 5781 alias
3343 5719 3655 5795 Augustinus.
