3996 6462
261 309 388 364 1611

261 423 329 476 de
355 419 546 475 mortui
576 417 744 472 leonis
770 429 884 482 ore,
931 413 982 467 id
1005 420 1105 478 est,
1148 411 1214 466 de
1242 409 1438 464 Christi
1495 418 1688 476 morte,
1743 409 1834 480 qui

259 511 524 568 accubans
558 507 805 564 dormivit
824 513 880 560 ut
904 504 1010 571 lco,
1037 518 1215 572 apum,
1236 501 1287 555 id
1309 510 1390 556 est
1413 499 1834 556 Christianorum

264 601 518 672 processit
547 614 789 654 examen.
812 595 963 662 Quod
1007 602 1182 648 autem
1211 592 1362 659 dicit,
1411 591 1533 646 Non
1569 592 1837 646 invenisse-

262 693 327 744 tis
351 689 644 761 parobolam
673 704 853 753 meam,
878 687 974 739 nisi
1003 683 1237 738 arassetis
1257 683 1312 737 in
1337 683 1494 736 vitula
1516 696 1663 735 mea:
1687 681 1834 736 vitu-

262 779 310 833 la
342 780 454 834 tunc
483 777 718 832 Ecclesia
745 785 846 840 est,
875 789 992 845 qure
1037 771 1158 827 ﬁdei
1213 771 1486 842 mysteria,
1538 770 1832 834 Trinitatis,

261 868 685 932 resurrectionis,
721 864 914 936 judicii
948 864 1146 934 pariter
1168 871 1220 917 ct
1246 860 1415 930 regni,
1439 859 1493 913 in
1517 859 1652 914 ﬁnes
1683 868 1836 914 terra:

261 975 358 1034 per
385 958 759 1028 Apostolorum
788 965 842 1012 et
869 962 1179 1011 sanctorum
1207 950 1506 1007 doctrinam
1535 965 1598 1004 ac
1635 950 1835 1020 prasdi-

257 1051 523 1104 cntionem
547 1048 796 1118 vulgavit,
823 1056 877 1102 et
897 1044 1310 1115 intelligentibus
1337 1051 1495 1112 atque
1512 1056 1838 1111 cognoscen-

258 1141 400 1197 tibus
419 1151 631 1196 tntcrna:
648 1141 766 1194 vita:
796 1139 1010 1209 prmmia
1038 1135 1360 1206 repromisit.

331 1234 382 1286 ‘5.
409 1231 614 1286 Sodalis
638 1231 823 1284 ducens
846 1229 1006 1298 ipsius
1027 1242 1232 1280 uxorem
1259 1225 1424 1295 ﬁgura
1469 1225 1834 1278 hwreticorum.

272 1321 457 1392 Vulpes
478 1322 640 1389 ignem
661 1321 712 1373 in
727 1319 902 1372 caudis
941 1316 1208 1370 trahentes.
1229 1313 1482 1384 Sequitur
1497 1321 1694 1379 autem,
1713 1312 1836 1365 Ira-

257 1423 340 1466 tus
367 1422 437 1465 est
459 1412 694 1476 Samson,
733 1409 850 1476 quia
897 1407 1042 1460 duxit
1068 1405 1256 1460 sodalis
1325 1405 1434 1474 ejus
1475 1420 1680 1457 uxorem
1706 1403 1834 1473 ejus.

255 1503 467 1558 Sodalis
519 1504 619 1556 iste
664 1502 900 1555 omnium
967 1499 1340 1568 haereticorum
1386 1495 1608 1565 ﬁguram
1649 1494 1832 1565 gessit.

256 1595 503 1662 Magnum
552 1601 838 1658 secretum,
876 1590 1067 1645 fratres
1113 1589 1238 1643 mei.
1290 1586 1419 1641 Nam
1451 1585 1712 1649 haeretici,
1745 1584 1834 1655 qui

255 1688 552 1742 Ecclesium
605 1686 918 1749 diviserunt,
946 1697 1168 1736 uxorem
1209 1679 1420 1735 Domini
1459 1679 1538 1732 sui
1569 1677 1762 1731 ducere
1783 1684 1838 1731 et

253 1779 521 1834 abducere
551 1778 850 1833 voluerunt.
884 1776 958 1830 De
987 1772 1222 1828 Ecclesia
1252 1771 1396 1827 enim
1427 1779 1479 1824 et
1507 1769 1574 1824 de
1590 1769 1835 1838 Evange-

256 1869 343 1924 Iiis
364 1869 626 1934 exierunt,
673 1868 760 1936 qui
807 1881 903 1935 per
951 1863 1237 1934 impietatis
1282 1861 1599 1916 adulterium
1651 1857 1835 1913 Eccle-

260 1959 418 2021 siam,
443 1958 492 2013 id
511 1967 610 2025 est,
655 1957 850 2012 Christi
894 1970 1087 2024 corpus
1116 1954 1167 2007 in
1198 1962 1400 2024 partem
1437 1965 1586 2005 suam
1616 1964 1818 2005 conan-

257 2058 350 2103 tur
379 2049 645 2104 invadere.
678 2048 829 2104 Unde
862 2047 1030 2102 ﬁdelis
1078 2046 1168 2101 ille
1207 2059 1392 2100 servus
1417 2053 1470 2099 ct
1509 2043 1708 2097 amicus
1734 2041 1834 2096 do-

251 2141 468 2194 minica:
509 2154 716 2208 sponsa:
748 2138 976 2207 loquitur
1019 2137 1247 2196 dicens:
1288 2134 1546 2203 Despondi
1593 2133 1724 2186 enim
1753 2146 1835 2185 vos

249 2231 349 2284 uni
374 2232 476 2283 uiro
491 2231 729 2300 virginem
755 2237 945 2282 castam
983 2227 1213 2281 exhibere
1239 2225 1453 2279 Christo.
1486 2224 1553 2277 Et
1583 2223 1837 2292 deprava-

252 2320 297 2374 ti
324 2319 519 2374 sodalis
546 2321 706 2389 tangit
737 2319 877 2372 lideli
906 2318 1019 2372 zelo
1047 2325 1099 2371 et
1128 2315 1498 2382 increpatione
1529 2327 1832 2382 personam.

253 2408 326 2462 Et
354 2410 518 2473 timeo,
545 2410 734 2478 inquit,
758 2427 820 2462 ne
861 2422 987 2461 sicut
1015 2423 1218 2476 serpens
1257 2405 1418 2458 Evam
1441 2405 1659 2468 seduxit,
1693 2405 1766 2456 ita
1789 2413 1836 2456 et

249 2517 435 2555 sensus
462 2501 607 2554 vestri
630 2508 1062 2566 corrumpantura
1083 2497 1290 2550 veritate
1308 2510 1422 2563 qua:
1458 2501 1529 2546 est
1557 2493 1610 2546 in
1635 2490 1836 2548 Christo

247 2590 382 2645 Iesu
408 2592 424 2660 (
452 2590 494 2644 II
517 2589 633 2642 Cor.
678 2605 756 2653 XI,
793 2588 847 2652 ἓ,
879 2589 912 2641 3
937 2588 974 2658 ).
1009 2587 1108 2654 Qui
1138 2595 1313 2639 autem
1365 2591 1488 2637 sunt
1513 2582 1742 2647 sodales,
1785 2582 1836 2636 id

248 2691 361 2750 est,
388 2681 624 2736 haeretici
672 2680 994 2743 desertores,
1027 2678 1118 2748 qui
1148 2674 1410 2746 sponsam
1431 2675 1640 2728 Domini
1680 2675 1830 2728 inva-

247 2775 386 2829 dere
425 2774 728 2837 voluerunt,
761 2771 862 2825 nisi
909 2771 1163 2834 Donatus,
1195 2768 1371 2832 Arius,
1403 2765 1743 2827 Manichznus,
1784 2771 1838 2816 et

246 2874 449 2920 caetera
479 2878 600 2917 vasa
631 2862 831 2918 erroris
868 2869 921 2916 ct
969 2859 1278 2930 perditionis
1303 2859 1327 2912 ?
1371 2858 1443 2911 De
1471 2856 1661 2910 talibus
1690 2856 1832 2925 Apo-

248 2955 428 3009 stolus
457 2954 583 3008 dicit
614 2972 626 3007 :
661 2953 822 3005 Audio
851 2953 902 3004 in
948 2951 1104 3015 vobis,
1161 2949 1353 3018 inquit,
1393 2948 1638 3001 scissuras
1688 2961 1792 3000 esse
1815 2960 1835 2999 :

248 3046 388 3100 alius
403 3045 532 3098 enim
561 3044 702 3108 dicit,
739 3041 849 3112 Ego
883 3041 1085 3110 quidem
1111 3056 1222 3092 sum
1264 3036 1416 3090 Pauli
1443 3054 1461 3101 ;
1491 3037 1621 3090 alius
1645 3043 1834 3101 autent,

250 3135 372 3206 Ego
401 3135 618 3204 Apollo;
647 3134 780 3186 alius
803 3149 937 3196 vero,
961 3130 1072 3200 Ego
1093 3129 1311 3198 Cephw(
1337 3129 1355 3182 l
1382 3128 1496 3181 Cor.
1518 3143 1555 3192 t,
1582 3128 1670 3192 11,
1704 3125 1770 3179 12
1791 3126 1832 3196 ).

253 3225 543 3280 Videamus
570 3222 726 3292 igitur
775 3222 1028 3290 mysticus
1072 3218 1170 3272 iste
1219 3217 1442 3271 Samson
1474 3215 1600 3286 quid
1652 3214 1835 3270 fecerit

247 3315 493 3370 oll‘eusus
544 3313 596 3365 in
629 3326 792 3365 uxore
829 3310 895 3364 ab
938 3309 1131 3363 alieno.
1174 3308 1326 3376 Cepit
1355 3307 1496 3360 enim
1533 3305 1736 3374 vulpes,
1780 3304 1834 3358 id

247 3413 361 3471 est,
383 3403 742 3459 adulterantes
766 3401 996 3465 sodales,
1028 3400 1094 3454 de
1142 3399 1332 3469 quibus
1353 3398 1546 3452 dicitur
1585 3397 1635 3450 in
1657 3395 1835 3450 Canti-

247 3495 335 3550 cis
359 3493 702 3556 canticorum,
734 3491 911 3562 Capite
955 3492 1094 3543 nobis
1121 3490 1291 3559 uulpes
1340 3487 1575 3558 pusillas,
1599 3487 1832 3540 extermi-

249 3595 432 3640 nantes
458 3587 623 3640 vincas
648 3583 668 3657 (
691 3584 833 3637 (lant.
865 3599 922 3648 ll,
953 3584 1015 3637 15
1046 3581 1086 3652 ).
1120 3581 1257 3648 Quid
1279 3590 1380 3644 est,
1405 3578 1581 3649 Capite
1598 3579 1623 3631 .9
1647 3577 1704 3634 Id
1726 3587 1828 3642 est,

249 3675 713 3746 comprehendite,
766 3673 1082 3737 convincite,
1130 3669 1432 3734 confutata;
1465 3685 1533 3725 ne
1577 3669 1831 3724 extermi-

250 3775 452 3822 nentur
475 3765 848 3820 ecclesiastica:
875 3763 1065 3818 vincat.
1089 3762 1224 3829 Quid
1257 3771 1336 3816 cst
1363 3761 1502 3815 aliud
1535 3761 1720 3830 vulpes
1740 3775 1829 3814 ca-

247 3872 408 3928 pere,
428 3857 525 3910 nisi
547 3856 822 3910 haereticos
841 3854 1031 3908 divina:
1045 3855 1176 3923 legis
1196 3853 1511 3906 auctoritate
1529 3851 1829 3917 revincere,

245 3959 310 4004 et
352 3957 653 4004 sanctarum
680 3947 1070 4015 Scripturarum
1101 3945 1417 4000 testimoniis
1441 3945 1584 3999 velut
1614 3943 1833 4012 quibus-

207 4074 216 4079 -
245 4040 380 4095 dam
408 4039 628 4092 vinculis
652 4037 871 4106 alligare
894 4044 1052 4104 atque
1077 4035 1482 4105 constringere?
1511 4033 1710 4102 Vulpes
1735 4048 1828 4088 ca-

248 4130 354 4200 pit,
406 4128 578 4198 ligatis
615 4127 786 4197 ignem
841 4126 1023 4181 caudis
1068 4126 1304 4195 apponit.
1355 4124 1489 4192 Quid
1522 4124 1621 4180 sibi
1650 4124 1834 4179 volunt

247 4218 440 4275 caudae
469 4217 700 4287 vulpium
723 4216 1016 4286 colligatte?
1041 4215 1236 4270 Caudze
1264 4216 1495 4286 vulpium
1524 4214 1648 4284 quid
1676 4223 1820 4280 sunt,

250 4311 360 4366 nisi
390 4308 678 4380 posteriora
707 4307 1093 4370 haereticorum,
1137 4307 1224 4375 qui
1254 4307 1423 4376 prima
1455 4306 1653 4360 habent
1682 4305 1833 4360 blan-

256 4401 324 4457 da
342 4408 397 4455 et
422 4398 720 4467 deceptoria
751 4415 764 4451 :
795 4397 969 4467 ligata,
993 4397 1044 4450 id
1063 4406 1163 4462 est,
1194 4397 1464 4461 damnata,
1491 4405 1545 4451 et
1578 4396 1751 4467 ignem
1779 4397 1833 4450 in

251 4492 366 4546 ﬁne
391 4488 646 4543 trahentia
672 4506 686 4554 ;
715 4497 771 4542 ut
795 4503 978 4543 eorum
994 4486 1198 4542 fructus
1224 4497 1276 4543 ct
1305 4487 1466 4558 opera
1491 4497 1830 4554 consumant,

248 4583 351 4650 qui
403 4580 513 4634 suis
579 4578 975 4635 seductiouibus
1030 4580 1419 4648 acquiescant?
1466 4580 1606 4634 Dicit
1632 4579 1834 4634 homini

252 4670 440 4736 modo,
462 4669 577 4724 Noli
604 4668 787 4724 audire
812 4669 1111 4734 hmrcticos,
1142 4671 1250 4725 noli
1290 4671 1630 4740 acquiescere
1662 4669 1834 4724 lucre-

251 4760 397 4818 ticﬁs.
432 4759 752 4829 Respondet,
807 4759 1028 4827 Quare?
1075 4759 1338 4830 Numquid
1384 4760 1472 4815 ille
1510 4768 1563 4814 et
1593 4759 1678 4814 ille
1727 4773 1832 4812 non

248 4849 800 4910 attdivitbmretieos?
843 4849 1105 4918 Numquid
1145 4859 1200 4904 ct
1251 4852 1386 4906 alius
1433 4851 1654 4921 quilibet
1689 4849 1834 4905 chri-

256 4945 469 5000 stiauus
501 4957 602 4998 nou
633 4951 776 4995 tanta
817 4940 952 4995 mala
984 4940 1272 5004 commisit,
1305 4949 1444 4994 tanta
1473 4941 1731 4996 adulteria
1754 4940 1834 4995 fe-

249 5037 352 5098 cit,
383 5042 556 5087 tantas
577 5032 788 5102 rapinas
804 5031 1038 5086 exercuit
1059 5033 1082 5082 ?
1114 5030 1317 5100 thuid
1346 5031 1420 5085 illi
1460 5032 1679 5101 contigit
1721 5046 1834 5086 ma-

247 5128 339 5185 li?
375 5126 548 5181 Prima
579 5125 810 5194 vulpium
858 5133 1002 5191 sunt,
1028 5139 1145 5194 quae
1191 5121 1394 5178 seducti
1432 5123 1712 5178 attendunt
1739 5140 1754 5188 ;
1778 5132 1832 5178 et

247 5229 402 5277 retro
429 5228 511 5274 cst
539 5217 694 5287 ignis.
739 5216 901 5281 Nihil,
949 5215 1136 5285 inquit,
1169 5215 1242 5269 illi
1283 5214 1519 5284 contigit.
1570 5213 1833 5284 Numquid

247 5312 379 5384 quia
407 5307 675 5380 praecedit,
712 5317 829 5376 post
857 5321 917 5360 sc
941 5306 1072 5360 nihil
1103 5305 1310 5360 trahit?
1352 5304 1615 5360 Venturus
1652 5313 1734 5359 est
1761 5304 1828 5359 ad

245 5410 430 5474 ignem
459 5399 826 5470 posteriorem.
859 5397 1017 5451 Putas
1049 5405 1225 5451 autem
1252 5395 1372 5466 quia
1398 5395 1630 5451 haeretici
1659 5395 1833 5466 ignem

249 5491 472 5552 trahunt
496 5489 638 5546 unde
663 5488 884 5543 ardeant
905 5486 1104 5543 fructus
1141 5487 1493 5552 inimicorum,
1526 5495 1579 5541 ct
1608 5487 1706 5556 ipsi
1727 5501 1834 5542 non

247 5583 563 5642 ardebant?
593 5581 719 5636 Siue
739 5579 900 5635 dubio
919 5580 1062 5635 enim
1089 5579 1293 5650 vulpes,
1317 5580 1404 5634 ubi
1428 5593 1628 5634 messes
1649 5581 1833 5635 incen-

249 5679 467 5743 derunt,
491 5683 544 5731 et
587 5675 716 5743 ipsa:
763 5673 942 5742 utique
970 5682 1232 5728 arserunt.
1291 5673 1477 5730 Videte
1517 5688 1641 5744 ergo
1689 5673 1833 5744 judi-

527 5766 800 5828 Psrnon.
849 5762 1150 5826 XXXIX.

1591 297 1819 354 SERMO
1855 295 2161 352 CCCLXIV.

3370 297 3392 349 1
3405 297 3504 352 642

1953 411 2092 464 cium
2150 410 2410 465 lucreticis
2465 419 2635 473 retro,
2690 409 2954 479 quomodo
3001 424 3106 465 non
3161 410 3339 465 vident
3404 421 3524 481 post

1946 516 2024 557 se.
2047 502 2255 557 llabcnt
2299 503 2677 570 blandimenta,
2706 511 2762 556 ut
2787 502 3067 569 mulceant,
3101 503 3297 572 primas
3343 512 3522 573 partes

1943 609 2068 648 suas
2120 594 2316 650 liberas
2363 594 2695 650 ostendunt:
2739 594 2789 648 in
2839 594 3036 665 judicio
3102 595 3198 651 Dei
3253 597 3304 650 in
3347 597 3520 665 ligatis
3588 584 3594 590 ’

1943 687 2147 753 caudis,
2182 686 2233 740 id
2263 696 2362 752 est,
2392 688 2445 742 in
2500 686 2880 758 posterioribus
2929 686 3039 741 suis
3077 686 3251 758 ignem
3281 687 3516 752 trahunt,

1942 779 2062 848 quia
2090 778 2394 848 improbitas
2425 778 2674 848 prmcedit
2715 792 2897 846 pmnas
2939 791 3081 831 suas.

2012 868 2065 921 4.
2107 868 2342 922 Accessus
2379 867 2448 920 ad
2488 868 2810 921 meretricem.
2855 865 3028 920 Porta:
3063 868 3295 932 civitatis,
3329 883 3443 920 cum
3488 884 3517 918 a

1941 973 2116 1011 somno
2141 958 2459 1024 surrexisset,
2490 959 2543 1010 in
2569 967 2782 1011 montem
2817 957 3015 1010 ablata.
3045 956 3196 1022 Quod
3226 965 3403 1011 autem
3436 958 3517 1011 in~

1944 1049 2100 1102 travit
2123 1047 2187 1102 ad
2211 1047 2570 1112 meretricem,
2602 1049 2644 1102 si
2672 1047 2786 1102 sine
2827 1061 2983 1100 causa
3025 1045 3169 1113 fecit,
3199 1045 3519 1116 quicumque

1943 1141 2083 1205 fecit,
2113 1142 2412 1196 immundus
2433 1125 2566 1196 dest:
2599 1141 2644 1196 si
2673 1151 2846 1195 autem
2873 1140 3135 1210 protiheta
3175 1141 3317 1206 fecit,
3341 1155 3520 1194 saera-

1940 1240 2176 1286 mentum
2215 1241 2316 1286 est.
2357 1232 2412 1288 Si
2439 1247 2546 1286 non
2575 1232 2644 1286 ita
2673 1232 2882 1286 intravit
2908 1240 2964 1286 ut
2989 1232 3369 1288 concumberet
3395 1247 3516 1288 cum

1940 1335 2022 1384 ea,
2056 1321 2292 1393 mystcrii
2319 1336 2477 1376 causa
2505 1321 2744 1376 fortassis
2771 1321 3004 1375 intravit.
3035 1321 3141 1376 Sed
3169 1321 3520 1377 concubuisse

1940 1425 2045 1466 non
2079 1411 2324 1481 legimus.
2362 1411 2630 1482 Sequitur,
2662 1410 2865 1464 Inimici
2910 1427 3024 1464 vero
3067 1411 3422 1481 exspectabant
3449 1410 3520 1463 ad

1941 1512 2110 1572 portas
2136 1504 2368 1570 civitatis,
2409 1514 2464 1558 ut
2502 1503 2974 1575 comprehenderent
3001 1520 3132 1569 eum,
3157 1520 3271 1557 cum
3298 1521 3331 1557 α
3357 1520 3520 1557 mere-

1939 1594 2078 1661 trice,
2111 1595 2179 1647 ad
2221 1611 2374 1664 quam
2418 1595 2709 1659 intraverat,
2756 1589 2936 1664 fuisse!
2975 1609 3219 1665 egressus.
3265 1593 3364 1648 Ille
3405 1610 3518 1648 vero

1939 1686 2234 1742 dormiebat.
2265 1685 2455 1741 Videte
2503 1685 3095 1756 quemadmodum'non
3139 1686 3394 1755 scriptum
3437 1697 3520 1741 est

1938 1779 2061 1850 quia
2105 1779 2302 1834 mixtus
2343 1787 2427 1834 est
2468 1779 2770 1843 meretrici;
2817 1777 2910 1832 sed
2964 1778 3220 1848 scriptum
3265 1786 3348 1832 est
3395 1778 3516 1847 quia

1938 1871 2236 1924 dormiebat.
2273 1869 2370 1924 Ubi
2407 1871 2708 1935 exsurrexit,
2735 1869 2924 1940 inquit,
2953 1870 3118 1923 media
3147 1879 3290 1922 nocte
3309 1869 3446 1936 exiit,
3473 1878 3520 1924 et

1937 1959 2141 2013 abstulit
2173 1970 2341 2029 portas
2371 1960 2582 2013 civitatis
2610 1960 2768 2030 ipsius
2801 1976 2914 2013 cum
2941 1960 3086 2024 seris,
3106 1969 3152 2013 et
3177 1959 3375 2014 easdem
3401 1976 3521 2029 por-

1939 2060 2015 2104 tas
2045 2051 2218 2104 levavit
2245 2051 2298 2104 in
2327 2066 2564 2103 cacumen
2609 2050 2810 2113 montis,
2840 2058 2887 2102 et
2929 2049 2990 2101 ab
3033 2049 3318 2119 Allophylis
3365 2050 3520 2103 teneri

1938 2158 2037 2194 non
2091 2142 2268 2209 potuit.
2313 2141 2502 2195 Portas
2541 2140 2789 2205 civitatis,
2833 2140 3023 2210 quibus
3076 2139 3142 2193 ad
3183 2141 3515 2195 meretricem

1938 2229 2168 2294 intravit,
2191 2230 2425 2296 abstulit,
2454 2241 2508 2285 et
2537 2230 2588 2283 in
2617 2241 2849 2285 montem
2879 2230 3087 2284 levavit.
3109 2229 3244 2296 Quid
3271 2238 3355 2283 est
3384 2229 3519 2282 hoc?
3562 2281 3568 2286 .

1938 2319 2203 2374 lnfernum
2247 2329 2300 2374 et
2334 2335 2569 2373 amorem
2612 2314 2867 2383 mulieris,
2915 2327 3198 2387 utrumque
3247 2317 3516 2388 Scriptura

1937 2410 2226 2478 coniungit.
2273 2409 2469 2464 Inferni
2517 2410 2798 2479 imaginem
2848 2408 3062 2463 tenebat
3107 2409 3298 2463 domus
3340 2425 3515 2464 mere-

1939 2499 2106 2554 tricis.
2147 2500 2310 2555 Recte
2354 2516 2448 2568 pro
2491 2499 2675 2554 inferis
2706 2500 2950 2568 ponitur:
2977 2501 3099 2568 quia
3127 2501 3395 2555 neminem
3430 2516 3517 2555 re-

1937 2591 2112 2660 pellit,
2144 2599 2197 2645 et
2221 2605 2433 2644 omnem
2465 2590 2750 2644 intrantem
2779 2589 2842 2643 ad
2871 2604 2930 2644 se
2975 2589 3135 2643 trahit
3164 2588 3343 2660 (Prov.
3381 2606 3512 2656 xxx,

1943 2681 2063 2750 16).
2092 2681 2441 2751 Agnoscimus
2469 2680 2569 2735 hoc
2599 2681 2716 2735 loco
2741 2680 3112 2750 Redemptoris
3141 2681 3310 2735 nostri
3329 2697 3513 2750 opera,

1939 2779 2215 2840 postquam
2253 2771 2551 2841 Synagoga,
2576 2771 2642 2824 ad
2676 2785 2834 2840 quam
2862 2779 3098 2836 venerat,
3125 2786 3155 2825 a
3189 2786 3247 2826 se
3275 2786 3371 2842 per
3397 2771 3515 2827 dia-

1938 2858 2118 2912 bolum
2149 2870 2394 2929 separata
2426 2869 2527 2926 est,
2572 2870 2914 2930 posteaquam
2956 2861 3249 2916 decaleavit
3287 2877 3431 2928 cum,
3463 2863 3516 2918 id

1936 2958 2038 3014 est,
2068 2949 2122 3002 iu
2153 2949 2272 3004 loco
2295 2950 2547 3004 Calvaria:
2573 2951 2851 3015 cruciﬁxit,
2879 2950 2944 3005 ad
2976 2950 3178 3006 inferna
3207 2951 3514 3018 descendit;

1936 3047 1990 3093 et
2032 3039 2232 3093 inimici
2261 3041 2628 3096 custodiebant
2655 3041 2830 3096 locum
2860 3041 3193 3109 dormientis,
3221 3042 3272 3096 id
3302 3051 3404 3108 est,
3431 3057 3536 3101 se-.

1937 3129 2210 3197 pulcrum;
2243 3140 2297 3184 et
2331 3145 2522 3200 capere
2553 3131 2804 3186 volebant
2828 3146 2986 3201 quem
3017 3131 3198 3187 videre
3223 3147 3328 3186 non
3359 3141 3513 3202 pote-

1938 3229 2076 3275 rant.
2117 3220 2210 3276 llle
2248 3230 2424 3277 autem
2472 3221 2768 3277 dormiebat
2797 3216 3046 3278 ibi.'lloc
3083 3223 3204 3278 ideo
3227 3223 3358 3291 dixi,
3394 3225 3516 3295 quia

1934 3327 2059 3366 vera
2090 3326 2233 3365 mors
2258 3320 2390 3366 erat.
2421 3311 2574 3378 Quod
2615 3312 2811 3367 dictum
2857 3322 2958 3380 est,
2991 3313 3164 3367 Media
3211 3324 3354 3369 nocte
3395 3331 3512 3368 sur-

1935 3404 2102 3463 rexit;
2132 3400 2232 3456 hoc
2261 3402 2546 3472 signiﬁcat,
2578 3403 2700 3472 quia
2730 3403 2780 3457 in
2813 3413 3021 3458 secreto
3048 3405 3295 3459 surrexit.
3319 3405 3517 3474 Aperte

1936 3491 2076 3546 enim
2107 3506 2294 3561 passus
2325 3502 2443 3557 est;
2474 3494 2603 3548 solis
2627 3503 2804 3549 autem
2834 3495 3106 3564 discipulis
3134 3505 3188 3549 et
3213 3497 3374 3550 certis
3401 3497 3516 3565 qui-

1934 3580 2282 3650 buscumque,
2325 3596 2447 3636 cum
2500 3583 2762 3648 surrexit,
2817 3582 3182 3637 manifestatus
3222 3591 3324 3638 est.
3376 3584 3516 3654 Ergo

1935 3669 2078 3738 quod
2115 3669 2350 3738 intravit,
2390 3685 2578 3725 omnes
2606 3670 2890 3736 viderunt;
2917 3671 3058 3740 quod
3086 3673 3334 3738 surrexit,
3364 3675 3514 3742 pauci

1934 3767 2315 3829 cognoverunt,
2355 3767 2642 3815 tenuerunt
2664 3769 2719 3814 et
2745 3761 3115 3830 palpaverunt.
3147 3761 3306 3817 Tollit
3336 3773 3511 3820 tamen

1936 3860 2117 3918 portas
2138 3851 2388 3916 civitatis,
2411 3850 2464 3904 id
2497 3858 2600 3916 est,
2622 3850 2797 3905 aufert
2820 3860 2999 3920 portas
3033 3850 3242 3906 inferni.
3266 3852 3403 3920 Quid
3431 3863 3516 3910 est

1935 3949 2115 4008 portas
2153 3939 2343 3995 inferni
2385 3941 2601 4006 tollere,
2640 3941 2740 3995 nisi
2783 3942 2969 3996 mortis
3013 3942 3291 4012 imperium
3336 3959 3516 3999 remo-

1935 4030 2115 4084 vere?
2184 4030 2494 4101 Recipiebat
2549 4031 2690 4086 enim
2743 4039 2798 4087 et
2851 4045 2956 4086 non
3004 4033 3326 4088 remittebat.
3378 4035 3516 4101 Quid

1936 4127 2112 4174 autem
2141 4120 2267 4174 fecit
2311 4121 2564 4177 Dominus
2591 4131 2774 4178 noster
2801 4123 2957 4178 Jcsus
2984 4123 3262 4179 Christus?
3310 4126 3516 4181 Ablatis

1938 4210 2104 4278 portis
2133 4213 2338 4274 mortis,
2365 4211 2604 4266 ascendit
2629 4213 2681 4266 in
2714 4226 2968 4267 cacumen
3001 4215 3212 4269 montis.
3259 4214 3515 4270 Novimus

1936 4301 2076 4354 enim
2105 4315 2227 4355 eum
2255 4310 2310 4356 et
2333 4302 2709 4369 resurrexisse,
2738 4311 2792 4357 et
2816 4303 2868 4356 in
2891 4305 3055 4359 caelos
3079 4305 3404 4360 ascendisse.

2008 4393 2060 4448 5.
2116 4391 2281 4447 Virtus
2315 4394 2369 4446 in
2398 4392 2614 4463 capillis.
2647 4391 2933 4448 Excwcatio
2963 4403 3012 4448 et
3050 4411 3184 4448 mors
3223 4396 3511 4451 Samsonis.

1938 4481 2071 4550 Quid
2095 4491 2177 4538 est
2203 4492 2378 4538 autem
2405 4482 2549 4553 quod
2575 4483 2628 4538 in
2657 4483 2864 4553 capillis
2889 4483 3133 4540 virtutem
3157 4485 3419 4540 habebat?
3449 4488 3518 4541 Et

1939 4573 2061 4640 hoc,
2103 4573 2318 4641 fratres,
2358 4575 2639 4646 diligenter
2665 4575 2941 4630 attendite.
2969 4575 3228 4630 Virtutem
3272 4591 3376 4630 non
3423 4577 3517 4630 ha-

1939 4665 2052 4719 buit
2091 4666 2142 4720 in
2189 4681 2369 4730 manu,
2401 4681 2506 4721 non
2538 4666 2590 4720 in
2638 4665 2793 4736 pede,
2824 4682 2930 4721 non
2974 4666 3026 4720 in
3059 4676 3292 4735 pectore,
3324 4662 3428 4722 non
3461 4669 3512 4724 iu

1939 4756 2056 4826 ipso
2082 4756 2288 4826 capite;
2333 4756 2428 4812 sed
2474 4757 2526 4810 in
2566 4756 2791 4826 capillis,
2822 4757 2876 4811 in
2916 4757 3168 4812 crinibus.
3210 4757 3345 4826 Quid
3390 4770 3517 4815 sunt
3587 4817 3592 4820 ,

1939 4847 2154 4917 capilli?
2181 4847 2309 4917 quid
2347 4849 2550 4902 comas?
2581 4849 2647 4903 Et
2675 4863 2771 4904 nos
2797 4849 3058 4917 videmus,
3085 4859 3139 4904 et
3161 4850 3516 4920 interrogatus

1939 4937 2225 5008 Apostolus
2282 4936 2569 5008 respondet
2623 4938 2810 5005 nobis,
2854 4938 3010 4993 Coma
3057 4939 3388 4994 uelamentum
3444 4955 3517 4997 est

1941 5030 1993 5101 (l
2025 5031 2142 5085 Cor.
2178 5047 2256 5099 ιι,
2298 5032 2417 5101 15).
2459 5031 2528 5086 Ει
2566 5031 2620 5087 in
2664 5033 2962 5088 velamento
3000 5033 3244 5090 Christus
3287 5035 3518 5093 habebat

1943 5123 2211 5188 virtutem,
2229 5121 2443 5193 quando
2468 5122 2670 5178 umbrae
2691 5124 2884 5178 veteris
2912 5123 3068 5195 Legis
3099 5141 3218 5181 cum
3247 5129 3512 5198 tegebant.

1939 5214 2104 5270 Coma
2125 5229 2252 5286 ergo
2268 5214 2491 5270 Samson
2519 5215 2571 5268 in
2599 5215 2898 5270 velamento
2915 5225 3058 5282 erat;
3083 5217 3204 5288 quia
3233 5219 3282 5273 in
3301 5217 3514 5274 Christo

1941 5304 2084 5360 aliud
2113 5304 2408 5370 videbatur,
2438 5313 2492 5360 ct
2533 5304 2674 5360 aliud
2716 5306 3128 5378 intelligebatur.
3159 5309 3292 5377 Quid
3335 5318 3512 5364 autem

1940 5396 2041 5453 sibi
2077 5396 2211 5464 vult,
2235 5395 2374 5467 quod
2413 5396 2679 5466 proditum
2709 5405 2792 5452 est
2816 5408 3102 5466 secretum,
3135 5408 3190 5454 et
3213 5399 3514 5455 dccalvatus

1941 5499 2024 5544 est
2049 5488 2316 5545 Samson?
2337 5489 2647 5560 Contempla
2675 5499 2758 5546 est
2794 5491 2924 5557 Lex,
2955 5503 3010 5549 et
3039 5508 3224 5563 passus
3251 5500 3333 5548 est
3359 5492 3518 5548 Chri-

1941 5588 2073 5634 stus.
2099 5579 2367 5635 Christum
2407 5581 2548 5635 enim
2579 5597 2684 5636 non
2727 5582 3052 5648 occiderent,
3084 5581 3128 5636 si
3168 5582 3361 5652 Legem
3407 5599 3514 5640 non

1941 5673 2404 5746 contempsissent.
2448 5671 2576 5729 Nam
2606 5683 2862 5729 noverant
2896 5683 2948 5730 et
2978 5674 3075 5742 ipsi
3101 5674 3222 5742 quia
3247 5675 3326 5732 eis
3356 5673 3516 5738 Chri-

2552 5763 3199 5847 {Cinqttantc—deux.)
