3996 6462
521 285 541 338 Ι
553 284 654 338 6όῦ

521 405 661 448 stum
693 407 799 447 non
819 392 1009 446 licebat
1035 388 1295 443 occidere.
1325 385 1575 440 Dicebant
1594 382 1779 451 iudici,
1806 378 1964 434 Nobis
1992 394 2092 430 non

519 487 633 539 licet
674 483 897 537 occidere
939 482 1156 550 aliquem
1203 478 1379 550 (Joan.
1426 491 1581 537 xvm,
1624 474 1736 544 5i).
1789 470 2101 525 Decalvatus

521 588 602 632 est
647 576 907 641 Samson,
952 573 1181 628 revelata
1230 576 1355 623 sunt
1398 568 1687 630 condensa,
1729 572 1989 619 remotum
2020 568 2104 614 est

522 686 567 718 γε
588 668 913 731 lamentum;
943 673 996 718 et
1020 661 1262 717 Christus
1282 659 1372 729 qui
1402 657 1598 712 latebat
1624 655 1890 725 apparuit.
1913 650 2100 721 Capilli

519 769 695 813 autem
728 754 943 810 redivivi
974 762 1131 822 caput
1164 751 1459 805 vestierunt
1489 766 1503 803 :
1542 747 1664 817 quia
1695 745 1861 800 Judaei
1890 757 1990 797 nec
2019 757 2104 794 re—

522 858 827 920 surgentem
858 846 1128 900 Christum
1159 842 1380 897 crcdere
1408 840 1707 894 voluerunt.
1742 836 1861 889 Fuit
1885 833 2101 905 quidcnt

526 945 576 994 in
615 938 920 994 molendino
965 945 1217 999 ezccatus,
1252 934 1342 987 fuit
1388 933 1439 987 in
1487 931 1648 986 domo
1689 928 1941 985 carceris.
1991 926 2101 981 Do-

522 1046 640 1084 mus
666 1028 897 1083 carceris
926 1026 1007 1079 vel
1031 1024 1417 1086 molendinum,
1436 1021 1587 1075 labor
1616 1029 1699 1074 est
1718 1019 1874 1088 hujus
1900 1015 2102 1071 szeculi.

523 1120 823 1174 Excaecatio
853 1126 1030 1171 autem
1075 1116 1300 1171 Samson
1341 1113 1459 1166 illos
1489 1111 1709 1177 indicat,
1740 1109 1827 1179 qui
1875 1106 2103 1161 infideli-

522 1222 629 1266 tate
670 1211 851 1266 eiecati
894 1210 1163 1264 Christum
1210 1222 1307 1261 nec
1354 1206 1574 1259 virtutes
1618 1211 1959 1273 operantem.
2008 1214 2104 1253 nec

520 1303 898 1358 ascendentem
940 1300 1007 1355 ad
1034 1298 1271 1355 cmlcstia
1293 1303 1678 1367 cognoverunt.
1709 1293 1936 1348 Czecitas
1978 1306 2105 1360 ergo

522 1411 679 1463 quam
708 1378 1044 1459 intulerunt,
1073 1392 1365 1445 caecitatem
1418 1388 1722 1443 Judzcorum
1754 1384 2102 1455 significabat.

522 1486 767 1539 Christus
796 1496 976 1539 autem
1012 1498 1040 1536 a
1068 1481 1266 1537 Judzeis
1295 1490 1350 1535 et
1374 1477 1793 1549 comprehensus
1823 1486 1904 1530 cst
1931 1484 1986 1530 et
2011 1489 2103 1528 oc-

523 1579 666 1631 cisus
698 1594 710 1628 :
753 1575 847 1630 sed
891 1574 1059 1644 magis
1097 1573 1477 1628 interlicicntcs
1505 1569 1718 1627 occidit.
1760 1566 2105 1622 Adduxeruut

522 1682 652 1737 ergo
673 1682 794 1722 eum
823 1666 1044 1732 inimici,
1069 1673 1126 1719 ut
1152 1663 1437 1718 illudcrent
1464 1662 1533 1716 ei.
1558 1660 1674 1715 Jam
1707 1660 1793 1713 hic
1823 1658 2104 1728 imaginem

522 1758 700 1813 crucis
725 1757 1000 1813 attendite.
1044 1757 1318 1826 Expansas
1350 1755 1490 1809 enim
1525 1768 1713 1807 manus
1741 1750 1806 1806 ad
1849 1750 1981 1805 duas
2012 1764 2105 1805 co—

525 1852 755 1914 lumnas,
787 1850 935 1919 quasi
962 1849 1027 1903 ad
1067 1848 1174 1903 duo
1205 1849 1341 1918 ligna
1372 1847 1546 1902 crucis
1585 1845 1863 1902 extendit:
1894 1843 1987 1897 sed
2014 1842 2107 1896 ad-

524 1943 791 1997 versarios
829 1956 954 1995 suos
1002 1941 1348 2009 interemptus
1378 1938 1662 2007 oppressit,
1691 1946 1745 1990 et
1771 1937 1911 1990 illius
1933 1936 2107 2004 passio

525 2031 825 2087 interfectio
848 2032 979 2084 facta
1004 2038 1085 2084 est
1111 2029 1568 2099 persequentium.
1600 2029 1663 2082 Et
1692 2027 1814 2081 ideo
1835 2027 2107 2095 Scriptura

526 2125 596 2177 ita
628 2122 911 2186 conclusit,
946 2121 1132 2175 Plures
1162 2130 1389 2174 mortuus
1418 2120 1619 2184 occidit,
1642 2136 1793 2190 quam
1819 2120 1955 2172 virus
1976 2119 2108 2172 occi-

527 2215 690 2268 derat.
711 2213 861 2280 Quod
886 2213 1197 2284 mysterium
1223 2212 1272 2266 in
1292 2212 1518 2266 Domino
1542 2221 1727 2266 nostro
1747 2211 1873 2266 Jesu
1896 2210 2109 2265 Christo

526 2305 805 2360 evidenter
854 2305 1127 2374 impletum
1180 2312 1262 2358 est
1313 2321 1327 2357 :
1372 2302 1794 2373 redemptionem
1845 2312 2106 2368 nostram,

526 2414 683 2467 quam
712 2398 895 2453 vivens
925 2398 1142 2451 minime
1172 2396 1554 2463 celebraverat,
1592 2407 1835 2451 mortuus
1871 2395 2111 2451 celebra-

525 2492 637 2546 vit:
667 2491 755 2562 qui
780 2491 908 2545 vivit
928 2498 983 2544 et
1016 2497 1203 2558 regnat
1230 2489 1282 2541 in
1323 2489 1519 2544 saecula
1544 2488 1882 2543 saeculorum.
1914 2488 2104 2542 Amen.

961 2600 1190 2655 SEBMO
1227 2600 1533 2655 ccc.wa
1564 2600 1659 2671 (a).

528 2693 779 2749 Devcersu
806 2694 839 2747 7
864 2691 1194 2763 Psalmixv,
1226 2691 1543 2746 Benedicam
1574 2691 1877 2759 Dominum,
1898 2692 1986 2763 qui
2017 2692 2109 2746 tri-

828 2763 960 2818 .buit
999 2762 1128 2817 mihi
1173 2763 1531 2829 intellectum,
1564 2772 1657 2816 etc.
1694 2763 1792 2835 (ιι).

592 2880 655 2933 4.
706 2877 861 2931 Deus
910 2876 1060 2931 corde
1098 2875 1398 2931 laudandus
1450 2886 1497 2930 et
1554 2892 1743 2930 amore.
1806 2875 1942 2930 Laus
2002 2876 2112 2928 sine

530 2965 720 3013 amore,
744 2965 832 3001 nec
856 2964 994 3009 cera,
1024 2963 1113 3017 nec
1131 2947 1242 3000 Deo
1267 2956 1489 3017 accepta.
1513 2946 1873 3012 Cantavimus,
1896 2955 1950 3000 et
1975 2945 2113 3000 dixi-

532 3036 671 3083 mus,
718 3017 1018 3071 Beuedicam
1064 3016 1612 3071 Domiuuutaulinam
1640 3017 1823 3078 corde.
1868 3031 1971 3069 non
2017 3032 2111 3070 ore

532 3100 732 3143 tantum
770 3107 783 3143 :
826 3104 945 3142 nam
991 3089 1033 3141 si
1082 3102 1176 3141 ore
1218 3097 1272 3141 et
1318 3102 1420 3140 non
1464 3088 1643 3149 corde,
1694 3086 1955 3140 sordescit
1996 3086 2111 3141 laus

532 3160 744 3213 Domini
796 3160 848 3212 in
878 3174 970 3212 ore
1018 3158 1312 3225 peccatoris
1360 3156 1546 3226 (’Eccti.
1595 3172 1689 3221 xv,
1730 3157 1819 3225 9);
1866 3170 1963 3210 nec
2011 3156 2111 3226 sibi

532 3230 751 3297 prodest
798 3229 908 3282 oris
956 3227 1242 3289 confessio,
1294 3227 1339 3280 si
1374 3225 1489 3280 non
1536 3226 1607 3280 sit
1652 3227 1794 3297 intus
1838 3225 2112 3297 charitalis

533 3295 814 3366 professio.
847 3297 1062 3362 Videte,
1110 3297 1299 3351 fratres
1336 3314 1349 3349 :
1396 3311 1502 3350 non
1541 3304 1623 3350 est
1667 3295 1897 3350 charitas
1944 3295 2112 3351 virtus

532 3370 678 3433 oris;
712 3368 783 3421 ibi
822 3367 1002 3421 sedem
1052 3368 1182 3436 ﬁgit,
1225 3367 1310 3419 nhi
1354 3366 1566 3433 pulchra
1594 3376 1675 3421 est
1712 3367 1878 3420 amica
1907 3367 2107 3434 Sponsi.
2152 3393 2161 3400 -

535 3438 634 3493 Ubi
662 3448 837 3492 autem
867 3437 981 3491 lucc
1016 3437 1386 3507 pulchritudo?
1415 3437 1590 3491 Omnis
1633 3437 1807 3507 gloria
1834 3438 1957 3505 ﬁlia:
1981 3438 2113 3506 regis

533 3508 598 3562 ob
638 3510 773 3562 intus
820 3506 1181 3579 (Psatfxuv,
1224 3506 1334 3578 14).
1384 3507 1499 3579 Non
1545 3506 1813 3579 estaliud
1844 3522 1904 3579 ea
1944 3507 2111 3576 gloria

533 3595 692 3647 quam
722 3576 1079 3647 pulchritudo,
1100 3594 1204 3632 non
1235 3576 1311 3633 est
1345 3578 1485 3632 aliud
1512 3594 1573 3632 ea
1602 3576 1936 3647 pulchritudo
1952 3593 2110 3647 quam

533 3650 783 3713 eharitas,
817 3664 921 3705 non
959 3657 1041 3705 cst
1066 3648 1208 3704 aliud
1258 3648 1490 3703 charilas
1520 3663 1676 3717 quam
1720 3648 1843 3701 vita.
1887 3648 2027 3718 Ergo
2050 3657 2113 3703 ut

534 3721 701 3782 vivas,
722 3736 861 3773 ama.
882 3720 935 3774 Si
968 3734 1135 3783 amas,
1163 3718 1383 3788 pulcher
1409 3733 1467 3772 es
1491 3737 1504 3773 :
1534 3734 1685 3772 amor
1715 3718 1933 3785 bonum,
1961 3734 2114 3773 amor

534 3789 836 3858 pulchnm.
865 3790 921 3843 Si
952 3790 1088 3842 absit
1132 3788 1258 3843 illud
1298 3789 1599 3857 pulchrum,
1629 3803 1733 3843 non
1777 3790 1944 3855 vivis;
1986 3805 2112 3858 spe—

537 3860 674 3913 ciem
703 3858 922 3928 quidem
962 3858 1145 3922 habes,
1174 3858 1267 3912 sed
1313 3874 1417 3913 non
1464 3859 1627 3913 intus.
1662 3859 1983 3913 ltecludatnr
2016 3874 2111 3914 se-

536 3927 778 3998 pulcrum
802 3927 930 3981 illud
954 3928 1111 3998 tantis
1136 3928 1320 3981 fultum
1343 3928 1955 3997 columnis,»elfringatur
1976 3944 2117 3984 mar-

536 3997 687 4062 mor;
732 3998 856 4067 quid
886 3997 1029 4052 aliud
1058 4007 1303 4052 occurret
1327 4013 1483 4068 quam
1515 3998 1835 4052 horrendum
1863 3999 2137 4065 cadaver,

536 4084 658 4123 ossa
688 4067 868 4129 fetida,
900 4069 1128 4131 cineres,
1160 4067 1412 4122 vermes?
1443 4068 1536 4121 Est
1566 4070 1741 4137 itaque
1769 4069 1993 4136 species,
2020 4072 2113 4125 sed

540 4140 669 4209 tegit
696 4149 985 4205 mortuum,
1013 4138 1078 4191 ad
1107 4148 1380 4209 aspectum
1421 4138 1572 4209 cujus
1598 4137 1882 4209 horrescis,
1912 4140 2111 4193 fremis.

539 4206 698 4265 Putas
746 4218 924 4263 autem
964 4206 1205 4263 mortuus
1248 4208 1409 4274 dicat,
1458 4206 1757 4261 Beuedicam
1804 4208 2117 4266 Dominum?

538 4280 649 4336 lmo
693 4289 825 4335 teste
868 4276 1160 4348 Scriptura,
1182 4277 1314 4351 ‘Non
1354 4279 1541 4351 mortui
1568 4278 1860 4351 laudabunt
1904 4279 2114 4351 te,_Do-

537 4353 692 4416 mine,
721 4366 878 4416 neque
908 4349 1192 4421 omnesiqui
1220 4348 1523 4421 descendunt
1562 4349 1615 4421 in
1657 4348 1908 4418 infernum
1939 4349 2111 4421 (Psal.

538 4436 685 4480 cxut.
722 4421 837 4489 l7).
869 4420 1029 4489 Aperi
1071 4420 1433 4489 Evangelinm,
1477 4418 1662 4487 audies
1708 4418 1983 4475 Dominum
2032 4422 2114 4477 in-

537 4498 846 4563 crepantem
895 4488 958 4563 et_
994 4488 1258 4563 dicentem
1302 4489 1534 4563 diabolo,
1569 4488 1877 4563 Obmutesce
1923 4490 2111 4563 (Marc.

540 4577 578 4627 I,
602 4561 719 4632 95).
748 4561 963 4633 Quare?
1006 4559 1138 4633 Quia
1188 4576 1307 4633 non,
1334 4560 1518 4633 mortui
1559 4560 1836 4633 laudabunt
1865 4559 1940 4624 te,"
1963 4579 2118 4633 neque

538 4629 710 4687 omnes
734 4632 820 4701 qui
854 4629 1157 4684 descendunt
1198 4631 1250 4683 in
1293 4630 1562 4701 infernum.
1595 4629 1761 4684 Nemo
1790 4647 1908 4686 eum
1942 4629 2117 4689 laudat

536 4719 695 4774 quem
746 4699 851 4757 non
892 4710 1063 4774 amat;
1110 4710 1202 4774 aut
1240 4701 1283 4774 si
1335 4699 1578 4774 inimicus
1629 4701 1824 4766 laudat,
1866 4704 2113 4759 virtutem

538 4770 683 4829 amat
710 4789 866 4843 quam
900 4773 950 4827 in
992 4771 1206 4826 inimico
1238 4771 1431 4843 laudat.
1460 4770 1559 4837 Qui
1591 4781 1790 4841 peccat,
1817 4774 2116 4830 inimicitias

539 4842 753 4900 exercet
793 4859 913 4899 cum
959 4843 1111 4897 Deo:
1155 4857 1327 4912 neque
1376 4842 1534 4911 igitur
1580 4843 1743 4897 Deum
1790 4845 1985 4910 laudat,
2019 4862 2117 4901 nec

538 4914 788 4969 virtutem
818 4914 911 4969 Dei
952 4913 1163 4978 laudat;
1208 4913 1328 4983 quia
1360 4912 1475 4983 laus
1512 4912 1725 4982 aliquod
1772 4914 1967 4968 bonum
2012 4928 2112 4979 est,

537 4985 678 5053 quod
711 5001 814 5038 non
855 4985 995 5039 cadit
1024 4985 1077 5038 in
1119 4982 1415 5052 peccatum.
1446 4982 1546 5049 Qui
1586 4985 1812 5053 aliquem
1851 4986 2027 5040 laudat
2065 4998 2118 5043 et

540 5054 814 5119 mentitur,
852 5054 1216 5125 calumniatur,
1251 5063 1342 5107 aut
1381 5053 1563 5108 irridet
1605 5056 1779 5123 potius
1806 5072 1961 5125 quam
2001 5058 2114 5113 lau-

539 5125 652 5180 dat.
689 5125 855 5195 Aufer
878 5140 907 5177 a
934 5124 1093 5180 corde
1130 5125 1464 5190 charitatcm,
1499 5125 1669 5179 solum
1710 5124 1923 5195 superat
1965 5144 2116 5182 men-

539 5197 772 5251 dacium.
808 5194 898 5248 Vis
930 5204 982 5248 ut
1015 5195 1345 5249 mendacium
1379 5195 1559 5249 laudet
1588 5194 1887 5264 veritatem,
1913 5208 1967 5253 et
1995 5200 2117 5255 inde

543 5266 683 5321 Deus
712 5265 1162 5337 sumatclogium,
1192 5265 1332 5337 unde
1370 5265 1721 5334 proficiscitur
1754 5266 2118 5337 blaSphemia?

539 5337 655 5391 Non
682 5337 859 5407 magni
885 5334 1406 5407 ducuutisapientcs,
1434 5337 1522 5406 qui
1553 5338 1619 5392 ab
1658 5338 1855 5391 insanis
1873 5334 1939 5393 'ct
1964 5341 2118 5394 malis

540 5404 825 5463 laudantur
853 5425 865 5461 :
901 5404 1201 5461 laudabitur
1242 5405 1384 5459 Deus
1421 5404 1487 5461 ab
1518 5408 1725 5478 itnpuro
1753 5418 1803 5462 et
1837 5409 2117 5480 impuden-

599 5525 618 5590 ζ
650 5526 935 5590 honhexstat
957 5519 1005 5566 in
1029 5518 1572 5590 manuscriptis‘nostris.

594 5582 672 5641 (α)
706 5583 845 5639 Alias,
873 5583 1003 5631 inter
1028 5580 1338 5641 s’igneranios
1354 5580 1429 5630 28.

621 5596 650 5631 a
706 5583 845 5639 Alias,
873 5583 1003 5631 inter
1028 5582 1338 5641 vigueranios
1354 5582 1429 5630 28.

599 5582 673 5754 ἒξ)
705 5645 949 5694 Adversus
971 5640 1249 5714 Pelagianos
1268 5650 1318 5692 et
1333 5643 1739 5715 Semipelagianos
1756 5649 2006 5712 egregius,
2032 5651 2120 5701 sed

599 5734 602 5739 -
672 5718 765 5754 non
789 5706 981 5754 videtur
999 5711 1206 5754 seruitus
1223 5712 1582 5754 Auansttmano.

535 5705 647 5754 stilo
672 5718 765 5755 non
789 5706 981 5759 videtur
999 5705 1206 5767 scriptus
1223 5705 1582 5767 Augustiniano.

1761 269 1814 322 S.
1858 259 2218 321 AUtiUSTlNl
2262 260 2557 316 EPISCON

3668 262 3807 317 16ιᾷ-

2212 375 2416 427 tissinto
2441 375 2622 437 corde,
2656 389 2684 427 a
2728 375 3033 443 blasphema
3077 385 3130 430 et
3167 379 3527 432 amcntissima
3575 381 3799 434 mente?

2211 444 2304 496 Dic
2336 461 2484 513 ergo,
2528 444 2832 515 Bcnedicam
2866 444 3159 510 Dominum,
3186 450 3270 515 qui
3315 449 3485 502 tribuit
3536 449 3664 502 milii
3716 450 3798 503 in-
3858 492 3871 513 .

2210 514 2479 567 tellectum.
2532 514 2753 570 Insanus
2801 532 2905 569 non
2950 532 3031 583 es,
3080 514 3295 571 sanatus
3338 534 3416 581 es,
3464 519 3799 573 intellectum

2211 584 2415 649 habes;
2463 586 2615 639 lauda
2668 588 2832 641 Deum
2880 594 3047 653 tuum,
3079 589 3166 656 qui
3210 588 3394 642 tribuit
3441 590 3532 642 tibi
3583 590 3802 644 intelle-

2206 663 2371 729 ctum,
2417 657 2506 724 qui
2557 666 2770 729 pra-sitat
2808 657 3055 729 oculum:
3090 659 3436 723 intellectum.
3483 668 3538 713 ut
3581 662 3802 729 capias:

2208 724 2442 798 oculum,
2490 735 2546 779 ut
2590 727 2847 796 aspicias;
2900 728 3079 796 capias
3123 739 3315 798 quatita
3363 732 3431 783 sit
3476 724 3702 784 latitudo
3749 744 3805 785 et

2207 795 2481 862 longitudo
2524 795 2721 850 amoris
2765 797 2878 860 Dei,
2906 795 3213 866 aspicias'in
3261 810 3528 853 auctorem
3572 810 3625 854 et
3666 817 3800 854 con-

2209 874 2590 920 summatorem
2621 866 2771 931 fidei;
2811 868 2988 935 capias
3019 869 3353 933 charitatcm,
3382 871 3612 937 aspicias
3641 869 3801 925 Chri-

2209 943 2384 999 stum;
2413 938 2749 1002 charitatcm,
2777 948 2836 991 ut
2860 953 3041 1004 ames;
3071 939 3363 1007 Christum,
3394 950 3448 993 ut
3475 940 3768 995 benedicas
3787 981 3801 1002 ,

2209 1014 2264 1080 et
2291 1006 2521 1080 amando
2542 1015 2599 1080 ct
2641 1008 2999 1080 benedicendo
3038 1024 3329 1079 cognoscas
3352 1006 3679 1075 Dominum,
3710 1013 3801 1080 qui

2212 1075 2303 1151 t_i_bi
2331 1076 2515 1151 tribuit
2540 1077 2897 1142 intellectum;
2940 1087 2993 1131 et
3020 1075 3391 1148 cognoscendo
3425 1081 3573 1151 vivas
3600 1100 3614 1134 :
3643 1075 3797 1151 quia,

2214 1144 2338 1199 Hice
2371 1155 2450 1218 est
2472 1147 2570 1218 uita
2605 1157 2815 1218 aeterno,
2846 1158 2900 1201 ut
2927 1144 3227 1218 cognoscant
3256 1162 3301 1204 te
3338 1152 3503 1204 solum
3532 1144 3719 1216 Deum,
3750 1163 3803 1206 et

2208 1232 2355 1291 quem
2384 1216 2562 1291 misisti
2588 1216 2765 1291 (sum
2795 1216 3045 1291 Christum
3075 1218 3253 1291 (Joan.
3289 1236 3413 1285 xvtt,
3445 1220 3523 1291 '5).

2277 1285 2333 1338 9..
2374 1284 2558 1360 (icium
2585 1288 2862 1360 lucreticos,
2897 1284 3199 1343 intellectum
3226 1284 3427 1354 bonum,
3456 1284 3554 1360 quo
3587 1290 3796 1344 benedi-

2209 1355 2341 1408 citur
2392 1354 2541 1429 Deus,
2581 1357 2759 1429 habere
2789 1376 2842 1413 se
2877 1376 2908 1411 a
2939 1370 3119 1412 natura
3152 1361 3428 1429 jactantes.
3469 1354 3586 1415 'Sed
3628 1362 3793 1423 unde.

2211 1438 2415 1493 quzesn,
2454 1426 2559 1499 tibi
2582 1426 2878 1481 intellectus
2921 1429 3058 1483 iste?
3094 1426 3277 1484 Veniet
3307 1431 3498 1499 aliquis
3529 1431 3595 1485 dc
3620 1440 3797 1485 trans-

2210 1510 2382 1565 verso,
2404 1504 2457 1548 et
2508 1496 2646 1551 dicet
2671 1516 2682 1549 :
2708 1499 2806 1564 Qui
2831 1508 3070 1553 naturam
3089 1496 3414 1565 dedit,dcdit
3434 1501 3760 1555 intellectum
3779 1518 3793 1562 ;

2210 1563 2346 1635 bona
2381 1577 2587 1631 natuta,
2621 1563 2789 1621 bonus
2825 1569 3153 1635 intellectus;
3188 1563 3324 1624 hanc
3353 1570 3544 1625 bonam
3573 1574 3794 1630 sortiar.

2210 1634 2439 1708 suflieit:
2474 1652 2646 1708 neque
2670 1638 2812 1708 enim
2845 1639 3141 1693 intellectus
3171 1642 3272 1695 erit
3298 1641 3559 1708 degener;
3589 1653 3637 1695 et
3667 1642 3798 1694 inde

2212 1704 2520 1760 hencdicam
2555 1706 2855 1770 Dominum,
2890 1709 3029 1763 unde
3061 1711 3187 1764 mihi
3229 1704 3410 1764 tribuit
3438 1712 3793 1772 intellectum,

2213 1774 2314 1828 hoc
2351 1785 2452 1841 est,
2490 1791 2518 1829 a
2558 1788 2764 1850 natura.
2797 1779 2841 1832 Ο
2872 1780 3138 1846 lneretice,
3167 1796 3294 1850 ergo
3337 1780 3530 1834 bonam
3573 1783 3797 1835 sortitus

2211 1861 2270 1899 es
2309 1846 2585 1918 naturam?
2613 1847 2807 1902 Taccat
2834 1850 3116 1918 Apostolus
3143 1859 3197 1904 et
3236 1846 3591 1905 confundatur
3620 1870 3634 1905 :
3669 1850 3725 1903 Ν
3728 1868 3799 1903 an

2212 1916 2347 1981 quod
2390 1916 2522 1991 volo,
2552 1916 2739 1987 inquit,
2782 1916 2987 1991 bonum,
3020 1921 3113 1974 hoc
3148 1922 3281 1989 facio
3322 1922 3498 1991 (llam.
3545 1937 3635 1985 \‘ll,
3668 1922 3795 1989 l9);

2214 1995 2265 2037 et
2295 1995 2469 2039 tamen
2501 1986 2690 2040 bonam
2719 1990 2937 2044 sortitus
2960 2000 3041 2045 est
3062 1986 3405 2057 nat’uram,'ct
3434 1993 3484 2044 in
3528 1991 3627 2046 hac
3654 1986 3797 2045 bona

2215 2066 2421 2132 natura,
2463 2057 2658 2132 bonum
2705 2059 2844 2125 quod
2885 2061 2994 2114 vult
3032 2076 3345 2132 agere.non
3391 2070 3565 2131 potest
3609 2077 3793 2129 agere.

2218 2124 2362 2189 \‘ult,
2390 2126 2677 2192 desiderat,
2706 2124 2929 2183 conatur
2956 2148 2969 2183 :
3002 2124 3112 2184 vult
3155 2124 3682 2195 infirma-desiderat
3708 2133 3797 2184 in-

2212 2210 2452 2271 eassmn;
2493 2207 2717 2271 c0uatu_r
2762 2198 2989 2264 frustra;
3017 2209 3071 2255 et
3098 2212 3281 2256 contra
3308 2202 3606 2271 quod‘vult,
3645 2202 3796 2271 quod

2213 2265 2514 2340 desiderat,
2556 2268 2698 2336 quod
2741 2278 2983 2340 conatur,
3032 2272 3226 2325 bonum
3276 2265 3379 2326 hoc
3418 2289 3522 2326 non
3569 2265 3795 2340 perlicit.

2214 2337 2258 2408 Ω
2298 2336 2488 2408 bonam
2519 2348 2782 2403 naturam,
2812 2339 2964 2408 cujus
2995 2341 3254 2395 imbecilla
3282 2343 3546 2401 voluntas.
3572 2336 3799 2395 irritum

2214 2405 2559 2481 desiderium,
2586 2418 2806 2481 conatus
2836 2405 3080 2465 inutiles!
3114 2412 3295 2465 Partes
3326 2427 3449 2466 snas
3489 2420 3647 2481 agant
3674 2413 3794 2481 phi-

2216 2475 2443 2551 losophi,
2470 2486 2527 2551 et
2566 2480 2849 2551 maximam
2888 2481 2977 2534 tibi
3003 2482 3225 2550 gratiam
3257 2475 3548 2547 habebunt:
3570 2475 3799 2551 qui'tam

2214 2549 2442 2613 gratuito
2469 2547 2659 2621 bonam
2683 2549 2763 2603 eis
2785 2547 3027 2604 naturam
3056 2551 3314 2621 indulges.
3337 2551 3475 2618 Quid
3506 2547 3664 2606 inde?
3689 2552 3797 2606 No-

2215 2625 2403 2689 verunt
2442 2618 2668 2689 corium,
2723 2628 2985 2674 noverunt
3028 2618 3258 2689 terrain,
3300 2632 3562 2676 noverunt
3611 2638 3795 2686 mare,

2214 2686 2435 2756 abyssos
2465 2688 2739 2753 rimantur,
2774 2691 3016 2745 abstrusa
3039 2686 3251 2746 natura!
3265 2701 3588 2757 scrutantur,
3619 2693 3795 2747 sciunt

2217 2772 2393 2810 rerum
2441 2757 2783 2826 discrimina,
2834 2760 3192 2827 differentias,
3246 2764 3542 2827 essentias;
3597 2762 3666 2816 de
3712 2762 3799 2816 his

2216 2827 2464 2902 omnibus
2494 2829 2751 2902 rationem
2797 2830 3060 2902 reddunt;
3101 2831 3226 2900 quid
3272 2831 3437 2889 inde?
3485 2833 3671 2902 Perge,
3711 2832 3800 2885 die

2215 2897 2463 2971 amplius.
2496 2898 2624 2953 Post
2652 2909 2727 2953 tot
2758 2908 3004 2971 tantaque
3032 2897 3301 2968 deficiunt,
3330 2918 3430 2958 nec
3459 2897 3609 2957 sicut'
3626 2904 3798 2957 Deum

2214 2965 2677 3047 giorilicavcrunt,
2696 2981 2773 3047 et_
2792 2971 2843 3023 in
2874 2965 3416 3047 cogitationibns'suis
3441 2982 3797 3047 evanuerunt,

2216 3044 2270 3089 et
2299 3037 2610 3107 insipientes
2653 3040 2774 3093 facti
2822 3037 2964 3102 sunt:
2995 3056 3115 3095 cum
3164 3057 3223 3095 sc
3270 3042 3538 3111 sapientes
3565 3043 3796 3097 arbitra-

2217 3114 2417 3186 rentur,
2451 3116 2507 3186 et
2530 3118 2869 3186 mutaverunt
2890 3111 3438 3186 _similitudinem‘_Dci
3466 3114 3518 3167 in
3545 3113 3797 3186 similitu-

2215 3174 2392 3230 dinem
2416 3178 2563 3233 vituli
2602 3181 2931 3235 comedentis
2958 3182 3157 3245 fenum,
3188 3192 3243 3237 et
3266 3182 3416 3237 elTusi
3460 3192 3585 3237 sunt
3624 3183 3675 3237 in
3707 3197 3797 3236 er-

2217 3260 2336 3328 rore
2358 3246 2595 3328 Daalim;
2636 3251 3113 3328 et_obc:ccavit_eos
3147 3253 3284 3306 Deus
3302 3255 3584 3328 saxculi,‘et
3616 3252 3797 3328 traditi

2216 3325 2339 3396 sunt
2377 3317 2427 3370 in
2457 3317 2841 3396 ignominiosus
2859 3322 3174 3396 passiones,
3190 3331 3246 3396 et
3272 3323 3472 3396 si_miles
3514 3322 3636 3378 facti
3657 3336 3800 3396 sunt

2218 3388 2282 3439 iis
2329 3401 2449 3456 qua:
2485 3388 2779 3462 adorabant
2823 3390 2931 3462 (Id.
2975 3408 3012 3453 ι.
3051 3392 3262 3461 21.28).
3302 3393 3371 3447 Et
3421 3402 3598 3447 tamen
3656 3394 3797 3447 bona

2217 3464 2402 3510 natura
2437 3459 2760 3530 gaudebant,
2794 3459 2847 3515 et
2891 3477 2988 3530 per
3016 3459 3256 3515 naturam
3305 3464 3598 3518 intellectu.
3631 3463 3676 3518 0
3717 3465 3801 3516 in-

2218 3541 2367 3602 sane,
2398 3528 2545 3602 vides
2577 3546 2651 3602 an
2696 3532 2808 3602 hair,
2853 3528 3039 3585 natura
3076 3533 3270 3585 tribuat
3308 3533 3661 3596 intellectum,
3693 3550 3802 3602 quo

2218 3596 2383 3670 Deum
2420 3598 2778 3655 benedicant?
2817 3601 2952 3668 Quin
2998 3603 3170 3670 potius
3215 3602 3404 3657 tribuat
3445 3596 3797 3667 intellectum,

2217 3682 2323 3736 quo
2356 3669 2462 3723 Deo
2503 3671 2841 3737 maledicunt,
2890 3681 2942 3724 et
2971 3669 3224 3725 adversus
3262 3674 3573 3728 Creatorem
3604 3689 3804 3728 exsur—

2217 3738 2597 3810 gautiDicite
2648 3742 2842 3810 potius,
2877 3741 3098 3807 fratres,
3148 3741 3451 3797 Benedicam
3503 3744 3800 3805 Dominmu,

2217 3807 2305 3878 qui
2334 3808 2505 3861 tribuit
2539 3807 2664 3863 milii
2688 3812 2989 3865 intellectum
3024 3828 3041 3865 :
3088 3812 3186 3866 nisi
3233 3814 3525 3877 tribuisset,
3582 3832 3686 3867 non
3721 3816 3802 3867 in-

2223 3878 2581 3953 tellexisscm;
2612 3883 2713 3935 nisi
2744 3882 3121 3953 intellexissem
3144 3924 3158 3947 ,
3202 3899 3467 3953 utinquam
3501 3885 3803 3938 hcnedixis—

2220 3962 2333 4002 sem
2356 3966 2368 4000 :
2395 3950 2719 4005 intellectum
2753 3951 2954 4017 tribuit,
2983 3953 3191 4007 oculum
3220 3950 3383 4007 dedit.
3408 3954 3557 4007 Czeca
3589 3965 3799 4018 natura,

2218 4033 2342 4090 quo
2366 4020 2474 4086 ipsa
2515 4032 2659 4075 caret
2689 4038 2793 4075 non
2833 4031 3066 4090 priestat.
3097 4022 3204 4078 Fac
3234 4024 3323 4079 tibi
3367 4024 3713 4085 intellectum,
3748 4034 3804 4077 et

2223 4099 2274 4142 te
2322 4087 2483 4162 facies
2526 4106 2748 4162 czecum.
2794 4087 2993 4162 Lumen
3037 4093 3176 4162 quod
3221 4094 3271 4148 in
3315 4104 3366 4150 te
3406 4105 3524 4161 est,
3568 4096 3803 4150 tenebra:

2219 4167 2361 4232 sunt.
2406 4159 2499 4232 Die
2535 4176 2685 4230 ergo,
2725 4161 2973 4215 [flumina
3017 4159 3240 4218 tenebras
3279 4182 3436 4230 meas,
3480 4159 3541 4219 ne
3578 4181 3803 4232 unquam

2220 4228 2530 4309 obdormiam
2555 4228 2785 4309 ἰιιξιιιοζιρ
2815 4232 2983 4304 (Paul.
3010 4249 3106 4297 xu,
3128 4232 3203 4303 4).
3228 4235 3362 4309 Quid
3390 4228 3805 4309 eStpbdorinire

2222 4301 2272 4352 in
2301 4301 2511 4373 morte?
2554 4302 2767 4372 Aliquid
2790 4301 2833 4373 Aa'
2869 4311 3054 4357 natura
3085 4301 3321 4373 sperare,
3349 4306 3623 4360 brachium
3646 4320 3802 4359 suum

2220 4384 2435 4446 carnem
2466 4369 2671 4435 facere,
2686 4371 2797 4426 sibi
2816 4373 2912 4446 ipsi
2941 4369 3265 4431 intellectum
3295 4374 3493 4446 lingere
3524 4394 3536 4429 :
3571 4377 3687 4431 hrec
3711 4377 3802 4446 qui

2221 4439 2423 4506 fecerit,
2457 4457 2560 4494 non
2606 4452 2806 4497 tantum
2838 4439 2913 4496 'in
2955 4452 3123 4498 morte
3160 4455 3261 4510 est,
3292 4439 3392 4500 sed
3432 4446 3706 4508 obdormit
3730 4439 3803 4500 ἰιι

2220 4518 2411 4586 morte,
2446 4512 2721 4586 plusquam
2746 4513 3152 4586 rquatriduanus
3194 4524 3295 4579 est,
3329 4516 3604 4586 plusquam
3655 4517 3805 4572 fmtet

2221 4579 2401 4650 (Joau.
2434 4579 2510 4647 it,
2544 4579 2657 4651 59).
2701 4585 2755 4637 Si
2790 4579 2997 4637 tantum
3043 4585 3095 4637 in
3145 4579 3518 4653 morte'essc't,
3557 4588 3806 4642 suscitari

2222 4659 2402 4725 posset
2430 4670 2443 4705 :
2470 4652 2565 4725 sed
2595 4654 2644 4706 in
2674 4654 2784 4722 ipsa
2807 4663 2976 4709 morte
3000 4654 3276 4725 plusquam
3305 4652 3534 4713 ferreum
3554 4672 3807 4712 somnum

2221 4722 2443 4794 dormit:
2469 4722 2521 4776 in
2552 4738 2612 4777 ea
2641 4725 2947 4794 requiescit.
2978 4722 3168 4779 Actum
3200 4738 3279 4782 est
3310 4727 3377 4782 de
3410 4742 3495 4782 eo.

2284 4792 2343 4872 _5.
2406 4792 2605 4872 Rursus
2653 4792 2978 4872 confutantur
3023 4797 3187 4872 uerbis
3242 4798 3553 4872 Salomonis.
3585 4798 3690 4854 Sed
3732 4801 3810 4855 vis

2224 4863 2369 4935 scire
2409 4863 2535 4935 quid
2582 4865 2749 4933 egerit
2799 4866 2842 4918 is
2889 4866 2979 4935 qui
3023 4867 3213 4922 bonam
3259 4868 3478 4923 sortitus
3506 4878 3624 4923 erat
3651 4880 3809 4924 natu-

2221 4932 2374 4985 ram?
2427 4932 2634 4988 Dixitne
2678 4944 2735 4988 ut
2781 4945 2836 4989 tu
2866 4953 2878 4987 :
2910 4932 2965 4989 lu
3008 4936 3143 4990 bona
3189 4947 3410 5002 natura,
3462 4940 3634 4994 bonus
3678 4941 3807 4993 mihi

2222 5010 2303 5056 cst
2343 5002 2678 5075 intellectus,
2725 5015 2778 5060 et
2822 5007 2911 5075 qui
2965 5023 3128 5061 unum
3174 5010 3386 5072 tribuit,
3431 5009 3657 5064 alterum
3696 5026 3804 5065 non

2223 5074 2480 5151 negavit?_
2497 5075 2787 5130 Allidamus
2801 5074 3096 5151 scorpium,
3118 5089 3481 5151 conteramus,
3504 5080 3811 5134 obstruatnr

2223 5143 2483 5219 iniquitati
2511 5160 2572 5219 os
2601 5162 2774 5199 suum.
2800 5143 2964 5219 Lege:
2987 5148 3209 5203 Sortitus
3225 5168 3335 5203 sum
3357 5151 3578 5219 animam
3605 5151 3808 5204 bonam.

2223 5212 2412 5290 Perge,
2435 5217 2712 5271 audiamus
2738 5212 2945 5290 qualem
2976 5227 3159 5274 nactus
3186 5220 3345 5274 fueris
3372 5215 3702 5284 thesaurum,
3723 5222 3810 5290 qui

2225 5283 2449 5339 fortasse
2478 5296 2713 5342 vertetur
2742 5283 2793 5341 in
2822 5287 3101 5351 carbones,
3132 5299 3189 5345 et
3216 5291 3415 5344 utinam
3459 5290 3511 5343 in
3552 5283 3816 5347 carbonis

2224 5355 2313 5428 (pii
2357 5370 2516 5426 super
2555 5368 2712 5428 caput
2752 5368 2899 5411 tuum
2934 5361 3171 5428 congesti
3212 5362 3494 5414 absumant
3523 5362 3809 5428 superflua.

2226 5423 2294 5479 Et
2320 5423 2437 5479 cuni
2458 5423 2800 5507 esscucmagis
2819 5428 3006 5507 .bouus,
3024 5423 3148 5507 feni
3170 5432 3237 5484 ad
3260 5448 3439 5507 corpus
3466 5423 3817 5503 incoinqniua-
3840 5490 3849 5507 ‘

2227 5507 2329 5570 tam
2355 5515 2367 5551 :
2391 5508 2434 5551 et
2464 5510 2517 5553 ut
2546 5500 2668 5553 sciui
2696 5499 2829 5567 quod
2856 5516 2955 5551 non
2982 5502 3130 5554 aliter
3169 5499 3419 5554 continere
3460 5499 3662 5570 possein
3680 5544 3696 5566 ,
3727 5506 3820 5556 nisi

2230 5566 2363 5620 Deus
2400 5570 2516 5634 det;
2548 5584 2594 5623 et
2631 5571 2725 5623 hoc
2752 5570 2915 5639 ipsum
2961 5582 3065 5642 erat
3101 5574 3379 5642 sapientia'.
3404 5566 3549 5639 cujus
3575 5589 3701 5625 esset
3733 5576 3819 5625 (ἕως

2228 5656 2347 5711 num
2387 5658 2718 5709 cognoscere;
2749 5641 2956 5692 conveni
2982 5640 3256 5695 Dominum
3278 5685 3290 5703 ,
3316 5653 3358 5695 et
3387 5644 3687 5711 deprecatus
3712 5662 3818 5697 sum

2232 5710 2366 5778 (δίῳ
2397 5711 3014 5781 multi-"2l).\'crissimc
3033 5728 3109 5768 SUl
3127 5714 3250 5769 titus
3266 5730 3323 5768 es
3343 5710 3582 5769 naturam
3608 5716 3817 5774 bellum.
