3996 6478
233 309 374 368 “iiii

229 426 353 496 quis
381 426 572 496 neget!
599 423 812 496 Nanret
839 421 1032 478 diaboli
1063 433 1246 496 natura
1277 422 1410 496 bona
1433 431 1534 488 est,
1553 431 1608 476 et
1635 423 1814 496 omnia

231 493 352 563 qua:
377 493 514 550 Deus
543 493 702 560 fecit,
740 493 878 549 bona
909 503 1026 546 sunt
1053 511 1064 546 :
1089 493 1182 548 sed
1223 495 1276 546 in
1320 494 1420 547 hac
1463 504 1646 546 natura
1689 493 1815 546 licet

235 567 406 630 bona,
436 576 492 620 tu
534 565 828 634 sapientem
876 563 1198 634 intellectum
1243 563 1484 634 habebis,
1511 579 1616 632 quo
1645 564 1816 634 possis

235 637 505 690 abstinere
531 651 560 690 a
581 630 1026 704 concupiscentiis
1049 642 1103 700 et
1121 632 1420 704 desideriis,
1439 630 1557 704 qua:
1587 633 1815 704 militant

233 705 490 760 adversus
519 703 770 770 animam,
802 705 844 758 si
879 705 1018 758 Deus
1044 718 1147 756 non
1179 703 1425 758 dederit?
1451 703 1624 766 Disce,
1646 703 1815 756 luere-

235 776 362 840 tice,
391 777 532 828 disce
561 775 793 830 tandem.
829 773 889 828 Et
929 775 1048 828 scivi
1089 772 1222 842 quod
1259 789 1356 824 non
1389 773 1534 825 aliter
1566 773 1818 826 continere

237 862 452 914 possem,
473 845 572 898 nisi
589 845 726 898 Deus
751 843 832 897 det
854 860 869 896 :
891 845 1013 898 etin
1037 843 1138 897 hoc
1160 845 1480 914 prarcipunm
1511 843 1782 914 sapientim
1797 883 1810 906 ,

235 912 356 984 quae
373 926 478 968 tota
496 915 903 972 estintellectus.
919 915 1054 968 scire
1068 913 1204 984 unde
1215 912 1508 984 contineas,
1523 921 1577 965 et
1597 927 1700 966 non
1715 913 1814 964 ali-

237 982 322 1038 ter
339 986 610 1040 cootineas
627 985 725 1038 nisi
741 999 770 1036 a
789 985 902 1037 solo
917 983 1042 1036 Deo.
1065 983 1109 1036 0
1125 982 1384 1050 egregiam
1399 992 1578 1034 natura
1587 997 1766 1049 mqua:
1785 996 1816 1034 a

235 1055 382 1110 nullo
401 1056 666 1108 abstinere
685 1063 878 1122 potest,
899 1069 994 1107 nec
1012 1053 1166 1104 aliter
1193 1060 1387 1120 potest,
1408 1051 1506 1104 nisi
1535 1059 1592 1122 ut
1615 1061 1752 1122 rgat,
1770 1051 1816 1104 si

237 1123 382 1178 Deus
413 1141 516 1178 non
548 1119 756 1178 dederit
783 1123 1105 1177 intellectum
1129 1164 1142 1186 ,
1173 1119 1278 1186 quo
1313 1137 1416 1174 non
1449 1121 1598 1173 ruat!
1629 1119 1816 1176 Cante-

236 1207 356 1248 mus
382 1209 536 1260 crgo.
568 1195 787 1256 fratres,
827 1201 1127 1248 cantemus.
1171 1189 1470 1242 Benedicam
1509 1189 1814 1260 Dominum,

233 1265 324 1332 qui
352 1259 520 1316 tribuit
547 1263 669 1316 mihi
683 1262 986 1315 intellectura
1003 1279 1020 1314 :
1039 1261 1182 1332 dedit
1209 1259 1632 1332 naturam,ded_it
1661 1261 1816 1314 intel-

239 1329 470 1398 lectum;
494 1334 696 1386 sanavit
717 1339 976 1392 naturam,
997 1331 1202 1385 Sauavit
1229 1329 1641 1384 intellectum.lu
1674 1341 1818 1386 utro-

277 1419 341 1458 ne
365 1405 480 1472 pius
495 1401 854 1458 Samaritanus
877 1399 1298 1472 misericordiam
1317 1400 1578 1472 exhibuit;
1597 1400 1822 1454 descen-

277 1419 341 1458 ne
365 1419 480 1472 plus
495 1419 854 1458 aunaruanus
877 1419 1292 1454 lltISCI'ICOI'UlaIII
1317 1419 1578 1463 CXIIIUUII;
1597 1419 1816 1454 (1850011-

193 1471 212 1478 ”
235 1419 335 1538 git,
353 1473 580 1542 alligavit
599 1472 834 1534 vulnera,
856 1471 974 1542 vino
995 1471 1134 1542 quod
1160 1471 1518 1542 intelligimus.
1537 1472 1702 1542 tersit.
1721 1485 1816 1542 ene

236 1545 404 1608 ravit,
437 1540 488 1596 in
519 1541 782 1594 stabulum
819 1541 968 1600 tulit.
999 1540 1101 1594 hoc
1115 1549 1196 1594 est
1214 1541 1262 1593 in
1281 1540 1590 1600 Ecclesiam.
1626 1540 1816 1608 hospiti

235 1613 626 1667 connnendavit
652 1610 798 1680 (Lac.
834 1627 886 1672 x,
929 1611 1126 1678 33-55).
1150 1609 1300 1675 Quali
1345 1609 1576 1680 hospiti?
1599 1609 1818 1679 Spiritui

236 1693 422 1738 sancto
465 1679 714 1736 Ecclesia:
754 1691 948 1733 sancta:
993 1680 1350 1733 inliabitatori.
1381 1679 1430 1734 Is
1454 1689 1668 1749 accepta
1699 1695 1816 1734 mo-

239 1763 384 1820 neta,
406 1751 500 1806 sed
521 1767 676 1822 quam
701 1750 972 1804 conscisse
987 1765 1140 1803 sacco
1166 1749 1350 1822 effundit
1374 1749 1460 1818 qui
1485 1764 1582 1819 pro
1602 1750 1818 1822 miseris

237 1824 416 1887 solvit,
438 1820 558 1879 oleo
577 1836 692 1885 suo,
713 1831 982 1890 unguento
1001 1835 1120 1890 suo,
1139 1820 1358 1874 vulnera
1377 1829 1576 1890 natura:
1592 1820 1818 1890 jacentis

237 1903 294 1946 et
317 1893 634 1963 exspirantis
662 1889 894 1963 sanavit,
924 1899 975 1963 et
1005 1889 1190 1963 eodem
1222 1890 1341 1963 oleo
1377 1889 1516 1963 quod
1552 1889 1814 1963 accendit,

241 1959 488 2018 tenebras
513 1977 659 2016 meas
687 1961 1019 2022 illuminavit,
1049 1969 1101 2013 et
1127 1961 1447 2012 intellectura
1477 1959 1706 2012 lucidum
1737 1961 1815 2014 fe-

239 2033 332 2086 eit.
367 2033 478 2086 Hoc
507 2034 548 2087 si
578 2047 680 2086 non
709 2030 1020 2090 credideris,
1050 2045 1153 2082 non
1179 2030 1270 2082 tibi
1300 2030 1402 2083 erit
1431 2029 1814 2094 Samaritanus,

240 2113 294 2156 et
323 2103 518 2172 peribis
549 2102 600 2156 in
627 2101 864 2164 vulnere,
889 2099 981 2170 qui
1003 2099 1262 2153 medentis
1287 2115 1500 2152 manum
1523 2098 1702 2153 renuis
1725 2099 1820 2152 ad-

239 2174 472 2226 mittere.

317 2242 371 2295 4.
391 2239 682 2294 Intellectus
699 2239 856 2292 bonus
881 2255 912 2292 η
938 2237 1134 2309 Spiritu
1155 2246 1348 2292 sancto.
1375 2235 1598 2309 Spiritus
1616 2247 1818 2292 sanctus

239 2312 428 2364 donum
471 2311 610 2365 nobis
651 2309 835 2364 Christi
877 2307 1108 2378 passione
1145 2318 1384 2376 emptum.
1420 2307 1820 2376 lnterrogentur

240 2381 480 2450 Apostoli
501 2421 516 2446 ,
544 2391 598 2434 et
615 2380 926 2450 dicantquis
947 2379 998 2450 in
1019 2379 1574 2450 silloquinquagesimq
1593 2393 1622 2430 a
1645 2392 1820 2450 resur-

241 2446 478 2505 rectione
521 2450 727 2504 Domini
758 2446 846 2502 die
875 2449 1056 2501 tribuit
1085 2446 1186 2500 illis
1213 2446 1577 2500 intellectum?
1603 2451 1681 2500 An
1709 2447 1819 2500 for-

244 2521 398 2576 tassis
423 2521 782 2574 excitaverant
807 2519 878 2571 illi
909 2518 1186 2586 strepitum
1214 2515 1529 2580 terribilem,
1555 2531 1662 2586 quo
1686 2532 1816 2570 con-

239 2606 428 2645 cussus
453 2601 532 2644 est
553 2591 720 2652 locus,
741 2588 792 2642 in
810 2604 913 2656 quo
935 2588 1310 2656 eXSpeetahaut
1329 2587 1588 2654 promissa
1610 2586 1818 2640 Patris?

241 2659 506 2713 Fortassis
527 2655 882 2712 accenderunt
902 2655 1046 2710 illum
1069 2673 1354 2724 supernum
1379 2655 1692 2725 ignem,quo
1724 2657 1818 2710 toti

239 2729 520 2784 ardebant?
535 2729 796 2782 Fortassis
811 2728 1014 2796 linguas
1029 2727 1144 2779 illas
1157 2727 1346 2795 ignitas
1359 2726 1456 2793 ipsi
1473 2727 1819 2780 creaverunt?

245 2799 506 2853 Fortassis
533 2799 630 2868 ipsi
661 2798 834 2852 divina
866 2797 952 2850 illa
983 2812 1220 2868 munera,
1249 2813 1312 2850 ex
1343 2797 1534 2868 quibus
1555 2805 1636 2868 est
1661 2797 1813 2868 intel-

243 2870 432 2932 lectus,
458 2865 565 2923 sibi
583 2877 1014 2936 procuraverant,
1047 2875 1100 2918 et
1132 2866 1182 2918 in
1211 2881 1269 2920 se
1291 2865 1580 2920 secundum
1604 2865 1818 2936 deside-

244 2941 320 2992 ria
363 2939 538 2992 cordis
575 2935 909 2992 elfuderunt?
951 2937 1060 2990 lloc
1101 2937 1188 3004 qui
1236 2937 1344 3002 ait,
1375 2937 1570 2989 nullam
1615 2937 1668 2988 in
1715 2935 1820 2992 hoc

243 3024 397 3062 sacro
423 3009 880 3078 quinquagenaria
907 3015 1108 3074 partem
1139 3005 1335 3078 habet;
1369 3021 1468 3060 nec
1505 3005 1698 3074 accipit
1722 3005 1818 3078 in-

242 3075 510 3133 tellectum
533 3119 545 3138 .
573 3075 977 3146 qui'secundum
1019 3075 1401 3146 naturamdari
1433 3085 1578 3144 putat
1609 3076 1816 3130 intelle-

241 3159 408 3203 ctum.
439 3145 661 3216 Quando
687 3163 814 3216 ergo
839 3145 994 3200 datus
1022 3155 1104 3200 est
1133 3145 1451 3216 intellectus,
1483 3146 1582 3216 nisi
1608 3145 1820 3216 quando

241 3229 296 3273 et
315 3215 568 3272 datns’est
585 3215 848 3286 Spiritus?
867 3219 1096 3286 Agamus
1116 3215 1293 3286 simul,
1308 3217 1421 3286 jam
1440 3215 1780 3286 confunderis
1797 3257 1814 3282 ,

238 3290 346 3358 jam
378 3285 681 3351 erubescis;
710 3295 766 3342 et
795 3285 992 3358 utinam
1020 3285 1089 3358 ita
1119 3285 1457 3358 eonfnndaris
1495 3295 1551 3338 nt
1575 3285 1820 3358 mdiliee-o

243 3355 352 3422 ris,
401 3359 469 3412 ita
516 3359 800 3414 erubescas
839 3369 896 3410 ut
934 3355 1264 3426 glorificeris.
1296 3355 1430 3422 Quid
1473 3364 1556 3409 est
1578 3356 1820 3426 Spiritus

243 3439 457 3484 sanctus
477 3470 492 3490 ,
524 3428 622 3482 nisi
650 3424 966 3496 promissum
995 3426 1168 3480 Patris
1197 3441 1418 3489 munus,
1447 3426 1547 3496 nisi
1573 3424 1692 3478 Filii
1719 3425 1818 3480 d0-

244 3499 410 3553 nmn?
453 3499 506 3552 Si
549 3495 888 3566 promittitur,
918 3497 1136 3552 habesa
1165 3511 1269 3565 quo
1311 3495 1650 3564 promittitur,
1697 3511 1818 3550 nam

243 3586 362 3638 qna:
391 3571 782 3638 promittuntur,
817 3576 964 3621 extra
1011 3581 1108 3620 nos
1146 3575 1302 3628 sunt;
1333 3575 1386 3620 et
1427 3566 1820 3633 promitteretur

245 3637 440 3692 frustra
463 3637 602 3709 quod
623 3647 714 3690 aut
743 3638 792 3690 in
819 3645 1080 3706 potestate
1129 3646 1306 3709 nostra
1355 3645 1498 3709 esset
1537 3649 1657 3709 cum
1699 3651 1820 3704 pro-

245 3705 497 3774 mittitur;
529 3717 620 3762 aut
647 3722 764 3762 cum
799 3705 987 3762 liberet
1016 3706 1390 3776 possideretur.
1425 3705 1539 3760 Hoc
1569 3705 1658 3776 tibi
1693 3721 1818 3774 pro-

247 3781 399 3832 mitto
427 3779 566 3846 quod
599 3793 702 3832 non
729 3777 914 3842 habes,
945 3787 997 3831 et
1029 3777 1077 3830 in
1105 3793 1188 3830 me
1213 3785 1294 3830 est
1319 3791 1436 3828 cum
1463 3775 1734 3846 promitto.
1764 3784 1821 3830 ιιι

244 3850 297 3902 in
347 3858 398 3902 te
439 3845 728 3902 descendat
767 3847 906 3916 quod
953 3847 1227 3916 promitto.
1257 3846 1353 3899 Est
1395 3845 1554 3899 etiam
1595 3845 1820 3914 Spiritus

243 3929 459 3972 sanctos
503 3918 720 3982 donum,
749 3915 802 3972 et
830 3932 988 3985 super
1013 3931 1171 3970 omne
1198 3915 1418 3978 donum,
1447 3925 1500 3968 et
1523 3917 1663 3983 quod
1686 3916 1818 3970 nulli

241 3987 466 4042 debetur
489 3988 685 4042 donum
707 4027 720 4051 ,
753 3995 808 4042 et
833 3987 974 4055 quod
1004 3987 1166 4054 gratis
1192 3985 1438 4038 tribuitur
1464 3985 1682 4038 dolium.
1710 3985 1818 4040 Na-

245 4065 332 4112 tus
357 4067 440 4111 est
469 4058 730 4120 Christus,
761 4065 813 4110 et
843 4058 894 4108 in
923 4057 1180 4125 pnesepio
1209 4057 1298 4126 qui
1322 4056 1526 4124 piorum
1551 4057 1820 4122 jumento-

243 4144 362 4180 rom
391 4141 511 4182 esea
544 4127 712 4186 fieret,
739 4126 1024 4180 reclinatus
1049 4143 1060 4178 :
1087 4133 1262 4181 tamen
1289 4127 1452 4191 sitim,
1483 4126 1820 4182 lassitudines

243 4213 428 4267 passus
453 4205 554 4256 est.
582 4212 610 4248 a
637 4197 746 4250 suis
775 4196 1036 4267 venditus,
1066 4210 1096 4248 a
1123 4196 1320 4250 ludatis
1343 4197 1566 4250 traditus
1589 4205 1642 4250 et
1663 4211 1820 4251 accu-

241 4266 412 4333 satus,
435 4283 462 4320 a
485 4267 740 4336 Gentibus
767 4266 1058 4336 ﬂagellatus
1077 4307 1090 4329 ,
1116 4267 1282 4336 spinis
1301 4275 1613 4331 coronatus,
1642 4268 1816 4321 cruci-

243 4339 398 4394 tixus.
424 4353 550 4392 saxo
579 4335 787 4390 tandem
819 4337 1051 4392 inclusus
1075 4355 1087 4389 :
1111 4335 1362 4406 quorsum
1389 4336 1502 4390 lucc
1521 4338 1731 4390 omnia?
1751 4337 1820 4393 Ut

243 4408 348 4463 hoc
374 4407 462 4462 tibi
495 4415 698 4461 emeret
721 4407 936 4477 donum,
967 4407 1104 4475 quod
1137 4416 1314 4477 postea
1339 4407 1820 4477 credentidispeu-

244 4489 420 4536 saret:
449 4487 539 4531 aut
577 4479 750 4546 potius
786 4476 1147 4546 dispensarct,
1179 4487 1234 4532 ut
1259 4478 1523 4532 crederes.
1553 4476 1682 4530 Nam
1715 4479 1818 4534 nisi

284 4550 390 4602 rius
415 4547 679 4606 dedisset.
713 4563 884 4616 neque
916 4559 1072 4608 ante.
1109 4564 1280 4614 neque
1321 4559 1440 4616 post
1475 4547 1816 4602 credidisses.

243 4563 397 4672 i’lnde
439 4617 540 4672 sia
573 4627 758 4671 natura
800 4619 996 4672 donum
1041 4619 1144 4672 hoc
1185 4618 1369 4672 babes.
1402 4620 1609 4671 inanem
1639 4619 1816 4672 reddis

296 4617 397 4672 nde
439 4617 540 4672 sia
573 4627 758 4671 natura
800 4619 996 4672 donum
1041 4619 1144 4672 hoc
1185 4618 1369 4683 babes,
1402 4620 1609 4671 inanem
1639 4619 1816 4674 reddis

245 4698 470 4746 mortem
498 4687 727 4754 Christi,
763 4689 1098 4755 passionem,
1138 4703 1368 4743 crucem.
1421 4687 1632 4742 Frustra
1675 4690 1816 4742 enim

243 4759 488 4825 moritur,
520 4767 576 4828 ut
603 4757 692 4828 tibi
715 4759 952 4828 acquirat
975 4759 1114 4828 quod
1147 4760 1196 4812 in
1229 4768 1278 4812 te
1303 4769 1404 4822 est,
1425 4768 1472 4812 et
1498 4760 1656 4812 donet
1677 4759 1814 4827 quod

243 4829 503 4897 possides.
537 4826 718 4882 Redde
749 4827 972 4882 Domino
993 4826 1236 4898 praisepii
1265 4829 1633 4894 humilitatem,
1659 4826 1820 4884 redde

241 4899 417 4952 crucis
463 4897 918 4960 maledictionem,
963 4897 1126 4952 redde
1171 4897 1372 4966 profusi
1422 4900 1690 4967 sanguinis
1723 4915 1818 4954 co-

242 4970 383 5038 piam
405 5011 420 5034 ,
453 4969 714 5022 incassum
747 4969 860 5021 haec
887 4968 1061 5022 omnia
1085 4985 1096 5021 ε
1123 4969 1214 5022 tibi
1243 4969 1471 5033 sufficis,
1505 4969 1676 5022 inania
1707 4971 1820 5024 lucc

242 5038 458 5102 omnia;
489 5039 636 5094 dives
663 5053 742 5104 es,
771 5046 826 5092 et
856 5039 906 5090 in
933 5038 1109 5092 divitis
1135 5047 1338 5092 natura:
1366 5039 1518 5092 bonis
1543 5051 1818 5106 computus

245 5109 570 5164 intellectum
593 5149 606 5174 ,
639 5124 794 5179 quem
821 5109 965 5163 dedit
994 5119 1176 5179 natura
1199 5151 1213 5170 .
1241 5124 1348 5161 non
1372 5109 1560 5178 gratia,
1589 5119 1640 5162 et
1667 5109 1820 5178 cujus

244 5195 350 5233 non
389 5195 448 5234 es
483 5177 690 5233 debitor
721 5177 994 5244 Creatori,
1037 5178 1138 5232 nisi
1185 5179 1234 5232 in
1278 5177 1531 5248 quantum
1575 5177 1818 5234 naturain

245 5249 446 5320 tribuit,
471 5265 590 5320 quae
617 5249 708 5303 tibi
740 5251 1062 5304 intellectum
1096 5251 1234 5304 fecit.

315 5321 368 5374 5.
404 5319 778 5375 Conuincuutur
805 5329 1052 5387 postremo
1089 5319 1391 5390 experientia
1428 5320 1646 5387 propria:
1669 5320 1818 5388 inﬁr—

242 5391 432 5444 mitatis
451 5401 498 5444 et
525 5391 956 5458 concupiscentia.
983 5391 1269 5460 Agnoscis,
1285 5399 1514 5460 utputo,
1537 5405 1770 5444 errorem
1801 5407 1814 5442 :

242 5469 298 5532 et
323 5461 520 5516 utinam
544 5461 827 5514 emendent
853 5469 902 5514 te
923 5459 1078 5532 renes
1107 5461 1178 5514 tui
1211 5459 1378 5532 (Psal.
1409 5474 1502 5525 xv,
1524 5460 1602 5528 7),
1629 5469 1680 5532 ut
1708 5475 1820 5532 me-

241 5531 346 5586 lius
373 5545 628 5600 agnoscas
648 5571 662 5594 ,
689 5539 742 5584 et
769 5531 1106 5598 agnoscendo
1145 5529 1322 5600 petas,
1363 5539 1414 5584 et
1455 5529 1680 5598 petendo
1720 5530 1819 5584 ob-

243 5605 410 5672 tineas
437 5600 1007 5672 spirituminlellectus
1036 5609 1090 5654 et
1127 5601 1330 5672 consilii
1369 5609 1425 5672 et
1463 5601 1686 5672 timoris,
1710 5615 1820 5672 quo

243 5669 532 5736 sapientior
569 5671 782 5734 evadas,
811 5685 915 5740 quo
945 5671 1040 5724 fias
1069 5671 1271 5727 cautior
1295 5681 1350 5726 et
1391 5669 1614 5725 Domino
1641 5670 1834 5739 subje-‘

241 5744 398 5799 etior.
431 5741 588 5810 ila-c,
618 5741 822 5810 fratres,
853 5741 950 5796 etsi
981 5755 1084 5796 non
1115 5749 1428 5810 tractarem,
1459 5741 1596 5800 alius
1644 5751 1818 5799 tamen

1573 304 1802 360 SEHMU
1840 303 2144 359 CCCLX“.

3372 317 3506 372 1636

1921 432 2064 477 esset
2107 423 2195 494 qui
2236 438 2342 496 vos
2366 423 2648 496 erudirct:
2677 433 2729 496 et
2757 425 2894 494 apud
2933 426 3284 496 vosmetipsos
3309 437 3503 488 meta-

1923 501 2068 548 tores
2091 494 2296 548 essetis.
2320 494 2374 548 Si
2399 495 2558 556 enim,
2583 495 2720 562 quod
2744 503 2946 550 avertat
2971 496 3128 562 Deus,
3151 494 3200 550 iu
3227 507 3330 552 tam
3355 515 3498 556 cras-

1921 578 2040 616 sum
2083 572 2138 618 et
2175 564 2442 632 stupidum
2478 579 2714 618 errorem
2757 565 2984 633 prolapsi
3015 569 3235 632 essetis,
3260 577 3316 621 ut
3343 585 3372 622 a
3403 587 3502 624 na-

1923 641 2051 706 tura,
2079 635 2226 688 vobis
2245 705 2250 706 γ
2269 635 2591 706 intellectum
2634 635 2789 706 tribui
2831 635 3114 706 putaretis,
3143 653 3302 706 quem
3331 655 3360 692 a
3389 643 3502 696 sola

1919 705 2086 771 gratia
2107 715 2160 757 et
2184 704 2546 758 misericordia
2567 705 2655 758 Dei
2683 704 2907 768 habetis,
2926 704 3272 762 emendarem
3302 725 3394 763 vos
3426 728 3502 766 re-

1923 789 2017 826 nes
2043 775 2220 839 vestri,
2239 783 2293 828 ct
2316 775 2626 834 clamarent,
2647 774 2820 840 Quare
2847 777 3134 830 ascendunt
3155 779 3502 840 cogitationes

1921 819 2224 918 hujusmodi
2250 847 2308 918 in
2353 861 2445 898 cor
2485 819 2716 918 vestrum
2765 843 2925 918 (Luc.
2969 861 3114 908 xxiv,
3161 819 3290 918 583'!
3321 819 3498 904 υιιξίξιῖ

1921 915 2142 982 quisque
2161 929 2219 968 se
2249 915 2417 982 ipsum
2445 915 2706 977 consulat,
2731 929 2790 968 se
2808 915 2976 982 ipsum
3003 918 3194 984 palpet.
3211 915 3496 982 scrutetur,

1921 997 2022 1037 nec
2067 999 2124 1037 se
2159 985 2428 1054 qumsierit
2465 994 2644 1047 extra;
2673 986 2960 1052 interroget
2987 1001 3144 1040 renes
3171 1003 3316 1052 suos,
3341 999 3394 1042 et
3419 991 3500 1044 di-

1921 1062 2044 1106 cent
2073 1054 2182 1114 illi.
2213 1055 2376 1108 fuisse
2419 1055 2586 1122 legem
2623 1058 2674 1108 in
2717 1055 2970 1108 membris
3007 1057 3140 1110 meis
3175 1062 3496 1114 contrariam

1921 1122 2036 1194 legi
2053 1125 2244 1178 mentis
2271 1140 2400 1178 mem
2429 1121 2600 1194 (Rom.
2625 1139 2716 1188 vit,
2738 1123 2859 1194 Q5);
2883 1140 3082 1194 pronus
3103 1141 3218 1178 sum
3244 1128 3310 1180 ad
3339 1145 3498 1184 ouiue

1921 1191 2174 1264 ﬂagitium
2195 1235 2207 1256 ,
2237 1195 2306 1248 ita
2335 1209 2420 1247 me
2440 1191 2678 1246 obruunt
2717 1191 3156 1264 concupiscentiie
3189 1196 3414 1264 fluctus,
3443 1212 3500 1254 ut.

1921 1263 2156 1332 quotidie
2183 1279 2412 1330 mergar,
2443 1273 2494 1317 et
2523 1265 2574 1316 in
2603 1263 2918 1332 profundum
2953 1277 3286 1330 peccatorum
3319 1263 3488 1324 ruam.

1971 1333 2420 1407 scendit‘invidia,
2445 1335 2680 1387 ascendit
2707 1334 3244 1407 superhiatascendit
3267 1338 3493 1407 luxuria,

1919 1403 2128 1470 agmine
2169 1403 2306 1458 farto
2354 1405 2604 1458 miserum
2645 1401 2930 1471 pctuutzsi
2963 1401 3281 1474 Charybdim
3331 1401 3498 1462 decli;

1921 1475 2154 1546 paverim
2189 1515 2202 1536 ,
2253 1475 2478 1546 Scyllam
2525 1474 2768 1546 incurro;
2817 1475 2860 1528 si
2908 1475 3176 1546 libidinem
3225 1479 3494 1546 prepulso,

1921 1541 2016 1594 irae
2037 1541 2352 1608 succumbo;
2372 1545 2414 1597 si
2444 1559 2546 1598 non
2577 1559 2660 1598 me
2683 1543 2864 1596 (leniat
2887 1545 3129 1606 avaritia,
3151 1541 3307 1599 cedit
3325 1541 3499 1602 ebrie-

1921 1620 2035 1685 tas;
2067 1615 2112 1666 si
2145 1614 2356 1685 rapinis,
2379 1614 2640 1685 abstineo,
2663 1629 2875 1668 manum
2916 1625 2986 1685 et,
3011 1615 3212 1668 viscera
3254 1620 3498 1685 pauperi.

1921 1679 2020 1734 bus
2059 1679 2278 1747 claudo;
2315 1684 2360 1737 si
2397 1683 2676 1736 calumniis
2705 1700 2860 1736 aures
2889 1684 3120 1746 abduco,
3150 1679 3294 1740 mofs
3333 1679 3496 1744 intrat

1923 1765 2016 1818 per
2041 1751 2320 1814 fenestras,
2351 1753 2448 1806 hoc
2481 1762 2597 1817 est,
2625 1769 2717 1820 per
2749 1755 2932 1808 oculos
2965 1755 3238 1808 libidinum
3265 1766 3318 1809 et
3347 1759 3496 1813 volu-

1922 1832 2122 1889 ptatum
2181 1823 2442 1878 incentiva
2488 1823 2707 1886 haurio;
2753 1825 2980 1892 denique
3019 1827 3062 1878 si
3105 1825 3290 1879 rimam
3337 1843 3497 1884 unam

1921 1892 2132 1962 obturo,
2173 1905 2386 1948 centutn
2435 1902 2644 1962 patent,
2691 1894 2882 1961 quibus
2925 1895 3178 1962 accipiam
3222 1896 3494 1952 inimicum

1922 1959 2142 2016 imbrem
2163 2004 2177 2028 ,
2206 1972 2260 2017 et
2296 1959 2508 2034 tandem
2533 1959 2794 2034 fatiscam.
2829 1963 2961 2034 pltare
2984 1959 3108 2018 sunt.
3133 1981 3251 2033 qum
3274 1967 3412 2034 apud
3444 1977 3496 2023 te

1921 2040 2149 2086 tractant
2174 2048 2328 2088 renes
2361 2033 2432 2086 tui
2455 2073 2468 2096 ,
2501 2041 2554 2085 et
2585 2033 2793 2101 prepria
2825 2033 3126 2087 infirmitate
3157 2033 3354 2089 conscii
3376 2053 3498 2090 eru-

1920 2102 2071 2154 diunt
2101 2115 2180 2166 te,
2207 2104 2480 2171 increpant
2505 2111 2554 2155 te
2574 2145 2586 2164 ,
2615 2103 2898 2156 emendant
2941 2113 3024 2166 te,
3053 2114 3108 2157 et
3131 2119 3298 2172 usque
3323 2107 3374 2160 in
3399 2123 3498 2160 no-

1919 2180 2080 2244 clem.
2113 2173 2334 2238 Qualem
2379 2172 2990 2244 noctem‘lConscientiie
3022 2183 3124 2228 tua:
3153 2175 3491 2244 caliginosa,

1921 2242 2075 2315 cujus
2121 2243 2354 2315 tenebris
2397 2241 2661 2315 involutus
2691 2243 2887 2315 velles,
2917 2247 2960 2315 si
2995 2259 3208 2315 posses,
3243 2241 3322 2299 liis
3347 2241 3498 2315 quasi

1920 2311 2164 2381 clypeum
2211 2311 2467 2365 adversus
2510 2312 2684 2365 lumen
2727 2313 2960 2366 veritatis
2998 2311 3320 2378 'ohtendere,
3343 2311 3398 2370 et
3428 2317 3498 2372 de

1921 2378 2227 2435 fortitudine
2255 2391 2337 2434 tua
2367 2383 2502 2434 bene
2534 2395 2765 2448 sperare.
2810 2381 2914 2436 Sed
2943 2385 3229 2437 emendant
3259 2393 3308 2438 te
3337 2401 3496 2441 renes

1923 2450 2018 2502 tui.
2048 2449 2114 2503 In
2139 2451 2354 2504 renibus
2391 2461 2437 2504 et
2469 2451 2522 2503 in
2551 2451 2732 2504 liuulus
2759 2451 2942 2514 robur,
2987 2461 3046 2504 ut
3081 2463 3163 2506 est
3203 2455 3392 2509 alicubi
3443 2457 3494 2510 in

1921 2517 2192 2591 Scriptura
2237 2520 2388 2590 (Job
2427 2536 2530 2581 ιιι,
2571 2520 2664 2591 il)
2699 2537 2711 2569 :
2753 2521 2844 2574 sed
2891 2523 3314 2591 quandoquidem
3362 2525 3497 2580 adeo

1921 2590 2161 2661 elumbes
2189 2589 2294 2644 sint
2321 2591 2480 2644 lumbi
2512 2589 2618 2661 tui,
2641 2589 3173 2661 adeorflaccessentes
3203 2609 3354 2648 renes
3386 2597 3456 2650 tui
3475 2637 3492 2661 ,

1921 2659 2170 2714 erudiunt
2198 2671 2250 2716 et
2277 2661 2478 2726 dicunt,
2507 2659 2562 2713 Si
2594 2660 2644 2730 in
2673 2660 2917 2730 renibus,
2947 2660 3088 2715 unde
3113 2671 3194 2714 est
3221 2659 3493 2730 fortitudo,

1923 2737 2064 2799 tanta
2093 2741 2174 2784 est
2191 2730 2465 2792 debilitas,
2501 2729 2640 2783 tanta
2669 2729 2944 2782 infirmitas
2965 2771 2978 2792 ,
3005 2731 3130 2799 quid
3171 2731 3240 2786 de
3287 2729 3496 2788 ueteris

1923 2798 2052 2870 fiet?
2075 2799 2203 2854 Cum
2233 2816 2328 2854 nos
2347 2816 2474 2870 ergo
2503 2800 2795 2870 erudieriut
2819 2801 2982 2854 lumbi
3009 2798 3202 2868 nostri,
3232 2813 3286 2856 et
3309 2804 3498 2859 docue-

1921 2868 2030 2922 rint
2063 2886 2220 2939 quam
2249 2885 2381 2924 vana
2411 2868 2478 2924 Sit
2515 2870 2660 2924 salus
2705 2869 3010 2934 hominum;
3055 2871 3182 2940 quid
3223 2885 3494 2940 superest.

1921 2941 2020 2993 nisi
2051 2950 2108 2994 ut
2135 2941 2506 3008 succingamus
2533 2940 2738 2992 lumbos
2763 2949 2992 3000 nostros.
3013 2952 3069 2994 ut
3097 2957 3202 2996 non
3222 2941 3497 2998 difﬂuaut?

1921 3009 2144 3076 Quando
2170 3010 2308 3079 apud
2337 3025 2436 3064 nos
2462 3010 2692 3074 tabulata
2717 3019 2896 3063 nostra
2914 3051 2928 3074 ,
2952 3019 3042 3063 aut
3069 3011 3226 3066 nimia
3261 3025 3496 3067 vetusta-

1923 3087 2009 3142 te,
2049 3090 2142 3134 aut
2183 3081 2348 3134 nimio
2385 3081 2584 3150 Colore,
2605 3089 2696 3132 aut
2751 3089 3124 3150 tempestatum
3156 3083 3492 3150 impulsione,

1921 3151 2002 3220 vel
2029 3151 2131 3203 alia
2156 3150 2400 3220 quapiam
2429 3149 2495 3203 de
2536 3165 2692 3203 causa
2745 3149 3042 3220 dehiscunt,
3077 3151 3162 3204 illa
3191 3149 3368 3206 statim
3389 3154 3501 3207 cla-

1921 3219 2002 3288 vis
2039 3229 2093 3274 et
2129 3219 2308 3274 nervis
2339 3220 2726 3288 compingimus
2750 3237 2762 3271 :
2789 3219 2888 3273 hoc
2919 3220 3006 3273 fiat
3034 3221 3100 3274 de
3133 3221 3324 3276 lumbis
3370 3225 3494 3287 tuis,

1921 3287 2024 3342 hoc
2047 3298 2148 3352 est.
2170 3291 2237 3344 de
2263 3287 2572 3344 fortitudine
2597 3299 2710 3350 tua;
2733 3290 2994 3354 laxantur,
3023 3301 3201 3356 ruunt,
3227 3293 3494 3353 fatiscunt.

1922 3361 2142 3430 solvitur
2171 3371 2275 3414 tota
2295 3375 2584 3430 compago;
2617 3359 2777 3412 habes
2797 3360 2976 3415 clavos
3005 3361 3054 3414 in
3080 3363 3354 3426 crucifixo,
3389 3364 3496 3418 f'or-

1921 3429 2045 3484 titer
2089 3431 2338 3499 impinge,
2383 3429 2436 3484 et
2483 3439 2626 3483 tanto
2669 3430 2886 3494 melius,
2916 3441 3113 3500 quanto
3153 3433 3494 3500 profundius;

1922 3501 2028 3554 noli
2075 3516 2273 3570 ponere
2321 3501 2549 3562 labanti,
2593 3509 2650 3554 ut
2676 3509 3033 3562 sustentetur;
3079 3502 3158 3556 sic
3204 3503 3500 3557 firmabilur

1921 3585 2175 3640 compago
2199 3571 2448 3626 resoluta.
2482 3571 2686 3624 Habent
2723 3570 2854 3623 clavi
2895 3572 3100 3630 crucis.
3130 3585 3236 3640 quo
3260 3572 3500 3640 jacentes
3586 3625 3592 3632 ,

1921 3641 2146 3709 erigant,
2167 3657 2270 3709 quo
2289 3641 2492 3695 debiles
2517 3640 2816 3702 restituant,
2837 3657 2942 3708 quo
2960 3641 3196 3695 labentes
3213 3643 3492 3696 retineant.

1923 3707 2160 3778 Impelle,
2185 3707 2374 3774 tunde,
2403 3725 2570 3778 uSque
2610 3709 2693 3780 ad
2723 3707 3008 3780 medullas,
3035 3725 3207 3780 usque
3233 3713 3299 3765 ad
3328 3711 3498 3780 ipsam

1921 3781 2152 3834 animam
2175 3821 2190 3843 ,
2214 3795 2278 3836 ex
2310 3781 2406 3833 hac
2434 3778 2802 3834 emendatione
2823 3778 3134 3846 sanaberis,
3177 3789 3232 3835 et
3277 3778 3498 3837 sanatus

1921 3849 2066 3904 dices
2089 3849 2156 3904 ad
2177 3851 2476 3914 Dominum,
2499 3849 2864 3902 Fortitudinem
2883 3867 3042 3902 meam
3065 3852 3130 3902 ad
3159 3861 3204 3904 te
3217 3853 3500 3906 custodiam

1922 3919 2106 3990 (Psnl.
2139 3920 2420 3990 Lvtu.10)
2456 3939 2469 3975 :
2514 3936 2576 3974 ex
2626 3931 2678 3972 le
2723 3917 2974 3972 fortitudo
3017 3935 3156 3985 mea,
3188 3921 3252 3974 ad
3299 3931 3349 3976 te
3393 3921 3504 3976 for-

1923 3989 2090 4044 titudo
2115 4005 2252 4045 mea.
2287 3991 2539 4045 Conversi
2577 3990 2644 4044 ad
2675 3991 2982 4053 Dominum,
3014 4002 3117 4044 etc.

2414 4101 2642 4156 SERMO
2679 4101 2966 4156 CCCLXV]
3007 4106 3024 4124 '
3064 4101 3168 4172 (α).

1957 4172 2036 4228 De
2063 4171 2274 4228 Psalmo
2299 4189 2404 4228 χχιι
2425 4215 2440 4240 ,
2471 4174 2724 4228 Dominus
2765 4174 2898 4240 regit
2939 4187 3024 4228 me
3045 4171 3144 4238 ,et
3171 4173 3301 4228 nihil
3335 4173 3464 4228 mihi

2571 4242 2739 4298 deerit
2765 4243 2859 4314 (b).

1993 4336 2045 4388 1.
2075 4333 2315 4388 Psalmus
2347 4333 2718 4405 reformationis
2751 4332 2974 4405 ltominis
3016 4334 3306 4405 mysterium
3339 4335 3504 4388 conti-

1921 4421 2062 4458 nens.
2095 4405 2362 4458 I’salmum
2394 4403 2563 4470 vobis,
2586 4403 2935 4466 dilectissimi,
2969 4403 3152 4470 qui’ad
3180 4405 3372 4458 Christi
3400 4405 3500 4458 Da-

1921 4476 2172 4544 ptismum
2227 4475 2562 4544 properatis,
2609 4475 2660 4527 in
2715 4475 2926 4544 nomine
2981 4473 3188 4528 Domini
3245 4475 3502 4528 tradimus
3551 4477 3569 4538 {

1921 4543 2192 4600 meruerim
2221 4543 2584 4599 collecandum
2606 4559 2622 4608 ;
2646 4543 2798 4612 cujus
2825 4557 3044 4597 necesse
3069 4554 3178 4606 est.
3213 4553 3268 4597 ut
3297 4556 3494 4613 myste-

1919 4617 2080 4682 rium,
2105 4615 2434 4669 illuminante
2456 4613 2632 4668 divina
2656 4613 2846 4683 gratia,
2867 4629 3212 4682 exponamus.
3239 4613 3334 4668 llic
3357 4616 3500 4668 enim

1923 4687 2156 4754 psalmus
2184 4685 2484 4754 specialiter
2513 4684 2942 4738 reformationem
2969 4685 3144 4754 lapsus
3175 4683 3390 4736 humani
3415 4699 3506 4752 ge-

1923 4753 2088 4818 neris.
2120 4765 2172 4810 et
2199 4753 2394 4808 sancta:
2423 4754 2677 4808 Ecclesia:
2699 4753 3052 4822 disciplinam,
3077 4753 3340 4822 simulque
3371 4768 3506 4807 con-
3563 4799 3570 4810 .

1924 4831 2057 4880 tinet
2079 4835 2430 4880 sacramenta.
2465 4824 2686 4878 Pateant
2713 4824 2870 4892 igitur
2899 4823 3112 4876 silentio
3139 4837 3296 4876 aures
3325 4825 3502 4878 cordis

1925 4897 2088 4950 vestri
2134 4896 2200 4948 ad
2241 4893 2594 4956 audiendum,
2636 4903 2690 4947 et
2729 4894 2888 4948 totius
2935 4893 3240 4964 intentionis
3288 4905 3502 4964 paratos

1923 4968 2100 5021 sulcos
2140 4965 2286 5020 verbi
2334 4979 2516 5018 semen
2558 4963 2786 5017 inveniat
2813 4981 2828 5017 :
2855 4972 2910 5016 ut
2949 4963 3086 5032 quod
3134 4963 3504 5019 nunc'sitiens

1925 5047 2064 5090 terra
2093 5037 2380 5104 susceperit
2400 5046 2424 5100 ,'
2451 5045 2688 5103 tempore
2718 5042 2936 5100 accepto
2963 5033 3216 5088 inebriato
3243 5035 3502 5104 sanguine

1921 5107 2140 5168 Christi,
2171 5107 2222 5160 in
2249 5121 2470 5175 procero
2507 5107 2810 5174 germinans
2831 5105 3006 5158 culmo
3037 5105 3072 5170 ',
3097 5105 3344 5173 copiosos
3369 5105 3500 5159 affe-

1925 5189 2004 5231 rat
2031 5177 2250 5231 fructus.

1993 5248 2047 5300 2.
2083 5247 2130 5300 Η
2137 5247 2316 5317 originis
2361 5246 2690 5317 lapsijgura
2715 5245 2765 5296 in
2791 5245 2957 5317 coqui
2979 5244 3232 5317 descendit
3257 5243 3468 5317 altilem
3483 5273 3499 5283 -

1923 5318 2078 5372 salem
2107 5319 2160 5370 in
2187 5315 2738 5370 JerichoE—Dominus
2765 5315 2890 5384 regit
2921 5325 3078 5380 me,“
3109 5316 3236 5368 nihil
3265 5315 3504 5384 utilide-

1924 5393 2034 5442 erit.
2065 5389 2328 5458 Magnum,
2347 5385 2663 5451 charissimi,
2685 5381 2998 5455 principium
3025 5386 3344 5440 confitentis.
3373 5381 3498 5437 Fir-

1987 5505 2004 5534 ι
2039 5499 2330 5564 Sirrnondus,
2355 5503 2596 5564 prospero.
2624 5505 2680 5548 At
2701 5505 2830 5558 Mss,
2849 5509 3064 5564 procero.

1987 5565 2004 5582 '
2022 5561 2229 5612 Collatus
2243 5563 2302 5611 ad
2317 5559 2445 5612 duos
2467 5559 2512 5610 'v.
2538 5562 2597 5610 ad
2619 5574 2694 5612 ar.
2720 5573 2810 5610 rm.
2837 5559 2888 5610 et
2919 5559 2980 5610 ad
2999 5561 3134 5608 sirm.

2008 5626 2059 5688 α)
2092 5624 2242 5683 Alias,
2277 5625 2406 5674 inter
2421 5623 2770 5688 sirmoudianos
2789 5623 2838 5672 9.
2866 5687 2873 5688 ί
3031 5681 3044 5688 _
3128 5682 3139 5688 _
3204 5687 3209 5688 ν
3246 5681 3273 5688 __
3309 5657 3331 5678 ο

2011 5681 2060 5749 υ)
2094 5681 2355 5749 AuguStiuo
2379 5687 2610 5736 tributum
2633 5689 2818 5749 reperit.
2834 5681 3107 5749 sirnnndus
3127 5682 3176 5732 iu
3199 5681 3352 5732 tribus
3373 5683 3501 5733 codi-

1925 5744 2079 5804 cibus.
2101 5744 2196 5800 uno
2211 5749 2540 5810 Germanensi,
2579 5751 2630 5796 et
2651 5744 2897 5797 Victorinis
2911 5744 3101 5794 duobus
3123 5757 3136 5794 :
3163 5755 3252 5796 uos
3271 5753 3506 5812 praeterea
