3996 6460
296 434 409 488 164⁸

290 551 417 603 sicut
443 557 488 601 te
511 548 694 616 ipsum.
725 543 791 598 In
818 545 1046 616 hisenim
1077 544 1265 597 duobus
1293 543 1544 616 mandatis
1571 542 1732 596 omnis
1756 540 1860 616 Lex

290 619 469 686 pendet
494 611 540 670 et
571 615 841 683 Propheta:
865 614 1072 686 (Matth.
1103 628 1233 674 χχιι,
1259 615 1472 686 ⁸5740).
1502 611 1724 686 UtAergo
1751 613 1859 686 cito

328 689 590 752 crvcnias,
618 687 663 739 si
681 682 906 739 festinas
933 685 995 738 ad
1023 700 1240 752 regnum
1262 684 1541 745 cmlorum,
1583 684 1633 737 in
1655 682 1860 736 duabus

312 760 378 810 iis
404 757 606 810 semitis
629 797 643 819 ,
682 772 800 824 qua!
825 756 1060 808 omnium
1088 763 1245 824 caput
1281 765 1444 817 sunt,
1487 762 1542 807 et
1583 768 1742 806 unam
1785 753 1861 824 fa-

287 829 436 881 ciunt
460 827 633 887 viam,
659 821 918 894 gradere;
963 834 1018 878 ut
1047 823 1497 894 universas,cmn
1531 821 1852 894 perveneris,

290 899 497 951 naviter
533 904 586 949 te
619 891 683 948 εί
714 896 830 948 sine
867 894 1172 964 fatigatione
1196 893 1466 964 peregisse
1503 891 1856 964 congaudeas.

361 967 414 1021 ες.
441 965 630 1019 Umbra
656 967 828 1018 mortis
855 965 934 1017 via
959 962 1165 1032 peccati.
1191 963 1297 1017 llas
1319 977 1446 1024 ergo
1475 969 1595 1015 tene
1619 962 1858 1032 semitas,

290 1037 344 1089 in
375 1035 456 1089 his
485 1044 732 1088 maneant
763 1031 999 1087 incessus
1031 1035 1101 1086 tui
1125 1075 1139 1096 ,
1184 1035 1320 1087 inter
1361 1032 1554 1085 diaboli
1593 1031 1862 1085 saevientis

291 1106 531 1166 insidias,
577 1113 634 1156 ιιι
667 1118 884 1157 securus
917 1105 1085 1170 possis
1111 1113 1325 1156 cantare
1363 1101 1506 1166 Deo,
1551 1109 1604 1155 ct
1641 1100 1816 1155 dicere
1844 1117 1856 1153 :

294 1175 432 1228 Nam
474 1185 520 1227 et
559 1179 600 1226 si
640 1174 953 1226 ambulavero
995 1173 1044 1224 in
1085 1173 1245 1224 medio
1285 1170 1470 1224 umbra:
1509 1171 1716 1234 mortis,
1762 1183 1863 1223 non

289 1244 472 1297 timebo
515 1244 685 1304 ntala;
728 1244 964 1312 quoniam
1006 1252 1057 1293 tu
1088 1256 1277 1294 mecum
1305 1258 1380 1295 es.
1428 1240 1620 1296 Umbra
1638 1240 1860 1312 mortis,

291 1315 374 1366 via
422 1313 620 1382 peccati
663 1309 780 1372 est,
833 1313 884 1364 in
932 1327 1036 1382 qua
1082 1311 1590 1382 nebulopirataque
1619 1309 1863 1382 diabolus

291 1377 436 1436 recte
465 1382 822 1452 gradientibus
849 1377 979 1434 retia
1009 1377 1336 1452 deceptionis
1362 1377 1632 1452 expandit.
1664 1377 1862 1452 Umbra

289 1463 411 1516 est,
457 1446 576 1520 quia
613 1449 742 1503 nihil
778 1465 1058 1520 commune
1086 1446 1186 1520 luci
1230 1465 1350 1504 cum
1392 1446 1645 1520 tenebris.
1692 1449 1859 1520 Hujus

291 1519 496 1576 umbrae
520 1535 681 1589 opera
711 1519 1033 1587 repudianda
1067 1519 1223 1575 docet
1248 1519 1550 1588 Apostolus,
1579 1519 1821 1589 inquiens
1845 1533 1860 1570 :

292 1592 602 1660 Abjiciamus
626 1606 778 1660 opera
801 1591 1134 1660 tenebrarum,
1166 1599 1212 1643 et
1237 1590 1508 1642 induantur
1529 1589 1822 1660 armalucis
1843 1603 1865 1652 ;-

289 1657 416 1715 sicut
439 1662 489 1712 in
517 1659 597 1712 die
623 1659 821 1712 honeste
850 1657 1156 1712 ambulemus
1176 1700 1191 1722 ,
1223 1677 1322 1713 non
1350 1661 1402 1712 in
1426 1657 1863 1712 comessationibus

289 1739 338 1785 et
366 1729 678 1784 ebrietatibus
697 1770 712 1794 ,
750 1745 849 1782 non
882 1729 934 1782 in
958 1729 1200 1782 cubilibus
1226 1738 1272 1782 ct
1301 1728 1652 1796 impudicitiis,
1686 1744 1784 1780 non
1810 1728 1863 1780 in

290 1800 662 1853 contentioneet
685 1797 1005 1852 armulatione
1034 1797 1205 1868 (Rom.
1234 1812 1355 1864 xm,
1384 1797 1637 1864 1Ξει13).
1661 1797 1862 1868 Quam-

289 1869 380 1924 diu
412 1869 570 1937 igitur
608 1869 663 1922 in
706 1868 948 1937 prtesenti
987 1867 1090 1922 vita
1135 1883 1352 1931 manes,
1397 1870 1452 1922 in
1496 1867 1670 1922 medio
1705 1867 1860 1937 vitin-

292 1954 412 1993 rum
433 1935 520 2010 :(a)
544 1979 560 2002 ,
591 1935 919 2010 summarium
951 1953 1313 2010 pressurarum
1338 1978 1354 2002 ,
1382 1946 1647 2010 qmesunt
1675 1936 1862 2010 umbra

291 2006 512 2071 mortis,
547 2007 805 2060 ambulas.
845 2007 1040 2061 Luceat
1074 2007 1126 2061 in
1163 2006 1323 2060 corde
1350 2016 1439 2060 tuo
1461 2007 1741 2072 Christus,
1772 2006 1861 2076 qui

291 2079 556 2133 illuminat
600 2078 866 2130 lucernam
909 2077 1104 2131 mentis
1149 2081 1342 2131 nostra:
1392 2091 1484 2146 per
1524 2076 1860 2130 dilectionem

292 2148 388 2202 Dei
422 2158 471 2202 et
505 2147 764 2215 proximi:
797 2155 851 2200 et
885 2162 989 2199 non
1033 2147 1242 2200 timebis
1267 2147 1422 2210 mala,
1464 2147 1712 2213 quoniam
1749 2147 1862 2212 ipse.

293 2229 468 2272 tecum
495 2214 598 2270 est.
642 2214 759 2268 Non
785 2222 854 2279 te,
891 2215 1056 2284 inqttit
1093 2231 1189 2284 per
1219 2216 1527 2283 prophetam
1554 2256 1568 2276 ,
1612 2217 1858 2281 deserant,

293 2302 451 2356 neque
478 2285 820 2356 derelinquant
847 2284 1024 2352 (Josue
1078 2285 1242 2356 1,5).
1282 2284 1414 2356 item
1439 2285 1490 2337 in
1524 2284 1810 2354 Evangelio
1843 2303 1856 2338 :

297 2341 428 2408 Ecce
465 2371 556 2424 ego
601 2341 693 2406 cro.
714 2341 962 2424 vobiscum
975 2341 1215 2424 omnibus
1256 2353 1428 2424 diebus
1456 2370 1611 2424 usque
1637 2341 1704 2406 all
1742 2371 1860 2406 con-

290 2421 674 2478 smnmaiionem
693 2422 879 2493 seculi
910 2422 1119 2493 (Matth.
1139 2435 1340 2493 Δχιιιιιι,
1364 2421 1480 2489 20).
1527 2421 1750 2493 ldouens
1778 2432 1860 2477 est

288 2503 472 2548 custos
501 2503 638 2546 tuus.
666 2491 864 2546 Tecum
893 2490 973 2546 est
1003 2491 1253 2545 Dominus
1278 2493 1414 2546 Deus
1443 2501 1584 2546 tuus.
1615 2490 1755 2547 Cave
1790 2508 1858 2548 ne

287 2563 538 2628 iactantia
564 2562 779 2616 deseras
812 2561 1182 2626 comitantem,
1223 2571 1277 2616 ct
1313 2576 1590 2617 remaneas
1614 2561 1857 2618 desertus

291 2633 346 2687 in
385 2633 568 2687 umbra
596 2630 800 2684 mortis.

362 2702 416 2757 6.
457 2701 606 2772 Virga
632 2700 950 2772 disciplinam
969 2741 984 2765 ,
1021 2700 1225 2755 baculus
1248 2701 1555 2772 adjutoriunt
1583 2700 1852 2772 signiﬁcat.

296 2769 473 2826 Mensa
509 2768 595 2840 per
624 2768 877 2840 Christum
907 2780 1212 2840 pra'parata.
1262 2768 1394 2824 Cum
1439 2768 1856 2840 itaque—insidiis

290 2841 490 2895 inimici
512 2839 808 2910 'oppngnari
839 2848 890 2894 te
929 2839 978 2893 in
1022 2841 1228 2910 umbra,
1273 2849 1327 2894 et
1365 2839 1620 2895 deterreri
1659 2854 1855 2908 cogno-

290 2857 490 2895 nnmtct
521 2855 807 2961 oppuq‘nari
839 2855 890 2894 te
929 2857 978 2893 Ill
1022 2855 1228 2903 umbra,
1273 2855 1327 2894 et
1365 2855 1620 2895 deterreri
1659 2855 1854 2908 cogno-

289 2913 460 2972 veris,
506 2924 668 2978 appre
709 2908 844 2964 ende
885 2910 1085 2979 virgam
1122 2909 1446 2979 disciplinas,
1485 2916 1539 2963 et
1577 2911 1627 2962 in
1668 2910 1854 2964 baculo

288 2980 668 3034 misericordia:
695 2979 921 3033 ﬁdenter
958 2979 1202 3034 incumbe
1224 3018 1238 3043 ,
1284 2989 1341 3033 ut
1373 2995 1494 3034 cum
1531 2979 1622 3032 tibi
1658 2979 1854 3033 auxilio

289 3049 373 3104 sol
392 3049 614 3117 justitizn
639 3049 903 3104 refulserit
929 3048 1192 3114 Christus,
1223 3051 1478 3104 veraciter
1500 3047 1666 3119 dicas,
1701 3047 1853 3119 Virga

290 3133 378 3172 tua
404 3128 450 3172 et
478 3119 682 3172 baculus
712 3129 826 3173 tuus
850 3119 961 3188 ipsa
983 3135 1060 3172 me
1084 3120 1340 3172 consolata
1365 3127 1498 3173 sunt.
1525 3117 1675 3186 Virga
1705 3117 1852 3172 natu-

286 3204 389 3258 que
418 3188 702 3257 superbum
734 3188 901 3311 regit,
945 3188 1231 3242 secundum
1273 3188 1415 3258 quod
1456 3187 1653 3242 dictum
1682 3197 1763 3241 est
1798 3189 1849 3242 in

292 3259 502 3311 Psaltno
527 3257 759 3311 secundo
822 3272 853 3311 e
879 3257 1087 3311 Christo
1111 3275 1123 3310 :
1156 3257 1312 3311 Renes
1336 3273 1420 3311 eos
1449 3259 1499 3310 in
1525 3258 1664 3311 viraa
1691 3261 1849 3311 ferrea

292 3257 502 3312 Psahno
527 3257 759 3313 secundo
785 3257 853 3312 de
879 3257 1087 3311 Christo
1111 3275 1123 3310 :
1156 3257 1312 3328 Reges
1336 3273 1420 3312 eos
1449 3259 1499 3328 in
1525 3258 1664 3327 virga
1688 3261 1852 3327 ferrea

285 3339 336 3398 et
379 3338 618 3397 tanquam
664 3328 939 3398 vasi/iguli
981 3326 1264 3398 confringes
1311 3341 1394 3398 eos
1437 3326 1712 3398 (Psalgin,
1755 3328 1846 3396 9).

290 3393 514 3451 Baculus
541 3413 665 3451 vero
697 3393 925 3452 debilem
951 3393 1212 3452 sustentat
1233 3409 1288 3452 et
1326 3393 1542 3452 fessum.
1585 3393 1850 3452 Memento

288 3479 416 3536 ergo
449 3467 798 3534 corrcplionis
826 3475 880 3520 et
911 3466 1200 3535 disciplina:
1225 3467 1406 3535 virgre,
1446 3475 1504 3520 ut
1528 3481 1648 3520 cum
1677 3467 1848 3535 reple-

289 3547 374 3591 tus
401 3536 562 3591 fueris
593 3536 745 3590 bonis
775 3536 1038 3590 donorum
1073 3537 1195 3602 Dei,
1228 3550 1332 3591 non
1361 3536 1634 3591 extollaris
1662 3553 1850 3603 snper-

289 3607 372 3659 bia
398 3646 412 3669 ,
457 3617 510 3659 et
554 3621 851 3661 murmures
903 3605 1157 3676 adversus
1191 3620 1315 3662 eum
1361 3624 1385 3676 :7
1420 3607 1540 3676 quia
1581 3605 1718 3660 sicut
1757 3621 1848 3660 vas

290 3676 431 3730 liauli
479 3676 642 3728 iratus
686 3676 737 3728 in
787 3691 849 3730 ea
894 3674 1188 3730 confringet
1247 3685 1316 3729 te.
1373 3674 1638 3730 Memento
1689 3677 1846 3729 etiam

287 3715 533 3812 adibtorii
574 3745 764 3808 baculi,
787 3715 861 3798 vet
890 3760 955 3799 ne
983 3715 1220 3800 confidas
1259 3745 1308 3799 in
1333 3746 1525 3800 virtute
1565 3754 1674 3807 tua,
1716 3760 1848 3799 nch

287 3815 464 3884 dicas,
509 3815 734 3868 Sanctus
774 3829 926 3879 sum,
973 3813 1197 3868 titubare
1248 3829 1352 3869 non
1393 3828 1626 3884 possum.
1657 3813 1848 3868 Multos

289 3883 449 3937 habet
477 3884 656 3952 lapsus
686 3884 962 3937 inﬁrmitas
987 3892 1186 3946 nostra,
1210 3898 1309 3937 nec
1332 3884 1608 3938 sanctitate
1627 3898 1847 3952 operum

287 3968 503 4006 suorum
527 3952 697 4022 adhuc
727 3953 779 4022 in
803 3961 940 4006 terra
961 3952 1120 4007 dante
1149 3953 1327 4022 spinas
1351 3964 1406 4008 et
1432 3953 1654 4008 tribulos
1681 3955 1846 4022 posita

289 4021 522 4092 regitur,
551 4022 629 4074 vel
662 4020 819 4074 habet
854 4022 1074 4092 gloriam
1116 4020 1374 4090 puritatis.
1419 4020 1692 4088 Quamdiu
1719 4039 1846 4092 ergo

289 4091 472 4160 redeat
513 4091 564 4144 in
609 4098 803 4146 terram
847 4089 914 4144 de
959 4105 1059 4160 qua
1104 4089 1310 4160 sumpta
1355 4103 1468 4154 est,
1515 4092 1612 4145 nisi
1659 4089 1846 4147 baculo

285 4159 484 4214 divina:
506 4160 689 4228 gratise
717 4169 948 4230 regatur,
979 4159 1129 4215 stare
1167 4159 1269 4216 non
1297 4171 1486 4228 potest.
1515 4162 1638 4216 Sive
1672 4163 1847 4229 itaque

289 4230 615 4300 prosper-eris
663 4230 715 4283 in
763 4229 908 4295 Deo,
942 4231 1080 4300 sive
1129 4231 1476 4285 tentationum
1534 4241 1847 4300 tempestate

287 4299 537 4369 turbcris,
579 4307 742 4352 totum
773 4309 823 4353 te
852 4299 902 4352 in
937 4299 1177 4369 bacnlmn
1208 4301 1582 4355 misericordiae
1605 4301 1694 4354 Dei
1728 4318 1847 4369 pro-

283 4367 407 4436 jtce,
438 4377 495 4422 ut
519 4383 638 4422 cum
660 4381 817 4438 supra
847 4383 967 4422 eum
991 4368 1144 4422 donis
1173 4371 1532 4438 spiritualibns
1555 4367 1846 4438 pascendos

287 4438 618 4504 occubueris,
655 4437 944 4507 delectatus
979 4449 1137 4506 gustu
1175 4437 1446 4494 suavitatis
1483 4437 1618 4507 ejus,
1655 4457 1846 4494 conve-

290 4507 495 4561 nienter
521 4507 699 4578 dit-asp,
748 4505 953 4578 Parasti
987 4505 1042 4561 in
1068 4519 1331 4578 conspectu
1360 4526 1466 4563 meo
1495 4505 1714 4563 mensam
1749 4511 1845 4563 ad-

289 4591 456 4630 versus
480 4593 562 4630 eos
589 4577 675 4644 qui
699 4577 936 4648 tribulant
961 4595 1055 4630 nte.
1088 4576 1439 4648 _Impinguasti
1475 4581 1525 4632 in
1560 4581 1668 4632 oleo
1695 4590 1847 4648 caput

288 4657 484 4718 meum,
527 4655 574 4698 et
621 4646 857 4718 poculum
901 4656 1040 4699 tuum
1081 4646 1330 4718 inebrians
1357 4665 1506 4718 quam
1549 4646 1846 4718 praclarum

287 4716 402 4787 est!
446 4715 557 4769 lloc
599 4731 692 4784 per
729 4715 913 4787 orbem
957 4725 1214 4787 terrarum
1261 4715 1392 4770 fulta
1435 4715 1616 4787 gratia:
1661 4719 1847 4772 baculo

290 4785 530 4840 universa
569 4793 747 4840 cantat
793 4784 1052 4840 Ecclesia.
1098 4786 1208 4840 lloc
1246 4784 1504 4842 adversus
1547 4789 1844 4851 hmrcticos,

287 4851 498 4908 Judzcos
522 4862 678 4922 atque
697 4853 952 4919 Gentiles,
985 4855 1073 4923 qui
1107 4871 1223 4909 eam
1257 4857 1546 4911 deridendo
1575 4858 1844 4920 tribulant,

290 4923 574 4995 przrdic.‘tt,_
593 4938 696 4977 non
725 4924 774 4995 in
802 4939 880 4989 se,
907 4924 998 4978 sed
1032 4925 1084 4995 in
1107 4925 1329 4995 Domino
1349 4927 1644 4995 gloriando.
1672 4928 1846 4981 Mensa

290 5007 516 5065 namque
555 4992 898 5060 jucunditatis
927 4994 1104 5065 passio
1139 4994 1331 5048 Christi
1354 4992 1488 5060 'cst,
1527 4997 1613 5064 qui
1657 5012 1714 5049 se
1754 5014 1848 5065 pro

290 5063 442 5116 nobis
477 5063 527 5115 in
568 5077 744 5116 mensa
783 5065 956 5118 crucis
985 5064 1171 5118 obtulit
1200 5067 1512 5118 sacriﬁcium
1545 5063 1651 5120 Deo
1683 5063 1844 5130 Patri,

287 5132 492 5186 donans
549 5133 796 5187 Ecclesia:
840 5147 951 5187 sua:
1008 5134 1282 5188 catholica:
1328 5137 1488 5189 vitale
1524 5137 1842 5200 convivium,

288 5217 511 5270 corpore
550 5216 647 5255 suo
676 5217 771 5256 nos
798 5203 1040 5257 videlicet
1078 5204 1296 5266 satiaris,
1341 5215 1393 5258 et
1437 5205 1702 5260 inebrians
1728 5221 1850 5258 san-

287 5269 497 5342 guine,
517 5269 628 5324 [lac
665 5287 847 5326 mensa
878 5281 1024 5342 pasta
1059 5282 1113 5326 et
1142 5273 1396 5327 viviﬁcata
1417 5314 1433 5340 ,
1479 5275 1730 5330 adversus
1758 5291 1850 5329 eos

289 5341 378 5412 qui
419 5341 667 5395 tribulant
703 5357 852 5406 eam,
882 5341 1124 5396 exsultat
1153 5343 1386 5396 Ecclesia
1410 5385 1423 5406 ,
1465 5344 1666 5398 habens
1702 5359 1849 5412 spem

291 5411 410 5464 vit:e
450 5420 662 5465 atteram:
712 5426 807 5480 per
847 5427 995 5465 suam
1041 5414 1200 5466 vitam
1249 5414 1523 5467 Dominum
1563 5411 1849 5478 Christian,

288 5480 377 5552 qui
421 5495 537 5552 cam
564 5480 700 5552 _oleo
745 5481 938 5552 ﬁctilia:
985 5498 1078 5550 per
1125 5493 1364 5536 sanctum
1411 5483 1663 5552 Spiritum
1707 5487 1856 5537 unxit

289 5549 520 5621 abunde.
564 5549 786 5621 Propter
814 5550 947 5621 hanc
986 5549 1220 5604 mensam
1258 5549 1576 5621 corripiebat
1611 5555 1660 5606 in
1697 5555 1856 5608 idolio

293 5619 661 5694 accumbentes
681 5619 984 5694 Corinthios
1009 5623 1290 5694 Apostolus
1309 5665 1322 5684 ,
1359 5619 1540 5677 dicens
1565 5641 1578 5676 :
1610 5623 1729 5677 ,Νυη
1766 5642 1857 5694 po-

294 5689 426 5741 testis
469 5690 834 5742 communicare
882 5707 1064 5744 mensa:
1110 5692 1308 5744 Domini
1353 5703 1397 5745 et
1441 5710 1624 5748 mensa:
1665 5689 1855 5748 da:in-

351 5841 428 5901 (α)
450 5847 600 5900 Forte,
625 5848 683 5890 ct.

1607 424 1836 481 διεπιιο
1875 423 2093 480 CCCLX
2105 426 2210 481 Vll.
2301 436 2307 441 ‘

3410 436 3545 490 H.530

1972 541 2206 611 nierum:
2238 558 2333 592 non
2363 545 2560 607 potestis
2591 542 2752 598 bibere
2779 545 2982 597 culicem
3011 543 3236 611 Domini,
3267 558 3312 601 et
3336 549 3543 602 calicem

1969 610 2328 682 dnjmottiorum
2355 611 2392 682 (Ι
2425 611 2542 666 Cor.
2577 630 2632 676 ιι,
2658 614 2730 668 ’20
2755 626 2798 666 ct
2824 614 2942 679 ⁸21).

2041 681 2092 755 'l.
2122 679 2299 755 Gratia
2331 679 2636 755 pra‘eeuiens
2675 694 2722 738 et
2747 687 3068 752 subsequens.
3114 686 3248 738 Cum
3282 699 3376 740 vos
3416 704 3545 755 ergo

1968 749 2144 825 divina
2170 749 2359 819 gratia,
2391 751 2456 806 ad
2483 770 2637 825 quam
2661 749 2956 825 properatis
2980 794 2994 818 ,
3027 755 3318 822 advexerit,
3347 749 3541 825 cogim-

1968 821 2128 873 scetis
2155 834 2390 893 mensam
2418 821 2704 890 spit'ittialis
2735 821 2982 888 cnttvivii,
3027 834 3083 878 ut
3121 821 3542 893 agnitaveritate

1969 891 2329 962 unusquisque
2368 897 2598 945 vestrum
2653 895 2960 954 exsultans,
3019 902 3074 949 ct
3130 891 3323 959 gratias
3379 912 3542 962 agens

1971 959 2098 1022 Deo,
2128 959 2245 1025 ’jam
2278 971 2640 1028 competenter
2676 972 2726 1016 et
2764 964 3074 1018 fiducialiter
3111 965 3274 1029 dicat,
3304 964 3368 1018 Et
3395 959 3542 1020 mise-

1969 1029 2186 1100 ricordia
2213 1041 2298 1083 tua
2323 1031 2647 1100 subsequetur
2672 1049 2749 1086 me
2778 1033 3005 1086 onmibus
3031 1035 3208 1090 diebus
3243 1036 3358 1090 vita!
3396 1053 3538 1088 mm'.

1970 1097 2223 1170 Magnum
2248 1109 2296 1152 le
2321 1097 2500 1168 εισι-ἰώ
2521 1102 2766 1154 solatimn
2790 1106 3094 1157 comitatur.
3139 1107 3363 1170 Protilcr
3385 1107 3540 1156 mise-

1970 1168 2101 1220 riam
2143 1169 2386 1223 videlicet
2426 1171 2742 1225 inﬁrmitatis
2790 1181 2924 1236 tunc,
2966 1168 3326 1228 misericordia
3369 1185 3419 1226 te
3451 1174 3538 1227 Dei

1968 1238 2326 1307 subsequitur.
2358 1239 2462 1293 Sed
2503 1241 2646 1308 prius
2677 1250 2734 1293 ut
2776 1243 2876 1295 iter
2923 1243 3014 1295 tibi
3041 1243 3161 1296 vitae
3201 1255 3412 1297 interna:
3441 1244 3540 1296 de-

1971 1319 2261 1377 monstret,
2294 1311 2548 1375 przevenit
2593 1321 2642 1363 te
2661 1353 2675 1372 ,
2709 1309 2758 1364 id
2785 1319 2902 1376 est,
2932 1314 3198 1367 antecedit
3229 1323 3278 1366 te
3299 1354 3314 1377 ,
3345 1330 3539 1368 secun-

1969 1376 2094 1447 dum
2138 1378 2276 1446 quod
2308 1378 2433 1432 dicit
2477 1379 2526 1432 in
2555 1381 2658 1432 alio
2689 1379 2889 1447 psalmo
2909 1422 2924 1445 ,
2974 1382 3106 1435 Deus
3135 1376 3306 1446 meus,
3347 1383 3539 1435 miseri-

1969 1446 2143 1498 cordia
2181 1449 2292 1517 ejus
2335 1451 2598 1519 prteveniet
2640 1446 2718 1502 me
2744 1449 2917 1518 (Psal.
2944 1465 3086 1515 Lvm,
3115 1452 3223 1519 11).
3275 1452 3542 1505 l’r;u\cuit

1967 1530 2096 1585 ergo
2123 1525 2175 1570 te
2217 1518 2574 1572 misericordia
2615 1519 2749 1584 ejus,
2793 1520 2844 1573 id
2884 1530 3002 1583 est,
3035 1521 3087 1573 in
3128 1522 3264 1574 viam
3309 1531 3362 1575 te
3395 1521 3540 1574 ducit

1970 1585 2297 1655 ignorantem
2328 1587 2488 1650 viam,
2533 1589 2600 1642 ad
2631 1589 2798 1643 Deum
2831 1599 2882 1644 te
2906 1601 3061 1644 vocat
3104 1591 3256 1655 longe
3287 1591 3477 1644 facturn
3507 1609 3538 1644 a

1970 1654 2078 1726 Deo
2102 1670 2366 1726 ;_servum
2407 1659 2606 1726 peccati
2642 1659 2892 1721 attrahit,
2923 1668 2979 1714 ttt
3007 1654 3229 1714 liberum
3261 1659 3454 1724 faciat,
3481 1670 3539 1715 ut

1967 1723 2286 1779 ambulando
2313 1727 2364 1779 in
2387 1723 2469 1780 v'ia
2490 1728 2733 1781 omnibus
2753 1728 2939 1781 diebus
2961 1730 3079 1783 vita:
3108 1737 3209 1783 tute
3237 1745 3338 1781 non
3365 1723 3533 1784 erres.

1966 1792 2316 1867 Subsequitur
2344 1796 2503 1850 etiam
2529 1805 2580 1851 te
2600 1837 2615 1860 ,
2643 1797 2947 1852 custodiens
2978 1807 3120 1867 terga
3149 1808 3232 1851 tua
3250 1839 3265 1864 ,
3309 1815 3375 1852 ne
3405 1799 3535 1852 insi-

1966 1862 2409 1936 dianscalcaneo
2438 1874 2528 1919 tuo
2570 1881 2792 1936 serpens
2835 1862 3084 1922 diabolus
3122 1862 3398 1936 cumquo
3443 1869 3544 1924 tibi

1967 1941 2090 1986 sunt
2131 1934 2806 2006 inimiciti:e_,__supplantet
2847 1948 2916 1991 te.
2970 1937 3127 1991 Latro
3175 1934 3403 2006 namque
3446 1949 3539 1991 aut

1966 2003 2295 2076 occurrendo
2325 2003 2536 2076 occidit,
2572 2003 2666 2076 aut
2690 2005 3021 2074 exsurgendo
3053 2016 3171 2074 post
3201 2003 3422 2076 tergum.
3454 2006 3536 2062 0b

1968 2071 2148 2145 hoc__te
2177 2071 2426 2142 prmcedit
2460 2082 2515 2145 et
2551 2071 2891 2145 subsequitur
2916 2071 3398 2130 misericordia'tlei
3419 2118 3432 2135 ,
3480 2087 3536 2130 ut

1967 2141 2187 2195 medius
2219 2151 2362 2197 tutus
2409 2144 2651 2198 ambules
2693 2141 2748 2200 et
2795 2160 3013 2200 securus
3057 2147 3306 2200 omnibus
3348 2147 3536 2199 diebus

1967 2210 2087 2284 vita:
2115 2219 2250 2284 tua:._
2269 2212 2414 2266 llabe
2440 2227 2575 2284 ergo
2597 2228 2746 2284 spem
2776 2225 2830 2268 et
2857 2216 3101 2283 gloriam,
3132 2233 3234 2269 non
3264 2216 3314 2268 in
3345 2226 3416 2276 te.
3440 2216 3532 2269 St‘ll

1968 2279 2020 2331 in
2049 2281 2378 2346 przecedcntc
2408 2289 2463 2334 et
2499 2279 3238 2352 s'ttbs'equentewmiscrieordia
3270 2286 3358 2338 Dei
3387 2304 3400 2338 :
3432 2301 3533 2353 qua

1967 2357 2265 2428 praeventus
2288 2365 2350 2428 e_s
2374 2361 2651 2428 peccator,
2676 2353 3021 2428 _ut_salvcris;
3069 2369 3171 2408 non
3201 2355 3446 2408 inventus
3475 2372 3533 2409 cs

1959 2419 2162 2487 justus,
2187 2429 2243 2472 ut
2271 2419 2530 2486 placuisse
2557 2419 2818 2487 glorieris.

2033 2487 2086 2540 8.
2120 2485 2310 2542 Gratia:
2338 2498 2383 2540 et
2413 2485 2698 2560 christiana:
2726 2492 3046 2559 professionis
3084 2493 3192 2560 quis
3224 2493 3356 2558 ﬁnis.
3404 2493 3535 2547 Vide

1962 2566 2137 2626 autem
2165 2573 2269 2626 quo
2294 2563 2346 2610 te
2367 2559 2625 2626 perducit,
2652 2562 2696 2614 si
2720 2575 2823 2613 non
2845 2559 3143 2614 deserueris
3162 2563 3531 2615 deducentem.

1961 2625 2075 2698 Non
2104 2627 2160 2698 in
2186 2625 2379 2696 agrum
2417 2627 2644 2698 miseriae
2681 2630 2978 2695 secularis,
3011 2640 3068 2683 nt
3107 2631 3240 2684 inter
3279 2631 3454 2698 Spinas
3483 2643 3537 2683 (ιι

1961 2696 2182 2768 tribulos
2205 2711 2393 2768 panem
2414 2698 2470 2768 in
2497 2697 2676 2753 labore
2703 2709 2756 2752 et
2779 2699 2972 2752 sudore
2995 2702 3274 2768 conquiras
3294 2696 3320 2763 ;'
3338 2716 3442 2753 non
3467 2703 3535 2754 ad

1959 2767 2162 2838 marina
2191 2767 2494 2838 discrimina
2517 2809 2532 2830 ,
2566 2777 2623 2821 ut
2651 2770 2977 2822 mercimonii
3007 2767 3165 2824 cateia
3199 2770 3340 2838 ligno
3367 2769 3534 2836 fragili

1960 2834 2156 2887 incerta
2197 2836 2336 2888 lucra
2367 2838 2618 2907 secteris,
2652 2838 2736 2891 ubi
2781 2839 3070 2892 intentione
3111 2834 3344 2907 qum§tus
3382 2834 3534 2893 multi

1959 2915 2277 2976 merserunt.
2309 2901 2388 2958 Ad
2420 2906 2633 2976 domum
2663 2908 2751 2960 Dei
2782 2915 2836 2960 te
2861 2907 3023 2976 ducit,
3058 2901 3159 2961 non
3189 2918 3245 2962 ut
3272 2909 3531 2976 hostiitcm

1957 2974 2022 3026 ad
2049 2984 2276 3046 tempus,
2304 2983 2357 3028 ut
2383 2975 2576 3046 migres
2601 2991 2669 3030 ex
2691 2991 2787 3039 ea;
2817 2977 2907 3046 sed
2936 2975 3308 3041 habitatorem,
3333 2974 3390 3032 ut
3415 2994 3535 3046 per-

1957 3041 2173 3113 maneas
2200 3041 2252 3097 in
2279 3059 2363 3113 ea.
2385 3041 2633 3113 Seqttitur
2655 3046 2819 3108 enim,
2846 3045 2912 3100 Et
2938 3056 2994 3099 ut
3018 3047 3287 3100 inhabilem
3308 3049 3358 3100 in
3383 3041 3534 3101 domo

1957 3109 2164 3184 Domini
2206 3115 2256 3167 in
2300 3109 2610 3184 longitudine
2651 3115 2866 3170 dierum.
2911 3117 3106 3170 Domus
3149 3118 3262 3170 lia-c
3302 3118 3530 3183 Domini,

1958 3183 2234 3254 paradisus
2273 3181 2713 3254 est.'Longitudo
2751 3186 2992 3248 diermn,
3039 3187 3141 3238 vita
3186 3197 3382 3240 aeterna
3427 3181 3528 3242 est.

1955 3251 2070 3306 Non
2097 3252 2205 3307 illic
2232 3253 2455 3316 esuries,
2486 3251 2589 3308 non
2620 3255 2768 3310 sities
2785 3296 2801 3320 ,
2835 3269 2932 3309 nec
2958 3255 3222 3311 laborabis
3249 3266 3379 3310 aestu
3404 3257 3532 3311 solis

1955 3323 2222 3394 etimne,
2269 3323 2435 3391 frigus
2475 3333 2528 3377 ct
2571 3333 2915 3394 tempestates
2945 3325 3134 3379 hiemis
3169 3341 3271 3380 non
3311 3327 3530 3382 senties.

1956 3391 2191 3445 Tristitia
2220 3401 2273 3446 ct
2300 3407 2501 3463 ιιιαιτοι·
2535 3394 2584 3447 in
2614 3391 2808 3448 ca'non
2839 3405 2980 3449 sunt.
3011 3396 3294 3450 Consortio
3323 3411 3534 3463 semper

1954 3469 2257 3531 sanctorum
2299 3461 2485 3531 beatus
2524 3466 2648 3516 eris.
2689 3463 2954 3520 Gaudebis
2983 3481 3104 3519 eum
3130 3465 3207 3519 eis
3227 3507 3242 3531 ,
3271 3475 3325 3518 et
3351 3461 3533 3519 exsul-

1955 3530 2113 3594 tabis,
2132 3529 2356 3584 vivendo
2372 3540 2422 3585 et
2441 3532 2700 3586 laudando
2721 3534 2772 3586 in
2795 3534 2987 3588 sazcnla
3009 3529 3320 3588 smculornm
3343 3536 3527 3587 Deum.

1955 3599 2092 3652 Dicit
2114 3601 2260 3670 enim
2292 3600 2344 3670 in
2373 3601 2475 3653 alio
2501 3602 2735 3670 psalmo,
2766 3601 2908 3655 Beati
2932 3605 3016 3670 qui
3045 3605 3270 3656 habitant
3299 3605 3351 3655 in
3380 3605 3530 3656 domo

1953 3677 2038 3742 tua
2059 3669 2156 3742 ,‘uin
2183 3667 2368 3722 sarcula
2395 3667 2695 3742 singulorum
2732 3667 3004 3742 laudabunt
3039 3681 3092 3742 te
3115 3671 3282 3742 (Psal.
3311 3689 3527 3733 Lxxxm.

1954 3737 2033 3806 5).
2068 3737 2190 3791 ilmc
2218 3747 2299 3791 est
2327 3754 2448 3806 spes
2472 3740 2590 3792 ﬁdei
2613 3750 2825 3806 vestrae,
2847 3737 3196 3796 dilectissimi.
3221 3743 3532 3796 Accessistis

1952 3807 2018 3879 ad
2043 3808 2319 3879 Dominum
2341 3809 2595 3879 credere;
2626 3809 2866 3863 festinate
2890 3820 2942 3864 et
2963 3826 3177 3879 operam
3200 3811 3320 3864 date
3342 3828 3531 3879 apprc-

1956 3876 2191 3950 b_endere
2220 3891 2313 3944 per
2340 3877 2530 3931 bonam
2558 3876 3015 3934 conversationem
3044 3881 3184 3950 quod
3208 3876 3528 3935 credidistis.

1952 3946 2068 3999 Non
2098 3946 2240 4016 enim
2273 3956 2489 4015 propter
2529 3960 2842 4016 praesentem
2884 3946 3353 4005 vitatn'cfﬁcimini
3383 3951 3528 4004 chri-

1955 4014 2145 4088 stiani,
2180 4014 2777 4088 sedprOpter’fnturatn
2813 4019 3008 4085 vitam,
3040 4035 3198 4088 quam
3235 4023 3382 4073 vobis
3411 4038 3529 4073 cre-

1953 4084 2287 4156 dentibusqet
2329 4084 2478 4140 inse
2520 4084 3263 4156 perseverantibusillominns
3291 4090 3530 4142 Christus-

1954 4155 2067 4222 ipse
2095 4154 2352 4227 largitur:
2379 4157 2468 4224 qui
2497 4154 2624 4210 vivit
2660 4166 2716 4210 et
2751 4167 2936 4227 regnat
2971 4173 3090 4212 eum
3138 4159 3244 4211 Deo
3285 4159 3438 4211 Patre
3479 4161 3528 4211 in

1953 4227 2152 4278 unitate
2180 4224 2410 4294 Spiritus
2437 4228 2635 4290 sancti,
2669 4228 2720 4280 in
2747 4224 2937 4282 sa'cnla
2965 4229 3300 4282 sa-culorum.
3339 4231 3528 4282 Amen.

2375 4333 2605 4391 SERMO
2641 4337 2952 4392 CCCLXV"
2991 4341 3008 4359 ⁶
3051 4338 3146 4410 (α).

1952 4424 2028 4480 De
2069 4426 2225 4480 verbis
2264 4427 2526 4498 Evangelii
2569 4427 2751 4492 Luae,
2799 4444 2916 4498 cap.
2947 4445 3064 4494 va,
3107 4430 3314 4494 lii-5!;
3357 4432 3439 4484 ubi
3469 4431 3532 4484 de

2445 4519 2596 4573 divite
2632 4531 2678 4573 et
2706 4518 2904 4573 Lazaro
2935 4520 3032 4592 (ὁ).

2021 4630 2247 4686 CAPUT
2279 4631 2558 4687 PRIMUM.
2581 4662 2652 4671 —
2677 4631 2728 4686 1.
2757 4631 2937 4687 Divitis
2958 4649 3070 4686 cum
3095 4633 3290 4685 Lazaro
3313 4650 3532 4703 paupere

1952 4721 2277 4788 comparatio.
2302 4720 2524 4774 Avaritia
2543 4721 2876 4790 inexplebilis.
2901 4720 3141 4776 Advertit
3162 4723 3426 4776 Sanctitas
3450 4739 3531 4777 vc-

1952 4818 2081 4873 stra,
2097 4809 2284 4862 fratres
2301 4810 2680 4874 charissimi,et
2697 4823 2988 4877 mecum,nt
3004 4813 3251 4877 arbitror,
3269 4823 3373 4866 tota
3393 4830 3530 4868 men-

1955 4902 2024 4954 tis
2049 4900 2338 4954 intentione
2370 4902 2638 4971 perspexit
2662 4901 2984 4972 opulentiam
3011 4902 3209 4967 divitis,
3231 4915 3282 4957 ct
3305 4905 3530 4970 indigere

1955 4991 2079 5043 tiam
2121 4989 2503 5056 mendicantis;
2534 5007 2695 5045 unmn
2724 4992 2857 5047 cibis
2895 5001 3206 5049 mstuantcm
3227 5037 3242 5061 ,
3282 5005 3336 5050 et
3369 4998 3532 5050 alium

1959 5081 2093 5135 fame
2116 5079 2472 5136 deﬁcientem.
2499 5081 2672 5137 Ambo
2697 5083 2909 5153 quidem
2939 5083 3179 5139 homines
3199 5129 3214 5152 ,
3239 5088 3395 5140 ambo
3420 5103 3536 5141 car-

1960 5172 2124 5238 nales,
2146 5171 2302 5224 ambo
2328 5173 2577 5227 mortales
2600 5189 2614 5226 :
2637 5173 2730 5228 sed
2759 5188 2861 5228 non
2884 5176 3039 5229 ambo
3060 5177 3310 5246 :cqttales.
3337 5177 3530 5230 Natura

2022 5302 2038 5322 ‘
2072 5297 2277 5350 Collatus
2297 5301 2354 5368 ad
2392 5301 2523 5368 duos
2545 5303 2632 5352 bn.
2668 5310 2719 5353 et
2741 5311 2946 5368 quatuor
2969 5303 3031 5354 cl.
3057 5305 3116 5354 ad
3150 5307 3230 5356 cb.
3249 5304 3280 5354 f.
3307 5304 3362 5354 is.
3389 5318 3438 5366 ε.
3474 5305 3531 5356 lr.

1959 5375 2022 5413 tn.
2049 5375 2121 5424 pr.
2147 5374 2237 5424 rm.
2278 5363 2357 5424 vd.
2385 5371 2436 5413 et
2467 5364 2524 5412 ad
2571 5373 2671 5411 Am.
2715 5363 2788 5412 EE.
2834 5373 2936 5414 Par.
2966 5373 3074 5415 Lor.

2023 5421 2096 5484 (ξι)
2130 5421 2273 5481 Alias,
2296 5423 2357 5473 25
2374 5425 2438 5472 de
2458 5426 2628 5474 Verbis
2650 5427 2848 5475 Domini.

2023 5481 2094 5545 (b)
2128 5486 2388 5548 Augustino
2425 5487 2641 5548 tribuunt
2684 5491 2989 5548 ntaituscripti
3014 5500 3208 5545 omnes,
3248 5499 3423 5547 magno
3448 5503 3536 5537 nu-

1963 5558 2101 5609 mero
2125 5556 2141 5609 :_
2163 5545 2251 5609 sed
2272 5546 2582 5594 indubitatam
2609 5547 2665 5594 iis
2681 5548 2873 5609 adjungi
2897 5545 3039 5596 ﬁdem
3061 5561 3154 5594 non
3180 5545 3351 5608 patitur
3372 5548 3537 5597 dictio-

1965 5606 2039 5653 nis
2055 5605 2178 5668 ratio
2195 5607 2362 5668 impro]
2381 5609 2479 5665 ria,
2519 5605 2772 5668 inelegans
2795 5605 2850 5656 et
2869 5622 3124 5656 numerose
3146 5605 3391 5666 desinens,
3420 5625 3535 5658 sen-

1966 5666 2132 5739 tentiis
2171 5666 2457 5739 qua'tidtu‘ue
2481 5669 2620 5739 simili
2648 5666 2902 5717 verborum
2938 5682 3057 5738 sono
3094 5670 3314 5739 studiose
3344 5672 3539 5719 nimium

1969 5727 2254 5775 terminatis.
2274 5727 2482 5777 Dubium
2519 5729 2792 5776 habuerunt
2816 5730 3165 5783 lovanienses,
3196 5731 3413 5779 Verliaus
3449 5746 3535 5778 aw-

1973 5794 2070 5858 tem
2093 5791 2444 5860 sttpposititimn
2468 5803 2480 5836 :
2509 5790 2765 5860 “bilinguis
2805 5803 2945 5860 [mro
2965 5792 3153 5859 censuit
3176 5795 3420 5860 Augustini
3459 5807 3538 5839 no-

1973 5849 2118 5910 mine,
2142 5850 2181 5898 si
2204 5863 2298 5898 non
2322 5850 2457 5900 stilus
2482 5850 2776 5910 prohiberet,
2806 5849 2915 5909 jure
2940 5855 3110 5900 metito
3134 5849 3504 5904 iusrﬁbendtnu.
