3996 6482
416 399 548 454 1651

416 537 518 574 una
530 563 543 582 ,
559 517 651 574 sed
668 518 772 573 vita
791 531 894 572 non
914 530 1036 571 una.
1051 514 1231 570 Nullus
1246 527 1429 569 eorum
1447 525 1475 565 a
1493 509 1798 566 conditione
1809 507 2000 564 mortis

418 610 670 673 immunis
699 624 714 662 :
744 618 795 663 ct
827 620 1001 662 tamen
1032 619 1171 660 unus
1199 604 1443 674 epulatur
1467 600 1765 672 splendide,
1793 607 1846 654 et
1869 599 2004 652 alter

418 702 470 757 in
501 702 689 773 pannis
721 709 774 755 et
806 699 858 754 in
887 711 1120 754 aerumna
1150 695 1428 751 sordescit.
1471 694 1565 748 Ille
1591 693 1832 749 delicatis
1865 691 2002 746 escis

406 793 790 848 adiuventione
830 804 1122 860 coqnorum
1166 788 1426 862 gaudebat
1457 805 1471 843 :
1500 787 1600 842 iste
1620 829 1636 853 ,
1668 786 1711 841 si
1751 785 2003 841 caderent

419 884 570 938 mica:
597 883 664 938 de
691 897 874 938 mensa
905 882 1051 952 ejus,
1090 881 1450 950 exspectabat.
1481 878 1712 934 Audiant
1750 892 1890 932 nunc
1917 875 2003 931 di—

417 977 569 1040 vites,
596 974 685 1044 qui
711 974 901 1028 nolunt
934 988 1054 1028 esse
1082 971 1484 1035 misericordes;
1513 969 1728 1024 audiant
1750 968 1870 1039 quia
1897 982 1998 1021 una

417 1084 604 1124 omnes
629 1068 898 1124 nascimur
922 1067 1058 1137 lege,
1091 1081 1197 1120 una
1220 1064 1448 1119 vivimus
1475 1064 1612 1128 luce,
1642 1078 1804 1116 unum
1832 1061 2002 1130 spira-

417 1173 538 1214 mus
566 1173 765 1224 aerem,
795 1174 900 1212 una
926 1173 1136 1227 quoque
1164 1155 1548 1223 exstinguimur
1576 1161 1747 1208 morte
1773 1169 1787 1205 :
1816 1167 1933 1222 qua:
1957 1151 2002 1207 si

417 1266 525 1305 non
557 1250 947 1316 intercederet,
981 1265 1079 1304 nec
1109 1263 1308 1318 pauper
1337 1248 1449 1316 ipse
1476 1247 1716 1301 duraret.
1745 1245 1840 1299 llic
1865 1245 2008 1298 ulce-

419 1355 576 1396 rosus
618 1349 672 1396 et
714 1339 886 1394 nudus
925 1339 1110 1408 jacens
1154 1337 1418 1400 Lazarus,
1465 1335 1532 1390 ad
1574 1334 1799 1390 Abrahte
1832 1333 2005 1388 sinum

420 1431 748 1502 Angelorum
799 1437 1038 1500 portatur
1093 1427 1356 1482 manibus.
1403 1426 1539 1480 Ecce
1583 1425 1733 1480 dives
1780 1423 2008 1478 refectus

420 1531 476 1576 et
495 1520 807 1592 splendidus
833 1528 1064 1575 tartareo
1083 1534 1299 1574 carcere
1323 1516 1601 1572 clauditur.
1624 1515 1726 1571 Ubi
1747 1523 1828 1569 est
1847 1514 2009 1568 vestis

423 1612 517 1667 illa
539 1612 792 1684 byssina?
813 1611 900 1666 ubi
928 1611 1033 1665 vita
1061 1609 1334 1665 abundans
1359 1616 1412 1664 et
1436 1607 1658 1662 affluens
1681 1605 1846 1676 copiis
1868 1604 2009 1658 mul-

424 1703 538 1758 tis?
565 1703 751 1758 Nonne
780 1710 952 1758 morte
981 1701 1159 1756 omnia
1192 1707 1467 1755 transeunt
1497 1707 1742 1768 tanquam
1783 1695 2009 1752 umbra?

428 1791 580 1848 Nihil
607 1794 868 1847 intulimus
895 1793 948 1846 iu
977 1792 1109 1846 hunc
1137 1791 1400 1855 mundum,
1428 1789 1558 1844 dicit
1586 1787 1889 1857 Apostolus,
1923 1786 2012 1840 sed

425 1901 514 1938 uec
555 1885 829 1956 quidquam
871 1887 1074 1957 auferre
1112 1897 1376 1955 possumus
1416 1881 1459 1952 (l
1487 1881 1617 1936 Tim.
1644 1897 1694 1936 vr
1715 1921 1730 1944 ,
1759 1879 1838 1950 '7).
1869 1879 2012 1934 Nihil

429 1975 703 2030 nobiscum
731 1974 969 2030 tollimus
999 1983 1089 2030 aut
1114 1974 1368 2044 rapimus.
1398 1972 1533 2040 Quid
1564 1971 1607 2025 si
1636 1971 1831 2042 aliquid
1859 1970 2012 2025 tolle-

427 2081 628 2128 remus,
651 2081 826 2121 nonne
846 2067 994 2121 vivos
1014 2065 1259 2120 homines
1281 2062 1630 2118 voraremus?
1655 2063 1782 2130 Qua:
1804 2070 1887 2118 est
1914 2063 2013 2117 ista

427 2155 652 2208 aviditas
693 2154 1174 2223 eoueupisccntire,
1218 2169 1340 2208 cum
1386 2154 1513 2223 ipsae
1554 2153 1744 2208 bellua:
1788 2152 2017 2208 habeant

433 2245 690 2299 modum?
718 2245 866 2300 Tunc
892 2245 1032 2300 enim
1070 2245 1313 2316 rapiunt,
1343 2243 1554 2315 quando
1580 2244 1818 2299 esuriunt
1847 2261 1860 2296 :
1891 2259 2014 2312 par-

431 2342 561 2389 cunt
587 2350 713 2390 vero
741 2335 953 2404 prtedae,
985 2350 1105 2389 cum
1135 2335 1402 2390 senserint
1427 2334 1745 2389 satietatem.
1774 2332 2015 2404 lnexple-

438 2426 560 2480 bilis
586 2435 668 2480 est
700 2427 808 2480 sola
836 2427 1052 2481 avaritia
1080 2426 1321 2481 divitum.
1346 2427 1570 2495 Semper
1598 2427 1762 2495 rapit,
1793 2434 1848 2480 et
1881 2442 2018 2479 nun-

435 2531 594 2585 quam
650 2516 872 2570 satiatur
916 2533 930 2566 :
978 2530 1077 2569 nec
1121 2500 1300 2570 Deum
1359 2515 1541 2581 timet,
1597 2529 1695 2569 nec
1750 2514 2019 2570 hominem

435 2612 710 2661 reveretur
733 2623 745 2657 :
771 2620 871 2660 nec
891 2605 1024 2674 patri
1048 2605 1236 2674 parcit,
1261 2620 1360 2660 nec
1379 2614 1602 2660 matrem
1623 2605 1861 2674 agnoscit
1884 2623 1898 2659 :
1924 2590 2035 2660 nec

441 2695 590 2750 fratri
621 2695 987 2764 obtemperat,
1029 2710 1129 2750 nec
1167 2697 1339 2750 amico
1376 2695 1532 2750 fidem
1560 2703 1736 2750 servat
1766 2713 1779 2748 :
1808 2694 2020 2750 viduam

440 2786 712 2854 opprimit,
755 2785 940 2855 pupilli
969 2801 1079 2840 rem
1120 2785 1361 2841 invadit:
1395 2786 1612 2842 libertos
1651 2787 1704 2841 in
1745 2786 2018 2842 servitium

442 2885 687 2941 revocat,
719 2883 1088 2930 testamentum
1116 2875 1304 2930 falsum
1336 2876 1554 2947 profert.
1583 2876 1690 2932 Res
1715 2875 1909 2931 mortui
1935 2891 2026 2931 oc-

444 2977 736 3038 cupantur;
763 2969 911 3038 quasi
941 2983 1044 3022 non
1070 2978 1124 3023 et
1144 2968 1242 3038 ipsi
1263 2971 1348 3038 qui
1374 2970 1473 3024 hoc
1494 2969 1690 3024 faciunt
1709 2970 2022 3051 moriantur.

444 3060 574 3128 Qua:
601 3067 680 3114 est
707 3075 834 3130 ergo
863 3059 960 3114 ista
987 3061 1282 3114 animarum
1313 3059 1537 3128 insania,
1566 3061 1810 3116 amittere
1838 3060 2023 3126 vitam,

446 3159 698 3220 appetere
727 3151 988 3205 mortem?
1015 3151 1290 3222 acquirere
1317 3167 1502 3206 aurttm
1524 3193 1538 3218 ,
1567 3162 1621 3207 et
1659 3151 1884 3222 perdere
1918 3167 2028 3216 ca:-

446 3242 595 3296 lum?
621 3241 726 3298 Sed
769 3243 890 3313 quia
935 3259 1090 3299 nemo
1133 3245 1330 3314 cogitat
1373 3245 1570 3312 Deum,
1607 3244 1728 3301 ideo
1766 3255 1945 3302 manet
1976 3246 2026 3301 in

447 3343 624 3388 morte
657 3334 936 3403 judicium.

521 3423 746 3479 CAPUT
773 3424 834 3479 ΙΙ.
856 3456 927 3465 -
949 3425 1003 3479 2.
1027 3424 1177 3482 Dives
1198 3443 1287 3480 cur
1308 3426 1592 3482 damnatus.
1623 3428 1807 3484 Merito
1832 3429 2028 3485 dictum

449 3521 535 3569 est
575 3513 752 3583 diviti,
801 3514 934 3581 Quia
961 3517 1188 3587 recepisti
1212 3516 1342 3571 bona
1371 3519 1420 3572 iu
1450 3519 1550 3572 vita
1577 3528 1663 3573 tua
1681 3561 1695 3583 ,
1727 3531 1774 3574 et
1801 3519 2031 3576 Lazarus

449 3606 680 3660 similiter
728 3606 902 3672 mala;
947 3625 1081 3662 nunc
1122 3618 1288 3663 autent
1333 3610 1414 3663 hic
1462 3611 1781 3680 consolatur,
1828 3622 1880 3666 tu
1919 3630 2032 3668 vero

451 3697 712 3752 cruciaris.
748 3697 978 3753 Audiant
1003 3700 1098 3754 ista
1122 3701 1329 3766 divites,
1355 3702 1442 3772 qui
1471 3702 1657 3757 nolunt
1679 3719 1798 3759 esse
1823 3703 2031 3759 miseri-

451 3786 660 3842 cordes.
694 3789 926 3864 Audiant
949 3789 1170 3859 irrogari
1201 3793 1454 3862 supplicia
1482 3795 1560 3848 eis
1583 3795 1672 3864 qui
1702 3786 1890 3850 nolunt
1912 3812 2035 3851 ero-

452 3892 578 3948 gare
606 3878 860 3932 subsidia.
892 3880 1123 3935 Audiant
1148 3897 1432 3950 pauperem
1463 3883 1861 3954 refrigerantcm
1880 3929 1896 3951 ,
1935 3902 2032 3940 au-

453 3968 603 4023 diant
647 3969 863 4024 divitem
911 3971 1083 4039 ptenis
1127 3972 1455 4041 gravioribus
1501 3983 1834 4029 aestuantem.
1879 3973 2037 4029 Pater

388 4109 391 4112 .
455 4060 732 4126 Abraham,
762 4061 949 4131 inquit,
984 4063 1120 4115 mitte
1146 4061 1418 4130 Lazarum,
1446 4077 1497 4117 ut
1523 4065 1736 4137 intingat
1761 4077 2035 4121 extremum

456 4152 602 4223 digiti
624 4153 706 4206 sui
733 4153 785 4206 in
815 4169 1000 4222 aquam
1020 4193 1034 4216 ,
1066 4163 1111 4206 et
1146 4154 1402 4224 refrigeret
1439 4155 1662 4225 linguam
1691 4171 1889 4221 meam;
1917 4158 2038 4226 quia

455 4243 652 4297 crucior
678 4243 730 4297 iu
760 4243 855 4295 hac
878 4245 1106 4313 flamma.
1138 4248 1203 4297 At
1233 4244 1321 4298 ille
1350 4263 1364 4298 :
1393 4243 1644 4299 Memento
1663 4287 1677 4311 ,
1707 4246 1906 4315 inquit,
1935 4247 2033 4315 ﬁli,

455 4334 573 4401 quia
596 4335 824 4403 recepisti
845 4336 971 4388 bona
992 4337 1042 4388 in
1067 4335 1168 4387 vita
1189 4343 1294 4400 tua,
1317 4345 1364 4389 et
1388 4335 1612 4390 Lazarus
1631 4336 1859 4390 similiter
1881 4338 2035 4391 mala.

458 4426 755 4480 Pcnsautur
793 4441 888 4494 pro
925 4425 1126 4480 divitiis
1165 4441 1367 4496 pinnae,
1401 4427 1730 4498 refrigerium
1771 4445 1866 4498 pro
1907 4434 2038 4498 pati-

459 4525 683 4587 pertate,
712 4533 808 4587 pro
835 4535 1064 4588 purpura
1086 4518 1315 4584 flamma,
1343 4521 1560 4576 refectio
1586 4537 1681 4592 pro
1705 4524 1959 4590 nuditate,
1985 4536 2041 4579 ut

457 4612 602 4666 salva
649 4613 717 4666 sit
754 4612 976 4683 arquitas
1017 4622 1258 4680 staterae,
1291 4623 1342 4668 ct
1385 4631 1489 4669 non
1533 4619 1819 4671 mentiatur
1853 4618 2040 4673 modus

457 4703 597 4758 illius
636 4719 900 4758 mensura:
929 4722 943 4758 :
976 4703 1042 4757 lu
1081 4721 1210 4774 qua,
1253 4705 1452 4775 inquit,
1493 4708 1649 4760 mensi
1678 4708 1872 4776 [ueritis
1903 4726 2042 4762 uten-

458 4813 599 4862 sura,
630 4797 701 4850 ita
728 4797 1012 4853 remetietur
1039 4796 1174 4851 vobis
1201 4796 1410 4872 (Matth.
1435 4816 1526 4864 vtt,
1552 4799 1632 4871 2).
1665 4800 1785 4856 Ideo
1820 4810 2042 4871 negatur

462 4889 514 4940 in
553 4888 725 4955 pinnis
761 4888 1124 4944 misericordia
1155 4889 1303 4943 diviti
1325 4933 1337 4949 .
1367 4891 1487 4960 quia
1519 4891 1632 4961 ipse
1663 4890 1786 4945 dum
1817 4892 2038 4956 viveret,

459 4976 634 5030 uoluit
671 4977 931 5032 misereri.
971 4978 1092 5033 hlco
1119 4995 1312 5050 rogans
1338 4981 1486 5036 dives
1528 4996 1631 5036 non
1678 4983 1955 5036 exauditur
1990 4983 2042 5036 in

461 5068 774 5134 tormentis;
820 5069 940 5138 quia
985 5081 1257 5141 rogantem
1299 5086 1586 5141 pauperem
1632 5087 1736 5127 non
1776 5073 2045 5128 exaudivit

461 5162 514 5215 in
559 5158 733 5214 terris.

533 5250 761 5306 CAPUT
788 5250 874 5305 III.
897 5281 969 5291 —
987 5253 1039 5307 5.
1069 5253 1148 5306 Ad
1168 5253 1529 5325 eleemosyuaut
1555 5256 1864 5310 exhortatur.
1891 5258 2047 5313 Dives

461 5352 513 5397 et
556 5355 756 5412 pauper
785 5341 891 5396 duo
929 5343 1027 5397 sibi
1074 5353 1197 5397 sunt
1237 5347 1499 5401 contraria
1531 5365 1543 5399 :
1577 5347 1668 5402 sed
1716 5349 1903 5402 iterum
1941 5349 2047 5403 duo

463 5435 562 5490 sibi
592 5445 715 5490 sunt
746 5435 1065 5490 necessaria.
1097 5435 1286 5489 Nullus
1315 5437 1605 5507 indigeret,
1637 5440 1680 5494 si
1720 5455 1777 5493 se
1818 5440 2043 5495 invicem

465 5535 873 5596 supportarent:
906 5535 960 5582 et
994 5542 1152 5582 nemo
1191 5527 1488 5593 laboraret,
1520 5530 1563 5584 si
1603 5545 1661 5584 se
1698 5531 1855 5584 ambo
1890 5532 2047 5600 juva-

467 5628 605 5671 rent.
639 5619 793 5674 Dives
835 5627 1051 5689 propter
1090 5634 1375 5689 pauperem
1409 5619 1576 5675 factus
1613 5631 1730 5686 est,
1765 5633 1817 5677 et
1848 5639 2045 5693 pauper

467 5718 682 5778 propter
708 5711 921 5766 divitem
955 5713 1121 5766 factus
1149 5721 1250 5765 est.
1283 5712 1534 5781 Pauperis
1561 5723 1641 5767 est
1669 5731 1856 5778 orare,
1887 5725 1942 5770 et
1968 5717 2046 5770 di-

465 5799 584 5855 vitis
614 5816 866 5874 erogare;
900 5803 992 5859 Dei
1024 5813 1104 5860 est
1136 5820 1228 5875 pro
1261 5805 1432 5874 parvis
1463 5821 1647 5878 magna
1681 5824 1927 5878 pensare.
1981 5811 2046 5865 De

1658 387 1715 444 s.
1747 377 2110 440 AUGUSTINI
2151 360 2452 441 EPISCOPI

3565 386 3722 443 1652

2107 502 2470 559 misericordia
2515 503 2630 573 ejus
2672 518 2860 574 parva,
2893 519 3082 574 magna
3114 503 3347 560 nascitur
3375 505 3552 575 copia.
3598 505 3725 560 Fe-

2106 593 2313 648 cundus
2339 602 2424 648 est
2459 609 2586 663 ager
2616 609 2900 662 pauperum
2918 636 2932 660 ,
2961 595 3069 650 cito
3097 594 3270 650 reddit
3292 594 3722 650 dominantibus

2107 679 2356 736 fructum.
2388 682 2482 737 Via
2523 683 2643 737 εαξΙί
2684 691 2766 737 est
2805 699 3037 754 pauper,
3072 700 3165 754 per
3190 700 3349 755 quam
3383 686 3603 739 venitur
3631 686 3708 739 ad

2107 771 2341 827 Patrem.
2371 771 2548 843 Incipe
2570 789 2698 843 ergo
2720 790 2964 845 erogare,
2993 776 3036 830 si
3063 790 3166 830 non
3189 776 3268 830 vis
3287 791 3490 831 errare.
3521 777 3715 831 Patri-

2106 863 2274 918 monii
2301 863 2405 930 tui,
2434 881 2540 934 quo
2578 880 2636 920 es
2666 866 2886 935 ligatus,
2917 867 3232 937 compedem
3263 869 3314 922 in
3342 867 3444 924 hac
3470 870 3575 923 vita
3608 887 3715 926 re-

2107 955 2290 1021 solve;
2318 964 2378 1009 ut
2415 955 2581 1011 libere
2623 958 2690 1012 ad
2733 958 2926 1013 omium
2973 960 3146 1025 possis
3187 959 3446 1014 accedere
3477 977 3492 1010 :
3522 961 3718 1030 abjice

2108 1043 2204 1099 abs
2243 1051 2295 1100 te
2333 1045 2632 1100 divitiarum
2672 1061 2872 1116 onera,
2913 1048 3082 1117 abjice
3125 1049 3330 1104 vincula
3371 1050 3714 1114 voluntaria,

2108 1135 2279 1205 abjice
2303 1140 2596 1193 anxietates
2621 1149 2674 1193 et
2699 1138 2851 1192 taedia
2872 1180 2886 1204 ,
2916 1155 3034 1208 qua:
3076 1149 3128 1194 te
3162 1139 3404 1210 pluribus
3445 1142 3500 1196 in
3541 1143 3716 1197 anuis

2110 1226 2424 1296 inquietant.
2452 1228 2527 1282 Da
2559 1230 2784 1298 petenti,
2816 1238 2874 1283 ut
2901 1231 3071 1298 possis
3109 1231 3224 1301 ipse
3265 1233 3509 1302 accipere
3548 1251 3562 1286 :
3600 1235 3718 1288 tri-

2109 1315 2214 1371 bue
2257 1318 2507 1387 pauperi,
2537 1319 2581 1372 si
2619 1335 2723 1373 non
2763 1320 2842 1374 vis
2882 1319 3110 1374 flammis
3148 1323 3318 1396 exuri.
3349 1323 3424 1377 Da
3469 1325 3520 1378 in
3556 1334 3714 1380 terra

2111 1409 2350 1474 Christo,
2381 1409 2522 1480 quod
2563 1410 2654 1465 tibi
2685 1411 2871 1466 reddat
2905 1412 2957 1466 in
2985 1413 3142 1468 caalo.
3184 1414 3513 1470 Obliviscere
3551 1417 3713 1487 quod

2112 1513 2202 1564 es,
2231 1509 2287 1554 et
2321 1500 2537 1556 attende
2573 1501 2714 1571 quod
2755 1501 2962 1556 futurus
2987 1518 3066 1556 es.
3096 1504 3340 1558 Prmscns
3364 1506 3470 1560 vita
3497 1505 3716 1575 fragilis

2113 1602 2225 1657 est,
2257 1600 2314 1646 et
2345 1593 2395 1646 in
2433 1602 2659 1648 mortem
2689 1595 2953 1664 proclivis.
2994 1595 3161 1650 Nemo
3188 1605 3362 1664 potest
3389 1607 3528 1652 stare
3558 1616 3572 1651 :
3602 1599 3712 1654 sed

2113 1695 2300 1737 omnes
2341 1683 2580 1753 cogimur
2617 1685 2864 1740 transire.
2906 1685 3159 1741 Nolenles
3197 1687 3366 1753 imus,
3415 1687 3563 1743 inviti
3598 1706 3710 1745 ex-

2114 1773 2284 1837 imus,
2313 1775 2433 1844 quia
2464 1776 2588 1830 mali
2629 1792 2831 1832 sumus.
2878 1778 2933 1833 Si
2976 1788 3155 1833 autem
3198 1789 3323 1835 ante
3360 1796 3458 1834 nos
3497 1782 3710 1852 aliquid

2115 1864 2470 1931 mitteremus,
2495 1881 2600 1919 non
2622 1866 2686 1920 ad
2711 1867 2866 1922 inane
2891 1867 3175 1938 hOSpilitlm
3197 1871 3520 1925 veniremus.
3543 1872 3708 1940 Quod

2116 1953 2258 2008 enim
2289 1955 2509 2024 pauperi
2539 1956 2757 2020 damus,
2803 1968 2926 2012 ante
2969 1974 3067 2013 nos
3114 1961 3484 2029 praemittimus
3513 1980 3526 2016 :
3555 1963 3708 2033 quod

2117 2059 2293 2108 autem
2319 2054 2576 2122 rapimus,
2607 2054 2692 2109 hic
2721 2063 2886 2110 totum
2914 2055 3247 2111 dimittimus.

2525 2189 2754 2244 SERMO
2790 2189 3165 2246 CCCLXV’III'
3195 2189 3292 2260 (a).

2119 2301 2197 2357 De
2224 2303 2380 2357 verbis
2411 2301 2676 2375 Evangelii
2713 2303 2958 2367 Joannis,
2992 2322 3105 2375 cap.
3137 2321 3245 2372 xu,
3276 2305 3378 2372 25,
3419 2305 3517 2373 Qut
3557 2315 3708 2361 amat

2189 2393 2418 2448 animam
2449 2408 2599 2448 suam
2621 2436 2633 2458 ,
2664 2395 2846 2464 perdet
2884 2396 3023 2449 illam
3055 2415 3067 2448 :
3099 2404 3144 2450 et
3182 2397 3244 2450 de
3267 2396 3425 2452 verbis
3450 2397 3707 2468 Apostoli,

2191 2485 2260 2538 ad
2303 2484 2584 2554 Ephesios,
2625 2503 2738 2556 cap.
2770 2501 2839 2551 v,
2864 2485 2966 2552 29,
3009 2486 3176 2542 Nemo
3214 2503 3446 2558 unquam
3485 2503 3706 2543 carnem

2194 2593 2346 2632 suam
2375 2577 2497 2632 odio
2525 2577 2708 2632 habuit
2741 2578 2838 2650 (b).

2195 2689 2416 2745 CAPUT
2456 2690 2736 2746 PRIMUM.
2758 2720 2830 2732 —
2856 2692 2902 2745 1.
2933 2691 3166 2746 Animam
3190 2691 3236 2746 si
3256 2693 3368 2763 quis
3391 2702 3550 2760 autat,
3577 2710 3713 2763 quo-

2126 2781 2274 2835 modo
2303 2781 2493 2852 perdet.
2526 2782 2702 2848 Modo,
2729 2781 2938 2844 fratres.
2966 2799 3086 2838 cum
3114 2783 3290 2839 divina
3321 2785 3477 2840 lectio
3503 2786 3715 2855 legere-

2129 2882 2231 2939 tur,
2257 2871 2554 2926 audivimus
2573 2873 2851 2926 Dominum
2878 2873 3164 2940 dicentem,
3194 2873 3293 2942 Qui
3320 2885 3457 2929 autat
3485 2877 3714 2930 animum

2127 2977 2272 3017 suam
2291 3002 2305 3026 ,
2337 2961 2510 3030 perdet
2539 2961 2700 3015 illam.
2735 2962 2869 3016 lluic
2897 2963 3176 3017 sententia:
3202 2964 3352 3032 quasi
3382 2966 3712 3020 contrarium

2130 3053 2338 3108 videtur
2380 3066 2498 3106 esse
2533 3052 2672 3122 quod
2702 3053 2777 3106 ait
2804 3053 3120 3121 Apostolus,
3155 3053 3321 3108 Nemo
3349 3072 3568 3126 unquam
3598 3073 3715 3109 car-

2130 3161 2244 3199 nem
2272 3161 2416 3198 suam
2444 3145 2559 3199 odio
2589 3145 2782 3200 habuit.
2821 3145 2876 3201 Si
2908 3160 3034 3216 ergo
3063 3161 3221 3202 nemo
3255 3157 3338 3202 est
3375 3149 3464 3217 qui
3495 3163 3715 3203 carnem

2130 3252 2282 3292 suam
2309 3236 2513 3303 oderit,
2540 3245 2740 3306 quanto
2770 3238 2936 3307 magis
2965 3253 3122 3293 nemo
3147 3247 3229 3293 est
3264 3239 3353 3308 qui
3393 3239 3567 3295 oderit
3591 3242 3714 3294 ani-

2132 3343 2271 3383 mam
2299 3327 2487 3383 suam?
2512 3327 2731 3382 Multum
2760 3329 2955 3398 quippe
2983 3328 3158 3382 anima
3180 3330 3326 3385 carni
3353 3332 3712 3400 prteponitur:

2131 3425 2252 3494 quia
2285 3425 2394 3496 ipsa
2423 3436 2506 3480 εει
2532 3425 2841 3491 liahitatrix,
2883 3439 3007 3480 caro
3039 3425 3430 3492 habitaculum;
3459 3435 3513 3482 et
3537 3427 3717 3482 anima

2132 3514 2464 3580 dominatur,
2494 3529 2620 3570 caro
2657 3524 2831 3569 autem
2870 3515 3067 3580 servit;
3107 3517 3282 3570 anima
3326 3517 3569 3586 superior
3609 3526 3713 3580 est,

2133 3619 2260 3660 caro
2288 3606 2522 3674 subjecta
2545 3614 2643 3659 cst.
2671 3606 2725 3661 Si
2747 3621 2876 3676 ergo
2897 3621 3054 3660 nemo
3075 3621 3304 3675 unquam
3325 3622 3539 3661 carnem
3562 3623 3713 3662 suam

2135 3695 2258 3750 odio
2298 3697 2509 3762 habuit,
2536 3695 2655 3767 quis
2679 3707 2760 3751 est
2786 3697 2874 3766 qui
2904 3696 3132 3750 animam
3174 3711 3321 3750 suam
3350 3697 3559 3752 oderit?
3584 3699 3715 3752 Pro-

2137 3799 2254 3858 pter
2269 3788 2371 3844 hoc
2385 3803 2488 3842 non
2512 3803 2726 3858 parvam
2748 3789 3094 3857 qumstionem
3118 3789 3268 3843 nobis
3289 3789 3460 3864 intulit
3480 3805 3715 3858 prmsens

2137 3878 2441 3948 evangelica
2471 3878 2664 3943 lectio,
2707 3878 2794 3932 ttbi
2833 3878 3161 3942 audivimus,
3205 3879 3305 3944 Qui
3331 3890 3468 3932 amat
3495 3881 3714 3932 animam

2137 3985 2314 4035 suam,
2344 3967 2514 4038 perdet
2541 3967 2704 4021 illaut.
2734 3967 3099 4023 Periculosum
3129 3977 3212 4022 est
3245 3969 3473 4022 animam
3513 3985 3711 4032 amare,

2141 4080 2207 4119 nc
2232 4073 2432 4134 pereat.
2462 4063 2566 4120 Sed
2595 4064 2640 4118 si
2669 4070 2945 4134 propterea
2975 4062 3328 4133 periculosum
3363 4071 3445 4117 est
3478 4072 3534 4118 ut
3569 4076 3714 4118 ames

2141 4158 2369 4214 animam
2397 4169 2537 4215 tuam
2560 4201 2574 4226 ,
2605 4176 2674 4216 ne
2701 4171 2883 4231 pereat
2922 4162 3096 4216 anima
3125 4169 3209 4215 tua
3230 4202 3244 4226 ,
3278 4160 3397 4215 ideo
3425 4174 3528 4214 non
3556 4158 3714 4212 debes

2143 4252 2282 4306 illam
2311 4268 2511 4317 amare,
2543 4253 2664 4322 quia
2693 4269 2795 4306 non
2825 4254 2905 4307 vis
2931 4253 3072 4307 illam
3099 4253 3291 4322 perire.
3315 4251 3370 4306 Si
3406 4259 3583 4304 autem
3613 4265 3714 4303 nou

2142 4342 2221 4396 vis
2249 4344 2388 4396 illam
2418 4344 2618 4410 perire,
2650 4359 2798 4398 amas
2827 4344 2989 4398 illam.
3018 4343 3154 4410 Quid
3192 4351 3274 4398 est
3307 4341 3448 4397 hoc?
3478 4341 3534 4396 Si
3574 4356 3715 4404 amo,

2145 4437 2326 4506 perdo.
2363 4438 2500 4506 Ergo
2527 4452 2630 4491 non
2664 4452 2871 4502 amem,
2900 4452 2967 4490 ne
3005 4435 3244 4510 perdam.
3277 4435 3383 4490 Sed
3412 4435 3532 4504 quia
3561 4435 3718 4487 timeo

2145 4529 2389 4597 perdere,
2418 4529 2538 4584 ideo
2564 4543 2668 4584 non
2695 4544 2850 4593 amo;
2881 4539 2933 4582 et
2958 4529 3136 4598 utique
3162 4527 3299 4597 quod
3331 4527 3489 4582 timeo
3511 4542 3576 4579 ne
3599 4542 3718 4594 per-

2143 4620 2264 4675 dam
2287 4662 2300 4684 ,
2339 4635 2480 4674 amo.
2515 4621 2649 4676 Dicit
2678 4628 2732 4675 et
2758 4621 2879 4673 alibi
2911 4619 3164 4674 Dominus
3190 4637 3202 4672 :
3231 4618 3367 4684 Quid
3405 4617 3604 4688 prodest
3633 4619 3722 4671 ho-

2145 4712 2268 4765 mini
2293 4713 2335 4766 si
2362 4719 2520 4764 totuut
2547 4711 2789 4764 mundum
2818 4711 3036 4764 lucretur
3055 4753 3069 4775 ,
3099 4710 3282 4762 anima:
3306 4725 3420 4762 vero
3445 4725 3549 4762 sua
3574 4708 3724 4761 detri-

2147 4815 2363 4858 mentum
2395 4803 2618 4874 patiatur
2647 4802 2856 4876 (Matth.
2889 4818 2993 4869 xvi,
3024 4801 3154 4871 26)?
3195 4801 3333 4856 Ecce
3372 4802 3490 4871 quia
3531 4801 3607 4853 sic
3644 4808 3722 4853 est

2148 4959 2228 5069 ω’
2261 4957 2469 5006 Collatus
2503 4955 2561 5004 ad
2599 4954 2722 5004 duos
2742 4954 2804 5004 cl.
2829 4954 2888 5004 ad
2913 4969 2987 5018 gr.
3025 4967 3119 5003 rm.
3143 4968 3192 5004 v.
3235 4960 3287 5004 et
3309 4953 3368 5002 ad
3399 4960 3499 5001 Am.
3523 4959 3596 5002 Er.
3622 4961 3718 5002 Par.

2212 5035 2256 5067 ν.

2212 5035 2256 5067 V.

2233 5081 2283 5141 α)
2319 5078 2454 5138 Alias,
2475 5079 2536 5127 37
2558 5078 2688 5128 inter
2705 5077 2928 5141 Homilias
2949 5077 3027 5127 50.

2233 5083 2283 5141 α)
2319 5083 2454 5138 Alias,
2475 5083 2536 5127 57
2558 5083 2688 5128 inter
2705 5083 2928 5127 Homilias
2949 5083 3027 5127 50.

2211 5083 2283 5204 ἑὸ)
2315 5142 2426 5204 sine
2462 5141 2708 5202 Augustini
2739 5140 2936 5204 nomine
2979 5138 3399 5204 tanquam‘dubius
3419 5150 3448 5186 a
3469 5139 3724 5204 Levanien-

2151 5199 2283 5254 sibus
2307 5203 2466 5252 editus
2489 5199 2566 5249 est
2585 5235 2598 5259 ,
2642 5214 2670 5249 a
2696 5201 2886 5249 \erIino
2907 5199 3147 5249 autemet
3169 5199 3402 5259 \‘iudingo
3441 5199 3654 5259 rejectus
3673 5207 3722 5250 ut

2151 5265 2360 5326 Spurius.
2396 5271 2508 5326 Qua:
2531 5255 2609 5310 isti
2646 5264 2788 5326 ambo
2811 5261 3182 5326 reprehendunt
3216 5264 3272 5326 in
3297 5255 3392 5326 illis
3434 5255 3550 5326 ante
3587 5269 3722 5320 caput

2153 5322 2350 5375 tet‘tium
2375 5325 2555 5383 verbis,
2588 5341 2611 5368 tt
2634 5323 2813 5373 Videtis
2835 5330 2971 5371 certe
3003 5323 3160 5381 modo,
3187 5325 3226 5371 si
3259 5323 3398 5384 cujus
3418 5322 3533 5379 vita,
3558 5337 3581 5364 ι
3611 5330 3716 5377 etc,

2152 5389 2234 5436 ubi
2261 5387 2416 5435 locum
2441 5386 2688 5446 augusttni
2717 5399 2778 5433 ex
2803 5397 3030 5432 sermone
3057 5385 3136 5432 161
3158 5419 3172 5443 ,
3221 5383 3326 5443 cap.
3347 5383 3407 5441 4,
3434 5383 3717 5443 ρκςετίμιιηι

2153 5457 2234 5497 aut
2255 5445 2522 5497 imitatione
2544 5445 2797 5507 infeliciter
2814 5458 3100 5505 expressum
3126 5452 3505 5507 Conqueruntur,
3526 5456 3584 5491 ea
3609 5445 3724 5492 forte

2155 5509 2512 5571 interpolatoris
2528 5506 2728 5571 alicujus
2766 5519 2908 5554 manu
2948 5507 3155 5571 immissa
3180 5506 3257 5554 hic
3293 5506 3720 5571 fuerunt._sertno,

2155 5565 2315 5621 nostra
2338 5571 2582 5633 opinione,
2609 5565 2786 5633 dignus
2810 5575 2885 5615 est
2918 5569 3196 5633 Augustino,
3227 5579 3416 5633 tpSlque
3452 5565 3588 5633 facile
3621 5580 3722 5614 con-

2156 5635 2289 5682 venit
2313 5628 2479 5680 tititlus
2513 5643 2540 5679 a
2574 5628 2780 5677 PosSidio
2802 5628 3004 5678 notatus
3028 5629 3074 5676 in
3118 5628 3354 5681 Ianiculo}
3391 5628 3576 5682 can.8:
3613 5645 3632 5671 α
3660 5635 3723 5676 De

2163 5713 2181 5739 tl
2207 5691 2445 5754 Apostolo,
2471 5701 2613 5754 Nerua
2627 5702 2835 5754 unquam
2858 5703 3053 5740 carnem
3070 5703 3209 5739 suam
3247 5698 3358 5754 Ollio
3377 5688 3581 5754 habuit:
3602 5697 3650 5735 et
3664 5703 3719 5754 ex

2163 5776 2180 5800 ιι
2208 5749 2579 5816 Εἰθιιεξριίοωιιὶ
2602 5749 2730 5816 autat
2753 5750 3003 5816 aniuutum
3029 5758 3122 5799 etc.
3146 5758 3194 5816 In_
3210 5751 3419 5816 antiquis
3440 5749 3721 5800 lectiouariis

2157 5813 2434 5867 adscr-ilitur
2485 5834 2505 5859 α
2529 5814 2672 5864 Mtalt
2710 5820 2780 5862 ss.
2806 5814 2991 5863 Fabiani
3033 5819 3083 5862 et
3122 5813 3386 5862 Sebastiani
3408 5819 3715 5873 ιιιειιίδηιῐιιι
