3996 6512
297 429 318 483 I
331 419 440 484 (:53
1350 481 1354 483 .

293 539 524 596 amanda
548 537 722 594 anima
742 577 760 604 ,
786 543 847 591 ιιι
867 533 1017 592 lucro
1041 534 1202 589 totius
1227 530 1408 587 mundi
1448 526 1794 601 pra-feratur;
1825 534 1880 581 et

295 641 478 687 tamen
505 630 754 687 observet
776 629 868 700 qui
896 627 1127 684 animam
1157 633 1320 691 amat,
1342 623 1466 694 quia
1493 623 1540 677 si
1564 631 1728 687 amat,
1758 635 1880 690 per-

293 723 389 777 det
432 722 598 778 illam.
641 720 758 776 Non
795 720 876 775 vis
914 717 1136 790 perdere
1167 731 1282 772 eam
1305 757 1320 784 ,
1349 714 1460 771 noli
1497 713 1641 768 illam
1677 726 1879 767 amare.

295 812 409 869 Sed
430 813 473 866 si
496 829 600 868 non
617 812 694 866 vis
713 827 831 867 eam
855 809 1099 880 perdere,
1118 823 1222 864 non
1246 817 1398 878 potes
1415 821 1534 862 eam
1552 819 1660 862 non
1680 819 1880 858 amare.

373 902 599 958 CAPUT
639 901 701 957 II.
729 933 800 942 —
823 901 881 955 2.
907 900 1063 954 Amor
1101 898 1305 970 quidam
1343 914 1602 968 perversus
1643 905 1690 950 et
1724 895 1882 966 quod-

299 995 422 1047 dam
464 1003 654 1048 rectum
697 994 870 1047 odium
911 993 1113 1046 animat.
1156 991 1291 1046 Sunt
1318 1005 1445 1060 ergo
1491 989 1580 1059 qui
1632 1001 1886 1058 perverse

298 1085 535 1138 animam
566 1099 716 1139 suam
747 1092 925 1138 amant
955 1100 971 1138 :
1002 1091 1055 1138 et
1077 1083 1178 1137 hoc
1219 1080 1331 1136 vult
1379 1079 1472 1134 Dei
1500 1094 1676 1134 sermo
1713 1078 1884 1134 corri-

301 1193 452 1247 gere,
481 1193 586 1232 non
613 1185 674 1232 ιιι
698 1177 908 1232 oderint
929 1176 1160 1231 animam
1186 1190 1360 1239 suam,
1391 1173 1488 1228 sed
1513 1181 1572 1228 ιιι
1595 1183 1739 1229 recte
1763 1173 1885 1228 dili—

305 1275 455 1336 gant.
478 1266 615 1323 Male
658 1266 801 1321 enim
831 1264 1098 1336 diligendo
1125 1263 1352 1334 perdunt
1380 1278 1497 1318 eam
1518 1303 1534 1329 ,
1565 1270 1619 1318 et
1647 1264 1704 1316 lit
1733 1262 1888 1332 quid-

305 1359 430 1413 dam
457 1373 704 1429 magnum
732 1356 880 1427 quasi
911 1365 1291 1426 prmposterum
1326 1363 1382 1411 et
1401 1355 1723 1410 contrarium
1749 1373 1761 1409 :
1791 1354 1886 1410 sed

308 1451 380 1507 ita
408 1461 583 1507 tamen
609 1450 686 1516 fit,
714 1459 770 1504 ιιι
796 1450 839 1505 si
865 1449 1052 1519 diligas
1066 1465 1182 1505 eam
1205 1464 1473 1518 perverse,
1496 1447 1685 1517 perdas
1706 1448 1884 1512 illam;

303 1544 352 1597 si
383 1542 561 1598 oderis
588 1541 729 1594 illam
769 1549 915 1595 recte
935 1582 950 1604 ,
973 1554 1258 1595 conserves
1285 1540 1450 1594 illam.
1490 1539 1582 1593 Est
1602 1553 1729 1608 ergo
1767 1538 1887 1606 qui-

303 1634 428 1688 dam
457 1647 736 1704 perversus
764 1647 916 1687 amor
937 1632 1074 1702 ejus,
1103 1639 1157 1686 et
1184 1630 1450 1700 quoddam
1479 1639 1680 1686 rectum
1705 1630 1886 1685 odium

304 1725 444 1793 ejus.
467 1721 572 1778 Sed
602 1738 754 1777 amor
795 1736 1078 1792 perversus
1106 1722 1174 1776 ab
1198 1721 1322 1775 odio
1343 1763 1359 1787 ,
1381 1721 1558 1775 odium
1587 1730 1789 1775 rectum
1820 1721 1888 1774 ab

303 1829 490 1870 annre
511 1814 647 1884 ejus.
670 1812 802 1880 Quis
827 1821 910 1868 est
938 1827 1221 1882 perversus
1244 1811 1436 1866 anima:
1454 1811 1641 1865 amor?
1666 1810 1888 1876 Quando

305 1905 484 1978 diligis
521 1906 751 1961 animam
793 1917 935 1960 tuam
973 1905 1023 1958 in
1059 1902 1444 1973 iniquitatibus.
1483 1902 1620 1956 Audi
1659 1902 1779 1972 quia
1822 1901 1890 1955 ab

303 1998 430 2055 odio
470 1998 615 2054 venit
666 2011 817 2052 amor
859 1996 958 2050 istc
1002 2010 1325 2064 perversus:
1371 1994 1471 2062 Qui
1516 2003 1682 2047 autent
1724 1993 1889 2064 diligit

303 2091 636 2158 iniquitatem,
655 2088 762 2142 odit
777 2089 998 2141 animam
1018 2103 1163 2140 snam
1195 2084 1362 2156 (Paul.
1387 2101 1442 2150 χ,
1462 2085 1540 2154 6).
1573 2083 1766 2139 Odium
1791 2100 1889 2137 au-

309 2192 415 2234 tem
439 2188 641 2234 rectum
662 2177 803 2244 vide,
822 2177 942 2246 quia
961 2176 1027 2229 ab
1047 2190 1226 2228 amore
1242 2176 1402 2228 venit.
1420 2174 1615 2228 Ibidem
1637 2173 1891 2227 Dominus

304 2279 520 2325 secutus
549 2269 660 2324 ait:
695 2267 794 2334 Qui
822 2277 990 2320 autem
1032 2266 1136 2318 odit
1159 2266 1379 2317 animam
1407 2280 1548 2318 suam
1586 2265 1636 2317 in
1668 2265 1761 2317 hoc
1789 2280 1888 2317 sa:-

303 2361 439 2423 culo.
461 2361 514 2414 in
539 2362 691 2413 vitam
729 2369 972 2413 aeternam
1008 2357 1220 2410 inveniet
1261 2373 1391 2409 eam.
1427 2355 1616 2425 Utique
1641 2355 1780 2425 quod
1813 2355 1892 2409 vis

307 2450 548 2504 invenire
573 2450 624 2503 in
651 2449 812 2502 vitam
833 2456 1106 2510 mtcrnam,
1137 2447 1358 2499 multant
1384 2460 1549 2499 amas.
1573 2443 1723 2511 Quod
1749 2446 1889 2499 enim

306 2556 456 2595 amas
489 2540 555 2596 ad
584 2549 822 2610 tempus,
853 2539 976 2610 quid
1004 2537 1258 2609 prodest?
1287 2537 1391 2592 Aut
1419 2535 1731 2591 subduceris
1771 2536 1846 2590 illi
1872 2579 1888 2602 ,

307 2641 400 2687 aut
435 2632 743 2686 subducitur
772 2631 884 2684 tibi.
924 2629 1057 2685 Cum
1095 2628 1256 2683 fueris
1291 2637 1345 2682 ιιι
1383 2629 1713 2695 subtractus,
1753 2629 1896 2699 perit

311 2724 432 2791 ipse
455 2731 661 2776 amator
691 2739 704 2774 :
731 2736 850 2774 cmn
875 2720 1032 2774 fuerit
1062 2718 1188 2772 illml
1215 2718 1564 2786 subtractum,
1594 2719 1730 2788 perit
1749 2718 1890 2789 quod

309 2812 522 2867 amasti.
555 2811 654 2867 Ubi
692 2827 820 2881 ergo
846 2819 936 2865 aut
962 2817 1166 2864 amator
1195 2809 1349 2878 perit,
1376 2809 1629 2880 autquod
1650 2818 1889 2877 amatur,

311 2919 418 2958 non
461 2911 545 2959 est
585 2903 890 2958 amandmn.
930 2901 1036 2957 Sed
1078 2899 1203 2970 quid
1250 2910 1331 2955 est
1371 2901 1696 2956 amandum?
1739 2901 1892 2968 Quod

313 2995 588 3050 nobiscum
616 3003 792 3065 potest
819 3009 940 3050 esse
962 2993 1014 3047 in
1043 3003 1323 3048 :eternum.
1355 2991 1462 3048 Sed
1489 2993 1534 3048 si
1562 2994 1641 3048 vis
1660 2995 1891 3048 animam

313 3095 456 3139 tuam
479 3086 531 3139 in
560 3093 816 3139 a‘ternum
850 3083 1047 3138 hahere
1067 3084 1299 3150 salvam,
1323 3083 1501 3138 oderis
1523 3099 1641 3138 cam
1668 3084 1732 3139 ad
1759 3093 1892 3139 tem-

316 3193 432 3246 pus.
462 3177 599 3246 Ergo
626 3175 804 3230 odium
846 3184 1047 3230 rectmu
1078 3176 1146 3230 ab
1184 3189 1364 3230 amore
1405 3175 1580 3241 venit;
1614 3179 1893 3246 pct'versus

313 3285 465 3323 amor
489 3269 556 3324 ab
572 3267 698 3322 odio
719 3268 881 3322 venit.

385 3363 439 3416 ὅ.
473 3359 657 3415 Modus
683 3359 923 3431 diligendi
950 3359 1193 3413 anintam.
1233 3359 1432 3430 Duplex
1454 3376 1613 3414 amor.
1641 3361 1769 3428 Quis
1800 3362 1895 3432 igi-

317 3460 402 3506 tur
437 3450 624 3505 modus
649 3449 899 3520 diligendi
938 3451 1205 3504 animam?
1231 3450 1431 3506 Putatis
1477 3462 1737 3524 martyres
1786 3469 1892 3508 non

315 3544 566 3600 amabant
599 3543 803 3598 animas
841 3543 998 3598 suas?
1039 3542 1236 3597 \‘idctis
1271 3552 1416 3599 certe
1456 3543 1636 3610 modo,
1663 3545 1706 3599 si
1741 3546 1894 3613 cujus

315 3637 420 3689 vita
475 3637 752 3706 prmsentis
803 3635 982 3690 seculi
1027 3635 1392 3704 periclitetur,
1434 3635 1702 3706 quomodo
1737 3639 1893 3693 amici

315 3725 434 3795 ejus
457 3735 678 3781 currunt
705 3741 802 3797 pro
828 3740 889 3781 ea
915 3743 927 3779 :
955 3725 1220 3795 quomodo
1248 3726 1479 3782 curritur
1500 3727 1566 3782 ad
1587 3727 1890 3794 ecclesiam,

317 3825 532 3886 rogatur
557 3817 856 3885 cpiscOpus,
885 3824 940 3870 ut
965 3816 1295 3882 intermittat,
1323 3817 1368 3871 si
1389 3833 1520 3886 quas
1548 3818 1706 3873 habet
1721 3819 1892 3874 actio-

317 3920 442 3972 nes,
473 3914 685 3969 currat,
716 3905 947 3960 festinet.
984 3905 1192 3971 Quare?
1227 3906 1330 3960 Pro
1361 3908 1554 3961 anima.
1603 3908 1669 3961 Et
1707 3923 1894 3964 omnes

315 3995 770 4059 contremiscunt,
799 3995 1046 4049 omnibus
1075 3995 1284 4050 eteteris
1332 3996 1492 4050 rebus
1535 3997 1850 4053 intermissis
1874 4041 1890 4066 ,

319 4085 672 4139 festinandum
699 4099 818 4140 esse
847 4085 1158 4140 decernunt.
1185 4087 1371 4142 Omnis
1409 4088 1676 4144 festinatio
1709 4089 1890 4146 lauda-

319 4187 442 4240 tur,
469 4176 644 4231 omnis
684 4175 910 4230 tardatio
953 4186 1250 4232 accusatur.
1294 4178 1507 4244 Quare?
1548 4180 1652 4235 Pro
1693 4182 1889 4235 anima.

316 4266 452 4332 Quid
476 4275 578 4332 est,
606 4282 701 4334 pro
731 4267 944 4321 anima?
973 4267 1051 4323 Ne
1090 4269 1347 4324 moriatur
1377 4268 1554 4325 homo.
1585 4270 1699 4327 Non
1729 4289 1892 4329 nove-

316 4365 436 4411 rant
477 4368 738 4428 martyres
764 4374 944 4413 amare
976 4359 1179 4414 animas
1209 4375 1332 4415 suas
1363 4377 1376 4414 :
1407 4369 1460 4416 et
1488 4370 1663 4416 tamen
1687 4363 1786 4418 hoc
1813 4374 1896 4420 est

318 4464 414 4516 pro
438 4449 636 4515 anima,
670 4464 736 4504 ue
760 4450 1014 4504 moriatur
1041 4450 1220 4506 homo.

384 4536 612 4593 CAPUT
651 4538 736 4592 Ill.
764 4569 834 4580 —-
858 4540 998 4594 Mors
1024 4541 1252 4597 hominis
1281 4543 1529 4613 iniquitas
1549 4554 1650 4600 cst.
1684 4546 1739 4602 Si
1769 4563 1892 4602 cur-

319 4633 391 4686 ris
434 4646 530 4700 pro
575 4630 674 4686 hac
705 4632 809 4685 vita
836 4642 1048 4687 centum
1095 4635 1294 4701 millia,
1348 4646 1477 4706 quot
1515 4637 1681 4694 millia
1731 4640 1894 4697 debes

314 4736 532 4776 currere
561 4737 657 4791 pro
687 4722 789 4775 vita
815 4724 1049 4777 aeterna?
1077 4724 1134 4779 Si
1163 4724 1384 4782 festinas
1409 4728 1600 4784 lucrari
1624 4730 1739 4786 dies
1761 4747 1892 4801 pau-

314 4826 439 4878 eos,
468 4821 524 4867 et
571 4813 714 4882 ipsos
755 4813 1026 4868 incertos:
1057 4815 1216 4870 hodie
1255 4818 1396 4871 enim
1439 4817 1600 4874 homo
1646 4837 1676 4875 a
1721 4831 1894 4879 morte

314 4901 566 4957 liberatus
585 4943 599 4966 ,
630 4903 798 4958 nescit
829 4911 1002 4957 utrum
1041 4918 1160 4958 cras
1203 4907 1457 4961 moriatur
1483 4927 1496 4963 :
1527 4917 1702 4965 tamen
1733 4911 1778 4966 si
1815 4913 1893 4967 sic

311 4993 544 5047 curritur
581 5001 799 5062 pr0pter
835 4993 1039 5047 lucrum
1083 5009 1369 5063 paucorum
1411 4997 1648 5066 dierum,
1676 5001 1796 5069 quia
1837 5010 1894 5057 et

314 5096 481 5152 usque
516 5081 568 5135 in
599 5090 866 5137 senectam
895 5083 1044 5150 pauci
1067 5081 1182 5138 dies
1207 5095 1348 5150 sunt,
1377 5088 1644 5156 quomodo
1671 5105 1893 5156 curren:

311 5171 435 5226 dum
466 5181 544 5226 est
571 5187 668 5241 pro
711 5171 816 5226 vita
857 5173 1087 5227 aeterna?
1111 5173 1175 5227 Et
1203 5182 1378 5229 tamen
1409 5187 1623 5246 propter
1648 5177 1786 5234 hanc
1812 5181 1892 5249 pi-

307 5262 388 5331 gri
413 5270 538 5316 sunt
556 5260 820 5317 homines.
851 5262 1073 5318 Difﬁcile
1101 5264 1307 5319 invenis
1326 5266 1414 5335 qui
1438 5267 1519 5322 vel
1542 5284 1727 5337 passus
1747 5271 1890 5326 lente

309 5359 521 5405 moveat
549 5365 644 5420 pro
665 5352 768 5405 vita
793 5360 1012 5407 avterna.
1043 5353 1210 5408 Amor
1235 5369 1362 5424 ergo
1385 5370 1667 5424 perversus
1695 5360 1887 5415 animm

306 5443 579 5506 abundat;
618 5459 771 5498 amor
808 5457 985 5500 autem
1024 5457 1201 5501 rectus
1246 5447 1398 5502 valde
1447 5463 1732 5518 paucormn
1781 5462 1880 5507 est.

309 5531 436 5587 Nam
482 5534 622 5590 sicut
666 5550 825 5590 nemo
862 5546 943 5590 est
981 5538 1067 5606 qui
1099 5555 1204 5592 non
1232 5539 1414 5612 diligat
1448 5541 1677 5596 animam
1709 5560 1880 5608 suam,

309 5625 385 5680 sic
425 5641 581 5681 nemo
609 5637 691 5682 est
720 5628 808 5696 qui
842 5645 944 5681 non
972 5639 1114 5684 amet
1143 5646 1355 5687 carnem
1386 5647 1557 5687 suam.
1592 5635 1738 5690 Unde
1770 5639 1880 5690 fieri

312 5726 477 5784 potest
509 5728 564 5770 nt
592 5728 644 5772 et
675 5734 856 5772 verum
891 5722 958 5772 sit
985 5722 1124 5790 quod
1156 5724 1229 5776 ait
1256 5725 1564 5794 Apostolus,
1595 5725 1744 5781 Ncnn
1780 5746 1879 5781 nn-

308 5818 463 5871 quam
481 5825 676 5865 carnem
707 5829 846 5866 suam
869 5812 983 5866 odia
1011 5811 1200 5882 habuit,
1230 5823 1282 5869 et
1307 5818 1482 5872 anima
1510 5834 1613 5874 non
1637 5821 1880 5877 ametur?

1603 409 1830 471 SERMO
1867 406 2226 464 CCCLXVIII.

3433 429 3573 484 i653

1993 525 2268 584 lliscamns
2288 543 2434 599 ergo,
2468 529 2674 596 fratres,
2700 548 2879 590 amare
2908 534 3114 592 animas
3134 546 3358 594 nostras.
3389 541 3572 596 Ouniis

1992 617 2234 686 voluptas
2275 621 2454 675 smculi
2497 626 2795 679 transitoria
2837 637 2938 681 est.
2971 627 3066 682 Est
3103 645 3253 684 amor
3283 631 3456 696 utilis,
3489 645 3570 688 est

1989 723 2140 762 amor
2177 711 2363 765 noxius
2393 730 2407 764 :
2434 729 2585 768 amor
2621 730 2803 771 amore
2842 718 3152 788 impeditur;
3187 737 3335 775 amor
3380 725 3566 778 noxius

1991 799 2245 870 recedat,
2271 811 2326 857 et
2353 819 2503 858 amor
2534 806 2676 861 utilis
2704 809 2972 863 succedat.
3017 810 3121 866 Sed
3158 814 3278 882 quia
3326 813 3569 870 homines

1992 894 2176 950 nolunt
2202 893 2346 950 illinc
2382 898 2664 964 recedere;
2706 901 2822 955 ideo
2854 902 2903 956 in
2931 903 3047 956 illos
3091 921 3193 957 non
3223 915 3398 973 potest
3423 908 3565 960 aliud

1993 985 2213 1042 introire
2239 1003 2252 1041 :
2278 995 2335 1042 ut
2361 1003 2462 1042 non
2489 990 2720 1058 capiant,
2755 993 2893 1061 pleni
2925 1004 3085 1060 sunt;
3121 995 3372 1061 fundant,
3401 1008 3455 1050 et
3488 1014 3574 1071 ca-

1995 1078 2161 1147 piunt.
2193 1079 2340 1134 Pleni
2372 1091 2494 1135 sunt
2521 1082 2660 1135 enim
2692 1098 2875 1138 amore
2902 1086 3226 1156 voluptatum
3253 1090 3572 1153 carnalium,

1995 1170 2138 1238 pleni
2184 1181 2308 1225 sunt
2339 1187 2522 1227 amore
2546 1174 2665 1227 vilzc
2710 1177 2987 1244 prmsentis
3009 1219 3022 1240 ,
3057 1178 3193 1247 pleni
3233 1189 3357 1234 sunt
3391 1196 3574 1234 amore

1993 1261 2106 1313 auri
2133 1270 2186 1314 et
2212 1262 2446 1330 argenti.
2476 1264 2867 1331 posscssionum
2904 1268 3082 1321 saeculi
3115 1268 3288 1338 hujus.
3322 1269 3419 1335 Qui
3451 1286 3575 1338 ergo

1997 1352 2133 1420 pleni
2165 1361 2306 1416 sunt,
2330 1354 2407 1407 sic
2432 1363 2556 1408 sunt
2590 1357 2857 1424 quomodo
2886 1373 3030 1411 vasa.
3083 1358 3168 1414 Vis
3195 1370 3250 1412 ut
3280 1360 3439 1415 intret
3468 1361 3574 1416 mel

1995 1442 2135 1496 unde
2163 1451 2370 1497 acetum
2404 1445 2639 1499 nondum
2674 1446 2894 1501 fudisti?
2918 1447 3102 1505 Funde
3135 1450 3275 1520 quod
3308 1452 3492 1519 habes,
3521 1460 3578 1508 ut

1993 1535 2172 1602 capias
2203 1535 2347 1605 quod
2387 1552 2491 1590 non
2535 1536 2719 1592 habes.
2756 1536 2879 1593 Ideo
2920 1541 3085 1608 prima
3133 1543 3450 1596 renuntiatio
3493 1554 3574 1597 est

1996 1619 2121 1673 huic
2139 1621 2366 1684 sarculo,
2395 1629 2449 1676 et
2481 1622 2673 1698 deinde
2707 1625 2992 1678 conversio
3039 1625 3104 1678 ad
3137 1625 3322 1680 Dcmn.
3351 1625 3450 1693 Qui
3488 1643 3576 1680 ro-

1996 1715 2237 1778 nuntiat,
2279 1712 2485 1779 futtdit;
2522 1715 2612 1784 qui
2649 1717 3016 1782 convertitur,
3061 1717 3354 1788 impletur:
3389 1718 3481 1772 scd
3531 1718 3574 1771 si

1997 1817 2100 1854 non
2130 1802 2222 1856 ﬁat
2249 1817 2474 1870 corpore
2503 1805 2638 1868 solo,
2666 1805 2759 1859 sed
2784 1816 2838 1859 et
2857 1807 3042 1860 corde.

2065 1891 2290 1947 CAPUT
2331 1892 2416 1946 IV.
2445 1925 2514 1934 -——
2541 1895 2594 1949 4.
2623 1895 2820 1948 Amoris
2861 1896 3024 1949 initia.
3064 1896 3330 1962 Qumrilur
3365 1908 3570 1965 autem,

1998 1985 2206 2051 fratres,
2236 1987 2502 2054 quomodo
2521 1997 2727 2042 crescat
2751 1988 2850 2043 iste
2869 2004 3040 2044 amor.
3069 1989 3238 2045 Ilabet
3259 1990 3398 2044 enim
3429 1990 3573 2045 initia

1995 2087 2111 2138 sua,
2146 2075 2304 2130 habet
2330 2085 2609 2146 augmenta
2637 2092 2731 2132 sua
2752 2118 2768 2142 ,
2799 2078 2959 2133 habet
2993 2079 3372 2148 perfectionem
3401 2095 3574 2136 suam.

2000 2165 2061 2218 Et
2084 2166 2340 2222 debemus
2364 2182 2519 2223 nosse
2548 2170 2667 2237 quis
2694 2170 2936 2238 coeperit,
2963 2179 3018 2224 ut
3044 2187 3163 2225 eum
3195 2171 3258 2225 ad
3294 2182 3578 2242 augmenta

1996 2258 2334 2313 cohortemur
2365 2259 2521 2330 :quis
2557 2275 2655 2316 nec
2683 2263 2938 2329 emperit,
2967 2271 3024 2317 ut
3057 2279 3176 2318 eum
3215 2281 3320 2333 quo
3364 2265 3576 2334 incipiat

1998 2364 2311 2404 moneamus
2341 2367 2354 2403 :
2382 2350 2502 2420 quis
2545 2359 2599 2404 et
2622 2353 2848 2420 ceperit
2887 2361 2941 2408 et
2974 2355 3234 2420 creverit,
3263 2365 3319 2408 ut
3363 2371 3482 2408 eum
3511 2355 3574 2408 ad

2000 2439 2378 2507 perfectionem
2421 2439 2724 2495 incitemus.
2754 2441 2931 2496 Primo
2961 2442 3090 2496 illud
3128 2444 3366 2498 attendat
3389 2444 3578 2498 Chari-

2000 2537 2077 2584 tas
2104 2541 2276 2584 vestra
2309 2548 2323 2585 :
2353 2545 2564 2585 amores
2591 2546 2778 2587 omnes
2798 2543 2850 2587 et
2871 2533 3181 2588 dilectiones
3207 2536 3352 2604 prius
3375 2545 3496 2589 sunt
3523 2535 3573 2589 in

1999 2621 2302 2697 hominibus
2327 2621 2394 2676 de
2423 2637 2480 2678 sc
2504 2663 2518 2686 ,
2548 2630 2603 2677 et
2630 2623 2708 2676 sic
2735 2623 2803 2677 dc
2840 2623 2941 2677 alia
2971 2639 3028 2678 re
3048 2640 3203 2694 quam
3242 2625 3481 2694 diligunt.
3515 2625 3576 2680 Si

1998 2715 2173 2786 diligis
2193 2731 2402 2782 aurum,
2430 2717 2578 2784 prius
2613 2724 2665 2771 te
2690 2715 2893 2787 diligis,
2922 2725 2976 2772 et
3001 2717 3079 2771 sic
3114 2733 3300 2770 aurum
3331 2735 3344 2770 :
3373 2718 3490 2786 quia
3531 2720 3577 2772 si

2000 2814 2056 2861 ιιι
2102 2817 2344 2862 mortuus
2388 2806 2590 2873 fueris,
2623 2822 2729 2860 non
2775 2808 2877 2861 erit
2913 2808 3000 2877 qui
3057 2823 3244 2862 aurum
3291 2809 3575 2877 possideat.

2000 2899 2139 2970 Ergo
2161 2899 2378 2954 dilectio
2398 2899 2680 2968 unicuique
2701 2914 2728 2951 a
2752 2913 2811 2954 se
2831 2899 3013 2968 incipit
3037 2917 3050 2964 ;
3073 2907 3126 2954 et
3152 2915 3254 2953 non
3284 2907 3456 2968 potest
3475 2899 3577 2953 nisi

2000 3007 2029 3046 a
2057 3007 2116 3047 se
2157 2993 2413 3062 incipere.
2445 2992 2514 3047 Et
2553 3007 2712 3046 nemo
2754 3001 3000 3046 monetur
3038 2999 3095 3046 ut
3133 3007 3192 3047 se
3235 2991 3437 3062 diligat.
3468 2992 3580 3046 lloe

1999 3085 2145 3141 enim
2171 3099 2277 3140 non
2303 3084 2475 3139 solum
2503 3083 2640 3139 inest
2679 3081 2985 3138 hominibus
3008 3125 3023 3149 ,
3052 3083 3145 3138 sed
3187 3092 3241 3138 et
3277 3083 3576 3152 pecoribus.

1999 3175 2202 3232 Videtis
2219 3176 2384 3242 enim,
2407 3175 2596 3229 fratres
2618 3217 2634 3241 ,
2659 3173 3102 3244 quemadmodum
3139 3191 3242 3228 non
3270 3180 3470 3228 tantum
3493 3172 3578 3226 in-

1997 3277 2184 3338 gentes
2209 3267 2394 3323 bestia:
2431 3275 2487 3322 et
2519 3281 2706 3336 magna
2740 3265 2985 3319 animalia
3007 3308 3021 3329 ,
3053 3275 3109 3318 ut
3135 3273 3260 3319 sunt
3288 3265 3450 3320 boves
3487 3274 3580 3318 aut

1998 3360 2186 3414 cameli
2214 3359 2298 3413 vel
2320 3357 2587 3428 elephanti
2613 3400 2628 3424 ,
2662 3358 2756 3414 sed
2779 3367 2832 3413 et
2858 3372 3041 3412 musca
3069 3400 3084 3423 ,
3115 3357 3208 3411 scd
3234 3367 3287 3411 et
3307 3355 3578 3410 vermiculi

1997 3451 2204 3506 minimi
2233 3449 2500 3521 quomodo
2527 3450 2712 3506 nolunt
2754 3450 2888 3504 mori
2915 3492 2931 3516 ,
2959 3459 3013 3504 et
3034 3450 3254 3520 diligant
3280 3464 3358 3504 se.
3389 3448 3580 3504 Omnia

1998 3542 2244 3597 animalia
2271 3549 2495 3596 mortem
2524 3542 2748 3613 fugiunt.
2772 3541 2913 3612 Ergo
2941 3540 3163 3610 diligunt
3191 3556 3282 3607 se,
3310 3539 3582 3595 custodire

1998 3648 2057 3687 se
2079 3634 2288 3700 volunt;
2319 3633 2418 3688 alia
2448 3634 2751 3701 velocitate,
2774 3633 2876 3689 alia
2901 3633 3139 3697 latebris,
3158 3633 3259 3685 alia
3284 3631 3580 3687 resistendo

1999 3731 2052 3778 et
2079 3723 2457 3794 repugnando:
2487 3725 2665 3778 omnia
2708 3733 2884 3779 tamen
2918 3723 3165 3778 animalia
3206 3739 3300 3792 pro
3340 3723 3444 3776 vita
3484 3737 3578 3776 sua

1999 3826 2254 3886 pugnant,
2292 3817 2426 3872 mori
2473 3817 2692 3882 nolunt,
2732 3815 3000 3872 custodire
3038 3831 3098 3871 se
3140 3816 3343 3870 volunt.
3385 3816 3580 3868 Amant

1963 3897 2126 3975 ‘crgo
2164 3921 2243 3961 se.
2290 3907 2466 3976 Incipe
2494 3915 2549 3964 et
2585 3907 2728 3962 aliud
2767 3922 2965 3962 amare.
3009 3907 3113 3962 Sed
3141 3907 3265 3978 quid
3296 3917 3376 3961 est
3406 3907 3577 3976 ipsum

1998 3998 2182 4052 aliud?
2216 3998 2480 4068 Quidquid
2509 4000 2804 4063 amaveris,
2832 4008 2922 4054 aut
2952 3999 3052 4055 hoc
3094 4008 3177 4055 est
3200 3999 3342 4070 quod
3372 4010 3423 4054 tu
3445 4039 3462 4064 ,
3489 4010 3580 4053 aut

2000 4090 2220 4146 inferius
2246 4101 2296 4147 te
2322 4099 2403 4145 est
2422 4132 2437 4154 ,
2463 4100 2553 4146 aut
2585 4091 2830 4161 superius
2859 4099 2915 4146 te
2943 4099 3042 4146 est.
3075 4091 3136 4146 Si
3175 4091 3395 4146 inferius
3423 4099 3472 4145 te
3497 4106 3538 4146 c.
3562 4101 3581 4144 t

1999 4182 2138 4252 quod
2182 4197 2358 4248 amas,
2391 4183 2459 4238 ad
2498 4183 2879 4240 consolandum
2927 4199 3080 4248 ama,
3134 4183 3199 4237 ad
3249 4185 3579 4238 tractandum

1999 4289 2153 4339 ama,
2181 4274 2248 4328 ad
2294 4274 2546 4329 utendum
2589 4289 2741 4340 ama,
2786 4291 2889 4329 non
2931 4275 2996 4328 ad
3037 4273 3365 4343 illigandmn.
3417 4272 3577 4326 Verbi

1998 4365 2188 4434 gratia,
2211 4380 2397 4419 aurum
2418 4380 2584 4430 amas,
2619 4365 2725 4420 noli
2748 4374 2798 4420 te
2819 4365 3019 4434 illigarc
3041 4379 3172 4418 auro
3197 4380 3210 4416 :
3243 4372 3441 4433 quanto
3469 4379 3582 4416 me-

2003 4458 2102 4512 lior
2130 4473 2188 4512 es
2213 4473 2370 4528 quam
2409 4458 2638 4512 aurum?
2664 4457 2866 4512 Aurum
2892 4457 3034 4511 enim
3065 4467 3202 4511 terra
3233 4465 3312 4510 est
3340 4455 3576 4523 fulgens;

2002 4556 2054 4601 tu
2095 4557 2271 4603 autem
2317 4557 2372 4602 ut
2415 4548 2797 4604 illnntiuareris
2830 4564 2858 4600 a
2901 4548 3162 4611 Domino,
3191 4548 3258 4602 ad
3295 4547 3577 4616 imaginem

2002 4639 2092 4693 Dei
2120 4637 2289 4693 factus
2310 4654 2388 4693 es.
2411 4638 2544 4694 Cum
2566 4640 2635 4693 sit
2658 4655 2844 4694 aurum
2872 4650 3111 4695 creatura
3141 4640 3254 4703 Dei,
3281 4653 3382 4693 n0n
3404 4647 3578 4692 tamen

1999 4727 2125 4783 fecit
2168 4731 2307 4785 Deus
2347 4746 2532 4784 aurum
2567 4731 2634 4785 ad
2678 4731 2959 4800 imaginem
2985 4745 3134 4785 suam
3156 4771 3171 4796 ,
3208 4731 3301 4785 sed
3332 4742 3402 4786 te.
3442 4732 3581 4801 Ergo

2001 4821 2175 4889 posuit
2199 4820 2298 4876 sub
2332 4829 2383 4876 te
2408 4835 2616 4875 aurum.
2655 4821 2822 4876 Amor
2845 4837 2974 4892 ergo
3015 4823 3112 4876 iste
3151 4823 3576 4878 contemnendus

1999 4919 2100 4965 est.
2141 4911 2223 4966 Ad
2261 4928 2415 4967 usum
2449 4913 2767 4968 assumenda
2801 4922 2922 4967 sunt
2943 4915 3042 4967 ista
3063 4955 3077 4977 ,
3108 4928 3211 4967 non
3256 4915 3334 4969 eis
3363 4915 3580 4970 vinculo

1999 5001 2197 5056 amoris
2231 5001 2381 5071 quasi
2416 5001 2618 5072 glutino
2657 5002 2963 5058 haerendum
3007 5012 3107 5058 est.
3148 5003 3262 5060 Non
3294 5004 3458 5060 facias
3485 5007 3619 5061 tibi.
3711 4981 3714 4985 ’

1998 5093 2236 5149 membra
2260 5136 2274 5160 ,
2300 5111 2417 5164 qua:
2456 5111 2575 5148 cum
2620 5096 2879 5165 cmperint
2927 5096 3137 5166 prtecidi
3159 5137 3174 5161 ,
3204 5097 3390 5153 doleas
3419 5108 3579 5168 atque

1997 5185 2270 5240 crucieris.
2315 5183 2450 5253 Quid
2489 5185 2651 5255 ergo?
2686 5187 2917 5256 Assurge
2963 5187 3031 5242 ab
3069 5188 3169 5243 isto
3211 5205 3392 5244 amore
3415 5230 3431 5254 ,
3472 5204 3579 5258 quo

1995 5290 2142 5329 amas
2183 5274 2432 5330 inferiora
2475 5291 2632 5346 quam
2677 5285 2731 5331 tu
2758 5293 2855 5332 es:
2890 5279 3062 5349 incipe
3099 5296 3278 5336 amare
3312 5281 3456 5350 paria
3479 5322 3491 5343 ,
3521 5282 3572 5337 id

1995 5375 2101 5430 est,
2133 5365 2274 5435 quod
2305 5375 2358 5420 tu
2387 5382 2465 5421 cs.
2498 5360 2611 5422 Sed
2635 5367 2760 5439 quid
2791 5369 2973 5425 multis
3001 5385 3134 5441 Opus
3155 5372 3274 5426 est?
3307 5371 3360 5427 Si
3389 5370 3571 5427 volue-

1997 5455 2089 5519 ris,
2114 5455 2343 5509 breviter
2367 5457 2581 5524 poteris.

2063 5542 2292 5599 CAPUT
2334 5542 2395 5595 V.
2433 5575 2500 5582 —
2529 5541 2583 5596 5.
2614 5543 2774 5595 Amor
2798 5558 2946 5594 verna
2973 5551 3020 5594 et
3049 5539 3234 5607 probus
3266 5553 3366 5605 quo
3390 5537 3570 5590 ordine

1995 5647 2354 5705 comparatur.
2377 5635 2496 5700 Quo
2518 5635 2711 5689 ordine
2728 5643 2909 5690 autem
2933 5648 3117 5688 verum
3142 5645 3380 5684 amorem
3406 5639 3460 5682 et
3483 5647 3570 5680 ve-

1999 5747 2109 5784 ram
2135 5728 2456 5782 charitatem
2479 5727 2680 5781 habere
2699 5727 2989 5796 possimus,
3017 5724 3130 5792 ipse
3155 5723 3414 5776 Dominus
3431 5721 3568 5773 dixit

1995 5821 2230 5878 nobisin
2262 5819 2574 5891 Evangelia,
2609 5827 2662 5873 et
2691 5817 2974 5872 evidenter
3008 5815 3262 5870 ostendit.
3297 5815 3384 5869 Sic
3421 5813 3565 5869 enim
