3968 6454
419 340 557 398 i635

413 461 488 513 ait
519 475 530 511 :
564 454 759 524 Diliges
792 450 1061 505 Dominum
1090 445 1252 500 Deum
1286 452 1426 495 tuum
1455 453 1518 492 ea:
1544 444 1645 489 toto
1688 430 1836 486 corde
1866 437 1951 481 tuo
1976 468 1992 495 ,

414 561 462 605 et
501 565 562 602 ex
593 523 699 601 tota
728 542 898 598 anima
923 552 1046 606 tua,
1073 549 1119 592 ct
1159 553 1221 590 ea:
1266 533 1497 589 omnibus
1542 530 1728 582 viribus
1782 523 1915 585 tuis;
1955 527 2000 574 et
2053 574 2061 581 ,

417 637 705 712 proximum
732 643 875 688 tuum
914 633 1038 686 sicut
1067 639 1113 682 te
1139 628 1304 697 ipsum
1353 621 1564 712 (Matth.
1605 633 1739 682 XXII,
1765 615 1852 677 57,

419 703 653 785 Primum
682 740 809 797 ergo
827 723 987 792 dilige
1009 721 1196 785 Deum,
1223 715 1416 772 deinde
1437 723 1487 768 te
1514 711 1718 782 ipsum;
1744 713 1865 776 post
1888 703 2003 758 hmc

421 821 582 890 dilige
619 818 919 890 proximum
965 824 1108 868 tuum
1149 811 1283 865 sicut
1325 818 1375 863 te
1403 807 1594 877 ipsum.
1641 801 1794 856 Prius
1824 807 2000 890 tamen

418 887 564 967 disce
580 887 758 963 amare
781 915 832 962 te
861 906 1033 975 ipsum
1064 921 1076 956 :
1101 902 1179 957 sic
1195 899 1352 970 dilige
1373 896 1672 968 proximum
1699 901 1843 946 tuum
1865 887 2004 943 sicut

421 1014 472 1060 te
494 1005 688 1074 ipsum.
717 1000 848 1055 Nam
873 999 918 1053 si
949 1006 999 1052 te
1021 997 1192 1066 ipsum
1216 1007 1322 1048 non
1348 989 1484 1046 nosti
1505 1001 1706 1052 amare,
1731 979 2002 1055 quomodo

425 1071 724 1164 proximum
767 1087 967 1160 poteris
994 1087 1046 1141 in
1084 1083 1307 1140 veritate
1336 1078 1589 1150 diligere?
1631 1077 1824 1130 Putant
1857 1071 2000 1127 enim

423 1161 662 1240 nonnulli
703 1180 949 1236 homines
989 1177 1226 1248 legitimo
1247 1172 1432 1227 ordine
1461 1186 1519 1224 se
1549 1181 1729 1222 amare
1751 1208 1765 1232 ,
1791 1161 2004 1235 quando

422 1291 510 1331 res
536 1275 736 1329 alienas
763 1270 997 1341 rapiunt,
1019 1265 1231 1338 quando
1253 1280 1311 1320 se
1339 1261 1619 1325 inebriant,
1652 1255 1863 1328 quando
1885 1253 2006 1308 libi-

422 1369 533 1424 dini
561 1367 821 1431 serviunt,
843 1361 1055 1433 quando
1094 1375 1190 1430 per
1213 1357 1450 1412 diversas
1478 1351 1768 1408 calumnias
1808 1347 2002 1418 injusta

423 1459 568 1512 lucra
593 1456 930 1524 conquirunt.
955 1449 1046 1504 Isti
1069 1449 1202 1503 tales
1225 1446 1442 1502 audiant
1466 1443 1793 1511 Scripturam
1815 1438 2004 1492 dicen-

426 1559 554 1614 tem,
590 1545 690 1611 Qui
709 1543 874 1614 diligit
892 1541 1222 1612 iniquitatem,
1252 1538 1358 1590 odit
1379 1535 1599 1588 animum
1621 1547 1784 1586 suam.
1803 1528 1858 1583 Si
1881 1542 2006 1598 ergo

424 1635 653 1691 amando
677 1633 1027 1704 iniquitatem,
1059 1639 1109 1685 te
1139 1630 1312 1698 ipsum
1340 1641 1445 1681 non
1472 1624 1642 1679 solum
1675 1636 1777 1676 non
1807 1619 2001 1688 diligis,

424 1731 520 1788 sed
547 1730 707 1785 etiam
731 1727 854 1782 odio
891 1725 1084 1788 habes;
1117 1719 1381 1792 quomodo
1405 1726 1496 1772 aut
1523 1717 1686 1770 Deum
1711 1723 1801 1768 aut
1821 1711 2004 1782 proxi-

427 1835 569 1875 mum
594 1819 813 1889 diligere
839 1813 1075 1886 poteris?
1101 1812 1154 1868 Si
1185 1826 1312 1882 ergo
1337 1810 1418 1865 vis
1443 1823 1583 1864 vera:
1621 1803 1893 1861 charitatis
1913 1817 2005 1856 or-

424 1913 602 1966 dinem
627 1908 915 1972 custodire,
945 1905 1027 1961 fac
1045 1905 1304 1977 justitiam
1329 1944 1344 1969 ,
1375 1902 1536 1972 dilige
1560 1896 2003 1962 misericordiam,

427 2005 545 2075 fuge
576 2002 870 2066 luxuriam;
904 1998 1077 2068 incipe
1101 1993 1392 2052 secundum
1423 1999 1745 2062 praeceptum
1771 1984 2006 2052 Domini,

426 2109 533 2148 non
577 2093 751 2148 solum
793 2090 1028 2151 amicos,
1060 2086 1155 2142 sed
1193 2085 1354 2140 etiam
1393 2081 1637 2137 inimicos
1671 2078 1909 2148 diligere.
1943 2075 2012 2131 Et

429 2183 544 2238 hmc
571 2198 690 2237 cum
729 2180 953 2236 fideliter
995 2175 1261 2233 custodire
1300 2183 1410 2230 toto
1446 2172 1607 2228 corde
1647 2167 2006 2237 contenderis,

430 2272 546 2328 istis
576 2271 856 2326 virtutibus
886 2269 1035 2338 quasi
1061 2264 1372 2337 quibusdam
1413 2262 1666 2334 gradibus
1699 2259 1898 2331 poteris
1923 2273 2011 2314 as-

428 2362 679 2428 cendere,
713 2370 770 2416 ut
799 2359 1054 2415 merearis
1076 2359 1241 2413 Deum
1260 2364 1374 2411 toto
1393 2355 1570 2409 animo
1595 2362 1649 2408 et
1675 2360 1784 2406 tota
1811 2351 2007 2405 virtute

428 2457 668 2528 diligere.
694 2456 759 2510 Et
782 2469 902 2510 cum
929 2453 997 2508 ad
1029 2453 1182 2507 istam
1209 2449 1417 2505 felicem
1441 2445 1818 2517 perfectionem
1842 2456 2006 2497 vene-

429 2548 525 2613 ris,
571 2560 761 2600 omnes
812 2540 1270 2610 concupiscentias
1316 2537 1465 2591 istius
1523 2533 1704 2588 mundi
1759 2540 2010 2601 tanquam

430 2650 666 2690 smrcora
695 2631 1026 2700 computabis
1056 2649 1069 2684 :
1101 2638 1152 2684 et
1173 2643 1292 2683 cum
1314 2623 1569 2696 propheta
1594 2622 1790 2693 poteris
1811 2620 2011 2685 dicere,

435 2725 565 2779 Mihi
585 2735 752 2778 autem
779 2723 1035 2776 adlutrcre
1056 2719 1183 2785 Deo,
1209 2719 1392 2772 bonum
1418 2725 1489 2770 est
1514 2713 1684 2786 (Psal.
1711 2710 2012 2780 Lxxu,28).

843 2833 1070 2892 senno
1107 2830 1400 2888 cccsxnx
1431 2835 1447 2855 ·
1479 2830 1579 2900 (a).

867 2933 936 2974 De
957 2925 1208 2976 Nativitatc
1232 2922 1430 2982 Domini,
1453 2937 1470 2971 ι
1493 2920 1583 2984 (b).

511 3014 560 3066 l.
595 3010 795 3069 Duplex
810 3007 994 3064 Christi
1018 3016 1175 3069 ortus,
1198 3006 1330 3060 alins
1359 3015 1474 3059 ante
1491 3021 1688 3059 omnem
1704 3004 1857 3068 diem,
1885 3002 2017 3056 alius

435 3084 487 3136 in
505 3082 606 3136 die.
635 3071 886 3133 Natiritas
899 3077 1082 3132 Christi
1097 3076 1278 3130 divinis
1292 3075 1584 3129 testimoniis
1605 3075 1872 3127 itlnstrata.
1895 3071 2014 3126 Sal-

436 3162 588 3206 vator
611 3159 792 3205 noster
817 3157 971 3204 natus
995 3148 1062 3202 de
1089 3147 1243 3200 Patre
1267 3146 1386 3200 sine
1403 3145 1510 3208 die,
1544 3159 1638 3212 per
1662 3157 1821 3213 quem
1850 3142 2018 3213 factus

437 3231 522 3277 est
547 3221 723 3276 omnls
745 3219 894 3284 dies,
927 3217 1096 3271 voluit
1137 3217 1188 3270 in
1218 3224 1356 3270 terra
1388 3211 1586 3268 habere
1616 3211 1844 3284 natalem
1877 3211 2017 3284 hunc

437 3294 602 3357 diem,
626 3305 781 3360 quem
821 3282 977 3342 hodie
1019 3287 1368 3360 celebramus.
1412 3283 1662 3352 Quisquis
1711 3283 1851 3338 hunc
1876 3282 2015 3360 diem

441 3352 684 3416 miraris"
717 3368 971 3413 :eternum
1017 3357 1212 3410 mirare
1250 3355 1423 3423 potius
1467 3362 1590 3408 ante
1624 3368 1834 3423 omnem
1875 3352 2016 3423 diem

437 3437 834 3500 permanentem
861 3468 876 3494 ,
906 3441 1120 3482 omnem
1167 3421 1308 3500 diem
1337 3433 1622 3500 creantem
1649 3464 1664 3488 ,
1695 3423 1745 3476 in
1791 3422 1878 3500 die
1897 3421 2020 3500 __ho-

436 3491 626 3557 dierno
669 3491 975 3555 nascentem
995 3540 1010 3562 ,
1033 3511 1064 3550 a
1093 3496 1289 3550 malitia
1319 3493 1420 3548 diei
1454 3494 1789 3548 liberantem.
1831 3491 2020 3548 Adhuc

440 3574 654 3632 mirare.
701 3570 828 3638 Qure
864 3567 1195 3640 tpeperit_,_et_
1228 3573 1398 3620 mater
1435 3564 1671 3640 etuvirgo
1715 3570 1834 3640 est__;
1856 3578 2017 3640 quem

440 3643 682 3712 peperit,
710 3632 1305 3712 etinfansetVerbnm
1347 3643 1447 3712 est.
1481 3632 1669 3712 Merito
1706 3632 1825 3712 caeli
1856 3632 2017 3712 locuti

439 3703 579 3774 sum,
612 3703 798 3780 Ai'igeli
819 3707 1095 3780 gratulati,
1127 3715 1368 3780 pastores
1391 3704 1576 3780 tzetati.
1607 3703 1740 3772 Magi
1766 3703 2015 3780 mutati’,

439 3797 594 3851 reges
625 3774 846 3851 turbati:
872 3778 1072 3846 parvuli
1095 3777 1352 3851 coronati.
1389 3775 1572 3851 Laeta,
1604 3785 1773 3828 mater
1792 3814 1818 3851 ,_
1838 3774 2017 3828 cibum

441 3845 682 3906 nostrum
710 3866 724 3912 ;
757 3845 888 3902 laeta
920 3862 1108 3914 panem
1131 3845 1195 3898 de
1217 3846 1357 3899 coelo
1381 3845 1700 3914 venientem,
1722 3855 1776 3898 et
1807 3845 1857 3896 in
1887 3859 2047 3914 pne--

442 3921 553 3987 sepi
581 3921 815 3988 positum
838 3913 982 3988 velut
1022 3915 1228 3985 piorum
1264 3914 1459 3968 cibaria
1496 3913 1877 3988 jumentorum.
1911 3913 2021 3968 Illic

442 3984 594 4043 enim-
612 3987 840 4056 cognovit
870 3987 953 4039 bos
979 3984 1311 4056 possessorem
1333 4000 1497 4056 suum,
1530 3984 1773 4056 ettasinus
1799 3999 2022 4052 prtesepe

442 4061 632 4113 domini
672 4053 751 4113 sui
783 4057 932 4125 (Isai.
958 4053 1006 4118 ι’,
1031 4054 1483 4125 5);_circuntcisio
1503 4053 1704 4107 scilicet
1733 4060 1787 4107 et
1811 4067 2022 4125 praepu-

443 4132 575 4184 tium
601 4171 614 4191 ,
647 4123 964 4184 coluereudo
1009 4123 1168 4194 lapidi
1199 4123 1435 4194 angulari
1460 4163 1476 4188 ,
1505 4138 1728 4194 quorum
1753 4124 2023 4194 primitiae

443 4200 659 4270 fuerunt
685 4207 924 4270 pastores
952 4205 1005 4270 et
1041 4193 1195 4264 Magi.
1223 4193 1383 4270 _La_eta
1412 4209 1531 4248 eum
1563 4193 1650 4262 qui
1692 4193 2024 4270 talemul‘ecjt

445 4282 519 4335 te,
549 4281 602 4323 ut
635 4262 748 4340 ipse
775 4268 925 4322 tieret
967 4267 1017 4320 in
1050 4262 1235 4340 te,_'qni
1265 4263 1354 4340 tibi
1385 4273 1438 4340 et
1470 4277 1661 4340 munus
1685 4262 2022 4340 fecunditatis

444 4333 620 4395 attulit
657 4333 943 4404 conceptus
965 4376 983 4404 ,
1012 4344 1066 4390 et
1103 4334 1266 4389 decus
1302 4333 1618 4403 virginitatis
1656 4349 1763 4386 non
1803 4334 2024 4388 abstulit

450 4421 604 4466 natus
638 4410 762 4478 :qui
793 4403 928 4469 sibi,
958 4406 1262 4478 priusquam
1290 4413 1616 4466 nasceretur,
1643 4412 1697 4478 et
1724 4412 1930 4478 uterum
1957 4403 2024 4458 de

443 4498 549 4551 quo
571 4473 898 4551 nasceretur,
917 4473 978 4551 et
997 4476 1136 4551 diem
1162 4490 1267 4551 quo
1289 4483 1594 4551 nasceretur
1617 4473 1795 4542 elegit.
1821 4473 1886 4526 Et
1913 4474 2024 4542 ipse

446 4543 681 4610 condidit
711 4548 849 4619 quod
885 4546 1043 4614 elegit
1064 4585 1077 4606 ,
1108 4554 1165 4597 ιιι
1193 4544 1338 4619 illinc
1376 4543 1687 4619 procederet
1717 4553 1772 4594 ut
1797 4557 2023 4619 sponsus

447 4624 511 4675 de
543 4613 774 4676 thalamo
798 4632 896 4673 suo
918 4659 930 4680 ,
959 4613 1064 4685 quo
1089 4614 1398 4685 mortalibus
1429 4613 1596 4667 oculis
1627 4621 1806 4681 posset
1835 4613 2018 4677 videri,

447 4703 504 4746 et
529 4699 814 4762 augmento
854 4684 989 4743 lucis
1019 4700 1208 4739 annua:
1234 4699 1292 4739 se
1321 4684 1491 4738 lucem
1527 4685 1783 4738 mentium
1815 4685 2025 4738 venisse

511 4806 525 4835 ι
561 4810 688 4861 Mss.,
712 4802 761 4854 in
786 4800 866 4852 die
882 4797 1097 4850 miraris.

508 4867 528 4897 ³
560 4867 633 4914 sic
655 4856 884 4913 meliores
906 4870 1013 4912 Mss.
1033 4867 1094 4922 At
1117 4859 1253 4917 editi,
1287 4859 1411 4922 Magi
1425 4856 1623 4922 inritati.

455 4924 468 4931 “
509 4929 526 4944 ‘
561 4925 768 4974 Collatus
796 4925 855 4974 ad
879 4934 984 4975 tres
1003 4921 1079 4971 cb.
1107 4930 1160 4972 et
1175 4923 1297 4971 duos
1319 4921 1452 4970 n.’ad
1476 4921 1507 4968 t'.
1546 4935 1622 4983 gr.
1643 4935 1683 4970 r.
1703 4928 1737 4970 t.
1767 4928 1817 4971 et
1840 4921 1897 4972 ad
1924 4933 2020 4971 Am.

417 5005 422 5008 ·
445 4997 516 5037 Fr.
540 4994 639 5036 Par.
667 4993 776 5034 Lov.

509 5050 581 5114 (tt)
615 5047 755 5106 Alias,
773 5047 842 5114 _de
863 5055 1101 5114 Tempore
1122 5046 1170 5095 3.

508 5105 580 5174 (ο)
615 5105 937 5174 lovaiiienses
980 5105 1286 5174 dubitantan
1308 5107 1370 5174 sit
1395 5105 1657 5174 sttgttstini.
1699 5113 1864 5174 contra
1882 5141 1896 5164 ,
1919 5109 2025 5155 vin-

443 5167 621 5236 Jnigus
642 5170 766 5236 dicit
778 5169 893 5218 nihil
919 5169 1102 5218 habere
1121 5168 1250 5236 unde
1275 5169 1361 5227 ipsi
1385 5167 1686 5236 alijudicetur
1701 5202 1715 5226 ,
1735 5169 2027 5236 _imo‘asscr-

446 5229 556 5287 tnui
573 5233 836 5296 Augustino
859 5243 971 5280 esse
993 5231 1276 5296 auctoritate
1302 5230 1490 5296 antiqui
1529 5229 1772 5296 scriptoris
1790 5262 1805 5286 ,
1843 5229 1892 5277 in
1913 5237 2029 5278 Con-

445 5301 578 5348 tlictu
626 5287 817 5345 Xrnobii
844 5300 895 5343 et
914 5291 1210 5351 SCPaI-iOt'liS,
1257 5289 1315 5336 ad
1339 5287 1476 5350 cujus
1505 5287 1668 5351 operis
1697 5287 1842 5338 tinem
1864 5303 2027 5341 sermo

447 5363 540 5409 iste
574 5367 703 5409 totus
740 5356 989 5408 recitatur.
1017 5359 1192 5400 verum
1234 5351 1488 5398 (:ontlictus
1533 5351 1673 5411 hujus
1712 5353 2026 5402 commentitii

447 5431 612 5472 auctor
631 5423 804 5484 (ipsius
827 5412 1213 5484 etiam__\_‘indingi
1251 5411 1523 5471 conjectura
1548 5413 1595 5459 in
1617 5412 1782 5484 critico
1805 5415 2027 5484 augusti-

447 5487 605 5546 niano,
636 5473 749 5534 tom.
775 5483 848 5546 ϐ)
884 5478 1085 5546 )‘igilius
1130 5473 1386 5536 episcopus
1423 5486 1517 5546 non
1556 5481 1772 5546 uteretur
1795 5473 2030 5536 deinceps

446 5533 605 5595 nllam'
618 5533 772 5596 hacin
796 5533 853 5596 re
877 5533 1041 5600 fidEm,
1060 5533 1314 5604 postquam
1336 5546 1448 5604 suas
1484 5533 1840 5604 lucubrationes
1859 5533 2027 5604 contra

447 5594 911 5660 Arianosvementiw
953 5594 1259 5676 superiorum
1297 5603 1496 5676 Patrum
1531 5596 1724 5676 nomine
1760 5594 2028 5676 publicasse

447 5655 701 5721 convictus
706 5655 1026 5722 "ééil'iiimari
1059 5665 1225 5716 stilum
1250 5657 1507 5727 augustini
1523 5655 1703 5726 studet,
1733 5659 2029 5765 Jil‘pballll‘lls

452 5747 513 5765 μη
530 5746 751 5765 ςηιοηιηιη
773 5733 1054 5765 “pandit-nan
1067 5730 1128 5765 ah
1147 5729 1252 5765 insn
1271 5722 1390 5765 tillﬂs‘.
1415 5725 1688 5765 llﬂllVllaiCS
1711 5725 1738 5753 Γ
1761 5721 1873 5765 msti
1915 5720 1978 5765 (τη
1999 5741 2027 5765 t—

452 5747 513 5780 m
530 5719 752 5784 waiting
762 5719 1054 5798 praedicatus
1066 5730 1128 5778 ab
1147 5729 1252 5798 i_ps_n
1271 5719 1390 5770 duas
1415 5719 1688 5768 nativitates
1711 5719 1873 5768 "inisti
1915 5720 2027 5770 (10.:-

452 5798 516 5846 fe;
546 5800 575 5845 .\
589 5790 830 5856 pprudtéis
847 5806 1128 5845 sermonem
1151 5790 1257 5840 “7.

1617 317 1678 373 S.
1722 306 2082 369 AUGUSTINI
2123 303 2421 362 EPISCOPI

3560 308 3703 364 1656

2109 421 2314 477 testari.
2345 417 2620 488 PrOpheta;
2650 415 2956 488 cecinerunt
2990 413 3332 469 Conditorem
3354 413 3472 488 caeli
3499 422 3554 470 et
3580 423 3702 468 ter-

2106 508 2182 547 ra:
2207 490 2258 545 in
2287 500 2426 545 terra
2451 484 2572 543 cum
2605 487 2907 541 hominibus
2934 484 3167 540 futurum
3193 501 3207 538 :
3239 485 3458 554 angelus
3475 499 3704 539 annun-

2109 562 2259 617 t-iavit
2299 562 2604 616 Creatorem
2637 557 2820 612 armis
2856 566 2913 610 et
2953 557 3168 624 spiritus
3212 557 3263 609 in
3303 571 3466 610 carne
3501 566 3704 610 ventu-

2107 648 2244 687 rum.
2271 631 2529 687 Salutavit
2552 628 2782 684 JOannes
2798 642 2860 682 ex
2885 635 3035 681 utero
3065 626 3116 680 in
3148 638 3304 682 utero
3323 626 3655 681 Salvatorem
3679 643 3700 692 ;

2108 703 2322 759 Simeon
2375 715 2536 756 senex
2586 699 2754 754 Deum
2783 697 2993 768 agnovit
3017 696 3311 768 infantem;
3345 698 3499 768 Anna,
3536 696 3699 751 vidua

2108 773 2366 842 virginem
2413 779 2662 842 matrem.
2710 767 2834 822 lla‘c
2875 775 3000 822 sunt
3047 767 3348 842 testimonia
3399 767 3698 842 nativitatis

2109 836 2216 897 tua?
2235 884 2250 908 ,
2281 842 2500 896 Domine
2528 839 2683 901 Jesu.
2713 846 2996 908 antequam
3027 837 3118 891 tibi
3156 837 3347 892 [luctus
3379 836 3698 892 substerne-

2109 907 2291 968 rentur
2315 910 2565 975 calcanti,
2587 909 2837 965 cederent
2865 907 3181 977 imperanti;
3207 918 3486 976 antequam
3504 919 3698 963 ventus

2109 993 2161 1038 te
2197 983 2416 1053 jubente
2445 981 2696 1053 siluisset,
2729 987 2968 1033 mortuus
3003 985 3054 1032 te
3078 987 3299 1032 vocante
3331 978 3582 1053 vixisset,
3609 979 3695 1032 sol

2110 1062 2161 1108 te
2190 1050 2448 1106 moriente
2470 1050 2762 1120 palluisset,
2791 1058 2932 1120 terra
2959 1058 3008 1103 te
3033 1058 3341 1116 resurgente
3363 1050 3693 1120 tremuisset,

2108 1123 2303 1179 coelum
2327 1132 2377 1176 te
2405 1118 2727 1176 ascendente
2755 1119 3013 1188 patuisset
3036 1136 3048 1170 :
3071 1127 3354 1187 antequam
3383 1118 3480 1188 ista
3509 1127 3564 1172 et
3585 1119 3692 1172 alia

2109 1192 2371 1250 mirabilia
2413 1191 2523 1260 jam
2557 1187 2808 1258 juvenilis
2846 1189 2922 1244 tui
2960 1189 3200 1260 corporis
3239 1196 3396 1260 aetate
3437 1187 3688 1260 fecisses.

2109 1263 2297 1318 Adhuc
2323 1263 2374 1315 in
2405 1258 2648 1315 manibus
2674 1260 2856 1328 matris
2883 1258 3200 1328 portabaris,
3231 1268 3284 1312 et
3303 1258 3412 1326 jam
3435 1259 3692 1313 Dominus

2110 1333 2254 1386 orbis
2289 1330 2679 1401 agnoscebaris.
2719 1327 3318 1401 lpse_pncr_tparvulus_
3361 1344 3427 1383 ex
3485 1330 3692 1384 semine

2112 1401 2292 1465 Israel,
2321 1397 2376 1455 et
2397 1402 2509 1469 ipse
2538 1400 2811 1454 nobiscum
2844 1397 2980 1452 Dens
3011 1397 3342 1469 Emmanuel.

2179 1472 2234 1526 2.
2276 1468 2529 1525 Natieitas
2557 1469 2742 1525 Christi
2771 1479 2979 1523 (eterna.
3017 1470 3148 1534 Quae
3176 1478 3258 1522 est
3284 1468 3369 1520 illa
3387 1469 3552 1522 nostri
3582 1485 3674 1538 ge-

2111 1541 2316 1597 neratio
2344 1539 2654 1604 Salvatoris,
2684 1555 2786 1608 qua
2816 1539 3047 1608 gignenti
3081 1539 3227 1592 Patri
3257 1549 3555 1593 comteruus
3582 1550 3684 1605 est,

2111 1611 2321 1690 quando
2352 1612 2487 1690 hanc
2516 1609 2910 1690 generationem
2936 1624 3000 1662 ex
3023 1608 3224 1690 virgine
3260 1608 3486 1690 mundus
3515 1623 3683 1676 expa-

2112 1678 2207 1745 vit,
2238 1696 2395 1751 quam
2419 1681 2503 1751 pia
2522 1678 2664 1751 itides
2685 1679 2895 1751 agnovit
2915 1690 2966 1733 et
2989 1678 3175 1751 tenuit,
3204 1678 3686 1751 intidelitasuautem

2113 1749 2294 1817 irrisit,
2323 1750 2570 1820 superbia
2599 1749 3563 1820 timuitsuperata?Quaenantestilla
3590 1764 3685 1818 ge-

2113 1816 2339 1890 neratio,
2370 1816 2472 1890 qua
2496 1821 2549 1873 in
2571 1819 2819 1890 principio
2839 1816 2951 1890 erat
2959 1817 3231 1890 _Verbum._
3245 1828 3290 1872 et
3326 1816 3542 1890 Verbum
3580 1816 3686 1890 erat

2113 1891 2251 1962 apud
2289 1887 2474 1962 Deum,
2509 1887 2742 1962 ξίφους
2789 1887 3150 1962 erat_V_erbum
3175 1887 3355 1957 (Joan.
3398 1905 3435 1952 t,
3472 1889 3685 1962 ηγ-γρι

2113 1958 2254 2030 quod
2280 1969 2362 2014 est
2389 1959 2488 2014 hoc
2509 1958 2762 2030 Verbum,
2792 1958 2930 2030 quod
2953 1958 3186 2030 dicturus
3209 1967 3330 2030 ante
3356 1959 3684 2030 nontsilebat,

2113 2027 2218 2100 quo
2245 2032 2388 2086 dicto
2416 2045 2522 2084 non
2567 2029 2714 2083 siluit
2753 2029 2864 2100 qui;
2892 2029 3134 2082 dicebat?
3157 2027 3308 2094 Quod
3343 2041 3426 2100 est
3455 2028 3685 2100 Verbum

2090 2097 2230 2156 sine
2255 2109 2512 2166 tempore,
2548 2114 2641 2165 per
2659 2097 2799 2168 quod
2844 2097 2977 2152 facta
3001 2108 3127 2154 sunt
3157 2099 3425 2168 tempora?
3454 2097 3687 2153 Verbum

2114 2169 2256 2237 quod
2287 2170 2425 2224 labia
2453 2170 2646 2223 nullius
2673 2167 2880 2238 aperuit
2904 2177 3160 2236 emptum,
3179 2167 3432 2222 clausitve
3451 2169 3686 2222 finitum:

2116 2241 2346 2296 Verbum
2385 2239 2524 2310 quod
2555 2239 2755 2292 initium
2801 2238 3179 2310 non_habetex
3207 2251 3302 2310 ore
3338 2238 3684 2310 loquentium,

2116 2319 2169 2365 et
2207 2310 2376 2380 aperit
2402 2307 2508 2380 'ora
2555 2317 2819 2380 mutorum
2853 2325 2866 2359 :
2901 2308 3129 2380 Verbum
3156 2307 3295 2380 quod
3327 2307 3529 2380 linguis
3559 2323 3688 2378 gen-

2117 2377 2256 2434 tinm‘
2291 2379 2504 2433 disertis
2545 2393 2649 2431 non
2691 2378 2767 2440 fit,
2808 2386 2863 2431 et
2907 2378 3109 2446 linguas
3154 2377 3431 2432 infantium
3461 2377 3688 2433 disertas

2120 2449 2258 2504 facit.
2289 2450 2542 2516 Quzenam
2569 2456 2670 2512 est,
2702 2448 2936 2516 inquam,
2971 2448 3056 2501 illa
3101 2448 3391 2516 generatio,
3422 2449 3504 2502 cui
3536 2449 3690 2502 Pater

2118 2519 2394 2573 moriendo
2419 2533 2520 2570 non
2544 2517 2705 2577 cedit.
2731 2517 2852 2586 quia
2881 2533 2984 2570 non
3011 2533 3126 2570 eam
3146 2516 3369 2570 vivendo
3396 2517 3645 2586 prmcedit
3663 2517 3690 2571 τ

2119 2591 2201 2643 Ab
2229 2589 2473 2642 omnibus
2501 2589 2516 2618 ¹
2550 2588 2783 2642 locorum
2834 2595 3234 2656 temporumque
3263 2587 3574 2653 intervallis,
3621 2588 3691 2640 ab

2119 2659 2262 2713 omni
2287 2657 2607 2712 distentione
2635 2658 2950 2726 spatiorum.
2975 2673 3132 2723 quam
3177 2657 3256 2710 vel
3286 2657 3336 2709 in
3367 2658 3574 2720 diebus,
3605 2659 3693 2712 vel

2120 2729 2173 2783 in
2203 2728 2511 2798 corporibus
2537 2729 2734 2798 sentire
2763 2728 3154 2790 consuevimus,
3186 2727 3422 2798 levemus
3450 2727 3516 2780 ad
3540 2743 3687 2794 eum,

2120 2797 2372 2868 quantum
2402 2799 2515 2868 ipso
2537 2797 2817 2868 adjuvante
2847 2812 3147 2866 possumus,
3175 2797 3405 2850 animam
3431 2807 3688 2864 nostram,

2119 2867 2164 2922 si
2197 2867 2462 2937 quomodo
2499 2882 2688 2935 capere
2729 2867 2998 2921 valeamus
3047 2877 3098 2921 et
3140 2876 3318 2920 natum
3351 2884 3452 2921 non
3486 2883 3690 2935 pra~ve-

2120 2939 2352 2994 nientem
2376 2938 2466 3006 qui
2515 2937 2698 3005 gignit,
2726 2946 2780 2991 et
2821 2939 3120 3006 gignentem
3148 2954 3252 2990 non
3279 2939 3690 3006 subsequentem

2120 3009 2209 3078 qui
2239 3008 2494 3078 gignitur,
2520 3007 2739 3078 Patrem
2773 3018 2828 3062 et
2875 3006 3066 3061 Filium
3097 3023 3110 3061 :
3145 3023 3242 3060 nec
3269 3008 3464 3076 pariter
3490 3017 3690 3075 patres,

2121 3077 2219 3132 nec
2249 3077 2441 3146 pariter
2471 3077 2628 3142 lilios,
2652 3077 2744 3132 sed
2772 3077 2964 3146 pariter
2981 3086 3208 3131 aeternos
3235 3095 3246 3131 :
3280 3093 3386 3131 non
3410 3085 3691 3146 utrumque

2121 3157 2486 3216 generantem,
2515 3163 2611 3201 nec
2653 3156 2935 3216 utrumque
2974 3157 3304 3209 nascentem,
3335 3148 3426 3200 sed
3465 3148 3691 3200 alterum

2121 3219 2236 3271 sine
2265 3218 2429 3271 altero
2458 3233 2562 3270 non
2593 3218 2852 3271 viventem
2883 3236 2895 3270 :
2929 3227 2979 3270 ct
3006 3217 3215 3271 Patrem
3253 3219 3572 3286 sempiterno
3597 3232 3690 3285 ge-

2122 3288 2323 3352 nuisse,
2350 3297 2403 3342 et
2427 3287 2617 3340 Filium
2643 3287 2964 3356 sempiterne
2994 3295 3174 3341 natum
3213 3303 3332 3342 esse
3369 3289 3682 3357 cogitemus,

2121 3357 2163 3410 si
2196 3359 2462 3420 valemus;
2487 3358 2529 3409 si
2559 3372 2662 3409 non
2691 3360 2946 3421 valemus,
2979 3357 3276 3411 credamus.
3306 3357 3418 3410 Non
3448 3367 3529 3412 est
3553 3357 3692 3423 quod

2123 3426 2208 3480 hic
2231 3427 2410 3481 dicere
2452 3427 2740 3492 valeamus,
2773 3426 2863 3480 sed
2908 3435 3081 3496 tamen
3116 3443 3220 3481 non
3265 3427 3420 3496 longe
3463 3427 3692 3496 positum

2121 3506 2203 3552 est
2230 3497 2298 3551 ab
2324 3511 2643 3565 unoquoque
2672 3505 2910 3550 nostrum
2944 3513 2956 3548 :
2990 3495 3054 3548 In
3080 3497 3170 3550 illo
3199 3499 3329 3550 enim
3359 3495 3596 3561 vivimus,
3649 3505 3695 3548 ct

2122 3583 2376 3621 movemur
2397 3607 2411 3631 ,
2445 3577 2491 3620 et
2519 3583 2690 3620 sumus
2720 3566 2851 3636 (Act.
2889 3583 3023 3629 xvn,
3075 3568 3188 3636 23).
3239 3567 3698 3623 'l‘ranscendamus

2122 3651 2336 3692 carnem
2366 3649 2620 3698 nostram,
2650 3638 2703 3690 in
2729 3652 2831 3706 qua
2861 3647 3108 3706 parentes
3137 3647 3261 3691 ante
3309 3637 3444 3692 ﬁlios
3474 3639 3692 3692 vivunt:

2122 3705 2242 3775 quia
2275 3717 2332 3759 ut
2375 3706 2510 3760 filios
2550 3705 2766 3774 possent
2817 3705 3071 3776 generare
3115 3720 3422 3773 creverunt,
3477 3717 3531 3762 et
3579 3707 3698 3760 liliis

2123 3777 2483 3830 crescentibus
2507 3776 2616 3844 jam
2643 3775 2944 3830 senescunt.
2976 3775 3218 3831 Nondum
3258 3779 3396 3831 natis
3438 3779 3559 3831 liliis
3598 3791 3687 3844 pa-

2124 3855 2303 3902 rentes
2329 3848 2592 3911 vixerunt,
2621 3847 2743 3916 quia
2765 3847 3139 3916 etparentibus
3153 3849 3375 3902 mortuis
3393 3849 3484 3901 lilii
3506 3845 3696 3901 victuri

2124 3924 2266 3970 sunt.
2300 3916 2757 3986 Transcendamus
2797 3926 2851 3972 et
2878 3916 3080 3971 animas
3110 3927 3319 3973 nostras
3352 3937 3364 3972 :
3406 3918 3620 3986 pariunt
3644 3927 3700 3970 et

2128 3986 2256 4056 ipsa:
2284 3986 2478 4053 aliquid
2506 3985 2808 4056 cogitando,
2831 3987 2968 4056 quod
2995 4002 3173 4042 secum
3218 3985 3422 4042 habent
3444 3985 3698 4045 sciendo;

2125 4055 2218 4108 sed
2243 4065 2461 4124 possunt
2480 4055 2724 4126 amittere
2750 4055 3130 4123 obliviscendo,
3159 4059 3279 4126 quia
3312 4073 3413 4110 n0n
3440 4057 3704 4110 habebant

2125 4132 2248 4180 ante
2278 4125 2561 4179 nascendo.
2585 4127 2786 4181 Cuncta
2810 4128 3124 4194 corporalia,
3159 4125 3487 4193 temporalia,
3522 4135 3699 4178 mnta-

2125 4195 2251 4248 bilia
2279 4196 2717 4251 transeendamus
2749 4214 2762 4250 :
2796 4207 2855 4250 ut
2879 4195 3152 4249 videamus
3177 4209 3338 4263 super
3363 4197 3560 4259 omnia,
3607 4210 3706 4264 per

2127 4279 2283 4333 quem
2311 4265 2442 4319 facta
2468 4276 2590 4320 sunt
2613 4267 2809 4319 omnia.
2838 4266 3302 4319 Ascensnsnoster
3323 4266 3373 4318 in
3400 4266 3559 4319 cordo
3585 4275 3701 4320 est:

2127 4334 2247 4402 quia
2277 4343 2330 4388 et
2353 4335 2440 4390 ille
2467 4336 2531 4388 ad
2580 4351 2737 4405 quem
2781 4334 3115 4405 ascendimus
3153 4349 3316 4403 prope
3363 4345 3466 4390 est.
3524 4335 3705 4403 Longe

2128 4413 2302 4457 autem
2326 4405 2395 4457 ab
2440 4405 2528 4458 illo
2554 4404 2759 4468 sumus,
2792 4404 2844 4458 in
2889 4412 3142 4473 quantum
3187 4405 3472 4460 dissimiles
3497 4419 3702 4458 sumus.

2127 4473 2380 4553 escendit
2399 4491 2525 4553 ergo
2549 4475 2614 4530 ad
2639 4491 2759 4530 eum
2809 4489 2902 4553 sua
2945 4475 3258 4553 similitudo,
3287 4489 3446 4553 quam
3467 4474 3699 4553 inpubis

2129 4541 2252 4596 fecit
2272 4552 2326 4596 et
2353 4541 2560 4609 refecit,
2579 4561 2677 4608 qua
2707 4545 2940 4600 nendum
2959 4545 3210 4612 perfecta,
3231 4541 3446 4614 palpitat
3467 4545 3706 4598 inﬁrmus

2129 4623 2394 4681 aspectus,
2422 4623 2476 4668 et
2504 4615 2819 4669 inell'abilcm
2862 4615 3147 4669 candorem
3197 4617 3328 4669 lueis
3355 4626 3568 4668 ευιυιηιιιε
3600 4631 3704 4666 non

2131 4691 2302 4754 potest
2323 4684 2531 4738 intueri.
2556 4683 2858 4754 Cujuscrgo
2876 4685 3131 4754 fulgorem
3165 4687 3355 4739 mentis
3381 4685 3523 4738 acies
3568 4699 3703 4737 non-

2130 4751 2256 4824 tium
2278 4751 2843 4824 capitlgenerationem
2865 4751 2974 4824 ejus
2997 4757 3106 4824 quis
3136 4757 3386 4809 enarrabit
3416 4755 3564 4822 (Isai.
3595 4770 3704 4815 un,

2131 4820 2374 4960 (8)0?“nSe'd
2405 4820 2772 4960 1irin-(nurnero
2797 4820 2986 4896 factum
3009 4820 3108 4891 est,
3134 4837 3182 4880 et
3221 4820 3455 4879 habitavit
3485 4827 3536 4877 in
3567 4825 3708 4877 nobis

2191 4907 2308 4945 orm.
2335 4908 2372 4955 ι,
2405 4907 2512 4955 14).

2157 5030 2168 5040 ο
2203 4962 2254 5015 5.
2298 4960 2550 5040 .Nativitas
2575 4961 2761 5040 Christi
2787 4967 3108 5040 temporaria.
3131 4963 3278 5020 llanc
3306 4981 3432 5040 ergo
3479 4980 3707 5040 genera-

2135 5033 2352 5094 tionem,
2397 5033 2549 5100 cujus
2579 5033 2895 5089 hodiernum
2923 5037 3257 5090 celebramus
3295 5033 3458 5094 diem.
3491 5035 3626 5088 hanc
3655 5036 3707 5086 in

2131 5101 2500 5182 quadignatus
2528 5113 2609 5182 est
2633 5106 2812 5182 venire
2837 5107 3140 5182 perhlsrael,
3161 5106 3337 5161 ettieri
3366 5104 3704 5182 Emmanuel,

2135 5171 2407 5225 nobiscum
2437 5175 2571 5227 Deus
2595 5174 2644 5227 in
2668 5171 2853 5228 carnis
2872 5175 3194 5239 infirmitate,
3221 5191 3324 5230 non
3353 5176 3627 5229 nobiscum
3658 5176 3710 5229 in

2133 5240 2649 5316 cordisiniquitate;
2697 5245 2958 5316 accedens
2985 5245 3050 5297 ad
3095 5262 3192 5300 nos
3241 5262 3334 5316 per
3362 5245 3410 5299 id
3450 5245 3587 5316 quod
3626 5259 3710 5316 asa

2134 5313 2357 5391 sumpsit
2385 5328 2447 5391 ext
2482 5324 2684 5391 nostro,
2715 5324 2768 5391 ct
2797 5315 3026 5391 liberans
3054 5331 3149 5391 nos
3169 5313 3261 5385 per
3289 5316 3338 5370 id
3354 5315 3492 5384 quod
3521 5315 3714 5368 mansit

2135 5383 2188 5435 in
2230 5396 2327 5455 suo
2377 5383 2628 5452 (visitavit
2670 5386 2863 5455 quippe
2935 5383 3192 5440 Dominus
3239 5383 3421 5442 servOs
3457 5400 3582 5440 suos
3617 5400 3715 5454 per

2136 5452 2415 5505 mortalem
2450 5452 2828 5519 inﬁrmitatem,
2857 5461 2914 5510 ut
2941 5469 3033 5510 eos
3061 5457 3254 5510 liberos
3287 5457 3483 5511 faceret
3509 5471 3604 5524 per
3630 5452 3711 5508 in-

2132 5523 2559 5602 commutabilem
2590 5524 2888 5599 veritatem)
2915 5545 2928 5580 :
2951 5528 3082 5602 hanc
3127 5543 3252 5595 ergo
3295 5523 3710 5596 generationem,

2143 5598 2294 5660 cujus
2326 5602 2381 5646 ut
2406 5611 2632 5665 cumque
2677 5612 2839 5666 capax
2869 5598 2952 5653 est
2997 5598 3225 5652 humana
3267 5598 3553 5669 fragilitas;
3605 5611 3708 5649 non

2132 5727 2332 5836 “1,2,”???
2359 5728 2404 5776 in
2431 5733 2624 5779 “ams
2645 5740 2693 5782 οἳ
2719 5735 2892 5800 ali‘lnot
2930 5743 3031 5787 Mss.
3064 5736 3293 5795 additum.
3321 5745 3589 5803 segmenta;
3615 5735 3712 5797 vel,

3215 5863 3317 5872 ...Α
