3996 6456
113 393 142 446 1
157 393 262 446 657

105 507 276 562 illam
307 519 426 576 qua:
447 501 592 588 _sine
641 513 880 586 tempore
935 512 1157 588 manet,_
1183 504 1302 588 sine
1349 514 1520 588 matre
1547 521 1710 588 super

101 573 337 638 «ninia:
369 575 462 658 sed
485 577 636 658 istam
659 591 780 657 qua:
797 575 847 656 in
871 583 1108 658 tempore
1133 573 1399 658 factaest,
1425 577 1538 630 sine
1561 586 1712 645 patre

105 649 268 702 inter
295 647 474 728 omnia
505 663 520 701 :
553 645 694 699 hunc
713 646 930 728 virginis
961 647 1123 700 lilium
1154 656 1208 728 et
1235 645 1500 728 virginum
1547 661 1710 728 sporn:

100 730 264 779 Slllli.
297 716 364 770 de
394 717 694 784 incorrupta
748 723 920 771 matre
967 727 1294 782 nascentem,
1325 715 1708 785 incorruptibili

99 787 350 841 veritate
379 787 649 867 fetantem.
675 785 974 867 laudemus,
1013 801 1276 867 amemus,
1301 786 1604 867 adoremus,
1651 795 1708 840 ut

101 855 170 908 in
213 857 333 924 ejus
379 855 740 912 misericordia
769 857 838 911 de
873 857 1068 911 astutia
1113 858 1248 911 victa
1289 855 1484 910 diaboli
1517 857 1706 910 trium-

103 924 370 1007 plicinus.
415 926 663 1007 Diabolus
713 926 1305 1007 adhnosndecipiendos
1351 935 1598 1007 corrupta
1624 926 1707 1007 fe-

103 996 302 1050 minea
347 1005 524 1078 mente
563 995 832 1078 subrepsit
861 1015 876 1050 :
907 995 1148 1052 Christus
1177 995 1242 1050 ad
1275 1010 1372 1050 nos
1391 995 1706 1078 liberandos

99 1063 426 1148 incorrupta
469 1064 694 1148 feminea
731 1063 908 1148 etiam
950 1081 1117 1148 carne
1170 1066 1464 1148 processit;
1501 1066 1594 1148 qui
1621 1075 1706 1122 est

105 1133 441 1206 benedictus
463 1151 584 1189 cum
608 1135 764 1192 Patre
790 1144 846 1191 et
872 1136 1069 1206 Spiritu
1089 1145 1274 1190 sancto
1295 1135 1350 1190 in
1379 1133 1572 1191 saecula
1595 1152 1704 1192 ste-

95 1205 388 1260 culorum.
419 1205 608 1260 Amen.

563 1314 790 1372 SEliMO
825 1315 1095 1372 CCCLXX
1115 1319 1131 1339 ‘
1161 1315 1258 1390 (a).

365 1435 368 1438 ~
549 1414 618 1456 De
639 1407 886 1458 Nativitatc
907 1408 1108 1468 Domini,
1133 1425 1164 1458 ιι
1179 1407 1266 1472 (ὁ).

179 1485 416 1544 CAPUT
454 1489 732 1544 PRIMUM.
771 1519 842 1530 -—
871 1491 922 1544 l.
955 1489 1248 1546 Nativitatis
1281 1507 1368 1546 seu
1397 1493 1700 1548 conditionis

95 1579 341 1634 hominis
368 1591 584 1651 quatuor
605 1598 808 1652 genera.
839 1581 1136 1636 Hodiernus
1156 1581 1272 1637 dies
1309 1583 1373 1637 ad
1403 1583 1698 1639 habendam

93 1685 268 1740 spem
297 1672 417 1726 vita:
443 1681 676 1736 :etcrnze,
709 1688 956 1742 magnum
981 1673 1202 1728 contulit
1223 1675 1471 1746 gaudium
1513 1676 1698 1748 generi

99 1761 373 1816 humano.
411 1763 616 1818 Primus
641 1763 712 1834 (c)
741 1765 880 1818 enim
907 1765 1088 1828 homo,
1115 1779 1222 1835 quo
1260 1765 1482 1836 cadente
1511 1781 1698 1822 omnes

91 1850 428 1916 cecidimus,
457 1853 607 1922 cujus
637 1853 785 1907 rttina
815 1859 899 1907 est
919 1853 1208 1907 mortalitas
1238 1863 1438 1920 nostra,
1481 1869 1586 1909 non
1614 1865 1697 1910 est

95 1950 296 2006 natus,
321 1943 412 1998 sed
440 1942 646 2008 factus;
677 1953 827 2014 patre
855 1945 1016 2010 nullo,
1041 1943 1182 1998 nulla
1219 1955 1408 2010 matre,
1454 1945 1548 2001 sed
1583 1947 1694 2002 Deo

89 2043 390 2102 operante.
415 2034 540 2090 llaec
559 2044 642 2089 est
669 2035 898 2090 hominis
926 2035 1092 2105 prima
1121 2036 1374 2090 conditio.
1401 2037 1566 2092 Adam
1619 2039 1687 2094 de

93 2136 278 2180 terra.
305 2124 548 2180 Secunda
577 2126 812 2180 conditio
850 2138 932 2181 est
959 2125 1210 2194 hominis,
1243 2143 1345 2197 qua
1369 2139 1582 2185 creatur
1611 2130 1692 2186 fc-

89 2215 256 2268 mina
282 2214 348 2270 de
373 2215 536 2270 latere
559 2217 680 2270 viri.
711 2217 890 2272 Tertia
919 2217 1152 2272 conditio
1175 2229 1256 2274 est
1297 2219 1527 2275 hominis
1549 2263 1564 2288 ,
1589 2237 1694 2291 qua

91 2313 270 2358 natus
289 2315 371 2359 est
397 2305 558 2359 homo
577 2321 642 2360 ex
671 2307 787 2360 viro
811 2317 866 2362 et
891 2306 1106 2362 femina.
1135 2309 1330 2374 Quarta
1349 2311 1586 2380 conditio
1610 2321 1692 2370 est

91 2394 202 2448 Dei
251 2401 305 2448 et
359 2393 608 2460 hominis,
635 2409 736 2463 qua
771 2405 926 2449 natus
951 2403 1036 2450 est
1069 2397 1314 2452 Christus
1337 2398 1454 2454 sine
1477 2399 1592 2454 viro
1623 2400 1692 2456 de

90 2483 328 2538 femina.
363 2482 418 2537 lu
445 2484 560 2539 istis
585 2495 810 2553 quatuor
834 2485 1226 2542 conditionlbus
1251 2503 1352 2542 una
1375 2490 1488 2544 sola
1535 2491 1690 2547 nobis

91 2573 303 2628 usitata
323 2582 424 2638 est,
447 2583 654 2630 caetera:
691 2583 798 2628 tres
847 2589 950 2628 non
971 2585 1094 2630 sunt
1111 2577 1161 2630 in
1179 2577 1348 2632 oculis
1367 2580 1566 2648 carnis,
1594 2581 1688 2638 sed

89 2665 150 2720 in
181 2663 296 2719 fide
315 2664 509 2720 cordis.
535 2665 608 2720 De
649 2673 790 2720 terra
835 2665 1030 2722 factum
1073 2667 1344 2724 hominem
1369 2671 1486 2726 sine
1515 2680 1684 2740 patre,

87 2757 220 2810 sine
253 2765 422 2811 matre
441 2797 454 2820 ,
479 2771 586 2810 non
636 2758 909 2822 novimus;
943 2759 1130 2812 factam
1159 2758 1408 2814 feminam
1439 2762 1506 2817 de
1525 2763 1689 2818 latere

88 2847 199 2900 viri
245 2863 352 2901 non
399 2847 678 2914 novimus,
714 2849 904 2902 lectam
964 2857 1018 2904 et
1058 2849 1290 2904 auditam
1340 2851 1684 2909 credidimus.

89 2937 288 2994 Tertia
321 2939 404 2992 illa
435 2939 625 2993 usitata
651 2947 731 2994 est
761 2940 916 2995 nobis
945 2941 1056 3010 ipsa
1107 2943 1408 3011 quotidiana
1448 2943 1514 3000 de
1539 2960 1686 3000 com-

89 3031 263 3098 plexu
308 3029 470 3083 maris
498 3039 551 3084 et
587 3031 794 3085 femina:
837 3031 1073 3101 quotidie
1099 3044 1390 3088 nascuntur
1417 3035 1680 3091 homines.

86 3122 214 3176 Jam
245 3131 502 3192 ergoerat
528 3138 626 3176 una
645 3123 758 3178 sine
783 3124 896 3178 viro
920 3133 974 3178 et
998 3123 1214 3190 femina,
1243 3127 1351 3196 jam
1379 3137 1492 3181 erat
1519 3129 1681 3184 altera

85 3212 158 3268 de
181 3213 309 3266 viro
337 3213 452 3268 sine
479 3213 814 3284 femina,jam
841 3223 956 3270 erat
976 3217 1126 3270 tertia
1153 3217 1220 3272 de
1247 3218 1358 3272 viro
1381 3231 1432 3274 et
1463 3217 1680 3288 femina,

85 3315 288 3374 quarta
315 3306 548 3360 restabat
577 3307 692 3361 sine
721 3307 834 3360 viro
867 3307 933 3361 de
963 3308 1174 3362 femina.
1209 3308 1314 3364 Sed
1345 3310 1443 3364 ista
1492 3320 1680 3381 quarta

83 3397 338 3450 liberavit
386 3405 513 3450 tres.
561 3395 738 3450 Prima
785 3398 925 3451 enim
961 3405 1013 3452 et
1037 3399 1268 3453 secunda
1298 3411 1538 3465 ruerunt,
1569 3410 1680 3456 ter-

83 3487 218 3542 tiam
275 3487 344 3542 de
375 3489 522 3542 ruina
573 3497 888 3558 genuerunt,
946 3489 998 3544 in
1042 3500 1230 3560 quarta
1272 3491 1496 3547 salutem
1527 3493 1678 3548 inve-

80 3584 310 3632 nerunt.

151 3665 394 3722 CAPUT
420 3665 484 3720 ll.
509 3697 581 3708 -—
603 3667 657 3721 2.
692 3669 870 3724 Omnis
920 3670 1146 3740 fidelium
1185 3673 1374 3742 gradus
1418 3673 1674 3729 Saluatori

79 3758 318 3810 omnium
342 3767 460 3812 nato
479 3767 761 3812 attestatur.
785 3759 1205 3834 Exsultentcrgo
1230 3763 1494 3834 virgines;
1522 3766 1671 3836 virgo

81 3847 296 3916 peperit
321 3845 612 3902 Christum.
643 3849 782 3904 Nihil
813 3852 863 3905 in
893 3867 954 3906 ea
984 3853 1124 3922 quod
1152 3865 1409 3910 voverunt
1434 3857 1449 3886 ¹
1484 3863 1670 3924 putent

79 3937 501 3992 exterminatum
533 3958 546 3993 :
574 3942 768 3996 mansit
791 3942 939 4012 virgo
977 3952 1096 4013 post
1133 3953 1361 4014 partum.
1393 3947 1670 4005 Exsultent

81 4025 296 4092 vidum;
360 4027 613 4084 infantem
676 4030 944 4086 Christum
993 4033 1147 4087 vidua
1197 4035 1349 4090 Anna
1403 4039 1669 4108 cognovit.

81 4117 373 4174 l-lxsultent
426 4119 757 4189 conjugataz;
809 4122 1129 4178 nasciturum
1180 4125 1458 4180 Dominum
1486 4128 1668 4184 .Iesum

77 4203 358 4262 Christum
388 4207 656 4264 Elisabeth
688 4211 930 4266 maritata
953 4213 1307 4282 prophetarit.
1334 4217 1518 4272 Nullus
1545 4235 1672 4289 gra-

79 4298 181 4356 dus
201 4301 595 4369 praetermissus
610 4311 710 4367 est,
724 4301 791 4358 de
813 4318 919 4374 quo
939 4319 1043 4358 non
1071 4305 1284 4362 haberet
1311 4310 1666 4365 testimonium

80 4389 227 4444 salus
247 4391 508 4446 omnium.
525 4391 786 4462 Numquid
807 4395 948 4449 enim
973 4395 1100 4451 sola:
1129 4397 1356 4468 virgines
1367 4400 1432 4452 ad
1448 4417 1666 4470 regnum

81 4483 340 4536 ert-lorum
365 4483 718 4551 perveniunt?
749 4485 1066 4541 Perveniunt
1093 4495 1147 4542 et
1175 4489 1342 4542 viduae
1369 4492 1468 4562 (d).
1494 4492 1664 4562 Magni

83 4575 258 4628 meriti
293 4574 391 4628 fuit
429 4575 515 4629 illa
546 4577 700 4630 vidua
730 4588 910 4632 sancta
937 4581 1108 4634 Anna.
1139 4583 1178 4634 Α
1202 4583 1499 4651 virginitate
1523 4586 1664 4640 enim

81 4677 171 4715 sua
202 4674 408 4732 septem
435 4681 601 4719 annos
629 4668 828 4722 vixerat
852 4683 973 4722 cum
1003 4670 1114 4724 viro
1131 4662 1254 4737 Suo;
1284 4688 1390 4741 quo
1415 4674 1665 4731 defuncto

81 4754 336 4821 usquead
367 4757 590 4810 senilem
619 4767 827 4812 natalem
863 4769 1194 4828 pervenerat,
1224 4771 1278 4816 et
1303 4763 1355 4816 in
1391 4776 1664 4822 senectute

80 4853 258 4898 sancta
287 4849 628 4916 exspectabat
673 4849 948 4903 infamiam
975 4850 1296 4920 Salvatoris;
1343 4863 1400 4908 ut
1439 4871 1658 4924 parvum

147 5001 164 5067 ξ
193 5003 326 5067 tam,
349 5007 534 5051 morat
553 5013 572 5063 ;
605 5001 961 5065 refragantibus
1002 5003 1144 5054 editis
1179 5007 1373 5056 caeteris
1405 5016 1457 5058 et
1496 5023 1664 5062 manu-

77 5061 282 5119 scriptis.

141 5123 154 5136 '
189 5122 480 5172 t-zineudatus
501 5123 560 5172 ad
585 5133 686 5174 tres
707 5127 784 5174 ch.
807 5125 866 5174 ad
899 5127 932 5174 f.
959 5139 1008 5174 n.
1055 5140 1094 5176 r.
1119 5135 1155 5177 t.
1184 5142 1229 5178 v.
1266 5136 1318 5179 et
1353 5130 1416 5182 ad
1437 5140 1538 5184 Am.
1583 5141 1656 5184 Er.

75 5174 177 5226 Par.
195 5187 306 5232 Inv.

139 5240 210 5308 (ᾳ)
235 5243 376 5308 Alias,
395 5243 458 5293 de
482 5253 720 5308 Tempore
754 5247 830 5298 ΞΟ.

139 5301 206 5409 (be
233 5301 413 5354 Dubius
445 5309 582 5356 nobis
601 5301 695 5356 'ltic
717 5321 879 5358 sermo
902 5317 978 5360 est
997 5344 1011 5368 ,
1038 5319 1231 5374 propter
1269 5327 1430 5376 genus
1463 5317 1654 5369 dicendi

139 5375 182 5408 ill
205 5371 304 5409 llltli
329 5379 385 5409 at!
409 5369 566 5409 minue
587 5379 876 5409 m‘t'tlrnlnm-
904 5373 1114 5409 l-‘vnmnli
1143 5376 1292 5409 rvi-min
1354 5385 1452 5409 ..νει
1482 5393 1630 5409 πιιηιιι.

81 5359 304 5430 ineuittnn
329 5379 385 5416 ac
409 5369 566 5438 minus
587 5379 876 5438 accuratum.
904 5359 1326 5438 t-er'nipli'gratia’,
1353 5385 1459 5438 prst
1482 5359 1656 5430 recent:

78 5421 192 5490 sitos
208 5437 411 5486 t'ptazuor
436 5431 600 5500 tnodos
622 5431 794 5500 conditi
822 5421 1193 5500 |t_omittis,'qt_t5d
1217 5421 1494 5500 subjiC-itt-tr;

86 5499 104 5522 α
130 5483 212 5532 ista
227 5483 404 5547 quarta
427 5491 638 5555 eotulitio
659 5491 882 5541 liberavit
906 5483 1200 5545 tres.'Pt"ima
1223 5483 1654 5555 eniii't'e‘tﬂsecimda

85 5557 322 5623 :Il'ttct'ttttl
345 5585 360 5608 ,
387 5552 576 5623 tertiam
609 5553 676 5623 de
697 5555 832 5602 ruina
871 5565 1149 5623 genuerunt.
1167 5591 1182 5615 ,
1205 5575 1228 5601 ii
1259 5567 1352 5609 etc.
1373 5595 1387 5619 ,
1415 5552 1653 5623 perplexe

77 5601 246 5656 dicunt:
280 5601 358 5662 est
377 5625 432 5661 ac
457 5601 737 5674 improprie.
771 5601 998 5680 nmiﬁtilla
1031 5617 1106 5680 hic
1127 5601 1351 5680 rdperies
1373 5601 1650 5676 'eimsimili;

79 5675 344 5734 Sermonum
369 5687 592 5722 verorum
616 5677 857 5734 Attgustiui
879 5678 941 5726 tle
967 5679 1108 5728 saluii
1132 5675 1326 5730 Ixitnini.

137 5727 202 5798 llr)
226 5735 337 5798 Hinc
359 5751 522 5785 sermo
543 5727 711 5798 incipit
732 5737 776 5784 in
803 5737 964 5786 multis
983 5727 1132 5788 libris.

137 5777 209 5850 (‘1’)
234 5777 344 5844 Vidi)
368 5811 516 5846 Stfl'lll.
551 5777 652 5860 '8‘;
673 5813 779 5862 calt.
808 5799 852 5859 2³
875 5807 924 5850 ιιι
947 5815 1094 5851 δριιιιι,
1255 5821 1358 5869 (Ἧι.-
1389 5811 1431 5857 2.

1470 385 1698 446 SERMO
1733 383 1952 450 CCCLX
1962 397 2026 452 Χ.

3271 433 3404 487 tus

1818 509 2258 608 videretannosa,
2283 536 2502 590 parvum
2521 540 2834 598 agnosceret
2855 538 3086 608 anicula,
3108 543 3392 601 intrantem

1815 601 1868 708 in
1889 605 2142 662 mundum
2167 609 2495 670 Salvatorem
2517 619 2722 676 videret
2747 623 2886 680 itura
2917 601 3146 701 (ΙΑισ.ἰι,
3173 636 3396 708 56-58)..

1815 693 1883 748 Et
1935 697 1984 752 in
2028 703 2320 760 masculino
2347 722 2476 762 sexu
2509 712 2606 766 tria
2637 713 2749 783 ipsa
2789 693 2986 786 genera
3019 693 3397 790 commendata,

1812 795 1954 888 sunt:
2007 789 2122 859 Ipse
2161 793 2404 852 Christus
2433 815 2564 869 puer
2589 814 2744 860 natus
2767 813 2882 874 est;
2909 816 3174 870 exsultent
3201 821 3386 888 pueri,

1811 873 2194 938 continentiam
2239 899 2490 945 voventes
2519 908 2703 960 puero.
2739 897 2856 968 Ipse
2883 915 3006 964 vere
3032 873 3384 974 integritatem

1810 969 2078 1039 pudicitia:
2099 982 2450 1046 consecravit,
2483 985 2570 1053 qui
2589 1001 2700 1041 sua:
2725 993 2876 1045 matri
2907 969 3282 1052 fecunditatem
3311 1011 3394 1054 at-

1811 1061 1948 1128 tulit,
1977 1063 2330 1136 virginitatcm
2353 1087 2458 1126 non
2479 1073 2708 1130 abstulit.
2743 1079 2960 1136 Simeou
2990 1084 3080 1140 ille
3103 1101 3266 1142 senex
3297 1090 3388 1144 diu

1807 1153 2040 1221 vixerat,
2085 1159 2240 1228 cujus
2285 1171 2416 1218 tetas
2461 1180 2801 1236 comparatur
2837 1173 3036 1242 Annte;
3065 1186 3120 1232 et
3141 1181 3385 1237 audierat

1807 1257 2157 1312 responsum;
2210 1253 2352 1322 quod
2405 1271 2509 1311 non
2554 1269 2696 1315 esset
2747 1263 2958 1320 visurus
2997 1281 3223 1325 mortem
3285 1273 3385 1328 nisi

1807 1335 1954 1404 [nius
1981 1338 2184 1394 videret
2207 1341 2474 1401 Christum
2509 1349 2736 1405 Domini.

1873 1429 2099 1486 CAPUT
2137 1433 2222 1487 Ili.
2257 1439 2400 1492 -'5.
2433 1439 2746 1497 Desideria»:
2767 1445 3208 1506 Christinascituri
3225 1470 3384 1522 quau-

1805 1527 1908 1572 tum
1931 1521 1982 1574 in
2000 1523 2219 1593 antiquis
2237 1530 2442 1584 sanctis.
2465 1530 2760 1604 lntelligite,
2786 1536 2997 1606 fratres,
3011 1553 3266 1612 quantum
3291 1545 3382 1600 de-

1803 1609 2052 1664 siderium
2094 1612 2359 1672 habebant
2395 1623 2595 1692 antiqui
2625 1627 2798 1681 sancti
2849 1609 3060 1686 videndi
3085 1632 3382 1690 Christum.

1801 1699 2048 1758 Sciebant
2078 1707 2224 1760 illum
2252 1723 2372 1765 esse
2403 1723 2706 1783 venturum,
2735 1727 2788 1773 et
2811 1733 2999 1776 omnes
3025 1725 3112 1792 qui
3131 1727 3216 1794 pie
3239 1727 3383 1782 vive-

1801 1791 1947 1860 bant,
1993 1795 2256 1864 dicebant,
2302 1797 2346 1854 Ο
2373 1802 2418 1856 si
2461 1803 2546 1858 hic
2574 1819 2660 1862 me
2714 1808 2946 1866 inveniat
2981 1791 3068 1866 illa
3101 1791 3380 1874 nativitas!

1799 1897 1834 1936 ο
1851 1883 1898 1936 si
1921 1885 2062 1952 quod
2085 1888 2248 1943 credo
2274 1889 2324 1943 in
2349 1889 2638 1964 Seripturis
2661 1897 2996 1964 Dei,videam
3013 1905 3183 1960 oculis
3207 1910 3371 1964 meis!

1797 1971 1868 2026 Et
1905 1982 1959 2027 ut
1986 1977 2238 2032 noveritis
2258 1990 2507 2048 quantum
2539 1985 2860 2044 desiderium
2881 1991 3144 2049 habebant
3167 1999 3334 2052 sancti
3356 2041 3372 2065 ,

1797 2063 1884 2132 qui
1907 2076 2162 2121 noverant
2181 2068 2248 2124 de
2259 2069 2543 2140 Scripturis
2557 2078 2754 2133 sanctis
2777 2080 3032 2150 virginem
3058 2063 3372 2154 parituram,

1797 2151 1936 2208 sicut
1961 2155 2182 2212 audistis
2207 2174 2328 2214 cum
2355 2163 2516 2218 lsaias
2544 2165 2826 2236 legeretur,
2855 2171 2982 2227 Ecce
2999 2151 3138 2245 uirga
3155 2177 3210 2229 in
3235 2187 3376 2232 utero

1796 2244 2060 2314 concipiet,
2083 2255 2129 2300 et
2149 2251 2310 2318 pariet
2337 2253 2522 2320 lilium,
2553 2267 2600 2309 et
2623 2260 2878 2314 vocabitur
2901 2244 3084 2318 nomen
3104 2268 3214 2338 ejus
3251 2267 3376 2322 Εηι·

1795 2337 2168 2408 manuel(1sai.
2197 2357 2288 2406 vn,
2319 2345 2422 2414 l4).
2455 2345 2766 2404 Emmanuel
2779 2353 2904 2422 quid
2917 2355 3004 2420 sit,
3030 2337 3374 2428 Evangelium

1796 2426 1949 2482 nobis
1993 2431 2198 2497 aperuit
2245 2431 2450 2502 dicens,
2503 2441 2642 2508 quod
2685 2442 3060 2514 interpretatur,
3096 2426 3374 2506 Nobiscum

1797 2515 1932 2570 Deus
1957 2517 2168 2590 (Matth.
2197 2539 2234 2588 ι,
2255 2523 2370 2596 23).
2399 2526 2512 2583 Non
2533 2530 2625 2584 tlbi
2653 2547 2780 2602 ergo
2795 2537 2864 2588 sit
2883 2536 3096 2602 mirum,
3116 2555 3376 2608 qnmcum-

1792 2620 1896 2675 que
1937 2608 2166 2666 infidelis
2186 2614 2382 2680 anima,
2413 2631 2520 2672 non
2551 2619 2644 2675 tibi
2673 2623 2918 2679 videatur
2945 2627 3272 2696 impossibile
3315 2643 3374 2688 ut

1793 2696 1942 2767 virgo
1963 2711 2194 2770 pareret,
2223 2705 2372 2776 virgo
2398 2709 2608 2776 pariens
2631 2724 2988 2780 permaneret.
3018 2717 3256 2789 Intelligo
3273 2737 3372 2776 na-

1793 2793 1902 2840 tum
1931 2787 2122 2856 Deum,
2150 2801 2202 2846 et
2219 2808 2324 2848 non
2345 2796 2622 2854 miraberis
2651 2802 2868 2871 virginis
2889 2815 3118 2874 partum.
3149 2787 3219 2864 Ut
3245 2825 3374 2880 ergo

1789 2879 2046 2934 noveritis
2081 2884 2330 2953 antiquos
2375 2897 2590 2944 sanctos
2617 2900 2670 2945 et
2713 2893 2886 2962 justas
2925 2907 3138 2966 optasse
3165 2879 3366 2967 videre,

1789 2971 1930 3040 quod
1954 2988 2266 3031 concessum
2287 2989 2370 3033 est
2393 2980 2516 3036 huic
2543 2985 2657 3037 seni
2689 2984 2923 3042 Simeoni
2947 3006 2962 3052 ;
2989 2989 3243 3046 Dominus
3267 3007 3368 3048 no-

1788 3073 1900 3119 stcr
1921 3065 2077 3122 Jcsus
2103 3069 2350 3124 Christus
2390 3073 2455 3126 ad
2483 3073 2773 3146 discipulos
2815 3079 3038 3148 loquens
3061 3083 3130 3135 ait
3165 3100 3180 3137 :
3213 3082 3367 3137 Multi

1777 3157 1908 3227 justi
1935 3167 1980 3212 et
2006 3162 2263 3230 prophetat
2291 3163 2556 3220 voluerunt
2603 3169 2771 3222 uidere
2816 3188 2926 3241 qua:
2967 3189 3053 3228 eos
3089 3175 3287 3240 videtis,
3319 3187 3378 3242 et.

1786 3264 1884 3301 non
1923 3250 2195 3316 viderunt;
2235 3263 2284 3307 et
2310 3255 2486 3309 audire
2503 3273 2618 3328 quae
2659 3260 2862 3326 auditis,
2885 3271 2934 3316 et
2955 3279 3054 3317 non
3097 3267 3367 3321 audierunt

1786 3337 1916 3408 (Id.
1949 3357 2062 3406 xut,
2091 3343 2156 3397 i7
2184 3343 2223 3412 ).
2270 3345 2490 3400 Multum
2543 3363 2708 3404 senex
2757 3351 2856 3406 iste
2899 3345 3003 3407 fuit
3048 3355 3113 3408 ad
3147 3355 3366 3412 audien-

1782 3429 1906 3484 dum
1935 3447 2105 3499 serus,
2134 3435 2226 3488 sed
2255 3437 2320 3490 ad
2342 3438 2628 3494 videndum
2653 3423 2915 3500 ‘maturus.
2943 3447 3057 3500 Non
3089 3460 3365 3519 exSpeeta-

1783 3521 1857 3574 vit
1882 3531 1937 3574 ut
1977 3521 2247 3578 Christum
2279 3527 2484 3584 audiret
2519 3529 2842 3601 loquentem,
2876 3538 3122 3605 quoniam
3149 3541 3363 3607 agnovit

1781 3613 2054 3668 infantem.
2084 3617 2150 3670 Et
2181 3619 2280 3672 hoc
2323 3619 2400 3674 illi
2438 3636 2748 3678 concessum
2785 3637 2898 3681 erat
2930 3628 3039 3696 jam
3067 3629 3357 3700 decrepito.

1779 3706 1926 3772 quasi
1954 3704 2274 3764 desideranti
2323 3719 2377 3766 et
2405 3713 2696 3781 suspiranti
2728 3724 2780 3770 et
2821 3717 3013 3772 dicenti
3043 3721 3278 3788 quotidie
3305 3723 3358 3777 in

1779 3796 2105 3852 orationibus
2133 3800 2246 3853 suis
2271 3819 2284 3854 :
2314 3801 2534 3869 Quando
2563 3805 2780 3860 veniet?
2819 3809 3027 3878 quando
3069 3821 3316 3867 nascetur
3335 3815 3360 3866 ?

1778 3888 1987 3958 quando
2003 3889 2196 3946 videbo
2213 3893 2236 3944 ’ἶ
2264 3893 2422 3948 Putas
2443 3896 2683 3951 durabo?
2705 3909 2858 3968 putas
2875 3901 2961 3956 hic
2978 3917 3063 3957 me
3089 3903 3360 3961 inveniet?

1777 3990 1932 4050 putas
1957 3984 2040 4040 isti
2067 3987 2208 4042 oeuli
2235 3990 2340 4044 mei
2365 3991 2654 4058 videbunt,
2701 4012 2792 4065 per
2819 4015 2972 4067 quem
3005 4002 3182 4058 cordis
3214 4007 3358 4062 oculi

1777 4074 2196 4132 revelabuntur?
2220 4081 2438 4138 Dicebat
2459 4085 2554 4140 ista
2584 4087 2634 4140 in
2665 4089 2993 4148 orationibus
3013 4095 3146 4164 suis,
3176 4105 3229 4152 et
3262 4115 3358 4168 pro

1774 4161 2042 4222 desiderio
2069 4185 2170 4224 suo
2200 4173 2402 4243 accepit
2430 4191 2778 4248 responsum,
2809 4185 2948 4252 quod
2980 4203 3082 4240 non
3117 4161 3357 4256 gustaret

1773 4264 2020 4325 mortem,
2047 4261 2148 4315 nisi
2177 4263 2322 4331 prius
2339 4265 2542 4322 videret
2561 4267 2830 4326 Christum
2855 4273 3086 4331 Domini.
3101 4277 3360 4336 Gestabat

1773 4360 1898 4401 eum
1921 4347 2080 4403 Maria
2103 4363 2277 4408 mater
2297 4355 2412 4425 ejus
2439 4358 2694 4415 innantem
2721 4378 2735 4414 :
2757 4362 2882 4418 vidit
2907 4365 3014 4432 ille,
3045 4379 3096 4422 et
3117 4372 3352 4438 agnovit.

1776 4436 1870 4491 Ubi
1895 4450 2114 4495 noverat
2147 4459 2301 4514 quem
2333 4449 2588 4515 agnovit?
2641 4453 2722 4506 An
2759 4453 2900 4508 intus
2929 4465 3008 4510 est
3049 4461 3315 4516 revelatus
3338 4503 3354 4526 ,

1769 4529 1856 4598 qui
1887 4527 2016 4584 foris
2043 4542 2126 4587 est
2155 4537 2344 4590 natus?
2368 4537 2528 4604 Vidit,
2560 4551 2614 4596 et
2632 4547 2866 4612 agnovit.
2887 4547 3113 4617 Agnovit
3137 4551 3352 4608 Simeou

1771 4621 2022 4678 infantem
2077 4635 2378 4695 tacentem;
2431 4643 2486 4686 et
2533 4635 2844 4691 occiderunt
2895 4639 3061 4694 Judmi
3100 4642 3352 4710 juvenem

1769 4713 2030 4769 mirabilia
2073 4715 2381 4774 facientem.
2409 4721 2540 4776 Cum
2590 4741 2716 4794 ergo
2745 4729 3101 4798 cognovisset,
3147 4735 3353 4804 accepit

1769 4801 1820 4854 in
1849 4803 2000 4859 ulnas
2028 4821 2170 4872 suas,
2193 4808 2292 4864 hoc
2323 4819 2426 4876 est,
2457 4811 2508 4865 in
2535 4813 2747 4868 brachia
2770 4831 2886 4880 sua,
2911 4820 3242 4889 amplexatus
3267 4832 3352 4878 est

1768 4909 1908 4950 eum.
1938 4897 2190 4954 Portabat
2226 4915 2254 4952 a
2282 4917 2387 4970 quo
2410 4905 2734 4970 portabatur.
2767 4907 2882 4978 Ipse
2911 4910 3052 4962 enim
3083 4921 3166 4966 est
3207 4913 3354 4968 Chric

1766 4995 1878 5038 stus
1904 4987 2160 5055 sapientia
2193 4989 2303 5054 Dei,
2337 4992 2598 5062 attingens
2618 5010 2647 5047 a
2675 4995 2779 5050 line
2803 5001 3042 5067 usquead
3068 5001 3224 5056 linem
3239 5003 3350 5058 for-

1769 5076 1918 5142 liter,
1971 5086 2025 5131 ct
2069 5078 2356 5148 disponens
2403 5084 2580 5137 omnia
2617 5087 2850 5141 suaviter
2895 5089 3049 5159 (Sep.
3089 5107 3178 5145 vm
3209 5135 3224 5159 ,
3269 5093 3346 5166 l).

1763 5166 2002 5234 Quantus
2029 5167 2098 5222 ibi
2125 5181 2258 5236 erat,
2289 5180 2338 5225 et
2360 5187 2516 5242 quam
2549 5189 2790 5245 magnus,
2823 5193 2982 5247 quam
3033 5197 3224 5250 parvus
3263 5183 3346 5238 fa-

1763 5269 1876 5314 ctus
1896 5260 2050 5314 erat?
2076 5259 2272 5316 Parvus
2294 5262 2494 5330 laetus,
2526 5281 2718 5334 parvos
2756 5271 3048 5336 quaerebat.
3077 5275 3211 5340 Quid
3240 5284 3343 5338 est,

1763 5365 1953 5420 parvos
1965 5351 2234 5422 qumrcbat
2254 5353 2280 5407 2
2301 5353 2414 5410 Νοη
2442 5357 2720 5426 superbos,
2755 5375 2860 5414 non
2889 5361 3086 5430 elatos;
3124 5366 3216 5420 sed
3242 5365 3344 5419 bu-

1761 5441 1912 5496 miles
1933 5451 1988 5498 et
2002 5444 2158 5498 mites
2170 5443 2474 5516 colligebat.
2498 5448 2554 5502 ln
2580 5451 2800 5523 prmscpi
2827 5452 3070 5524 dignatus
3090 5464 3170 5510 est
3197 5456 3342 5522 poni,

1761 5543 1818 5588 ut
1845 5541 1988 5591 eSset
2043 5537 2248 5608 piorum
2299 5541 2496 5598 cibaria
2533 5543 2916 5613 jumentorum.
2963 5547 3178 5616 Accepit
3214 5561 3344 5616 ergo

1758 5641 1878 5682 eum
1904 5627 2120 5685 Simeou
2165 5632 2215 5686 in
2245 5632 2458 5689 brachia
2487 5651 2604 5702 sua,
2648 5639 2894 5693 etdixit:
2933 5638 3085 5692 Nunc
3110 5639 3339 5706 dimittis,

1762 5718 1990 5784 Domine,
2024 5739 2216 5778 servum
2247 5735 2396 5799 ιινηυη⁸
2421 5729 2470 5780 in
2503 5745 2639 5796 pare.
2695 5730 2923 5784 Ditnittis
2953 5731 3002 5784 in
3033 5745 3182 5801 pace,
3219 5735 3342 5801 quia

1762 5813 1910 5866 video
1943 5829 2144 5883 pacem.
2189 5817 2362 5885 Quare
2383 5835 2512 5890 ergo
2539 5821 2757 5876 dimittis
2793 5821 2844 5876 in
2875 5821 3041 5893 pace?
3089 5823 3340 5890 Quoniam
