3980 6456
556 406 565 419 δ
621 390 755 447 1663

617 509 866 564 Ambrosii
888 509 1122 578 figamus.
1148 506 1306 573 Ergo,
1338 500 1655 563 charissimi,
1671 496 1955 551 Exsultavit
1979 504 2030 548 ut
2055 490 2197 563 gigas

618 602 687 655 ad
710 600 1007 655 currendum
1019 600 1167 651 viam.
1189 596 1357 663 Quam
1387 595 1549 659 viam,
1581 593 1683 648 nisi
1722 590 2000 646 mortalem
2031 590 2191 653 viam,

616 707 776 761 quam
792 691 1037 760 dignatus
1059 696 1141 743 est
1160 687 1435 742 nobiscum
1454 685 1650 739 habere
1675 680 2049 738 communem?
2079 680 2194 748 Ipsa

616 790 698 836 est
716 781 817 845 via,
848 793 947 851 per
964 794 1123 850 quam
1148 792 1317 849 genus
1347 777 1633 831 humanum
1661 774 1868 828 transit.
1900 772 2196 825 Transeunt

614 872 754 927 enim
779 886 875 941 per
896 886 1014 926 eam
1034 868 1295 925 veniendo
1331 874 1631 931 nascentes,
1652 873 1707 920 et
1724 861 2058 919 abscedendo
2084 875 2198 914 mo-

616 964 833 1018 rientes.
847 963 909 1017 Et
924 962 1022 1015 iste
1041 960 1251 1031 generis
1267 959 1481 1013 humani
1501 956 1690 1011 ﬂuvius
1711 955 1777 1009 ab
1794 953 1943 1008 initio
1956 967 2122 1022 usque
2143 951 2197 1005 in

617 1054 775 1109 [litem
800 1069 866 1108 ex
892 1052 1112 1108 occultis
1138 1060 1343 1106 natura:
1373 1048 1732 1117 venisjugiter
1760 1054 1957 1100 manat.
1993 1045 2066 1099 De
2096 1044 2199 1099 isto

618 1144 778 1197 fluvio
791 1142 973 1212 rapido
989 1157 1052 1197 ac
1063 1141 1368 1196 turbulento
1378 1140 1561 1194 bibere
1575 1138 1820 1207 dignatus
1835 1145 1917 1191 est
1931 1135 2196 1190 Christus.

617 1233 769 1288 Modo
787 1232 1012 1287 audistis
1029 1232 1080 1285 in
1111 1232 1334 1301 psalmo,
1365 1230 1444 1284 De
1469 1237 1682 1284 torrente
1700 1230 1753 1282 in
1774 1228 1855 1282 eia
1879 1227 1997 1281 bibit
2026 1225 2196 1297 (Psal.

615 1339 725 1387 cu,
748 1322 824 1390 7).
849 1322 1081 1376 Torrens
1102 1323 1199 1377 iste
1221 1321 1468 1391 produxit
1492 1335 1590 1376 nos
1609 1319 1674 1375 ad
1697 1319 2044 1385 nativitatem,
2072 1332 2197 1387 per-

617 1413 769 1468 duxit
804 1413 869 1467 ad
900 1422 1143 1467 mortem.
1175 1412 1337 1481 Quasi
1376 1428 1441 1468 ex
1481 1412 1689 1467 occulto
1718 1410 1900 1475 fontis,
1947 1409 2194 1479 abyssum

618 1504 780 1558 maris
797 1503 1030 1573 suscepit
1048 1502 1307 1558 Christus.
1343 1502 1637 1573 Utrumque
1660 1517 1757 1572 pro
1777 1500 1950 1567 nobis,
1972 1509 2027 1556 et
2047 1510 2201 1555 natus

617 1599 674 1648 et
698 1601 939 1648 mortuus
979 1601 1080 1648 est.
1116 1593 1182 1648 Et
1207 1593 1331 1662 quia
1370 1594 1613 1649 homines
1642 1594 1693 1647 in
1722 1593 1895 1648 medio
1920 1593 2075 1661 hujus
2102 1592 2200 1646 llu-

618 1682 774 1738 minis
793 1683 1084 1746 constituti,
1112 1683 1420 1752 plerumque
1439 1683 1771 1737 delectantur
1790 1682 1969 1737 mundi
1993 1682 2202 1736 blandi-

618 1773 811 1826 mentis
825 1781 878 1826 et
893 1773 1174 1836 illecebris,
1200 1788 1318 1842 qua:
1334 1773 1461 1828 limo
1481 1772 1639 1842 hujus
1656 1773 1904 1829 torrentis
1924 1774 2201 1827 involvun-

616 1872 720 1927 tur,
734 1872 889 1934 atque
902 1864 951 1917 in
969 1862 1285 1933 profundum
1307 1863 1497 1919 inferni
1514 1864 1823 1934 demergunt
1842 1880 1953 1928 eos,
1971 1864 2197 1935 quidum

616 1964 954 2010 transeuntes
979 1955 1148 2009 undas
1171 1956 1331 2011 avide
1356 1956 1627 2018 hauriunt,
1656 1956 1735 2012 sic
1754 1965 2029 2022 necantur,
2058 1964 2200 2010 stare

616 2045 896 2114 cupientes
925 2046 979 2099 in
1023 2054 1258 2100 torrente
1299 2047 1682 2116 praecipitante,
1724 2048 1856 2102 etin
1882 2045 2153 2117 republica
2180 2046 2197 2077 ¹

617 2146 916 2205 qmcrentes
948 2137 1049 2191 fixa
1078 2138 1297 2207 vestigia
1332 2156 1345 2191 :
1378 2138 1499 2192 ideo
1546 2138 1801 2192 Dominus
1824 2138 1888 2192 de
1911 2148 2127 2192 torrente
2145 2138 2199 2191 in

626 2232 706 2281 uia
732 2230 872 2283 bibit.
902 2230 1037 2297 Quid
1063 2238 1164 2295 est,
1192 2231 1244 2283 in
1271 2230 1352 2284 via
1381 2230 1535 2283 bibit?
1565 2230 1851 2284 Transiens
1876 2229 2029 2284 bibit.
2059 2230 2198 2285 Bibit

617 2319 756 2372 enim
785 2328 838 2373 et
865 2320 1090 2383 transiit,
1123 2334 1229 2373 non
1258 2321 1550 2375 remansit:
1584 2335 1684 2374 nec
1710 2322 1858 2375 stetit
1886 2321 1937 2374 in
1963 2322 2045 2375 via
2071 2336 2197 2391 pec-

615 2418 875 2464 calorum.
922 2410 1054 2465 Item
1095 2417 1320 2465 mortem
1356 2420 1601 2465 metuunt
1637 2410 1912 2475 homines;
1950 2412 2073 2481 quia
2106 2428 2201 2467 ne-

616 2515 765 2555 cesse
790 2510 874 2555 est
902 2501 1219 2569 prmeipitari
1249 2515 1435 2555 omnes
1462 2500 1619 2569 hujus
1649 2503 1900 2556 torrentis
1926 2502 2155 2571 impulsu
2179 2519 2193 2556 :

616 2589 858 2643 Christus
885 2598 1061 2643 autem
1089 2598 1329 2644 mortem-
1354 2604 1512 2659 quam
1538 2599 1728 2659 sponte
1770 2600 2101 2660 susceperat,
2135 2592 2201 2646 ti-

617 2700 763 2740 mere
793 2700 897 2738 non
925 2685 1121 2753 potuit;
1151 2685 1269 2739 ideo
1294 2685 1492 2739 dictum
1521 2692 1623 2748 est,
1662 2684 1728 2738 Et
1753 2686 2016 2740 exsultavit
2043 2694 2096 2739 ut
2122 2686 2202 2755 gi-

617 2793 705 2842 gas
723 2776 790 2827 ad
813 2776 1114 2829 cut-rendam
1141 2777 1295 2829 viam.
1330 2776 1613 2830 Descendit
1649 2779 1812 2841 enim,
1846 2786 1901 2832 et
1924 2778 2197 2831 cucurrit:

617 2864 870 2928 ascendit,
894 2874 948 2920 et
966 2866 1124 2921 sedit.
1146 2866 1344 2932 Nostis,
1365 2868 1485 2936 quia
1516 2868 1595 2922 sic
1616 2868 1857 2923 confiteri
1878 2868 1955 2938 (a)
1981 2869 2196 2924 soletis:

621 2964 894 3024 postquam
913 2958 1221 3024 resurrexit,
1244 2958 1481 3013 ascendit
1505 2958 1556 3012 in
1581 2959 1799 3026 ccelum,
1817 2960 1967 3016 sedet
1986 2960 2053 3015 ad
2069 2961 2199 3016 dex-

617 3053 780 3099 teram
813 3046 1003 3101 Patris.
1054 3047 1205 3102 llunc
1232 3048 1400 3103 nostri
1432 3049 1661 3118 gigantis
1686 3064 1967 3105 excursum
1996 3051 2200 3107 brevis-

616 3136 748 3191 sime
780 3152 843 3191 ac
873 3138 1227 3206 pulcherrime
1251 3141 1445 3195 cecinit
1474 3141 1660 3197 beatus
1684 3142 1998 3199 Ambrosius
2022 3144 2072 3198 in
2102 3145 2199 3216 hy-

618 3240 761 3287 mno,
786 3241 942 3295 quem
971 3228 1126 3296 paulo
1168 3238 1293 3284 ante
1337 3233 1604 3286 cantastis.
1656 3232 1902 3302 Loquens
1942 3235 2083 3289 enim
2131 3237 2199 3292 de

619 3315 841 3370 Domino
866 3315 1097 3383 Christo,
1128 3320 1206 3374 sic
1230 3320 1335 3376 ait:
1357 3339 1375 3372 ι
1405 3322 1662 3393 Egressus
1691 3324 1806 3393 ejus
1831 3340 1861 3379 a
1906 3326 2082 3392 Patre,
2112 3342 2198 3382 re-

623 3425 642 3457 ι
666 3420 881 3476 gressus
908 3408 1022 3478 ejus
1048 3410 1113 3465 ad
1143 3410 1353 3466 Patrem
1376 3430 1389 3464 :
1412 3428 1670 3470 excursus
1687 3432 1856 3486 usque
1879 3418 1946 3472 ad
1975 3418 2192 3485 inferos,

625 3515 643 3547 ι
670 3512 916 3553 recursus
953 3499 1020 3554 ad
1061 3501 1243 3555 sedem
1277 3502 1389 3557 Dci.
1417 3522 1435 3555 ι
1470 3505 1593 3559 Ilaec
1622 3507 1820 3572 omnia,
1868 3508 2193 3577 eharissimi,

617 3586 660 3642 si
685 3604 985 3657 quaeramus
1031 3606 1129 3646 cur
1176 3593 1310 3649 facta
1355 3603 1498 3662 sunt,
1542 3596 1871 3653 inveniemus
1919 3598 2053 3654 facta
2101 3617 2197 3671 pro

616 3681 787 3737 nobis.
809 3682 1092 3739 Descendit
1106 3686 1269 3751 enim,
1294 3694 1351 3740 ut
1369 3672 1811 3755 ascenderemus;
1835 3701 2075 3747 mortuus
2092 3703 2193 3756 est,

618 3782 675 3826 ut
700 3773 1031 3839 viveremus;
1061 3780 1369 3843 resurrexit,
1407 3788 1466 3834 ut
1494 3797 1921 3853 resurgeremus;
1952 3786 2195 3841 ascendit

621 3863 671 3916 in
701 3864 915 3930 calum,
949 3875 1005 3919 ut
1036 3877 1243 3923 terrena
1271 3879 1634 3937 contemnere,
1665 3883 1720 3928 et
1736 3890 1831 3930 cor
1858 3890 2069 3932 sursum
2099 3878 2196 3932 eri-

618 3969 743 4023 gere
767 3955 1111 4013 disceremus.
1146 3959 1379 4030 Denique
1403 3971 1462 4017 ut
1489 3963 1689 4019 levaret
1716 3975 1834 4035 post
1853 3982 1912 4021 se
1931 3984 2080 4037 spem
2104 3984 2200 4023 no-

618 4053 803 4113 stram,
834 4046 1028 4103 levavit
1053 4049 1223 4118 primo
1245 4065 1459 4107 carnem
1487 4069 1669 4109 suam:
1696 4065 1750 4109 et
1776 4065 1831 4111 ut
1859 4072 2198 4126 sperarcmus

620 4138 721 4195 hoc
748 4148 1051 4196 secuturum
1080 4142 1132 4196 in
1164 4142 1338 4209 nobis,
1369 4143 1499 4198 illud
1527 4148 1800 4214 prteeessit
1827 4149 1968 4218 quod
1995 4151 2199 4221 accepit

618 4244 683 4283 ex
713 4230 883 4286 nobis.

1021 4362 1251 4418 διεπιΜο
1285 4363 1667 4421 οςοιχχιιι·
1700 4366 1797 4440 (ι).

1048 4505 1116 4548 De
1141 4498 1394 4561 Epiphania
1419 4501 1620 4562 Domini,
1643 4517 1660 4551 ι
1678 4502 1767 4565 (c).

691 4619 913 4677 CAPUT
952 4620 1235 4677 PRIMUM.
1261 4653 1333 4663 —
1355 4625 1405 4678 Ι.
1435 4624 1661 4680 Christus
1689 4627 2038 4697 manifestata:
2085 4630 2202 4685 Μα-

620 4711 714 4780 gis.
742 4710 1063 4766 Solemnitas
1088 4726 1245 4780 quam
1274 4712 1431 4769 hodie
1457 4714 1812 4782 celebramus,
1847 4728 2061 4788 propter
2087 4737 2202 4776 ma-

622 4798 1013 4856 nifestationem
1044 4801 1254 4856 Domini
1288 4801 1596 4873 Epiphanize
1623 4821 1853 4875 grzecum
1884 4824 2078 4864 nomen
2105 4826 2201 4866 ac-

622 4891 780 4957 cepit.
805 4891 1071 4947 Ilodieruo
1091 4894 1285 4962 quippe
1302 4892 1388 4949 die
1404 4893 1567 4964 Magis
1586 4895 1930 4953 adorantibus
1952 4908 2199 4970 tanquam

626 4980 869 5047 primitiis
909 4982 1178 5051 Gentium,
1221 4987 1626 5041 commendatur
1672 4989 2056 5056 manifestatus,
2110 4993 2201 5063 qui

625 5079 746 5124 ante
773 5086 966 5140 paucos
990 5075 1104 5129 dies
1130 5076 1354 5130 traditur
1375 5076 1533 5131 etiam
1552 5087 1725 5133 natus.
1755 5080 1911 5149 Lapis
1934 5082 2019 5136 ille
2036 5097 2201 5151 angu-

627 5162 771 5227 laris,
798 5164 888 5233 qui
918 5166 1056 5219 velut
1083 5169 1310 5236 parietes
1332 5168 1485 5236 duos,
1510 5171 1930 5229 circumcisionis
1956 5174 2202 5232 videlicet

685 5319 700 5349 ί
736 5324 875 5367 Forte
907 5316 1188 5380 legendum,
1211 5327 1257 5372 et
1293 5320 1343 5372 in
1366 5335 1418 5373 re
1453 5322 1603 5374 labiti.

683 5384 701 5442 ἡ
738 5381 1025 5442 necoguitus
1044 5381 1103 5427 ad
1126 5383 1203 5430 cb.
1227 5382 1288 5433 cl.
1321 5385 1352 5432 ι.
1381 5398 1429 5432 ιι.
1463 5399 1505 5435 ι·.
1542 5399 1631 5436 rm.
1662 5401 1709 5439 γ.
1737 5395 1789 5440 et
1822 5389 1880 5438 ad
1904 5395 2013 5441 ιον.

682 5441 754 5505 (η)
791 5449 836 5505 In
860 5441 1095 5505 Symbolo.

680 5502 751 5567 (ιι)
778 5502 918 5561 Alias,
941 5504 1007 5552 de
1032 5505 1239 5553 Diversis
1255 5504 1332 5553 66.

683 5566 753 5636 (r)_
790 5566 1422 5636 Ambiguumreiltli_uit__loei
1461 5570 1707 5636 nonnulli,
1731 5575 1907 5636 quibus
1925 5577 2203 5627 temeritate

618 5626 999 5695 alieujtts__labetu
1022 5627 1220 5695 allatam
1235 5627 1373 5677 facile
1396 5630 1637 5677 crediturus
1669 5626 1886 5695 inspecto
1922 5626 2203 5687 lilz‘iriaeensi

617 5698 791 5759 vetere
817 5692 953 5747 libro,
975 5693 1055 5753 qui
1092 5703 1149 5759 ea
1177 5690 1464 5759 pierunulue
1488 5695 1721 5759 pne-terit,
1746 5690 1855 5759 qua:
1877 5699 2131 5759 displicent
2156 5703 2203 5749 iu

618 5748 708 5821 hoc
743 5748 1007 5821 sermone,
1034 5754 1102 5801 uti
1130 5748 1463 5821 iuit-Iliges'ex
1490 5748 1670 5805 ansulis
1710 5748 1774 5805 ad
1804 5773 1860 5806 ua
1897 5748 2005 5821 qua:
2048 5748 2203 5811 codex

619 5812 700 5864 ille
726 5826 819 5863 nou
843 5813 988 5863 habet.
1012 5815 1257 5873 appositis.

1846 378 1901 433 S.
1946 369 2307 431 AUCUSTlNl
2350 373 2648 433 EPISCOl‘l

3758 390 3913 441 τῆςνᾶ

2312 499 2365 546 et
2388 493 2651 561 prmputii,
2678 494 2779 549 hoc
2802 503 2887 549 est
2904 495 3205 551 Judatorum
3227 502 3383 568 atque
3409 499 3672 563 Gentium,
3702 502 3775 557 de
3800 503 3909 557 di-

2311 595 2464 637 verso
2485 585 2761 640 venientes
2782 586 2832 639 in
2859 601 2954 640 sua
2997 588 3192 641 unitate
3234 590 3521 658 copulavit,
3552 601 3595 644 et
3618 594 3786 662 factus
3815 600 3911 644 ρει

2308 682 2409 741 pax
2433 681 2622 738 nostra,
2654 675 2741 743 qui
2768 676 2885 747 fecit
2910 686 3122 745 utraque
3146 695 3298 730 unum
3328 678 3542 747 (Ep/tes.
3574 698 3629 741 ll,
3658 681 3863 751 Η-ΞΞ)
3893 702 3907 739 ;

2306 773 2364 817 ιιι
2390 766 2689 833 pastoribus
2711 766 3015 822 Judarorum
3043 769 3395 836 nuntiaretur,
3422 772 3607 840 Angeli
3628 786 3910 826 venerunt

2307 855 2374 909 de
2399 857 2564 922 cmlo;
2597 867 2652 913 et
2678 868 2784 913 uta
2802 860 2969 929 magis
2996 860 3240 915 Gentium
3270 861 3601 929 adoraretur,
3631 865 3783 918 stella
3811 881 3913 917 re-

2308 949 2455 1004 fulsit
2483 966 2512 1005 e
2538 952 2733 1006 cmlo‘.
2768 952 2889 1008 Sive
2912 969 3039 1025 ergo
3070 970 3164 1024 per
3202 956 3455 1025 Angelos,
3488 956 3598 1011 sive
3626 972 3718 1025 per
3760 958 3915 1011 stel-

2311 1040 2436 1110 lam,
2481 1044 2601 1098 caali
2646 1055 3028 1101 enarraverunt
3073 1048 3292 1117 gloriam
3325 1049 3450 1102 Dei:
3481 1050 3614 1102 utin
3654 1050 3773 1117 ejus
3802 1052 3911 1119 qui

2308 1140 2462 1187 natus
2487 1143 2568 1188 est
2586 1135 2773 1205 gratia,
2796 1147 3107 1191 enarrarent
3134 1154 3249 1192 eam
3279 1140 3436 1193 etiam
3469 1141 3727 1209 Apostoli.
3766 1158 3915 1211 por-

2310 1232 2481 1278 tantes
2508 1224 2793 1280 Dominum
2824 1228 2960 1281 sicut
2983 1229 3125 1297 εαξη,
3160 1239 3317 1299 atque
3361 1230 3411 1283 iu
3444 1247 3654 1285 omnem
3688 1240 3907 1286 terram

2308 1314 2651 1371 exiretsonus
2670 1333 2877 1384 eorum,
2891 1320 3011 1374 etin
3029 1321 3161 1375 ﬁnes
3184 1321 3327 1375 orbis
3354 1331 3507 1376 teme
3528 1322 3682 1377 verba
3702 1340 3909 1377 eorum

2309 1403 2479 1474 (Psal.
2509 1422 2657 1472 xvm,
2688 1408 2743 1474 2,
2776 1410 2854 1480 5).
2884 1410 3012 1477 Qua:
3038 1412 3286 1480 quoniam
3308 1421 3363 1466 et
3388 1413 3452 1467 ad
3481 1429 3578 1468 nos
3604 1426 3909 1477 venerunt,

2307 1495 2596 1563 credimus,
2624 1508 2839 1569 propter
2864 1501 3005 1570 quod
3035 1509 3089 1555 et
3118 1502 3388 1571 loquimur
3427 1504 3492 1576 (ll
3520 1505 3637 1559 Cor.
3670 1522 3741 1571 tv,
3778 1509 3906 1576 15).

2378 1587 2603 1644 CAPUT
2624 1582 2687 1643 11.
2712 1622 2785 1631 —-
2828 1591 2882 1645 2.
2902 1591 3049 1647 Idem
3070 1603 3312 1649 tractatur
3332 1608 3697 1667 argumentum.
3724 1599 3907 1655 Multa

2308 1677 2467 1748 igitur
2490 1681 2873 1737 consideranda
2899 1694 3052 1750 sunt,
3083 1686 3275 1741 fratres
3296 1728 3309 1753 ,
3340 1688 3391 1741 in
3422 1689 3521 1745 hac
3545 1706 3703 1760 quam
3737 1693 3909 1747 audi-

2307 1771 2498 1838 vimus,
2539 1776 2843 1845 evangeliea
2886 1777 3131 1833 lectione.
3157 1778 3289 1850 Magi
3320 1782 3538 1836 veniunt
3564 1782 3632 1837 ab
3659 1785 3904 1851 oriente,

2306 1877 2485 1932 regem
2510 1862 2813 1920 Judmorum
2836 1868 3130 1937 requirnnt,
3162 1870 3249 1937 qui
3276 1878 3353 1925 tot
3378 1887 3529 1945 reges
3585 1873 3907 1929 Iudaeorum

2308 1967 2577 2021 nunquam
2623 1965 2776 2009 antea
2809 1957 3151 2025 quaesierunt.
3182 1960 3479 2030 Requirunt
3513 1971 3689 2017 autem
3711 2004 3726 2027 ,
3782 1980 3904 2018 non

2307 2041 2537 2110 aliquem
2580 2044 2745 2097 virilis
2796 2047 3004 2110 :ctatis,
3057 2048 3167 2103 sive
3208 2050 3547 2118 grandaevum
3575 2094 3591 2118 ,
3641 2053 3907 2107 humanis

2307 2133 2476 2187 oculis
2499 2176 2514 2201 ,
2565 2134 2618 2188 in
2647 2137 2855 2191 excelsa
2883 2137 3010 2192 sede
3036 2140 3378 2209 conspicuum
3402 2184 3417 2208 ,
3447 2145 3767 2200 exercitibus
3799 2163 3906 2216 po.

2309 2230 2507 2278 tentem
2533 2266 2547 2289 ,
2571 2225 2733 2281 armis
2754 2233 3041 2282 terrentem
3064 2271 3078 2293 ,
3113 2246 3339 2299 purpura
3368 2234 3619 2288 nitentem
3642 2277 3655 2299 ,
3702 2237 3904 2292 diade-

2307 2323 2450 2368 mate
2469 2314 2812 2384 refulgentem
2846 2316 2968 2387 [vel
2991 2319 3059 2373 de
3085 2335 3245 2375 cruce
3284 2323 3383 2376 sibi
3411 2326 3760 2380 exsultantem
3787 2370 3803 2387 ,
3842 2329 3903 2382 in

2307 2418 2407 2471 qua
2439 2405 2714 2459 universos
2737 2418 2998 2477 martyres
3023 2410 3309 2466 redimeret
3334 2414 3646 2469 confitentes
3665 2458 3679 2480 ,
3711 2418 3797 2471 vel
3826 2420 3904 2472 ab

2309 2494 2491 2549 inferis
2512 2507 2873 2568 resurgentem
2894 2544 2909 2565 ,
2939 2510 3027 2556 aut
3055 2504 3106 2556 in
3131 2505 3297 2559 caelos
3319 2507 3690 2563 ascendentem
3720 2508 3768 2579 ];
3793 2512 3903 2566 sed

2308 2600 2495 2640 recens
2524 2596 2726 2655 natum,
2750 2590 2799 2643 in
2834 2592 2984 2646 cunis
3005 2593 3557 2662 jacentem,uberibus
3575 2598 3898 2665 inhiaiitem,

2309 2676 2454 2731 nullo
2482 2688 2671 2733 ornatu
2696 2683 2970 2751 corporis,
3021 2686 3183 2738 nullis
3225 2678 3585 2742 membrorum
3638 2690 3843 2745 viribus
3880 2735 3897 2755 ,

2307 2767 2467 2820 nullis
2491 2779 2766 2837 parentum
2794 2772 2982 2841 opibus
3001 2814 3015 2836 ,
3048 2790 3153 2828 non
3180 2790 3273 2829 sua
3298 2785 3453 2833 aetate
3477 2820 3490 2842 ,
3526 2794 3629 2833 non
3666 2797 3898 2837 suorum

2306 2867 2568 2928 potestate
2596 2870 2955 2931 prmstantcm.
2985 2865 3050 2918 Et
3074 2875 3317 2935 quaerunt
3335 2884 3511 2938 regem
3540 2870 3848 2926 Iudaeorum
3878 2916 3895 2937 ,

2306 2969 2336 3008 a
2360 2972 2483 3026 rege
2516 2957 2858 3024 Judaeorum;
2885 2960 2954 3015 ab
2992 2961 3203 3017 llcrode
3228 2962 3563 3037 [homine],
3616 2966 3896 3021 Christum

2308 3045 2515 3117 [Deum
2546 3056 2598 3102 ct
2627 3048 2929 3114 hominem;
2963 3067 2993 3105 a
3023 3060 3233 3108 terreno
3254 3070 3379 3124 rege
3410 3056 3623 3110 homine
3643 3098 3657 3122 ,
3702 3073 3891 3126 regem

2307 3139 2565 3193 caelorum
2617 3140 2706 3209 qui
2757 3141 3067 3197 condiderat
3114 3144 3419 3218 hominem]
3454 3165 3466 3199 :
3498 3163 3525 3200 a
3547 3149 3731 3217 grandi
3760 3164 3893 3218 par-

2306 3229 2524 3295 vulum,
2550 3244 2581 3285 a
2609 3231 2757 3286 claro
2812 3232 3062 3288 latentem
3088 3276 3103 3301 ,
3137 3234 3203 3289 ab
3254 3236 3465 3291 excelso
3511 3237 3802 3303 humilem,
3861 3255 3892 3293 a

2306 3320 2554 3391 loquente
2579 3322 2831 3378 infantem
2850 3364 2867 3389 ,
2895 3325 2962 3379 ab
2989 3326 3237 3394 opulento
3255 3328 3463 3398 inopem
3483 3371 3497 3393 ,
3523 3344 3551 3383 a
3581 3329 3700 3383 forti
3734 3331 3893 3385 iutir-

2305 3427 2483 3478 mum;
2516 3421 2570 3468 et
2610 3422 2785 3469 tamen
2834 3415 3095 3487 [quamvis
3147 3418 3213 3471 ab
3252 3419 3459 3474 llerode
3489 3434 3847 3491 persequente
3875 3467 3890 3486 ,

2307 3501 2409 3555 sibi
2461 3511 2516 3557 et
2558 3504 2677 3559 aliis
2707 3504 2973 3561 Christum
3001 3508 3416 3582 dominantem],
3458 3527 3485 3564 a
3513 3525 3907 3569 contemne-nte,

2305 3592 2631 3648 adorandum
2657 3613 2677 3663 :7
2697 3597 2931 3665 profecto
2971 3598 3147 3668 inquo
3172 3602 3311 3654 mdla
3341 3618 3530 3672 pompa
3566 3605 3703 3674 regia
3735 3605 3893 3661 vide—

2306 3680 2463 3737 batur
2482 3725 2497 3748 ,
2527 3684 2619 3738 scd
2651 3701 2772 3740 vera
2794 3686 3043 3755 majestas
3066 3689 3404 3744 adorabatur.

2375 3774 2601 3829 CAPUT
2627 3774 2711 3829 lll.
2743 3808 2813 3816 —
2838 3778 2891 3833 5.
2939 3778 3155 3834 Herodis
3200 3793 3359 3837 metus
3393 3794 3437 3835 et
3468 3785 3518 3837 in
3557 3787 3894 3855 parvulorum

2306 3865 2442 3918 ca’de
2468 3866 2678 3919 sterilia.
2706 3865 3004 3923 Iunoccntes
3038 3880 3316 3941 martyrum
3343 3890 3528 3927 corona
3555 3875 3747 3928 donati.
3782 3878 3893 3933 De-

2306 3958 2467 4026 nique
2512 3958 2749 4014 llerodes
2798 3960 2983 4015 timet:
3014 3961 3147 4032 Magi
3198 3964 3524 4019 desiderant.
3561 3966 3757 4035 Regem
3812 3969 3893 4021 illi

2303 4048 2524 4116 cupiunt
2545 4049 2810 4113 invenire,
2837 4067 3057 4121 regnum
3089 4054 3275 4106 metuit
3305 4056 3391 4109 ille
3414 4055 3565 4109 finire
3593 4058 3634 4109 ¹.
3664 4057 3896 4126 Utrique

2305 4149 2575 4209 postremo
2604 4152 2846 4211 qnazrunt
2880 4161 2892 4197 :
2928 4144 3031 4207 illi,
3073 4159 3170 4213 per
3215 4160 3371 4214 quem
3427 4147 3630 4213 possint
3671 4149 3891 4215 vivere;

2306 4231 2430 4296 ille,
2469 4248 2625 4301 quem
2656 4235 2816 4289 vellet
2839 4234 3080 4288 occidere
3115 4252 3128 4288 :
3171 4235 3290 4302 ille,
3324 4237 3372 4289 iu
3415 4253 3571 4305 quem
3612 4250 3895 4308 peccatum

2307 4323 2506 4391 grande
2530 4325 2857 4387 committat;
2908 4324 3018 4383 illi.
3068 4325 3157 4393 qui
3191 4327 3366 4380 omnia
3417 4329 3515 4381 sibi
3561 4341 3771 4397 peccata
3805 4332 3895 4385 di-

2308 4415 2502 4468 mittat.
2533 4414 2697 4469 Neeat
2721 4414 2916 4484 quippe
2956 4414 3194 4470 Herodes
3226 4417 3473 4485 parvulos
3500 4420 3726 4483 mullos,
3761 4421 3895 4475 dum

2307 4507 2421 4558 vult
2441 4504 2505 4558 ad
2532 4506 2688 4559 unius
2718 4516 2945 4560 mortem
2969 4508 3268 4576 pervenire.
3300 4508 3365 4562 Et
3390 4524 3508 4563 cum
3539 4511 3900 4566 smvieiitissi-

2308 4611 2448 4649 mam
2472 4596 2491 4626 ³
2519 4605 2572 4650 et
2600 4597 3028 4652 cruentissimam
3075 4597 3274 4652 cmdem
3305 4599 3356 4653 in
3385 4608 3461 4653 tot
3516 4601 3901 4665 innocentibus

2308 4688 2563 4757 perfecit;
2592 4704 2649 4743 se
2676 4689 2846 4758 ipsum
2873 4699 3015 4743 tanta
3044 4690 3321 4761 iniquitate
3344 4691 3585 4760 primitus
3605 4691 3897 4751 interfecit.

2309 4778 2515 4834 Interea
2550 4796 2645 4835 rex
2688 4791 2870 4837 noster
2898 4781 3217 4854 [Christus],
3247 4783 3479 4838 Verbum
3527 4783 3664 4856 [Dei]
3716 4784 3897 4839 Infans

2310 4870 2530 4941 [Deus],
2582 4871 2745 4942 Magis
2782 4871 2929 4928 illum
2970 4874 3344 4938 adorantibus,
3375 4876 3609 4945 parvulis
3662 4890 3756 4944 pro
3807 4877 3899 4930 illo

2312 4962 2688 5026 morientibus,
2718 4964 2829 5019 sive
2846 4963 3088 5033 jacebat,
3136 4965 3246 5020 sive
3273 4965 3530 5035 sugebat;
3572 4975 3625 5019 et
3655 4966 3896 5019 nomium

2309 5053 2516 5108 locutus
2539 5052 2585 5117 ‘,
2623 5055 2901 5110 credentes
2940 5056 3271 5121 inveniebat;
3298 5066 3351 5110 et
3394 5056 3628 5109 nondum
3658 5071 3852 5125 passus
3880 5102 3893 5119 ,

2310 5147 2467 5202 etiam
2495 5158 2756 5218 martyres
2785 5147 3025 5203 faciebat.
3059 5148 3103 5202 Ο
3130 5148 3333 5218 parvuli
3363 5146 3502 5202 beati
3528 5190 3541 5210 ,
3570 5147 3725 5200 modo
3748 5150 3859 5201 uati
3881 5193 3895 5211 ,

2310 5253 2577 5308 nunquam
2608 5241 2826 5305 tentati,
2850 5239 3082 5293 nondum
3113 5241 3292 5295 luctati
3315 5281 3331 5307 ,
3358 5238 3470 5309 jam
3496 5241 3763 5294 coronati!
3805 5242 3895 5294 ille

2374 5394 2390 5425 ι
2427 5392 2738 5442 Floriacensis
2761 5393 3115 5443 vetustissimus
3140 5394 3281 5453 liber,
3300 5401 3411 5445 etut
3436 5394 3658 5445 delibatio
3679 5395 3896 5446 centium

2310 5453 2438 5518 Magi
2458 5456 2777 5518 saluarrntur,
2798 5468 2914 5503 navo
2937 5456 3167 5505 mttuouiti
3188 5466 3294 5507 sum
3319 5456 3496 5506 lmm'nc
3516 5456 3720 5506 sidereo.

2371 5515 2493 5580 "sic
2516 5515 2828 5580 Floriaeensis
2852 5524 2931 5564 Ms.
2963 5518 3181 5580 Molliti.
3213 5518 3347 5580 timet
3385 5530 3722 5580 surressorem,
3766 5520 3901 5580 Magi

2310 5575 2956 5643 desiderant_redemptorcm
2978 5591 2994 5627 :
3014 5576 3088 5628 illi
3109 5578 3303 5643 cupiunt
3326 5578 3536 5631 invenire
3558 5592 3772 5643 regnum,
3798 5575 3894 5630 nte-

2310 5640 2395 5688 (ait
2418 5639 2497 5688 ille
2519 5637 2658 5701 [inire
2682 5637 2897 5700 regnum.

2375 5704 2395 5734 ³
2429 5698 2862 5757 I-‘luriaeensis\Is.,
2888 5698 3322 5753 celebratissimam.

2376 5765 2393 5793 ‘
2431 5770 2491 5828 tta
2530 5763 2657 5810 idem
2683 5772 2759 5807 use
2779 5762 2862 5828 alii
2890 5777 3006 5811 veru
3154 5780 3260 5815 cum
3282 5766 3490 5825 excusis,
3525 5764 3623 5815 sire
3648 5764 3864 5828 surgetmt

2312 5825 2569 5877 crescebat,
2594 5832 2636 5876 ct
2664 5825 2889 5881 nomium,
2917 5832 3010 5875 etc.
