3980 6460
73 261 194 313 με

65 375 120 428 de
145 381 336 428 vestra
361 387 576 430 corona
607 375 926 432 dubitaverit
947 377 998 432 in
1031 378 1272 447 passione
1299 395 1394 448 pro
1415 380 1628 436 Christo
1645 423 1667 456 ,

63 465 142 534 qui
167 465 344 518 etiam
379 463 720 534 Baptismum
739 469 972 535 parvulis
993 468 1246 537 prodesse
1267 485 1374 524 non
1401 472 1670 526 existlmat

61 555 276 608 Christi.
309 553 444 610 Non
473 553 754 614 habebatis
773 558 982 627 quidem
1002 568 1212 614 tetatem
1237 601 1254 626 ,
1281 578 1384 632 qua
1433 563 1488 618 in
1511 562 1669 620 Chri-

63 657 194 700 stum
219 661 532 714 passurum
559 647 854 704 crederetis
883 666 896 704 :
925 650 1020 706 sed
1051 650 1325 708 habebatis
1351 669 1590 722 carnem,
1613 657 1668 714 in

61 753 150 804 qua
175 751 282 804 pro
303 735 536 794 Christo
561 753 782 808 passuro
809 742 1106 810 passionem
1129 744 1480 801 sustineretis.
1511 747 1668 804 Nullo

63 829 216 882 ωεκιο
249 831 400 886 istos
427 830 662 888 infantes
684 831 956 890 desereret
981 836 1148 905 gratia
1176 835 1466 894 Salvatoris
1491 839 1666 896 infan-

61 933 118 972 ιτς
135 963 150 980 ,
177 923 274 991 qui
301 933 540 978 venerat
565 939 808 993 quwrere
835 926 974 994 quod
1005 929 1267 996 perierat,
1289 945 1394 986 non
1419 933 1590 988 solum
1613 935 1664 990 in

59 1029 214 1066 ranae
257 1013 580 1078 nascendo,
613 1030 798 1070 verum
855 1018 1016 1072 etiam
1069 1019 1122 1072 in
1172 1033 1332 1076 cruce
1386 1023 1666 1092 peudendo

65 1105 136 1174 gul
169 1101 392 1158 inferos
421 1103 804 1160 descendendo
827 1147 843 1172 ,
875 1115 928 1162 et
952 1108 1003 1162 in
1033 1109 1186 1164 caelis
1207 1113 1578 1178 ascendendo,
1611 1123 1666 1170 et

61 1169 114 1244 ad
145 1193 450 1250 dexteram
487 1195 666 1250 Patris
713 1169 994 1270 sedendo].
1025 1199 1156 1254 Nam
1197 1202 1286 1270 qui
1309 1204 1478 1272 potuit
1509 1213 1666 1262 natus

65 1284 256 1338 habere
281 1285 682 1352 prmdicatores
717 1287 982 1356 Angelos,
1012 1301 1312 1346 narratores
1355 1295 1540 1361 cmlos,
1571 1297 1666 1350 ad-

61 1383 300 1428 oratores
329 1373 524 1444 Magos
539 1417 555 1440 ,
603 1377 776 1445 potuit
793 1385 848 1430 et
875 1377 978 1434 illis
999 1395 1068 1434 ne
1083 1394 1180 1448 pro
1199 1396 1266 1436 eo
1289 1381 1375 1436 hic
1391 1399 1665 1440 morereno

63 1473 136 1514 ter
169 1473 446 1530 pmstare
469 1505 486 1528 ,
519 1465 564 1518 si
595 1465 756 1520 sciret
795 1467 881 1520 illa
933 1479 1104 1524 morte
1131 1471 1395 1538 perituros
1415 1515 1431 1540 ,
1469 1483 1524 1530 et
1553 1490 1661 1530 non

63 1555 234 1618 p-tiss
267 1555 490 1624 majore
522 1555 774 1612 felicitate
801 1559 1056 1614 victuros.
1097 1562 1284 1630 Absit,
1313 1565 1479 1630 absit,
1511 1577 1568 1621 ut
1595 1567 1662 1622 ad

63 1643 378 1698 liberandos
425 1645 680 1700 homines
723 1645 1006 1722 [Christus]
1035 1651 1284 1719 veniens,
1338 1654 1406 1710 de
1451 1657 1660 1712 illorum

63 1735 278 1800 prtemio
299 1735 398 1804 qui
433 1751 534 1805 pro
564 1749 632 1792 eo
681 1737 1106 1796 interficerentur
1146 1743 1278 1798 nihil
1309 1747 1518 1815 egerit,
1571 1749 1660 1818 qui

63 1823 302 1892 pendens
361 1825 418 1879 in
477 1825 620 1896 ligno
667 1841 768 1896 pro
813 1829 892 1884 eis
924 1844 956 1883 a
1001 1831 1194 1901 quibus
1247 1833 1698 1892 interﬁciebatnr‘

59 1913 240 1970 oravit.

115 2005 362 2062 CAPUT
395 2005 566 2060 lV.-—
586 2007 639 2061 4.
671 2005 915 2078 Infelices
937 2008 1112 2064 Judazi
1131 2011 1289 2082 fabris
1316 2013 1462 2070 Arcu:
1483 2015 1599 2070 Noe
1613 2029 1660 2073 et

59 2097 310 2164 lapidibus
371 2097 632 2150 milliariis
683 2097 978 2168 persimilcs.
1041 2100 1180 2168 Quid
1231 2101 1402 2157 dicam
1456 2103 1523 2161 de
1575 2107 1658 2162 in-

61 2189 312 2244 lelicitate
337 2187 680 2254 Judmorum,
703 2189 790 2259 qui
819 2189 1087 2244 Christum
1101 2195 1460 2260 qua-rentibus
1472 2195 1653 2266 Magis,

59 2280 206 2333 etiam
237 2281 594 2349 prophetiam
639 2279 866 2335 indicem
919 2281 1286 2350 protulerunt,
1345 2284 1654 2342 Bethlehem

59 2371 328 2426 civitatem
359 2369 786 2440 designaverunt
807 2368 986 2440 [quam
1017 2371 1114 2440 ipsi
1143 2389 1246 2428 non
1281 2374 1657 2450 invenerunt]?

61 2463 264 2516 Similes
295 2462 474 2516 fabris
505 2462 658 2516 Area:
688 2460 831 2527 Noe,
863 2461 982 2516 aliis
1001 2462 1090 2518 tibi
1127 2465 1414 2520 evaderent
1445 2469 1655 2538 prmsti-

61 2561 258 2616 terunt,
307 2561 372 2606 ct
421 2549 526 2619 ipsi
569 2549 768 2604 diluvio
801 2551 1072 2620 perierunt
1103 2571 1116 2606 :
1149 2555 1351 2609 similes
1392 2556 1654 2626 lapidibus

61 2643 314 2696 milliariis
335 2683 354 2706 ,
381 2643 526 2696 viam
548 2641 916 2706 ostenderunt,
947 2659 1047 2699 nec
1073 2645 1348 2701 ambulare
1372 2657 1656 2716 potuerunt

63 2733 186 2802 [quia
217 2733 414 2788 stolidi
469 2733 523 2786 in
553 2733 636 2786 via
693 2733 1106 2806 remanserunt].
1132 2735 1420 2804 Quaesitum
1451 2749 1536 2794 est
1587 2741 1654 2796 ab

61 2829 156 2890 iris,
187 2827 280 2880 ubi
335 2824 596 2878 Christus
635 2835 981 2880 nasceretur:
1011 2828 1438 2896 responderunt,
1471 2831 1534 2886 In
1555 2831 1654 2887 Be-

63 2917 264 2970 tlilelmn
293 2915 483 2969 ludar.
519 2915 610 2970 Sic
642 2917 774 2969 enim
801 2918 1040 2988 scriptum
1070 2929 1141 2972 est
1162 2936 1250 2988 per
1275 2923 1569 2994 praplietam
1591 2925 1607 2957 ¹
1635 2941 1649 2980 :

63 3007 118 3062 Et
143 3021 194 3064 tu
221 3007 532 3062 Betlttehem
565 3016 698 3060 terra
721 3007 754 3060 J
761 3007 864 3060 uda
881 3050 894 3072 ,
923 3023 1023 3062 non
1053 3010 1262 3062 minima
1289 3027 1340 3065 es
1364 3013 1416 3065 in
1444 3014 1652 3070 ducibus

63 3101 206 3155 Iuda.
239 3100 328 3154 Ea:
359 3111 409 3154 te
433 3099 568 3154 enim
593 3099 816 3170 prodibit
839 3117 959 3166 rex,
986 3101 1072 3167 qui
1116 3111 1342 3157 recturus
1388 3115 1460 3158 est
1487 3123 1652 3176 popu-

65 3195 152 3244 lam
193 3207 372 3244 nicum
429 3189 604 3243 Israel
677 3189 886 3258 (Matth.
945 3205 1016 3256 n,
1065 3191 1206 3260 1-6).
1263 3191 1554 3248 Audierunt
1597 3203 1652 3250 et

67 3285 290 3337 abierunt
345 3279 732 3350 inquisitores;
759 3279 1010 3334 dixerunt
1037 3289 1092 3334 et
1133 3293 1506 3338 remanserunt
1547 3285 1648 3340 do-

65 3385 220 3428 ctores
247 3383 340 3428 :et
367 3371 658 3426 contrariis
680 3369 963 3426 all'cctibus
989 3373 1218 3442 separati
1241 3415 1256 3438 ,
1281 3373 1353 3428 illi
1374 3373 1498 3430 facti
1525 3387 1650 3432 sunt

67 3467 368 3520 moratores
386 3507 402 3530 ,
437 3463 516 3517 illi
547 3473 934 3532 persecutores.
959 3462 1110 3519 Nunc
1134 3481 1346 3536 quoque
1369 3467 1542 3522 Judaai
1575 3470 1648 3523 si-

67 3559 170 3610 mile
191 3557 404 3626 aliquid
447 3555 604 3610 nobis
632 3554 888 3609 exhibere
915 3571 1021 3609 non
1073 3555 1343 3610 desinunt.
1396 3558 1646 3612 Nonnulli

8 3701 12 3708 ,
63 3650 188 3703 enim
215 3661 560 3718 paganorum
589 3655 646 3700 ut
667 3647 911 3702 noverint
931 3647 1198 3703 Christum
1218 3657 1340 3704 ante
1359 3651 1646 3720 propheta-

8 3725 18 3740 ’
65 3749 158 3792 tum
179 3783 194 3802 ,
221 3738 452 3810 quando
497 3737 576 3792 eis
602 3736 668 3791 de
709 3735 997 3806 Scripturis
1024 3739 1324 3793 testimonia
1351 3741 1493 3796 clara
1523 3757 1646 3810 pro-

65 3831 306 3892 ferimus,
341 3827 584 3896 suspecti
611 3841 678 3880 ne
700 3827 836 3882 forte
876 3841 906 3882 a
942 3827 1256 3884 Christianis
1289 3831 1388 3884 ista
1418 3831 1642 3885 conﬁcta

63 3925 184 3980 sint,
211 3921 428 3974 malunt
456 3919 680 3973 credere
718 3918 992 3974 codicibus
1023 3920 1327 3976 Judteorum
1357 3939 1371 3975 :
1403 3931 1458 3978 et
1506 3923 1644 3979 sicut

63 4023 174 4067 tunc
206 4013 348 4082 Magi
374 4011 648 4076 fecerunt,
679 4011 808 4066 istos
831 4011 1353 4076 dimittunt-inaniter
1377 4015 1638 4086 lectitare,

63 4105 148 4170 ipsi
171 4111 408 4171 pergunt
426 4099 652 4156 ﬁdeliter
669 4100 914 4156 adorare.

119 4193 352 4249 CAPUT
375 4191 520 4246 V.—
547 4193 600 4248 5.
631 4191 988 4264 Spectaculnm
1017 4195 1278 4264 spirituale
1297 4197 1348 4250 in
1376 4197 1470 4250 hoc
1488 4197 1635 4267 festo.

63 4285 403 4340 Celebremus
453 4283 630 4353 itaque
679 4285 1008 4341 exsultantes
1047 4287 1098 4339 in
1153 4286 1412 4355 Domino,
1443 4287 1638 4344 festum

63 4373 188 4430 diem
217 4375 476 4442 Domini;
503 4387 606 4429 non
635 4374 808 4428 solum
851 4391 956 4444 quo
983 4385 1065 4430 cst
1092 4391 1158 4430 ex
1188 4375 1386 4432 .ludieis
1433 4387 1589 4433 natus
1619 4420 1635 4444 ,

63 4483 232 4522 verum
261 4467 428 4522 etiam
459 4481 566 4536 quo
599 4475 682 4522 est
735 4466 994 4522 Gentibus
1043 4468 1433 4524 manifestalus.
1482 4469 1640 4525 Juvat

61 4561 240 4614 intueri
263 4558 474 4621 omnia,
489 4567 546 4612 et
565 4557 616 4611 in
641 4573 801 4612 unum
823 4557 1050 4613 adducta
1067 4569 1434 4629 conspectum,
1457 4562 1638 4616 animo

61 4667 268 4708 cernere
313 4651 626 4720 speetaculo
678 4650 936 4719 spirituali
967 4652 1009 4705 ².
1059 4649 1305 4706 Nascitur
1340 4651 1584 4710 Christus
1617 4673 1632 4710 :

61 4745 196 4814 virgo
225 4742 462 4811 concipit
483 4783 498 4807 ,
547 4742 695 4812 virgo
723 4741 891 4811 parit,
923 4742 1072 4812 virgo
1105 4743 1304 4808 nutrit;
1355 4743 1509 4799 adest
1555 4745 1634 4800 fe-

61 4836 290 4890 cunditas
315 4875 332 4899 ,
385 4845 486 4887 nec
513 4831 666 4887 abest
717 4833 1010 4902 integritas.
1043 4833 1232 4903 Angeli
1273 4835 1588 4890 annuntiant
1615 4877 1632 4903 ,

61 4939 290 4995 [nasturcs
315 4923 648 4996 gloriﬁcent,
671 4924 792 4978 cudi
823 4932 1078 4979 enarrant
1099 4965 1114 4990 ,
1144 4924 1278 4996 Magi
1304 4925 1631 4995 desiderant,

61 5035 198 5088 n-ges
247 5016 573 5080 formidant,
602 5014 792 5070 Judmi'
820 5016 1224 5082 demom.rant,
1269 5015 1466 5073 Gentes
1541 5019 1636 5074 ad-

59 5121 240 5165 erant:
295 5109 625 5164 frustrantur
671 5107 984 5172 satvientes,
1013 5117 1336 5164 coronantur
1359 5109 1589 5167 infantes
1615 5153 1632 5179 ,

59 5203 380 5256 admirantur
403 5199 703 5255 credentes.
735 5199 864 5266 Qua:
883 5208 966 5255 est
991 5201 1090 5255 ista
1113 5198 1326 5255 humilis
1351 5203 1629 5270 celsitudo,

61 5293 242 5346 inﬁrmi
273 5290 562 5354 fortitudo,
596 5292 800 5361 parvuli
839 5290 1183 5362 magnitudo?
1228 5290 1474 5350 Profecto
1501 5295 1632 5350 illud

63 5385 280 5441 Verbum
311 5381 440 5438 fecit
469 5381 584 5438 haec
611 5382 819 5451 omnia,
844 5397 940 5453 per
953 5382 1094 5453 quod
1119 5383 1252 5438 facta
1279 5395 1404 5442 sunt
1433 5388 1630 5442 omnia.

113 5561 130 5594 ⁸
153 5561 206 5614 In
227 5562 520 5630 florlacensi
541 5569 624 5630 Its.
641 5577 653 5614 :
669 5561 790 5624 Quid
807 5565 954 5616 etiam
971 5561 1032 5614 de
1053 5563 1151 5630 tiae
1165 5577 1220 5615 re
1241 5565 1474 5630 scriptum
1493 5571 1630 5628 esset,

61 5623 318 5698 πίεπωήέςν
343 5623 772 5698 portantium-unt
790 5639 806 5698 ς
825 5633 877 5698 Et
895 5633 948 5698 tu
973 5623 1260 5698 Itqtlglehgm,
1287 5623 1382 5680 etc.

111 5691 128 5717 ²
157 5695 206 5736 tn
231 5683 522 5737 Ploriaeensi
545 5693 650 5748 ιιι,
673 5685 945 5752 spectacula
961 5683 1255 5750 spiritualial
1281 5755 1286 5758 _

1434 267 1666 324 δεηΜο
1701 268 1996 330 CCCLXXI
2005 275 2064 330 V.

3227 303 3356 362 Militi

1783 383 2014 442 Verbum
2053 392 2194 460 quod
2235 394 2388 465 longe
2417 410 2582 456 erata
2611 403 2765 460 nobis
2787 447 2801 470 ,
2849 423 2975 465 caro
3003 411 3200 470 factum
3227 429 3306 472 est
3340 461 3355 486 ,

1779 483 1838 528 ut
1881 477 2144 537 habitaret
2190 483 2242 538 in
2271 489 2422 544 nobis
2446 490 2621 563 (Joan.
2671 512 2718 562 ι,
2749 498 2784 552 5
2807 541 2820 562 ,
2853 503 2964 572 M).
2997 477 3364 576 Aguoscamus

1777 566 1958 637 itaque
1985 570 2036 624 in
2057 581 2298 644 tempore
2319 619 2334 644 ,
2359 593 2454 648 per
2477 597 2636 652 quem
2673 586 2810 644 facta
2834 566 2959 647 sunt
2987 566 3224 666 tempora
3259 617 3274 654 :
3307 609 3362 655 et

1771 657 2110 718 celebrantes
2137 667 2253 736 ejus
2275 670 2408 726 festa
2439 679 2746 746 temporalia
2769 721 2785 746 ,
2841 686 3055 752 prtemia
3085 657 3364 747 desidere-

1775 763 1896 808 mus
1919 761 2114 810 aeterna
2123 797 2135 812 .

2179 892 2405 952 SERMO
2430 899 2768 960 CCCLXXIV
2797 913 2816 932 ο
2845 910 2944 980 (α).

2203 1010 2270 1054 De
2295 1009 2546 1070 Epiphania
2569 1017 2768 1078 Domini,
2788 1035 2820 1068 n
2841 1019 2930 1082 (ὁ).

1845 1122 1898 1176 Ι.
1957 1123 2100 1196 Μαρὲ
2141 1129 2209 1180 ad
2253 1131 2505 1188 Christum
2552 1140 2698 1193 stella
2745 1153 2792 1196 et
2849 1145 3157 1216 Angelorum
3215 1169 3345 1208 reve-

1773 1211 1960 1266 latione
1978 1217 2222 1284 perducti.
2275 1221 2649 1281 Annivcrsaria
2703 1211 2992 1288 celebratio
3037 1237 3144 1292 diei
3197 1241 3354 1310 hujus

1771 1303 2190 1360 anniversarium
2213 1325 2514 1368 sermonem
2541 1333 2570 1370 a
2599 1320 2751 1374 nobis
2772 1324 2963 1393 exigit,
2997 1326 3232 1384 debitum
3261 1348 3353 1384 au-

1771 1390 1916 1446 ribus
1942 1402 1998 1448 et
2033 1397 2284 1454 cordibus
2321 1406 2532 1460 vestris.
2558 1407 2724 1466 Hodie
2747 1390 2990 1471 Salvator
3034 1429 3215 1474 noster
3243 1421 3353 1476 Ma-

1769 1495 1866 1550 gos
1891 1483 1958 1536 ad
1979 1500 2038 1540 se
2067 1487 2134 1542 de
2161 1497 2264 1544 tam
2293 1491 2576 1564 longinqua
2597 1509 2756 1568 gente
2784 1504 3048 1572 perduxit.
3088 1509 3356 1566 Venerunt

1770 1579 1828 1624 ut
1855 1572 2140 1632 adorarent
2167 1579 2443 1650 infantem,
2469 1585 2699 1644 Verbum
2717 1592 2828 1648 Dei.
2856 1593 3030 1662 Quare
3053 1603 3353 1656 venerunt?

1767 1659 1900 1727 Quia
1925 1664 2133 1719 stellam
2157 1669 2460 1730 inusitatam
2477 1677 2741 1736 viderunt.
2765 1682 2832 1738 Et
2849 1659 2991 1742 unde
3014 1703 3132 1743 eam
3155 1691 3350 1748 Christi

1766 1765 1888 1806 esse
1935 1762 2336 1824 cognoverunt?
2367 1764 2561 1823 Videre
2587 1773 2728 1825 enim
2771 1783 3060 1842 potuerunt
3089 1783 3296 1836 stellam
3329 1801 3346 1850 ;

1766 1845 2022 1912 numquid
2053 1847 2194 1918 loqui
2239 1854 2318 1906 eis
2360 1858 2530 1923 potuit
2581 1868 2635 1914 et
2675 1861 2886 1931 dicere,
2935 1868 3113 1923 Stella
3149 1845 3348 1926 Christi

1766 1935 1930 1988 sunt?
1953 1937 2142 1994 Procul
2167 1942 2329 1998 dubio
2350 1946 2506 2003 aliter
2535 1950 2822 2009 indicatum
2849 1967 2928 2011 est
2951 1999 2967 2023 ,
2995 1975 3092 2030 per
3115 1963 3346 2033 aliquam

1763 2026 2166 2086 revelationem.
2195 2033 2396 2092 Tamen
2427 2039 2676 2098 inusitate
2701 2061 2792 2100 rex
2817 2059 2972 2104 natus
2997 2026 3118 2106 erat
3135 2095 3148 2116 ,
3181 2055 3347 2124 quiet

1703 2187 1706 2190 4
1763 2115 1832 2172 ab
1859 2118 2046 2174 alienis
2069 2122 2372 2182 adorandus
2395 2139 2530 2186 erat.
2561 2133 2826 2208 Numquid
2881 2157 2986 2195 non
3030 2159 3180 2214 reges
3199 2115 3351 2203 ’ωηο

1763 2206 1815 2260 in
1841 2207 2023 2266 Judma
2053 2225 2206 2270 erant
2257 2220 2400 2286 nati,
2455 2233 2546 2278 aut
2593 2242 2689 2295 per
2719 2231 3018 2288 universam
3071 2247 3263 2293 terram
3295 2241 3348 2295 in

1762 2297 1986 2356 diversis
2010 2306 2300 2372 gentibus?
2323 2311 2432 2376 Qua
2443 2329 2500 2368 re
2529 2316 2630 2371 iste
2673 2320 2974 2379 adorandus
2993 2367 3007 2388 ,
3043 2337 3096 2381 et
3121 2329 3188 2382 ab
3213 2333 3340 2386 alie-

1761 2390 1970 2460 nigenis
2015 2395 2350 2466 adorandus,
2403 2419 2509 2458 non
2563 2415 2799 2466 terrente
2846 2417 3116 2483 exercitu,
3145 2421 3238 2474 sed
3293 2423 3344 2477 in

1761 2493 2070 2550 paupertate
2087 2489 2263 2543 carnis
2283 2531 2296 2555 ,
2331 2492 2528 2548 latente
2555 2499 2829 2567 majestate
2849 2504 3098 2560 virtutis?
3123 2509 3346 2575 Quando

1760 2579 1916 2626 natus
1943 2582 2024 2628 est
2043 2617 2058 2640 ,
2081 2577 2334 2634 adoratus
2357 2591 2440 2636 est
2465 2599 2496 2636 a
2519 2589 2821 2655 pastoribus
2849 2591 3127 2662 lsraelitis,
3155 2601 3345 2667 quibus

1759 2675 1882 2716 eum
1913 2664 2098 2734 Angeli
2151 2671 2525 2728 inlutiavernnt
2564 2678 2702 2732 :sed
2753 2680 2886 2750 Magi
2935 2689 3062 2738 uon'
3090 2664 3240 2742 erant
3278 2690 3346 2745 de

1759 2761 1918 2819 gente
1945 2752 2127 2810 Israel.
2156 2757 2418 2814 Colebant
2441 2762 2691 2820 Gentium
2717 2768 2848 2824 deos
2868 2813 2882 2836 ,
2913 2771 3014 2828 hoc
3034 2785 3114 2830 est
3139 2777 3342 2833 daemo-

1759 2842 1844 2894 nia
1865 2859 1882 2908 ;
1907 2859 2132 2913 quorum
2157 2847 2328 2904 fallaci
2355 2852 2758 2922 decipiebantnr
2783 2865 3041 2930 potentia.
3087 2866 3345 2925 Viderunt

1757 2945 1886 3000 ergo
1905 2935 2186 3002 quamdam
2215 2941 2422 2994 stellam
2455 2943 2780 3012 inusitatam,
2803 2952 2976 3006 mirati
3003 2966 3128 3010 sunt
3151 2975 3166 3011 :
3193 2975 3343 3028 qua:-

1757 3023 1962 3078 sicrunt
1989 3026 2108 3081 siue
2136 3029 2296 3084 dubio
2315 3033 2466 3102 cujus
2491 3047 2636 3091 esset
2663 3041 2872 3109 signum
2893 3084 2910 3110 ,
2943 3047 3084 3114 quod
3111 3023 3225 3102 tam
3242 3065 3340 3104 uo-

1757 3129 1880 3168 vum
1911 3115 2288 3190 insolitumque
2317 3123 2577 3181 viderunt.
2601 3127 2670 3182 Et
2695 3132 2873 3200 utique
2901 3135 3204 3204 audierunt,
3221 3155 3341 3207 pro-

1756 3203 1894 3260 fecto
1913 3207 1984 3262 ab
2011 3211 2226 3280 Angelis
2243 3254 2260 3280 ,
2287 3215 2356 3270 ab
2375 3217 2548 3287 aliqua
2585 3221 2946 3280 admonitione
2975 3203 3336 3289 revelatiouis.

1755 3295 1962 3363 Qumris
1985 3298 2226 3360 fortassis
2243 3343 2260 3370 ,
2289 3307 2370 3360 Ab
2397 3308 2612 3378 Angelis
2636 3313 2788 3368 benis
2809 3357 2822 3380 ,
2851 3331 2918 3370 an
2953 3320 3150 3374 malis?
3185 3323 3338 3377 Chri-

1754 3397 1895 3443 stum
1917 3390 2132 3460 quidem
2155 3405 2210 3449 et
2236 3400 2409 3466 angeli
2437 3403 2582 3468 mali,
2602 3403 2704 3459 hoc
2722 3417 2806 3461 est
2831 3409 3121 3477 daemones,
3143 3415 3334 3470 Filium

1754 3479 1848 3534 Dei
1879 3495 2000 3538 esse
2025 3485 2258 3541 confessi
2286 3499 2428 3544 sunt.
2459 3491 2564 3547 Sed
2585 3509 2804 3552 curnon
2834 3509 2934 3554 cta
2959 3503 3110 3558 bonis
3149 3507 3334 3560 audie-

1751 3583 1906 3637 runt.
1935 3578 2152 3646 quando
2177 3581 2228 3634 in
2267 3583 2484 3639 Christo
2512 3587 2786 3644 adorando
2837 3593 2984 3647 salus
3011 3611 3198 3650 eorum
3221 3598 3332 3668 jam

1751 3665 2119 3732 quaerebatur,
2149 3685 2252 3724 non
2295 3673 2547 3742 iniquitas
2585 3677 2992 3736 dominabatur?
3045 3665 3336 3745 Pot-ternuit

1751 3768 1880 3823 ergo
1895 3755 2010 3842 illis
2033 3755 2214 3814 dicere
2241 3761 2430 3832 Augeli
2461 3782 2474 3818 :
2499 3765 2660 3820 Stella
2685 3783 2842 3838 quam
2875 3773 3103 3842 vidistis,
3135 3775 3332 3836 Clu-isti

1749 3855 1832 3899 est
1857 3887 1870 3910 ,
1895 3831 1974 3902 ite
1995 3855 2050 3902 et
2069 3849 2286 3906 adorato
2307 3831 2426 3908 eum
2459 3857 2546 3910 ubi
2572 3867 2728 3913 natus
2757 3870 2838 3915 est
2857 3905 2872 3929 ,
2900 3873 2954 3918 et
2991 3866 3148 3922 simul
3191 3869 3332 3924 iudi-

1749 3945 1865 3990 cate
1893 3939 2061 4006 qualis
2083 3949 2136 3994 et
2161 3951 2389 4010 quantus
2417 3955 2592 4004 natus.
2618 3949 2695 4004 Illi
2720 3961 2898 4008 autem
2922 3955 3022 4011 hoc
3037 3959 3218 4015 audito
3243 3977 3333 4016 ve-

1749 4037 1942 4082 nerunt
1987 4041 2040 4083 et
2063 4031 2440 4090 adoraveiunt.
2468 4040 2692 4106 Aurum,
2725 4043 2848 4099 thus
2871 4055 2926 4100 et
2945 4050 3214 4120 myrrham
3236 4052 3336 4107 ob-

1749 4119 2008 4186 tulerunt,
2039 4124 2328 4180 secundum
2355 4131 2790 4188 coiisnetudincm
2815 4119 3160 4194 suamf’l‘alia
3188 4141 3334 4198 enim

1746 4209 1990 4266 solebant
2015 4213 2208 4270 offerre
2245 4217 2348 4272 diis
2383 4221 2514 4274 suis.

1815 4299 1870 4353 2.
1910 4302 2138 4358 Christus
2163 4305 2226 4359 ab
2251 4308 2376 4377 ipsis
2409 4307 2612 4366 Judwis
2655 4315 3028 4372 demonstrata:
3067 4319 3326 4378 Gentibus.

1745 4389 1896 4458 Quod
1924 4407 2053 4448 sane
2079 4403 2364 4467 antequam
2401 4399 2666 4469 facerent,
2696 4413 2978 4478 antequam
3013 4426 3137 4467 eum
3163 4414 3218 4469 in
3255 4417 3332 4470 ci-

1745 4480 1908 4536 vitate
1955 4483 2043 4538 ubi
2082 4495 2239 4541 natus
2277 4486 2450 4545 fuerat
2487 4491 2820 4561 invenirent,
2870 4509 3130 4556 venerunt
3179 4521 3330 4573 quac-

1743 4582 1928 4628 rentes
1946 4613 1961 4639 ,
1997 4573 2096 4630 Ubi
2119 4586 2266 4632 natus
2287 4588 2360 4634 est
2377 4597 2470 4635 rea:
2493 4581 2797 4641 Jndizorum
2815 4588 2842 4641 2
2865 4587 3054 4646 Nonne
3083 4603 3331 4662 poterant

1744 4663 1906 4718 etiam
1937 4665 2038 4720 hoc
2073 4669 2398 4726 revelatione
2415 4687 2740 4744 cognoscere
2758 4717 2774 4743 ,
2802 4678 2940 4734 sicut
2965 4693 3326 4751 cognoverant

1745 4754 1886 4810 illam
1909 4757 2118 4812 stellam
2155 4761 2297 4829 regis
2321 4775 2442 4816 esse
2465 4763 2808 4822 Judazorum?
2824 4768 3012 4826 Nonne
3037 4773 3210 4840 potuit
3229 4789 3324 4829 eos

1744 4847 1810 4902 ad
1863 4848 2014 4904 illam
2065 4849 2330 4908 civitatem
2383 4855 2570 4910 eadem
2621 4859 2775 4914 stella
2823 4861 3150 4932 perducere,
3189 4865 3330 4922 sicut

1745 4950 1928 5010 postea
1967 4941 2214 5012 perduxit
2251 4943 2318 5000 ad
2367 4945 2544 5002 locum
2591 4947 2688 5004 ubi.
2709 4950 2951 5008 Christus
2989 4967 3116 5010 cum
3157 4965 3328 5016 matre

1804 5113 1824 5134 '
1858 5115 2283 5178 tteeognitnsadr.
2307 5126 2548 5170 nn.v.et
2576 5119 2768 5173 admv.

1825 5197 1877 5260 α)
1899 5197 2039 5260 Alias,
2057 5199 2124 5250 de
2145 5201 2358 5252 Diversis
2377 5199 2457 5252 67.

1830 5259 1878 5334 ρ)
1893 5259 2254 5338 incunctanter:
2257 5264 2437 5338 asserit
2456 5271 2618 5338 uagos
2631 5266 2732 5316 visa
2755 5267 2900 5319 stella
2922 5271 3122 5338 edoctos
3155 5275 3219 5326 ab
3242 5281 3328 5324 An-

1740 5322 1869 5398 gelis
1893 5323 2041 5372 fuisse
2056 5323 2186 5396 quod
2206 5322 2302 5398 illa
2513 5322 2706 5398 signum
2731 5338 2866 5398 esset
2888 5347 2902 5381 :
2925 5349 2960 5398 _¢
2979 5322 3222 5398 Etut‘ique
3241 5322 3326 5384 ait-

2032 5401 2054 5428 ι
2076 5383 2308 5470 insin:
2324 5383 2623 5470 ineas»
2645 5391 2958 5470 uae-iw
2987 5383 3328 5470 αμιιὼέιηιφ-

1741 5445 1925 5494 nitione
1964 5445 2293 5516 re_v_elationis.
2315 5445 2611 5516 i_Prteterea
2643 5445 2758 5502 dicit
2787 5445 3124 5516 concionatoi",
3161 5445 3244 5506 res
3274 5460 3324 5507 in

1741 5506 2701 5590 ΞἮΒθῗῗ.,9τὲἓὲἓὲ,ὶθἯὲ-ξθὲιέξέαψξὶ
2729 5506 3133 5590 cammare,
3165 5506 3318 5590 ξυιηις

1739 5569 1856 5629 quia
1897 5567 2008 5618 talia
2031 5567 2258 5640 solth
2276 5571 2456 5640 σῷζε-πθ
2490 5573 2584 5624 diis
2597 5576 2721 5640 suis.
2763 5585 2819 5630 Αι
2855 5579 3146 5640 Augustinus
3177 5567 3328 5640 ineo;

1739 5641 1847 5737 lrimi“)
1870 5632 2154 5683 muneribus
2173 5633 2387 5686 nonnihil
2411 5637 2627 5700 mysterii
2647 5645 2856 5702 agnosea
2882 5632 3180 5690 tn'sermone
3205 5639 3322 5704 ωε,
