3980 6452
629 278 767 332 ίϐιἸ

628 388 800 442 infans
829 382 978 439 erat?
1015 379 1231 439 Poterat
1273 392 1400 433 sane
1424 418 1440 443 ,
1494 390 1599 430 non
1650 383 1825 427 tamen
1859 372 2051 425 factum
2083 378 2164 423 est
2195 386 2208 431 ;

630 491 687 533 ut
726 481 825 532 hoc
858 493 887 531 a
918 475 1115 529 .Iudmis
1143 472 1489 542 inquirerent.
1529 467 1703 534 Quare
1749 464 1915 518 voluit
1936 465 2035 517 hoc
2076 463 2213 517 Deus

629 587 656 622 a
698 569 897 623 Judmis
938 564 1166 635 inquiri?
1208 563 1272 617 Ut
1322 561 1449 615 dum
1499 557 1784 612 ostendunt
1813 558 1864 610 in
1913 570 2068 625 quem
2107 569 2213 608 non

631 659 853 712 credunt
872 698 886 722 ,
923 656 1033 724 ipsa
1073 668 1166 707 sua
1188 649 1640 706 demonstratione
1660 647 1996 701 damnentur.
2026 644 2215 698 Atten-

631 751 739 804 dite
766 750 883 817 quia
899 756 951 800 et
982 761 1119 799 nunc
1152 741 1544 811 liuntprimitite
1574 738 1819 794 Gentium
1849 737 2215 805 Magi,quanto

633 858 661 896 a
719 840 904 910 majori
947 838 1220 907 impietate
1274 833 1514 899 liberati,
1546 840 1693 885 tanto
1732 829 1986 899 majorem
2031 827 2216 880 dantes

630 933 853 1001 gloriam
894 928 1158 983 liberanti.
1201 926 1491 993 Qumrunt,
1525 921 1622 976 Ubi
1644 931 1714 975 est
1741 921 1824 991 qui
1864 927 2011 972 natus
2036 926 2106 971 est
2127 934 2218 971 rea:

631 1020 968 1075 Judworum?
996 1017 1229 1073 Herodes
1258 1058 1273 1082 ,
1305 1015 1486 1069 audito
1522 1013 1663 1081 regis
1694 1011 1907 1065 nomine
1926 1052 1940 1072 ,
1970 1018 2215 1079 tanquam

635 1112 860 1166 a‘mnlus
886 1108 1269 1163 contremiscit.
1301 1105 1464 1159 Vocat
1488 1103 1644 1173 Legis
1670 1100 1868 1171 peritos
1892 1141 1908 1166 ,
1932 1100 2219 1169 interrogat

631 1202 700 1255 ab
726 1202 804 1254 eis
841 1198 1132 1252 secundum
1162 1195 1463 1264 Scripturas
1494 1201 1547 1247 ut
1588 1192 1823 1246 indicent
1851 1190 1937 1244 ubi
1977 1189 2218 1244 Christus

635 1302 963 1345 nasceretur.
994 1288 1069 1341 Illi
1110 1285 1460 1355 rCSpondent,
1487 1283 1550 1336 In
1572 1282 1861 1336 Bethlehem
1884 1281 2056 1333 ludar.
2087 1279 2216 1332 Per—

636 1390 891 1437 rexerunt
928 1378 1102 1448 Magi,
1139 1386 1192 1431 et
1230 1376 1585 1430 adoraverunt
1625 1372 1835 1444 (Matth.
1886 1387 1961 1435 ιι,
2006 1370 2166 1435 l-II)
2200 1385 2214 1421 :

635 1473 803 1527 Jttdttti
827 1478 1214 1533 remanserunt,
1233 1468 1322 1538 qui
1352 1467 1868 1522 demonstraverunt.
1897 1460 1941 1516 O
1971 1475 2215 1529 magnum

636 1561 1063 1619 sacramentum!
1097 1560 1264 1614 Ilodie
1295 1573 1388 1627 per
1415 1556 1718 1611 Iudaeorum
1758 1554 1968 1608 codices
1997 1553 2217 1605 convin-

637 1656 845 1707 cimus:
877 1653 1007 1705 ﬁunt
1034 1650 1216 1704 ﬁdeles
1254 1665 1351 1719 per
1383 1663 1568 1702 eorum
1607 1646 1836 1700 codices.
1880 1642 2218 1698 Ostendimus

637 1745 861 1815 Paganis
881 1742 1019 1813 quod
1053 1742 1238 1795 nolunt
1263 1739 1501 1794 credere.
1529 1737 1660 1791 Nam
1699 1735 1983 1805 aliquando
2020 1733 2219 1803 Pagani

636 1836 836 1890 faciunt
862 1834 1014 1888 nobis
1036 1830 1335 1901 lmjusmodi
1358 1829 1705 1899 quaestionem
1726 1868 1741 1894 ,
1765 1842 1883 1882 cum
1907 1826 2219 1894 videntqua:

636 1928 829 1995 scripta
847 1935 969 1980 sunt
984 1926 1062 1979 sic
1082 1922 1307 1993 impleri,
1332 1930 1388 1975 ut
1414 1935 1610 1990 negare
1631 1921 1848 1973 omnino
1867 1934 1970 1971 non
1989 1915 2216 1987 possint,

635 2020 777 2089 quod
811 2034 872 2072 ea
900 2034 992 2087 per
1018 2014 1213 2071 Christi
1242 2029 1433 2068 nomen
1465 2012 1781 2066 inomnibus
1806 2010 2056 2081 gentibus
2082 2023 2220 2077 pra:-

638 2119 947 2173 scntautur,
989 2096 1106 2178 qua:
1152 2106 1204 2161 in
1243 2104 1440 2159 sanctis
1468 2102 1744 2158 codicibus
1781 2099 2033 2171 prmdicta
2085 2097 2221 2153 reci-

641 2211 850 2265 tantur,
900 2201 952 2253 in
994 2198 1098 2253 ﬁde
1142 2211 1364 2267 regum,
1409 2195 1460 2249 in
1492 2196 1766 2249 eversione
1814 2192 2111 2256 idolorum,
2166 2190 2219 2244 in

640 2289 930 2345 mutatione
958 2304 1133 2343 rerum
1156 2288 1508 2342 humanarum
1544 2302 1557 2338 :
1599 2292 1652 2337 et
1676 2283 1959 2352 aliquando
1979 2281 2174 2336 audent
2202 2320 2219 2348 ,

638 2390 694 2434 ut
717 2381 923 2445 dicant,
954 2378 1168 2432 Vidistis
1194 2377 1266 2432 ita
1293 2376 1406 2430 ﬁeri
1428 2416 1442 2439 ,
1475 2383 1531 2431 et
1560 2384 1807 2444 tanquam
1837 2372 2086 2442 prtedicta
2115 2373 2223 2427 sint

639 2470 1054 2540 conscripsistis.
1080 2470 1192 2523 lloe
1228 2477 1383 2537 poeta
1413 2464 1627 2535 quidam
1656 2480 1837 2519 eorum
1878 2463 2002 2518 fecit
2030 2481 2044 2517 :
2073 2478 2223 2517 reco-

634 2568 900 2632 gnoscunt
927 2561 1025 2613 ista
1054 2559 1143 2628 qui
1188 2558 1449 2627 legerunt.
1482 2556 1728 2610 Narravit
1757 2553 2039 2622 quemdam
2082 2552 2220 2622 apud

638 2656 835 2709 inferos
855 2650 1195 2707 descendisse
1214 2692 1230 2716 ,
1262 2659 1419 2719 atque
1449 2649 1500 2701 in
1533 2647 1809 2702 beatorum
1840 2646 2106 2716 regionem
2126 2660 2222 2699 ve-

640 2745 801 2806 nisse,
827 2743 1321 2809 demonstratosque
1343 2739 1413 2791 illi
1432 2738 1791 2791 Romanorum
1835 2734 2099 2805 principes
2125 2750 2221 2788 na-

642 2839 904 2901 scituros,
942 2848 1076 2904 quos
1114 2832 1224 2902 jam
1265 2832 1411 2900 ipse,
1458 2830 1546 2899 qui
1579 2828 1693 2882 luce
1731 2826 2030 2891 scribebat,
2071 2833 2224 2879 natos

638 2934 861 2981 noverat
902 2923 1206 2998 (Virgilius,
1248 2920 1463 2975 Eneid.
1512 2920 1600 2973 lib.
1654 2919 1716 2982 6,
1762 2933 1888 2972 vers.
1941 2914 2219 2987 752-887).

638 3018 912 3074 Pmterita
966 3016 1106 3070 enim
1147 3013 1413 3076 narravit;
1461 3008 1556 3065 sed
1609 3009 1761 3079 quasi
1811 3007 1986 3062 futura
2036 3013 2221 3061 essent

638 3110 885 3181 prmdicta
907 3149 922 3173 ,
946 3106 1284 3174 conscripsit.
1317 3104 1408 3159 Sic
1432 3112 1487 3157 et
1515 3118 1608 3157 vos
1629 3144 1644 3169 ,
1674 3101 1917 3171 inquiunt
1942 3099 2097 3154 nobis
2117 3098 2221 3151 Pa-

639 3199 793 3269 gani,
834 3196 1036 3251 vidistis
1080 3195 1195 3249 haec
1231 3192 1409 3248 omnia
1462 3191 1604 3258 ﬁeri,
1652 3200 1708 3245 et
1748 3190 2038 3259 scripsistis
2074 3188 2225 3243 vobis

636 3290 877 3351 codices,
906 3289 957 3340 in
1007 3286 1196 3355 quibus
1227 3284 1343 3338 hinc
1371 3284 1613 3349 legantur
1651 3291 1900 3350 tanquam
1948 3278 2220 3348 prmdieta.

635 3378 681 3433 0
706 3379 870 3449 gloria
899 3377 1039 3447 regis
1069 3375 1268 3429 nostril
1316 3373 1501 3427 Merito
1533 3371 1703 3427 Judaei
1741 3386 1770 3423 a
1819 3370 2072 3424 Romanis
2098 3370 2223 3424 victi

638 3478 792 3531 sunt,
834 3482 932 3521 nec
968 3466 1146 3521 deleti.
1186 3463 1384 3520 Omnes
1410 3470 1594 3531 gentes
1630 3476 1660 3514 a
1688 3460 1939 3514 Romanis
1966 3460 2218 3524 subactm,

638 3561 690 3613 in
722 3560 1078 3613 Romanorum
1119 3556 1237 3625 jura
1270 3554 1632 3609 transierunt:
1666 3551 1781 3605 haec
1809 3565 1944 3621 gens
1989 3559 2043 3604 et
2089 3550 2222 3604 victa

637 3659 746 3717 cst,
771 3662 825 3705 et
864 3651 915 3704 iu
948 3650 1062 3719 lege
1087 3663 1182 3703 sua
1222 3647 1445 3712 mansit,
1487 3652 1742 3714 quantum
1782 3642 1847 3696 ad
1896 3640 1986 3696 Dei
2017 3640 2221 3695 cultum

640 3742 860 3803 attinet,
905 3740 1103 3807 patrias
1155 3735 1569 3791 consuetudines
1607 3735 1871 3801 ritumque
1917 3730 2221 3785 custodivit.

644 3834 843 3887 Everso
869 3832 1026 3885 etiam
1060 3826 1256 3897 templo
1285 3843 1382 3882 suo
1402 3870 1417 3893 ,
1446 3827 1710 3881 exstincto
1763 3823 2063 3879 sacerdotio
2115 3823 2225 3892 pri-

641 3926 817 3986 stino,
845 3924 981 3976 sicut
1024 3919 1224 3975 dictum
1253 3927 1335 3973 est
1375 3934 1402 3972 a
1448 3916 1756 3986 Prophctis;
1785 3923 2000 3969 servant
2048 3923 2221 3968 tamen

641 4012 1097 4071 circumcisioncm
1130 4018 1184 4063 et
1230 4024 1431 4062 morem
1454 4006 1769 4079 quemdam,
1816 4020 1922 4075 quo
1948 4020 1976 4056 a
2015 4002 2223 4058 eacteris

642 4105 885 4178 gentibus
929 4102 1345 4168 distinguuntur.
1393 4098 1617 4164 Propter
1660 4094 1820 4165 quid,
1864 4095 1963 4147 nisi
2008 4104 2224 4162 prapter

652 4194 1012 4251 testimonium
1042 4190 1319 4246 veritatis?
1373 4188 1554 4259 Sparsi
1612 4197 1738 4240 sunt
1782 4186 1974 4254 ubique
2023 4185 2220 4250 Judmi,

646 4296 921 4361 portantes
946 4284 1157 4340 codices
1176 4282 1367 4353 quibus
1387 4280 1624 4334 Christus
1643 4276 1956 4347 praedicatur
1971 4317 1984 4339 ,
2013 4287 2066 4330 et
2090 4277 2225 4329 sicut

646 4380 928 4451 prmdictus
966 4386 1049 4431 est
1073 4384 1453 4446 prtesentatur,
1484 4381 1541 4425 ut
1562 4371 1670 4439 jam
1698 4370 1922 4439 Paganis
1949 4369 2114 4438 possit
2133 4384 2225 4421 os-

644 4473 811 4527 tendi.
853 4468 1073 4525 Prolero
1125 4466 1401 4529 codicem,
1453 4464 1571 4531 lego
1614 4463 1926 4531 prophetam
1965 4460 2224 4514 :ostendo

645 4565 913 4633 impletam
944 4574 1061 4614 esse
1091 4555 1441 4626 praphetiam.
1469 4554 1681 4607 Dubitat
1706 4566 1970 4621 paganus,
2000 4567 2066 4605 ne
2092 4553 2225 4605 forte

648 4655 750 4708 hoc
781 4653 893 4722 ipse
918 4645 1293 4706 conﬁnxerim.
1335 4645 1582 4698 Inimicus
1602 4658 1752 4697 meus
1780 4642 1937 4697 habet
1960 4642 2099 4696 hunc
2133 4657 2224 4695 co-

645 4747 857 4809 dicem,
885 4740 1173 4811 antiquitus
1222 4737 1322 4791 sibi
1365 4751 1395 4790 a
1437 4734 1725 4805 majoribus
1774 4734 2220 4789 commendatum.

649 4838 843 4891 Ambos
865 4834 986 4889 inde
1006 4832 1264 4888 convinco
1292 4847 1305 4883 :
1336 4827 1573 4883 Judmum
1591 4869 1605 4893 ,
1635 4826 1755 4896 quia
1786 4825 1835 4879 id
1855 4827 2221 4895 prophetatum

648 4936 702 4984 et
737 4927 1057 4995 completum
1097 4938 1196 4995 ego
1223 4919 1484 4992 cognovi;
1515 4934 1811 4990 paganum,
1841 4918 2088 4989 quianon
2124 4932 2223 4986 ego

650 5018 749 5070 hoc
768 5016 1019 5070 conﬁnxi.

720 5108 770 5161 '5.
807 5104 1128 5172 Sacri/icium
1167 5104 1255 5156 uni
1299 5101 1405 5155 Deo
1439 5099 1676 5153 debitum.
1723 5097 1835 5152 Non
1885 5113 2012 5169 ergo
2060 5098 2222 5153 sedu-

648 5206 767 5252 cant
820 5194 1077 5248 dmmonia
1122 5194 1297 5261 specie
1345 5190 1686 5245 divinationis
1732 5189 1991 5253 incautos,
2034 5198 2087 5243 et
2133 5204 2220 5243 rc-

590 5314 601 5353 ζ
652 5306 767 5344 rum
815 5284 1182 5354 temporalium
1214 5284 1349 5337 male
1375 5282 1614 5337 curiosos
1642 5298 1656 5346 ;
1701 5296 1802 5335 nec
1830 5281 2059 5349 superbo
2088 5280 2225 5334 fastu

589 5368 597 5376 ’
646 5378 977 5450 decipientes
1007 5375 1233 5444 impios,
1266 5374 1363 5427 sibi
1395 5372 1777 5426 sacriﬁciormn
1809 5372 2020 5441 exigant
2050 5371 2223 5425 hono-

647 5491 781 5531 rem.
815 5470 955 5525 Vere
981 5466 1158 5522 divina
1188 5465 1554 5534 pra‘dixerunt
1596 5463 1763 5517 divini
1803 5464 1901 5517 viri
1947 5464 2103 5517 unius
2144 5464 2225 5518 di-

648 5565 839 5637 scipuli
868 5566 908 5619 ί.
946 5562 1145 5617 Verum
1176 5555 1489 5611 sacriﬁcium
1512 5597 1526 5621 ,
1566 5556 1657 5608 uni
1687 5571 1814 5609 vero
1841 5556 1952 5610 Deo
1978 5555 2223 5611 debetur.

703 5667 717 5696 ¹
749 5665 909 5726 Locus
953 5661 1243 5726 perplev‘us,
1271 5656 1357 5726 qui
1397 5656 1445 5726 in
1477 5653 1731 5725 I‘ithmano
1767 5652 1897 5726 libro
1932 5653 2003 5721 sic
2028 5658 2162 5726 jacet
2201 5662 2216 5698 :

644 5724 777 5779 Vera
807 5716 972 5778 divina
1010 5716 1348 5790 pra’dixcrunt
1370 5716 1539 5784 'dirini
1579 5716 1669 5763 viri
1697 5716 1837 5763 unius
1858 5716 1944 5765 Dei
1968 5718 2090 5763 sunt.

1874 260 1931 312 S.
1972 253 2333 312 AUGUSTINI
2374 251 2673 309 EPISCOI’I

3770 254 3796 308 I
3811 253 3933 308 068

2324 367 2489 441 IIujns
2543 367 2721 435 ﬁgura:
2772 373 2897 420 ante
2956 366 3179 435 gratiam
3219 408 3233 433 ,
3295 368 3524 422 victimis
3578 368 3965 423 adumbratml

2323 466 2466 511 sunt.
2498 457 2646 524 Quod
2680 472 2784 510 uno
2815 459 2974 512 modo
3005 457 3238 512 futurum
3281 461 3451 513 fuerat
3472 502 3485 520 ,
3524 460 3705 514 nmltis
3732 464 3929 513 modis

2320 550 2647 619 providentia
2685 550 2863 604 divina
2916 552 3319 619 prmnuntiavit,
3364 561 3608 617 utquam
3653 566 3925 618 unguunt
3964 558 3965 587 ³

2318 650 2494 707 esset,
2521 642 2847 697 ostenderet.
2897 642 3013 710 Ipse
3069 642 3342 708 medicus,
3390 643 3502 712 ipse
3542 642 3927 697 medicamen-

2322 744 2432 787 tum
2468 751 2480 788 :
2515 735 2781 797 medicus,
2814 734 2935 804 quia
2970 734 3237 798 Verbum;
3269 735 3713 790 medicamentum
3739 778 3751 799 ,
3786 737 3925 805 quia

2330 825 2559 879 Verbum
2587 840 2713 879 caro
2739 825 2932 879 factum
2960 832 3061 879 est.
3092 824 3206 893 Ipse
3237 825 3487 879 sacerdos
3509 867 3521 888 ,
3556 826 3667 894 ipse
3692 827 3925 880 sacriﬁ-

2326 916 2489 970 cium.
2539 914 2654 984 lpse
2713 925 2796 969 est
2839 916 2927 984 qui
2970 915 3192 968 mutavit
3244 915 3383 969 viam
3443 914 3709 984 Magorum
3746 934 3760 969 :
3797 916 3928 981 ipse

2323 1006 2483 1061 etiam
2531 1022 2671 1061 nunc
2723 1015 2890 1059 mutat
2929 1007 3089 1059 vitam
3123 1006 3403 1059 malorum.
3449 1007 3611 1076 Cujus
3652 1008 3703 1061 in
3745 1022 3928 1062 carne

2324 1096 2825 1161 manifestationem,
2847 1112 2964 1165 qua!
2989 1112 3162 1165 gra‘ce
3193 1096 3389 1150 dicitur
3411 1097 3726 1168 Epiphania,
3752 1098 3918 1166 justi-

2325 1188 2495 1242 ﬁcata:
2526 1190 2578 1242 in
2608 1190 2795 1259 spiritu
2825 1199 3011 1259 gentes
3052 1190 3307 1244 hodierna
3338 1191 3671 1245 solemnitate
3711 1207 3920 1245 conce-

2325 1281 2534 1334 lebrant
2564 1299 2576 1334 :
2612 1290 2671 1334 ut
2712 1292 2931 1335 renovet
2973 1284 3287 1336 memoriam
3333 1282 3679 1348 solemnitas,
3727 1283 3924 1351 vigeat

2322 1373 2605 1427 devotione
2633 1374 2819 1443 pietas,
2850 1372 3053 1429 ferveat
3081 1375 3493 1445 congregatione
3524 1376 3753 1429 Charitas
3780 1417 3795 1436 ,
3835 1378 3921 1427 Ιιι-

2322 1475 2440 1521 ceat
2466 1466 2653 1520 invidis
2688 1466 2904 1520 veritas.

2734 1617 2962 1674 senuo
3001 1617 3359 1673 CCCLXXV‘
3398 1618 3492 1689 (a).

2739 1756 2805 1798 De
2830 1750 3083 1812 Epiphania
3101 1750 3301 1811 Domini,
3326 1766 3375 1799 ιιι
3400 1750 3487 1813 (b).

2398 1872 2625 1927 Christus
2641 1871 2835 1925 ludatis
2852 1852 3067 1940 primum
3089 1884 3256 1942 etpost
3280 1874 3518 1928 Gentibus
3540 1876 3920 1949 manifestatum

2326 1962 2556 2035 Infantes
2578 1975 2819 2035 martyres
2839 1966 3019 2032 c/fecti.
3039 1966 3153 2019 Duo
3166 1954 3378 2034 parietes
3400 1969 3466 2020 ad
3480 1969 3717 2037 angulum
3735 1986 3923 2023 conve-

2325 2058 2536 2111 nientes.
2588 2059 2879 2127 Epiphania
2930 2060 3090 2113 latine
3119 2058 3473 2113 manifestatio
3512 2070 3612 2115 est.
3650 2061 3920 2117 Dominus

2324 2148 2564 2203 Christus
2589 2161 2713 2204 ante
2763 2167 2957 2219 paucos
2984 2151 3098 2205 dies
3140 2152 3412 2205 uativitate
3448 2167 3539 2205 sua
3568 2152 3763 2206 Judazis
3795 2171 3919 2205 ina-

2326 2241 2609 2296 nil'estatus
2660 2252 2743 2296 est
2794 2261 2806 2295 :
2869 2243 3126 2298 hodierno
3166 2254 3341 2299 autem
3407 2246 3491 2300 die
3549 2262 3642 2316 per
3696 2249 3920 2302 stellam

2326 2333 2583 2388 Gentibus
2632 2334 2931 2389 declaratus
2987 2348 3091 2389 est.
3164 2336 3377 2408 Agnovit
3438 2337 3524 2390 bos
3574 2354 3923 2407 possessorem

2326 2440 2509 2489 suum,
2560 2433 2604 2477 et
2643 2426 2814 2478 asinus
2854 2441 3075 2494 pra'sepe
3100 2426 3308 2479 Domini
3336 2428 3415 2480 sui
3455 2427 3604 2496 (Isai.
3631 2444 3664 2491 l,
3697 2425 3771 2498 5).
3809 2429 3923 2482 Bos

2326 2515 2392 2569 de
2436 2514 2673 2581 Judteis,
2728 2515 2909 2569 asinus
2959 2517 3026 2570 de
3063 2516 3360 2581 Gentibus;
3418 2518 3575 2570 ambo
3624 2516 3687 2571 ad
3739 2534 3920 2572 unum

2327 2621 2565 2676 praesepe
2629 2616 2934 2671 venerunt,
2998 2616 3052 2660 et
3120 2608 3268 2662 verbi
3316 2610 3510 2662 cibaria
3562 2609 3915 2664 invenerunt.

2328 2697 2459 2767 Magi
2505 2698 2593 2767 qui
2637 2709 2900 2753 venerunt
2939 2699 3162 2753 adorare
3195 2700 3499 2766 Christum,
3528 2710 3583 2755 et
3610 2701 3923 2770 signiﬁCant

2328 2788 2587 2857 primitias
2615 2788 2885 2856 Gentium,
2918 2790 3113 2860 Legem
3146 2805 3250 2844 non
3281 2800 3633 2862 accoperunt,
3667 2791 3917 2861 Prophe-

2332 2890 2409 2936 tas
2443 2896 2549 2936 non
2577 2881 2863 2936 audierunt
2891 2900 2903 2935 :
2938 2882 3114 2952 lingua
3143 2882 3262 2937 caeli
3298 2883 3451 2936 stella
3479 2882 3597 2935 fuit.
3634 2883 3795 2950 Quasi
3825 2883 3918 2936 di-

2327 2981 2539 3026 ceretur
2563 2974 2640 3027 eis
2666 3015 2680 3039 ,
2711 2972 2847 3039 Quid
2888 2988 2918 3027 a
2963 2974 3111 3027 vobis
3147 2973 3369 3043 quaesivi
3408 2973 3539 3026 lucri
3561 2973 3585 3025 ?
3605 2971 3727 3027 Caeli
3758 2989 3921 3027 enar-

2327 3074 2440 3117 rant
2493 3065 2707 3135 gloriam
2756 3064 2852 3118 Dei
2903 3064 3073 3134 (Psal.
3110 3081 3278 3130 xvm,
3323 3065 3402 3135 2).
3462 3065 3529 3118 Ει
3571 3074 3744 3119 tamen
3799 3066 3913 3119 Ile-

2328 3157 2486 3211 rodes
2532 3157 2791 3223 turbatus,
2842 3171 2872 3210 a
2923 3156 3025 3211 Jud
3045 3158 3122 3210 cis
3169 3157 3413 3226 qumsivit
3462 3156 3550 3211 ubi
3600 3168 3919 3210 nasceretur

2329 3250 2592 3305 Christus.
2640 3252 2702 3303 Et
2728 3250 3155 3318 responderunt,
3186 3249 3252 3302 In
3295 3249 3585 3302 Brthlehem
3624 3247 3779 3302 Iuda:
3809 3264 3831 3302 :
3861 3259 3919 3302 et

2329 3342 2701 3411 propheticum
2766 3341 3129 3394 testimonium
3181 3325 3581 3403 adhibuerunt;
3635 3349 3689 3393 et
3742 3340 3918 3410 Magis

2329 3434 2555 3487 adorare
2585 3433 2959 3503 pergentibus,
3010 3434 3110 3502 ipsi
3152 3434 3452 3486 immobiles
3483 3445 3913 3501 pet-inanscruut.

2331 3523 2386 3577 In
2430 3539 2622 3593 aggere
2662 3523 2863 3592 lapides
2913 3533 3064 3588 sunt;
3096 3524 3234 3577 viam
3278 3522 3684 3585 demonstrant,
3723 3532 3777 3574 et
3810 3523 3915 3590 ipsi

2330 3632 2433 3670 non
2463 3615 2753 3669 ambulant.
2783 3614 2983 3668 Tamen
3026 3624 3371 3683 perrexerunt
3417 3614 3549 3682 Magi
3592 3613 3657 3665 ad
3695 3613 3919 3665 Bcthlc.

2331 3705 2483 3769 hem;
2518 3704 2611 3758 sed
2644 3704 2854 3758 inventa
2881 3705 3133 3769 civitate,
3166 3705 3307 3758 unde
3333 3712 3555 3773 possunt
3577 3703 3792 3756 domum
3826 3704 3915 3756 in—

2328 3798 2543 3854 venire?
2575 3798 2710 3851 Ecce
2754 3796 2908 3850 stella
2941 3797 3025 3849 illa
3062 3812 3177 3865 qum
3206 3797 3349 3850 fulsit
3378 3797 3444 3850 de
3477 3795 3648 3859 cmlo,
3690 3793 3919 3849 deduxit

2330 3891 2381 3944 in
2408 3899 2583 3953 terra,
2621 3887 2767 3941 stetit
2796 3902 2956 3957 super
3000 3888 3174 3940 locum
3207 3887 3292 3940 ubi
3319 3895 3433 3940 erat
3472 3901 3622 3955 puer.
3665 3886 3918 3950 Quantus

2330 3982 2609 4035 famulatus
2635 3980 3039 4045 elementorum,
3062 3989 3116 4032 et
3142 3979 3372 4047 nequitia
3398 3977 3698 4031 .Iudmorum
3725 3976 3738 4029 !
3767 3975 3917 4029 Tur-

2328 4074 2480 4127 batus
2525 4081 2607 4126 est
2651 4072 2929 4137 Ilercdes,
2969 4072 3118 4141 quasi
3154 4071 3361 4125 venerit
3404 4070 3643 4123 Christus
3684 4083 3918 4137 regnum

2330 4180 2570 4233 qua‘rere
2599 4172 2653 4217 et
2680 4164 2916 4216 invenire
2946 4150 3235 4215 terrenum.
3266 4160 3431 4212 Natus
3460 4169 3541 4212 cst
3569 4159 3688 4214 caeli
3716 4160 3824 4221 leo,
3862 4172 3919 4214 et

2331 4258 2537 4311 turbata
2566 4264 2650 4310 est
2685 4264 2891 4310 terrena
2918 4254 3213 4322 vulpecula.
3249 4252 3503 4306 Dominus
3540 4251 3676 4305 dixit
3700 4250 3767 4305 de
3800 4251 3917 4306 Ile-

2329 4348 2497 4402 rode:
2534 4346 2645 4411 Ite,
2685 4346 2833 4398 dicite
2868 4345 3006 4414 vulpi
3050 4344 3124 4397 illi
3154 4342 3300 4413 (Luc.
3340 4360 3432 4396 χιιι
3462 4383 3478 4409 ,
3520 4343 3634 4411 '52).
3677 4342 3919 4397 Turbata

2329 4439 2452 4509 quid
2482 4437 2650 4492 fecit?
2689 4436 2892 4490 Occidit
2932 4435 3176 4488 infantes.
3221 4434 3355 4501 Quid
3387 4432 3556 4487 fecit?
3585 4432 3790 4486 Occidit
3827 4433 3917 4486 in-

2330 4532 2500 4586 fantes
2531 4547 2626 4600 pro
2656 4529 2832 4584 Verbo
2871 4526 3070 4582 infante
3109 4525 3322 4597 (Matth.
3353 4525 3435 4596 ιι).
3468 4530 3605 4580 Ante
3644 4534 3921 4594 martyres

2329 4627 2583 4693 sanguine
2612 4633 2733 4676 sunt
2770 4620 2942 4676 eﬁ'ccti
2968 4660 2983 4685 ,
3031 4634 3188 4689 quam
3230 4625 3447 4688 possent
3487 4632 3579 4670 ore
3626 4606 3919 4669 Dominum

2329 4717 2592 4771 conﬁteri.
2633 4716 2697 4769 Et
2723 4715 2820 4768 Itas
2848 4712 3106 4783 primitias
3138 4713 3382 4766 Christus
3408 4709 3550 4762 misit
3577 4706 3643 4761 ad
3670 4707 3916 4762 Patrem.

2332 4807 2486 4861 Venit
2514 4806 2706 4869 infans,
2735 4814 2788 4858 ct
2816 4805 2992 4858 ierunt
3013 4802 3265 4867 infantes;
3295 4799 3468 4854 infans
3488 4798 3555 4852 ad
3587 4812 3701 4861 nos,
3730 4798 3919 4851 infan-

2332 4906 2414 4951 tes
2449 4897 2512 4950 ad
2560 4897 2746 4949 Deum.
2899 4910 2985 4947 ore
3026 4894 3300 4963 infantium
3338 4900 3382 4943 et
3421 4889 3706 4943 lactentium
3736 4894 3914 4959 perfe-

2332 4989 2440 5043 ciin
2468 4987 2665 5040 laudem
2698 4984 2866 5057 (Psal.
2907 5001 3025 5049 vni,
3055 4986 3131 5054 5).
3162 4983 3526 5047 Gaudeamus,
3562 4981 3710 5034 nobis
3736 4980 3919 5036 illuxit

2331 5080 2462 5134 dies.
2516 5078 2646 5149 Magi
2703 5076 2951 5148 primitia:
3002 5075 3251 5129 Gentium
3306 5089 3402 5129 nos
3458 5071 3916 5144 signiﬁcavcrunt.

2394 5251 2409 5269 ‘
2447 5234 2734 5297 [amendatos
2766 5245 2822 5293 ad
2847 5257 2889 5293 r.
2914 5256 3005 5292 rm.
3040 5257 3085 5293 v.
3114 5251 3167 5293 et
3201 5243 3261 5292 ad
3287 5244 3419 5306 \‘ign.

2393 5335 2465 5395 (τι)
2501 5331 2625 5383 Alias
2649 5334 2775 5379 inter
2808 5330 3132 5395 )‘ignerianos
3152 5328 3201 5375 9.

2392 5386 2461 5458 (le
2486 5402 2559 5458 De
2575 5401 2770 5458 auctore
2807 5386 3193 5458 ine'ertisttmus,
3209 5390 3328 5458 quia
3350 5390 3420 5438 sic
3441 5388 3502 5437 de
3529 5387 3717 5458 Herode
3750 5386 3920 5458 loqui-

2332 5448 2429 5516 tur,
2444 5448 2507 5505 ἰιι
2533 5457 2656 5504 duos
2690 5454 2911 5502 videatur
2930 5484 2961 5516 ,Α
2975 5448 3301 5516 int’anticidam
3334 5463 3513 5516 nempe
3536 5448 3829 5516 etalteruni
3862 5454 3917 5501 in

2330 5512 2589 5582 Eva'ngelio
2619 5523 2754 5582 Luca:
2774 5550 2789 5574 ,
2812 5527 2915 5575 cap.
2946 5514 3037 5582 I3_,
3081 5514 3378 5582 nominatum
3400 5512 3626 5582 confundi
3656 5512 3876 5582 voluisse
3901 5530 3911 5559 :

2330 5572 2578 5645 quesipse
2601 5572 3107 5645 quidemaugustinus
3128 5575 3312 5645 diserte
3333 5574 3583 5645 distinguit
3615 5575 3662 5623 in
3685 5572 3767 5645 lib.
3792 5572 3917 5645 ile

2330 5637 2573 5692 Consensu
2598 5637 3009 5749 qungelistarum
3028 5674 3041 5698 ,
3069 5650 3173 5700 cap.
3199 5641 3250 5702 7,
3270 5649 3319 5690 ct
3346 5643 3393 5690 in
3416 5638 3498 5687 lib.
3526 5637 3585 5686 22
3607 5643 3772 5686 contra
3796 5642 3914 5684 tau.

2331 5716 2473 5749 stum.
2498 5716 2600 5749 can.
2695 5736 2707 5748 .

2331 5716 2473 5756 stum.
2498 5716 2600 5763 cap.
2629 5716 2659 5748 δ
2670 5716 2707 5749 ι.
