3996 6452
123 281 258 339 ίϐϋθ

122 399 462 468 Agnovcrunt
505 394 674 451 Judaei
722 392 935 466 quando
985 401 1137 447 natus
1192 401 1313 458 cst,
1366 398 1703 462 agnoverunt

118 490 324 544 Gentes
364 488 614 541 hesterno
641 487 656 518 ί
699 486 804 541 die.
856 485 1055 539 Diversi
1100 483 1328 553 parietes
1363 483 1430 536 ad
1474 481 1701 551 lapidem

120 581 426 649 angularem
472 585 761 643 venerunt,
795 577 918 631 inde
955 574 1122 630 Judaei
1145 616 1160 641 ,
1195 574 1319 629 inde
1356 574 1591 638 Gentes;
1637 573 1704 627 de

121 670 361 735 diverso,
390 669 480 723 sed
510 685 613 722 non
637 668 702 723 ad
725 669 1012 722 diversum.
1050 666 1263 721 Vidistis
1289 673 1343 720 et
1368 665 1556 729 nostis,
1582 664 1702 733 quia

123 772 329 816 tantum
361 776 389 815 a
417 776 474 815 se
505 761 733 829 parietes
771 760 926 828 longe
952 766 1105 823 sunt,
1137 766 1389 826 quantum
1417 755 1485 809 ab
1510 755 1704 823 angulo

123 852 315 907 remoti
344 860 486 906 sunt.
520 850 786 918 Quantum
814 849 879 902 ad
907 848 1158 918 angulum
1186 846 1559 916 prepinquant,
1585 860 1705 913 pro-

125 943 383 1011 pinquant
430 942 529 995 sibi
563 959 574 994 :
609 955 729 994 cum
771 939 836 993 ad
878 938 1128 1009 angulum
1176 937 1457 1001 venerint,
1502 936 1705 989 limrcnt

120 1031 249 1086 sibi.
275 1029 385 1085 IIoc
426 1029 552 1086 fecit
584 1028 849 1084 Christus.
878 1027 1056 1098 Longe
1081 1042 1111 1081 a
1136 1041 1195 1082 se
1225 1026 1434 1080 fuerant
1454 1024 1619 1079 Judaei
1650 1033 1705 1079 et

119 1121 359 1187 Gentes,
409 1120 744 1175 circumcisio
789 1128 843 1173 et
886 1119 1241 1188 prccputium,
1290 1117 1446 1187 Legis
1491 1124 1545 1171 et
1590 1117 1705 1170 sine

123 1212 268 1282 Lege
294 1214 345 1277 ²,
374 1212 606 1266 cultores
650 1211 807 1266 unius
847 1212 959 1266 veri
1009 1211 1137 1278 Dei,
1179 1220 1233 1265 et
1270 1211 1556 1264 multorum
1604 1210 1701 1263 fal-

118 1318 329 1359 sorum.
357 1304 525 1371 Quam
552 1304 748 1373 longe?
774 1303 877 1357 Sed
905 1302 994 1357 ille
1022 1312 1093 1357 est
1120 1319 1222 1373 pax
1251 1312 1420 1356 nostra
1438 1344 1453 1369 ,
1480 1303 1562 1372 qui
1591 1302 1705 1369 fecit

120 1404 338 1463 utraque
382 1411 554 1447 unum.
599 1394 703 1448 Sed
732 1394 820 1463 qui
863 1402 1119 1448 venerunt
1142 1394 1208 1448 de
1237 1394 1470 1458 Judmis,
1517 1394 1613 1462 ipsi
1651 1394 1702 1447 in

121 1484 274 1539 bono
319 1484 523 1554 pariete
571 1493 916 1538 numerantur
950 1501 964 1537 :
993 1500 1114 1538 nam
1163 1485 1252 1554 qui
1302 1493 1599 1549 venerunt,
1653 1483 1704 1537 in

121 1576 282 1629 ruina
328 1590 432 1628 non
477 1584 865 1628 remanserunt.
898 1574 1043 1629 Facti
1087 1589 1270 1629 sumus
1318 1590 1482 1629 unum
1532 1575 1605 1628 illi
1654 1583 1709 1627 et

122 1682 229 1721 nos
259 1684 271 1719 :
306 1665 401 1719 sed
444 1665 495 1719 in
540 1682 679 1729 uno,
716 1680 821 1719 nou
863 1665 914 1719 in
957 1665 1109 1719 nobis
1154 1664 1460 1735 (Ephesm,
1494 1664 1703 1736 11-22).

124 1757 282 1811 Unde
310 1765 462 1810 natus
486 1766 566 1809 est
593 1755 873 1810 Christus?
905 1756 978 1809 De
1006 1755 1222 1810 Iudaeis.
1260 1755 1351 1811 Sic
1381 1755 1544 1809 habes
1573 1756 1706 1809 seri-

123 1856 276 1917 ptum
298 1890 312 1912 ,
360 1846 516 1923 salus
543 1864 603 1901 ea:
629 1845 664 1899 ,1
672 1848 828 1900 ηᾰωὶε
855 1856 926 1901 est
968 1847 1145 1918 (Joan.
1186 1863 1237 1902 iv
1257 1889 1272 1914 ,
1300 1847 1391 1918 22)
1428 1864 1441 1899 :
1471 1846 1565 1901 sed
1602 1862 1708 1900 non

120 1940 259 1993 solis
286 1939 503 1993 Judscis.
544 1939 659 1993 Neu
701 1939 842 1994 enim
883 1940 1053 2003 dixit,
1105 1939 1258 1995 Salus
1287 1938 1520 2005 Iudicis;
1571 1939 1664 1994 sed
1690 1980 1705 2005 ,

122 2033 288 2086 Salus
316 2050 377 2086 ea:
407 2032 623 2086 Juda‘is.
655 2032 733 2086 Illi
763 2032 1303 2102 comprehenderunt,
1334 2042 1386 2088 et
1411 2033 1510 2101 ipsi
1537 2031 1711 2101 perdi-

120 2120 355 2186 derunt;
391 2120 462 2173 illi
497 2122 823 2189 ligaverunt,
852 2130 906 2175 et
933 2122 1077 2190 ipsos
1101 2119 1263 2190 fugit;
1302 2122 1399 2190 ipsi
1432 2120 1671 2174 viderunt
1692 2159 1708 2185 ,

120 2222 182 2268 et
229 2213 536 2267 occiderunt
570 2231 582 2266 :
614 2228 711 2267 nos
754 2227 853 2267 nec
890 2212 1425 2281 comprehendimus,
1466 2221 1519 2265 et
1561 2224 1711 2264 teuc-

123 2318 287 2367 mus;
325 2318 424 2357 nec
449 2303 699 2367 vidimus,
733 2311 786 2356 et
810 2302 1109 2366 credimus;
1142 2302 1464 2371 posteriores
1491 2316 1673 2355 sumus
1692 2340 1707 2365 ,

122 2404 184 2449 et
208 2394 588 2450 antecedimus.
618 2392 697 2446 Illi
727 2394 814 2463 qui
844 2408 940 2447 nos
972 2401 1356 2463 praecesserunt
1375 2435 1389 2457 ,
1418 2394 1557 2445 viam
1588 2408 1712 2461 per-

123 2486 382 2540 diderunt
412 2503 423 2537 :
460 2500 555 2537 nos
582 2491 759 2537 autem
800 2490 855 2537 et
882 2483 1019 2536 viam
1061 2481 1359 2537 invenimus
1383 2524 1397 2550 ,
1434 2491 1492 2537 et
1524 2484 1575 2536 in
1625 2483 1711 2536 illa

124 2575 466 2631 ambulantes
496 2573 562 2629 ad
591 2573 814 2644 patriam
847 2573 1142 2627 veniemus.

535 2705 763 2761 SERth
799 2703 1141 2761 CCCLXXV'I
1167 2709 1183 2729 ·
1212 2706 1308 2776 (ιι).

503 2819 742 2867 Dominica
775 2818 824 2866 in
845 2819 1027 2867 octavis
1048 2818 1236 2868 Pascha:
1254 2817 1345 2881 (ὁ).

209 2921 438 2977 CAPUT
477 2920 761 2976 PRIMUM.
806 2950 876 2961 —
921 2922 970 2975 l.
994 2920 1239 2991 Magnum
1264 2922 1601 2987 miraculum,
1632 2922 1716 2976 iu-

128 3027 272 3067 trare
288 3015 463 3083 januis
493 3014 699 3066 clausis.
723 3012 941 3068 Audivit
965 3012 1208 3068 Charitas
1228 3023 1422 3077 vestra,
1452 3029 1573 3069 cum
1595 3030 1718 3069 san~

126 3117 282 3160 ctum
315 3104 658 3174 Evangelium
686 3104 969 3173 legeretur,
1005 3104 1283 3159 Dominum
1311 3113 1366 3158 et
1388 3104 1717 3160 Salvatorcm

132 3205 384 3249 nostrum
424 3195 603 3249 Jesum
632 3194 900 3249 Christum
930 3204 1050 3264 post
1086 3197 1531 3251 resurrectionem
1566 3212 1717 3252 suam

130 3287 337 3341 clausis
378 3284 532 3339 ostiis
565 3285 815 3339 introisse
850 3284 917 3339 ad
958 3285 1245 3354 discipulos
1283 3302 1429 3341 suos.
1473 3287 1717 3358 Magnum

136 3376 459 3429 miraculum
493 3392 507 3429 :
537 3375 630 3428 sed
659 3376 839 3430 mirari
865 3376 1084 3441 desinis,
1112 3378 1156 3430 si
1188 3378 1350 3432 Deum
1381 3380 1714 3451 cogitaveris.

129 3468 328 3521 Mirum
358 3466 499 3519 enim
528 3477 699 3532 esset,
745 3468 787 3520 si
814 3468 959 3522 solus
989 3467 1146 3521 homo
1174 3468 1274 3523 hoc
1300 3470 1529 3525 fecisset.
1559 3470 1719 3528 Refer

130 3558 206 3612 ad
236 3558 699 3627 omnipotentiam,
731 3574 832 3610 non
868 3558 932 3612 ad
960 3560 1311 3629 phantasiam.
1340 3561 1500 3615 Ostiis
1524 3562 1719 3617 clausis

132 3650 376 3703 intravit.
397 3649 711 3718 Respondeo
734 3649 845 3713 tibi,
866 3658 919 3702 ut
942 3650 1076 3704 scias
1093 3651 1212 3718 quia
1236 3665 1358 3703 vera
1380 3666 1504 3705 caro
1528 3650 1715 3717 fuerat,

131 3742 422 3795 cicatrices
450 3741 738 3810 tangendas
783 3743 1096 3795 monstravit
1143 3741 1162 3812 (
1186 3741 1341 3795 Joan.
1366 3759 1439 3796 xx
1464 3785 1479 3807 ,
1507 3743 1717 3813 19-27).

131 3832 251 3887 Sed
282 3834 427 3886 sicut
457 3848 560 3885 non
590 3841 691 3896 est,
724 3832 896 3900 inquis
917 3873 931 3895 ,
965 3841 1163 3887 uatum
1189 3835 1480 3902 corporalis
1518 3850 1613 3903 per
1633 3835 1725 3903 ja-

131 3940 303 3979 nuam
357 3925 591 3977 clausam
644 3924 875 3989 intrare,
910 3924 987 3978 sic
1024 3940 1131 3977 non
1169 3935 1251 3979 est
1292 3934 1491 3979 natura:
1526 3940 1720 3994 corpo-

132 4018 273 4072 ralis
314 4030 473 4084 super
534 4015 725 4069 lluctus
788 4017 948 4069 maris
999 4017 1295 4072 ambulare.
1358 4016 1575 4073 Intravit
1627 4033 1722 4088 per

130 4108 321 4163 clausa
350 4106 504 4167 ostia,
537 4106 798 4175 responde
829 4106 976 4171 mihi,
1006 4107 1070 4161 da
1099 4108 1227 4161 mihi
1256 4108 1573 4165 soliditatem
1602 4125 1722 4164 car-

133 4201 248 4255 nis.
280 4198 581 4252 Ambulavit
605 4215 765 4268 super
790 4215 953 4268 aquas
975 4202 1155 4264 maris,
1183 4202 1249 4257 da
1277 4204 1404 4257 mihi
1430 4213 1485 4257 et
1514 4214 1565 4258 tu
1595 4220 1725 4273 pon-

131 4291 245 4342 ilus
274 4287 471 4339 carnis.
511 4287 601 4343 Vis
644 4304 802 4343 nosse
840 4290 940 4344 hoc
983 4291 1379 4360 omnipotentim
1417 4293 1621 4349 fuisse?
1660 4296 1722 4350 Et

137 4379 304 4433 l‘etro
329 4379 476 4433 dedit
509 4378 719 4449 (Matth.
746 4395 851 4443 xnv,
881 4378 1094 4450 25ο29).
1126 4383 1225 4449 Qui
1254 4383 1394 4453 quod
1417 4385 1601 4451 voluit,
1633 4386 1727 4439 de-

133 4471 251 4534 dit;
282 4470 421 4539 quod
451 4470 720 4540 proprium
750 4480 863 4526 erat
888 4513 903 4537 ,
930 4472 1029 4527 sibi
1075 4475 1324 4527 servavit.
1366 4474 1456 4529 Ille
1480 4478 1620 4530 enim
1650 4479 1726 4530 vi-

137 4576 282 4627 vens
310 4577 403 4631 per
429 4562 635 4617 clausas
659 4564 847 4629 januas
891 4564 1101 4617 intravit
1122 4605 1136 4627 ,
1164 4566 1253 4634 qui
1283 4567 1549 4621 nascendo
1589 4569 1723 4623 intc-

136 4656 394 4723 gritatem
417 4653 602 4708 matris
625 4668 729 4707 non
758 4654 992 4707 violavit.
1023 4654 1166 4724 Ergo
1186 4698 1200 4720 ,
1231 4655 1419 4711 fratres
1439 4698 1453 4723 ,
1481 4657 1724 4713 admirati

136 4744 451 4809 credamus,
474 4743 753 4799 credentes
781 4744 1147 4812 obaudiamus,
1176 4747 1525 4804 obaudientes
1547 4767 1731 4820 spere-

140 4851 269 4889 mus
309 4836 567 4904 promissa
591 4877 605 4900 ,
651 4836 693 4889 si
732 4835 953 4891 facimus
990 4837 1135 4905 jussa
1168 4842 1328 4909 :quia
1376 4853 1432 4895 ut
1477 4842 1729 4897 faciamus

138 4930 318 4997 jussa.
348 4927 460 4994 ipse
488 4926 736 4996 adjuvat,
766 4942 792 4979 a
821 4944 926 4997 quo
947 4944 1221 4998 speramus
1246 4934 1526 5000 promissa.

217 5016 444 5071 CAPUT
472 5016 534 5071 II.
566 5048 636 5057 —
662 5018 716 5071 2.
752 5019 954 5073 Octava:
982 5018 1285 5089 Infantiam.
1330 5020 1477 5077 Vetus
1506 5033 1551 5076 et
1577 5040 1731 5079 notius

138 5112 319 5161 homo.
369 5108 534 5162 Ilodie
572 5117 771 5165 octava:
810 5109 1057 5163 dicuntur
1100 5110 1409 5178 infantium,
1443 5114 1731 5169 revelanda

132 5209 273 5258 sunt
299 5201 468 5268 capita
496 5214 680 5253 eorum
709 5241 724 5264 ,
752 5200 891 5269 quod
919 5210 1003 5255 est
1030 5202 1280 5256 indicium
1316 5204 1590 5259 libertatis.
1626 5205 1730 5259 Ila-

212 5313 231 5345 ³
268 5317 405 5359 I-‘orte
425 5310 708 5373 legendum,
732 5310 981 5364 hodierno.

211 5375 235 5442 ξ
268 5379 408 5442 Forte
443 5372 990 5442 legendum_,_audit_o_res
1014 5376 1143 5439 tegis
1165 5384 1210 5427 et
1231 5377 1333 5428 sine
1358 5388 1489 5442 Lege.

210 5435 231 5455 '
252 5441 351 5482 Non
373 5435 599 5483 inventus
622 5435 711 5483 nisi
738 5436 786 5483 in
810 5437 967 5485 editis.

232 5496 287 5556 α)
321 5493 459 5552 Alias,
481 5494 546 5543 de
567 5502 804 5556 Tempore
830 5498 935 5547 160.

236 5557 286 5617 b)
305 5557 487 5627 _ttujus~
501 5558 741 5627 sermonis
795 5559 1045 5627 exemplar
1086 5560 1268 5627 calamo
1287 5566 1514 5627 scriptum
1552 5568 1736 5618 nullum

142 5620 443 5691 reperimus:
464 5620 623 5691 prima
639 5631 764 5691 pars,
788 5623 863 5691 cui
880 5620 1135 5684 sequentia
1152 5637 1254 5691 non
1263 5620 1527 5691 cohaireut,
1543 5629 1735 5681 aliunde

145 5679 335 5731 adsidui
359 5680 569 5731 videtur.
592 5684 763 5730 Confer
786 5682 843 5729 ad
873 5679 1145 5734 seriuouem
1168 5686 1275 5745 247,
1303 5701 1349 5736 n.
1377 5688 1422 5737 2.

1436 276 1663 333 SERMO
1700 274 2066 333 CCCLXX'V'I.

3253 288 3274 342 1
3286 288 3387 344 670

1814 390 1903 444 bet
1939 393 2080 446 enim
2119 392 2417 448 libertatem
2470 396 2567 451 ista
2610 398 2898 470 spiritualls
2942 400 3184 454 nativitas
3214 418 3226 453 :
3261 417 3383 470 pri)-

1810 484 1921 551 prie
1948 492 2121 537 autem
2152 488 2326 538 carnis
2357 488 2603 542 nativitas
2627 489 2957 544 servitutem.
2984 492 3109 545 Duae
3140 502 3261 545 sunt
3292 502 3385 545 uti-

1807 588 1911 642 que
1942 572 2171 627 hominis
2196 576 2528 641 nativitates,
2576 578 2722 631 nasci
2763 588 2815 632 et
2841 580 3068 635 renasci.
3110 580 3386 634 Nascimur

1808 663 1875 718 ad
1907 664 2141 719 laborem
2167 705 2183 730 ,
2232 668 2559 721 renaseimur
2599 666 2667 722 ad
2708 670 2939 737 quietem
2973 689 2985 723 :
3015 672 3285 725 nascimur
3320 672 3386 724 ad

1810 755 2086 821 miserias,
2119 756 2447 811 renascimur
2484 758 2548 811 ad
2585 766 2840 814 :rternam
2887 760 3213 815 felicitatem.
3255 760 3384 815 Nam

1810 846 1883 899 illi
1914 847 2101 915 pueri,
2135 848 2383 914 infantes,
2418 852 2639 918 parvuli,
2672 852 2950 916 lactentes,
2976 855 3229 908 maternis
3261 855 3385 908 ube-

1809 936 1956 991 ribus
1983 936 2323 1005 inlimrentes,
2353 950 2406 993 et
2430 949 2683 1008 quantum
2714 942 2765 995 in
2804 957 2897 996 eos
2935 944 3117 1012 gratia:
3141 944 3385 999 confera-

1812 1038 1897 1082 tur
1922 1029 2240 1093 nescientes,
2278 1041 2334 1083 ut
2356 1031 2453 1099 ipsi
2478 1032 2687 1099 videtis,
2719 1034 2838 1102 quia
2863 1034 3089 1089 infantes
3112 1044 3383 1098 vocantur,

1810 1127 1865 1173 et
1889 1119 1985 1186 ipsi
2019 1119 2214 1174 habent
2233 1130 2447 1175 octavas
2468 1120 2625 1176 hodie
2657 1140 2670 1176 :
2695 1132 2749 1175 et
2780 1122 2865 1176 isti
2896 1139 3053 1178 senes
3077 1166 3091 1185 ,
3121 1125 3345 1193 juvenes
3373 1166 3385 1186 ,

1809 1208 2212 1275 adolescentuli,
2238 1225 2424 1265 omnes
2446 1210 2690 1265 infantes.
2718 1210 2833 1266 Una
2858 1212 3052 1281 quippe
3074 1215 3282 1267 illorum
3310 1215 3389 1265 iii-

1813 1300 1970 1353 fantia
2004 1301 2231 1368 pertinet
2273 1301 2339 1354 ad
2369 1310 2721 1367 vetustatem,
2766 1304 2931 1356 altera
2976 1303 3041 1356 ad
3074 1304 3384 1358 novitatem.

1810 1389 1940 1443 Nam
1979 1406 2111 1460 quos
2151 1390 2341 1445 videtis
2364 1403 2609 1446 recentes
2637 1409 2665 1446 a
2697 1404 2847 1462 partu
2868 1436 2882 1461 ,
2918 1404 3126 1449 veteres
3156 1409 3387 1448 nascun-

1813 1490 1917 1535 tur.
1948 1481 2114 1536 Vetus
2142 1481 2301 1536 homo
2328 1492 2508 1538 noster
2526 1484 2699 1537 dictus
2724 1493 2807 1539 est
2832 1485 3036 1552 Adam,
3065 1502 3127 1540 ex
3158 1500 3265 1555 quo
3293 1502 3387 1537 na-

1812 1573 2010 1627 scimur
2042 1590 2055 1625 :
2086 1588 2253 1627 novus
2279 1574 2439 1629 homo
2458 1573 2723 1641 Christus,
2748 1590 2843 1645 per
2862 1592 3019 1646 quem
3042 1578 3387 1631 renascimur.

1815 1660 1903 1716 lsu
1933 1677 2060 1731 ergo
2086 1674 2139 1717 et
2165 1665 2285 1717 novi
2313 1674 2457 1729 sunt,
2481 1674 2535 1719 et
2561 1667 2730 1720 renati
2761 1675 2885 1719 sunt
2908 1666 2973 1719 ad
3003 1666 3163 1720 aliam
3191 1667 3353 1719 vitam
3374 1707 3388 1729 ,

1812 1763 1865 1809 et
1889 1764 1971 1808 cst
2001 1755 2053 1808 in
2081 1755 2205 1821 illis,
2233 1756 2277 1809 si
2302 1754 2403 1809 dici
2432 1764 2625 1826 potest,
2658 1757 2870 1825 quando
2898 1766 3208 1820 nascuntur,
3254 1772 3388 1809 nova

1812 1853 2068 1900 vetustas.

1885 1939 1939 1991 '5.
1980 1937 2272 2006 Baptizatos
2310 1938 2540 1993 hortatur
2572 1956 2634 1993 ne
2661 1940 2915 1993 imitentur
2948 1940 3106 1994 malos
3144 1940 3379 1994 christia-

1818 2045 1931 2081 nos;
1967 2027 2030 2081 In
2063 2027 2293 2083 Ecclesia
2322 2031 2444 2083 mali
2471 2030 2610 2083 bonis
2645 2022 2897 2099 permixti.
2936 2031 3074 2085 Ecce
3105 2032 3393 2085 miscentur

1817 2118 1978 2173 hodie
2009 2118 2255 2173 fidelibus
2296 2120 2523 2173 infantes
2551 2121 2750 2182 nostri,
2780 2129 2833 2174 ct
2873 2128 3122 2190 tanquam
3159 2120 3226 2174 de
3270 2120 3397 2175 nido

1817 2210 2017 2262 volant.
2050 2208 2279 2264 Necesse
2308 2218 2389 2264 est
2417 2226 2562 2279 ergo,
2588 2219 2647 2264 ut
2671 2212 3019 2278 parturientes
3039 2226 3131 2266 eos
3159 2212 3395 2281 alloqua-

1819 2316 1959 2354 mur.
2000 2300 2148 2356 Sicut
2175 2302 2319 2357 enim
2365 2302 2630 2367 recolitis,
2663 2302 2852 2356 fratres
2899 2303 3024 2368 mei,
3056 2303 3395 2359 hirundinum

1819 2392 1901 2446 vel
1927 2392 2343 2447 domesticorum
2373 2407 2643 2461 passerum
2675 2392 2867 2461 pullos,
2894 2392 3104 2462 quando
3126 2395 3306 2449 volare
3332 2394 3399 2447 de

1820 2482 1945 2535 nido
1970 2482 2254 2551 coeperint,
2284 2492 2479 2535 matres
2508 2497 2627 2535 cum
2656 2484 2882 2550 strepitu
2908 2483 3311 2551 circumvolant,
3343 2494 3396 2538 et

1818 2572 2037 2627 vocibus
2062 2573 2164 2643 piis
2196 2580 2458 2626 testantur
2489 2573 2718 2641 pericula
2751 2573 2999 2627 filiorum.

1897 2664 2122 2719 CAPUT
2160 2664 2346 2718 lll.-—
2395 2664 2603 2719 Scimus
2654 2679 2780 2735 ergo
2826 2666 3041 2731 multos,
3070 2666 3159 2735 qui
3211 2668 3395 2736 appel-

1820 2756 1995 2810 lantur
2008 2755 2212 2821 fideles,
2228 2756 2368 2809 male
2383 2756 2579 2821 vivere,
2599 2766 2648 2808 et
2666 2756 2868 2825 gratiis,
2886 2772 3042 2826 quam
3060 2769 3398 2827 acceperunt,

1822 2847 2057 2902 moribus
2093 2848 2205 2902 suis
2246 2863 2349 2902 non
2389 2848 2710 2911 convenire;
2758 2848 2976 2902 laudare
3006 2849 3171 2903 Deum
3204 2850 3399 2919 lingua,

1819 2938 2190 3009 blasphemare
2212 2939 2338 2993 vita.
2365 2939 2575 2993 Scimus
2601 2949 2779 2994 autem
2803 2940 2934 2995 alios
2956 2940 3094 2994 inter
3116 2941 3244 2995 istos
3266 2943 3401 2995 mul-

1822 3039 1925 3095 tos,
1968 3037 2217 3100 tanquam
2250 3031 2387 3085 inter
2421 3031 2638 3084 multam
2669 3040 2723 3084 et
2762 3030 3118 3085 abundantem
3161 3033 3398 3101 paleam,

1822 3122 1965 3177 velut
1989 3137 2149 3192 grana
2193 3133 2467 3193 gementes
2513 3122 2563 3174 iu
2596 3122 2818 3186 tritura,
2860 3120 2957 3175 sed
2998 3136 3093 3191 spe
3137 3123 3311 3177 horrei
3343 3138 3402 3176 se

1808 3213 2178 3273 consolantes.
2224 3212 2339 3266 Duo
2380 3213 2477 3267 ista
2515 3227 2707 3281 genera
2757 3212 3029 3265 hominum
3059 3213 3257 3266 scimus
3285 3228 3403 3266 esse

1824 3304 1876 3357 in
1921 3303 2181 3357 Ecclesia.
2214 3304 2405 3357 Arcam
2436 3302 2754 3356 dominicam
2787 3302 3077 3357 Ecclesiam
3109 3303 3353 3357 novimus
3389 3322 3400 3357 :

1824 3394 2221 3449 ventilationem
2254 3393 2307 3447 in
2346 3394 2432 3448 die
2468 3393 2649 3462 judicii
2690 3408 2987 3462 speramus,
3032 3409 3260 3448 massam
3291 3394 3406 3448 fru-

1824 3486 1988 3540 menti
2021 3486 2071 3539 in
2102 3486 2490 3540 resurrectione
2517 3484 2901 3547 desideramus,
2936 3485 3183 3539 horreum
3217 3486 3266 3537 iu
3300 3487 3402 3537 vita

1824 3585 2023 3630 aeterna
2051 3590 2263 3630 sumere
2287 3574 2548 3643 cupimus.
2588 3576 2660 3627 lbi
2687 3576 2827 3627 nulla
2857 3576 3005 3643 palea
3031 3576 3154 3640 erit,
3186 3575 3324 3628 sicut
3352 3575 3401 3627 in

1826 3667 2072 3737 gehenua
2099 3666 2298 3719 nullum
2328 3680 2550 3734 granum
2577 3666 2697 3718 erit.
2721 3664 2868 3718 Nunc
2893 3680 3039 3734 ergo,
3066 3664 3255 3720 fratres
3278 3669 3402 3728 inci,

1827 3772 1948 3812 cum
1974 3757 2209 3811 sciamus
2230 3756 2335 3809 duo
2361 3758 2455 3809 ista
2480 3771 2672 3825 genera
2698 3756 2968 3811 hominum
2995 3772 3115 3812 esse
3142 3757 3195 3810 in
3223 3758 3403 3812 Eccle-

1828 3847 1904 3903 sia
1927 3887 1942 3912 ,
1975 3848 2181 3917 piorum
2210 3856 2264 3901 et
2294 3847 2571 3916 impiorum
2593 3888 2606 3911 ,
2638 3847 2895 3901 bonorum
2924 3857 2978 3901 et
3017 3848 3276 3901 malorum
3299 3892 3312 3911 ,
3344 3852 3406 3901 ti-

1828 3940 2085 3994 mentium
2108 3949 2161 3994 et
2183 3941 2653 4001 contemnentium.
2676 3941 2866 4010 quibus
2891 3942 3277 4012 coniungantur
3299 3943 3405 4005 isti,

1830 4016 2115 4087 nescimus.
2147 4031 2281 4099 Quid
2309 4040 2483 4085 autem
2513 4031 2757 4097 velimus,
2782 4042 2835 4087 et
2866 4033 2962 4103 ipsi
2994 4034 3203 4089 sciunt:
3231 4044 3406 4089 utrum

1827 4124 1895 4181 de
1922 4125 2027 4179 illis
2052 4133 2168 4178 vota
2202 4133 2381 4179 nostra
2415 4124 2803 4194 compleantur,
2845 4126 3071 4179 humana
3114 4127 3404 4196 ignorantia

1828 4217 2187 4271 sollicitudine
2216 4216 2481 4286 fatigatur,
2526 4216 2809 4285 aliquando
2832 4226 2885 4270 et
2914 4218 3056 4270 falsis
3091 4219 3407 4287 suSpicieni-

1830 4309 1929 4364 bus
1955 4310 2207 4378 agitatur.
2237 4309 2313 4363 Ex
2344 4309 2424 4362 his
2465 4309 2687 4363 discitur
2712 4308 2765 4363 in
2797 4309 2895 4363 hac
2934 4319 3072 4363 terra
3095 4351 3109 4376 ,
3157 4310 3245 4363 ubi
3290 4311 3407 4364 sine

1832 4406 2120 4459 tcutationc
2160 4420 2265 4459 non
2310 4404 2519 4459 vivitur.
2565 4405 2840 4459 Admoneo
2879 4420 3005 4473 ergo
3046 4419 3140 4458 vos
3166 4446 3181 4471 ,
3226 4414 3407 4459 sancta

1830 4498 2099 4566 germina;
2150 4496 2411 4550 admoneo
2446 4514 2574 4563 vos,
2616 4499 2835 4551 ttovcllm
2876 4498 2926 4551 in
2971 4513 3099 4568 agro
3143 4497 3411 4552 dominico

1832 4589 2047 4657 plantae.
2077 4604 2143 4642 ne
2170 4588 2235 4642 de
2264 4589 2412 4641 vobis
2441 4589 2649 4642 dicatur
2674 4590 2813 4658 quod
2845 4589 2910 4643 de
2938 4590 3083 4643 vinea
3118 4590 3309 4643 domus
3341 4590 3411 4642 Is-

1834 4679 1941 4732 rael
1967 4678 2163 4732 dictum
2186 4688 2285 4743 cst,
2321 4678 2623 4748 Exspectavi
2648 4690 2700 4732 ut
2729 4682 2913 4749 faceret
2940 4697 3078 4747 uvas,
3104 4682 3221 4749 fecit
3246 4691 3408 4734 autem

1833 4774 2005 4840 spinas
2032 4770 2186 4841 (lsai.
2211 4787 2262 4833 v,
2288 4772 2382 4842 2).
2412 4772 2627 4826 Botrum
2661 4774 2711 4827 in
2745 4774 2894 4828 vobis
2924 4774 3176 4839 inveniat,
3204 4776 3289 4844 qui
3319 4776 3415 4829 bo-

1836 4871 1948 4916 trus
1983 4877 2081 4932 pro
2112 4862 2263 4915 nobis
2293 4862 2526 4916 calcatus
2553 4870 2654 4916 est.
2692 4863 2857 4918 Uvam
2887 4862 3042 4931 ferte,
3074 4865 3205 4919 bene
3231 4865 3410 4919 vivite.

1836 4954 2055 5007 Fructus
2083 4953 2222 5006 enim
2250 4954 2456 5023 spiritus
2481 4963 2573 5017 est,
2603 4954 2739 5007 sicut
2761 4955 2887 5009 dicit
2908 4956 3211 5023 Apostolus,
3241 4958 3414 5011 citari-

1836 5057 1932 5109 tas,
1959 5045 2219 5116 gaudium,
2268 5062 2388 5113 pax,
2442 5045 2816 5115 longanimitas,
2868 5046 3163 5117 benignitas,
3193 5047 3411 5113 bonitas,

1837 5136 2183 5197 mansuetudo,
2216 5135 2361 5203 ﬁdes,
2393 5135 2719 5199 continentia,
2752 5136 2955 5189 castitas
2978 5136 3170 5205 (Galat.
3196 5152 3247 5203 v,
3279 5138 3350 5191 22
3373 5140 3414 5207 ).

1836 5226 2060 5294 Quando
2085 5227 2148 5279 ad
2180 5242 2277 5280 nos
2298 5225 2501 5280 venerit
2521 5226 2746 5295 agricola
2774 5236 2974 5293 noster,
3000 5228 3151 5298 cujus
3173 5244 3268 5283 nos
3290 5245 3416 5299 0pc.-

1838 5319 1962 5373 rarii
2003 5334 2217 5382 sumus,
2261 5319 2346 5374 ille
2387 5318 2476 5389 qui
2524 5319 2665 5373 intus
2706 5319 2799 5373 dat
2838 5320 3259 5375 incrementum:
3294 5336 3414 5373 nam

1840 5425 1938 5465 nos
1978 5408 2272 5463 forinsecus
2302 5409 2542 5479 plautare
2585 5410 2828 5465 novimus
2865 5420 2918 5467 et
2959 5412 3162 5481 rigare;
3204 5411 3294 5465 sed
3339 5412 3413 5464 ait

1842 5499 2148 5570 Apostolus,
2184 5498 2360 5569 Neque
2384 5500 2467 5569 qui
2499 5500 2691 5569 plantat
2715 5511 2786 5555 est
2812 5501 3025 5573 aliquid,
3058 5517 3212 5569 neque
3236 5500 3321 5571 qui
3346 5501 3417 5555 ri-

1840 5602 1961 5662 gat;
1986 5592 2074 5647 sed
2104 5591 2239 5645 Deus
2264 5590 2346 5660 qui
2376 5590 2736 5646 incrementum
2765 5593 2851 5645 dat
2877 5592 2933 5663 (I
2963 5590 3078 5645 Cor.
3108 5607 3183 5654 Ill,
3209 5590 3301 5660 7);
3325 5590 3417 5660 qui

1844 5686 2003 5741 modo
2036 5684 2173 5740 videt
2198 5682 2459 5756 quomodo
2487 5686 2728 5754 audiatis,
2752 5686 2839 5757 qui
2871 5683 3027 5740 modo
3055 5684 3263 5755 inspicit
3284 5698 3419 5755 quo-
