3996 6458
589 276 715 330 1671

584 389 739 446 modo
769 386 1015 447 timeatis,
1040 392 1130 438 ant
1149 382 1256 451 jam
1288 382 1471 433 timere
1498 374 1797 444 incipiatis:
1823 387 1943 427 cum
1972 370 2037 425 ad
2067 384 2163 425 vos

585 483 673 536 ille
709 479 934 550 agricola
964 474 1188 538 venerit,
1226 470 1457 526 inveniat
1497 469 1549 521 in
1586 466 1735 521 vobis
1770 463 1911 534 quod
1959 462 2164 516 dixerat

589 572 888 642 Apostolus,
933 568 1185 627 Gaudium
1225 579 1387 617 meum
1425 572 1470 614 et
1500 572 1687 614 corona
1714 574 1847 621 mea,
1870 570 2040 611 omnes
2079 553 2167 624 qui

584 664 727 717 statis
752 663 805 713 in
831 658 1046 712 Domino
1077 654 1343 727 (Philipp.
1376 667 1449 714 tv,
1483 651 1557 719 1).

653 751 878 808 CAPUT
917 750 1005 805 IV.
1032 778 1103 787 —-
1141 748 1194 801 4.
1242 744 1371 799 Mali
1410 742 1478 795 ad
1523 739 1829 811 peccandum
1876 738 2167 791 inducentes

584 843 807 897 cavendi.
870 838 1282 894 Incantationnm
1337 833 1557 888 remedia
1619 832 1814 885 illicita.
1867 829 2163 896 Eleemasy-

586 951 673 987 na.
723 932 972 994 Fratres,
1020 928 1110 982 lilii
1156 925 1481 985 dulcissimi,
1524 921 1615 975 lilii
1667 918 2007 982 charissimi,
2046 915 2169 970 imi-

594 1023 774 1078 tamini
821 1022 1023 1085 bonos,
1070 1028 1251 1073 cavete
1293 1017 1477 1069 malos.
1522 1012 1645 1068 Seio
1692 1012 1833 1066 enim
1878 1010 1998 1079 quia
2036 1023 2169 1062 ven-

590 1114 694 1168 turi
734 1120 855 1166 sunt
894 1110 958 1164 ad
1004 1123 1096 1163 vos
1143 1107 1386 1162 homines
1425 1104 1582 1167 mali,
1627 1111 1681 1158 et
1722 1099 2023 1170 persuasuri
2071 1111 2168 1151 vo-

589 1205 669 1259 bis
692 1203 1057 1264 vinolentiam,
1082 1209 1132 1255 et
1160 1198 1348 1254 dicturi
1385 1205 1508 1251 sunt
1541 1195 1708 1259 vobis,
1740 1192 1953 1261 Quare?
1984 1189 2172 1244 Nonne

589 1306 643 1350 et
673 1310 769 1349 nos
795 1308 978 1348 sumus
1010 1289 1336 1345 fidelissimi?
1365 1287 1511 1353 Scio,
1554 1284 1677 1338 inde
1719 1284 1896 1347 doleo,
1944 1279 2066 1335 inde
2102 1279 2171 1333 ti-

590 1403 729 1443 meo.
773 1388 887 1441 Jam
934 1397 988 1439 tu
1028 1384 1069 1437 si
1101 1382 1297 1437 dixeris
1335 1388 1679 1435 constanter:
1734 1375 1939 1439 Frater,
1984 1387 2082 1427 nec
2120 1380 2173 1426 te

588 1481 777 1533 vellem
800 1472 980 1535 facere
1004 1476 1144 1547 quod
1170 1475 1318 1537 facis,
1340 1473 1434 1527 sed
1460 1472 1507 1526 si
1536 1480 1585 1527 te
1609 1486 1712 1524 non
1736 1482 1950 1539 possum
1971 1466 2172 1522 ducere

590 1572 645 1625 in
692 1572 885 1624 bonum
932 1583 1107 1623 meum
1139 1609 1154 1631 ,
1197 1567 1280 1619 vel
1321 1564 1430 1618 noli
1476 1577 1563 1619 me
1607 1559 1819 1617 trahere
1858 1558 1923 1613 ad
1974 1557 2170 1611 malum

589 1671 760 1721 tuum.
794 1661 1105 1717 Hominibus
1134 1658 1269 1719 istis,
1305 1665 1363 1709 ut.
1398 1654 1513 1708 ﬁeri
1544 1653 1715 1715 solet,
1758 1658 1917 1718 caput
1951 1647 2170 1705 dolebit.

589 1754 838 1808 Dicturus
863 1761 945 1806 est
975 1750 1065 1803 tibi
1088 1748 1292 1803 vicinus
1318 1754 1438 1799 tuus
1463 1752 1556 1798 aut
1581 1742 1752 1796 vicina
1788 1758 1801 1795 :
1843 1739 1936 1795 Est
1970 1738 2058 1792 hic
2086 1737 2172 1789 in-

589 1853 848 1906 cantator,
875 1851 957 1896 est
983 1840 1068 1893 hic
1094 1836 1432 1898 remediator,
1452 1842 1505 1887 et
1527 1831 1708 1887 nescio
1730 1830 1816 1883 ubi
1840 1824 2173 1881 mathemati-

588 1950 702 1990 cus.
730 1934 772 1989 Τ
778 1950 809 1987 ιι
836 1932 968 1986 dicis
994 1949 1006 1985 :
1037 1929 1368 1984 Christianus
1394 1940 1533 1989 sum,
1565 1938 1670 1977 non
1698 1920 1821 1975 licet
1847 1917 1997 1972 mihi.
2031 1918 2097 1969 Et
2125 1915 2171 1968 si

590 2028 682 2080 ille
707 2026 899 2078 dixerit
929 2022 1041 2084 tibi,
1074 2017 1285 2084 Quare?
1329 2029 1505 2069 nonne
1534 2028 1632 2082 ego
1659 2010 1982 2067 christianos
2011 2005 2170 2059 sum?

592 2128 647 2174 tu
686 2118 926 2172 dicturus
966 2131 1041 2179 es,
1077 2112 1181 2168 Sed
1210 2126 1310 2179 ego
1341 2108 1512 2162 fidelis
1539 2120 1677 2161 sum.
1716 2105 1783 2159 Et
1816 2103 1909 2157 ille
1939 2101 2071 2155 tibi:
2104 2099 2173 2154 Et

589 2224 689 2281 ego
718 2207 1010 2279 baptizatus
1047 2220 1187 2261 sum.
1234 2199 1390 2260 Fiunt
1428 2199 1602 2271 angeli
1641 2194 1837 2255 diaboli
1867 2235 1882 2262 ,
1932 2190 2171 2247 membra

590 2300 805 2355 Christi.
832 2298 963 2365 Quia
996 2297 1166 2365 ipsum
1199 2292 1436 2366 possidet
1465 2288 1731 2353 inimicus,
1764 2285 1977 2345 trahere
2020 2298 2170 2353 quae-

590 2392 659 2446 rit
687 2400 739 2445 et
766 2390 949 2445 alium.
982 2388 1216 2442 Inveniat
1244 2400 1336 2440 vos
1362 2390 1594 2452 paratos,
1621 2377 1711 2448 qui
1739 2378 1836 2430 ista
1861 2376 2009 2430 vobis
2033 2390 2172 2444 prte-

590 2480 812 2550 paravit.
843 2479 965 2535 Ideo
993 2479 1200 2545 loquor,
1230 2474 1350 2527 ideo
1378 2478 1666 2532 contestor,
1700 2466 1819 2519 ideo
1858 2479 1962 2517 non
1996 2471 2167 2528 taceo,

589 2570 709 2624 ideo
749 2570 1063 2625 vestimenta
1106 2579 1221 2617 mea
1260 2560 1492 2621 excutio,
1529 2557 1647 2610 ideo
1686 2556 1739 2609 in
1784 2554 2033 2610 tribunali
2076 2554 2171 2609 Dei

589 2660 694 2715 mei
722 2667 1035 2714 excusatum
1068 2672 1153 2711 me
1179 2654 1370 2709 habeo.
1396 2652 1574 2705 Dicam
1604 2653 1712 2706 Deo
1738 2665 1856 2705 meo
1882 2666 1893 2702 :
1925 2649 2166 2713 Domine,

594 2766 702 2805 non
736 2751 905 2815 tacui;
938 2749 1178 2813 Domine,
1210 2741 1461 2801 talentum
1502 2746 1643 2819 quod
1674 2746 1800 2799 mihi
1845 2742 2035 2799 dedisti
2062 2758 2167 2797 non

589 2840 863 2906 abscondi,
894 2840 987 2895 sed
1013 2840 1244 2909 erogavi.
1273 2839 1383 2894 lloe
1404 2839 1594 2908 poterit
1621 2836 1751 2890 mihi
1771 2834 1945 2889 dicere
1972 2850 1987 2889 :
2016 2833 2175 2887 Serve

589 2948 821 3001 nequam,
847 2939 900 2984 tu
929 2931 1096 2995 dares,
1128 2946 1215 3000 ego
1242 2931 1489 3001 exigerem
1517 2926 1729 2996 (Matth.
1762 2939 1885 2989 xxv,
1917 2922 2008 2987 26,
2035 2921 2101 2974 97
2125 2921 2164 2991 ).

589 3025 747 3088 Ecce,
793 3023 1032 3089 Domine,
1063 3022 1221 3087 dedi,
1255 3030 1309 3075 tu
1348 3021 1520 3090 exige.
1566 3018 1632 3073 Et
1661 3019 1707 3073 si
1737 3018 1869 3071 forte
1900 3028 1994 3067 vos
2020 3022 2175 3071 vetus;

588 3115 881 3170 titillaverit
924 3112 1295 3178 consuetudo,
1349 3112 1555 3166 habetis
1596 3124 1752 3179 quem
1798 3104 2166 3175 interpelletis.

589 3207 757 3275 Major
799 3216 881 3261 est
926 3206 1136 3273 adjutor
1175 3219 1332 3273 quam
1374 3211 1723 3273 oppugnator.
1770 3199 1894 3254 Ideo
1936 3198 2165 3267 gentilis,

594 3297 713 3351 ideo
743 3297 926 3362 oratis,
958 3296 1076 3352 ideo
1097 3295 1292 3361 dicitis,
1326 3294 1517 3348 Neues
1539 3295 1724 3363 inferas
1752 3293 1803 3345 in
1829 3291 2167 3345 tetuationem.

592 3386 883 3449 Observate
914 3385 1039 3439 illud
1070 3385 1258 3450 etiam,
1289 3383 1478 3443 fratres
1505 3383 1643 3447 mei,
1684 3381 1823 3450 quod
1846 3396 2007 3450 supra
2036 3380 2167 3435 dici-

591 3476 676 3541 tis,
708 3474 913 3529 Dimitte
940 3475 1081 3529 nobis
1107 3474 1271 3529 debita
1292 3483 1500 3537 nostra;
1528 3481 1586 3527 ut
1606 3471 1809 3526 faciatis
1829 3471 1966 3540 quod
1992 3470 2170 3540 sequi-

592 3576 699 3633 tur,
723 3568 849 3623 sicut
865 3578 910 3620 et
927 3584 1018 3621 nos
1033 3566 1328 3620 dimittimus
1345 3564 1647 3618 debitoribus
1664 3562 1846 3616 nostris
1860 3560 1970 3630 (Id.
1986 3576 2057 3623 vt,
2080 3561 2166 3626 15,

591 3660 703 3729 12).
724 3660 1128 3731 Elecmosynam
1160 3657 1309 3725 facis,
1333 3657 1748 3726 eleemosynam,
1772 3652 1986 3721 accipis.
2011 3650 2169 3721 Igno-

589 3751 717 3814 scis,
736 3750 1035 3819 ignoscetur
1047 3749 1159 3803 tibi.
1184 3744 1403 3817 Erogas,
1418 3746 1722 3815 erogabitur
1738 3744 1847 3798 tibi.
1864 3744 2028 3797 Deum
2046 3742 2168 3797 audi

589 3840 876 3903 dicentem,
895 3838 1158 3903 Dimittite,
1190 3848 1235 3890 et
1255 3838 1530 3890 dimittetur
1554 3836 1725 3899 vobis;
1753 3834 1887 3899 date,
1903 3844 1950 3887 et
1969 3833 2168 3887 dabitur

592 3930 729 3983 vobis
764 3927 919 3991 (Luc.
942 3943 1016 3990 vi,
1037 3929 1102 3981 57
1134 3936 1179 3980 et
1209 3927 1320 3995 58).
1362 3924 1419 3979 ln
1465 3934 1643 3979 mente
1666 3924 1856 3979 habete
1881 3936 2166 3992 pauperes.

593 4018 851 4074 Onniibus
868 4016 987 4070 dico
1003 4036 1017 4071 :
1034 4017 1190 4071 facile
1206 4016 1592 4086 eleemosynas,
1617 4013 1810 4067 fratres
1825 4013 1960 4093 mei;
1986 4011 2164 4076 facite,

595 4120 651 4166 et
680 4126 788 4165 non
816 4109 1067 4179 perdetis.
1095 4109 1203 4162 Deo
1241 4107 1459 4162 credite.
1485 4106 1598 4160 Non
1629 4105 1800 4160 solum
1838 4104 1959 4159 dico
1982 4104 2132 4159 vobis
2151 4144 2168 4171 ,

594 4221 700 4259 non
734 4203 951 4274 perditis
979 4201 1121 4272 quod
1154 4200 1325 4255 facitis
1351 4199 1705 4269 pauperibus:
1734 4197 1828 4252 sed
1858 4198 2013 4267 plane
2049 4196 2170 4252 dico

594 4298 766 4362 vobis,
797 4296 897 4351 hoc
926 4296 1095 4350 solum
1139 4309 1243 4348 non
1276 4292 1515 4364 perditis,
1542 4302 1733 4347 caetera
1763 4290 2000 4361 perditis.
2032 4290 2172 4346 Ecce

593 4386 868 4442 videamus
894 4386 939 4441 si
965 4385 1271 4443 exhilaratis
1296 4398 1557 4454 pauperes
1584 4382 1778 4447 hodie;
1806 4381 1999 4437 horrea
2030 4382 2171 4451 ipso-

594 4494 714 4534 rum
740 4493 834 4532 vos
862 4478 1012 4542 estis,
1033 4486 1093 4531 ut
1116 4477 1207 4532 det
1231 4477 1380 4532 vobis
1401 4477 1542 4531 Deus
1569 4475 1709 4530 unde
1736 4475 1892 4540 detis,
1918 4483 1973 4530 et
1994 4474 2170 4529 dimit-

593 4576 669 4623 tat
716 4568 857 4638 quod
902 4567 1037 4623 forte
1081 4568 1329 4637 peccatis.
1375 4566 1633 4623 lncludite
1678 4568 2070 4638 eleemosynam
2115 4566 2169 4621 in

595 4658 757 4713 corde
778 4673 1089 4729 pauperum,
1115 4667 1168 4713 et
1192 4658 1303 4728 ipsa
1331 4672 1426 4728 pro
1449 4658 1599 4713 vobis
1623 4657 1861 4713 exorabit
1886 4658 2167 4712 Dominum

592 4748 779 4818 (Eccli.
820 4764 979 4814 xxix,
1019 4747 1118 4821 15)
1144 4766 1157 4801 :
1186 4751 1272 4804 cui
1297 4758 1379 4805 est
1408 4748 1579 4804 honor
1605 4758 1658 4804 ct
1682 4748 1847 4820 gloria
1880 4748 1931 4803 in
1972 4748 2167 4804 saecula

591 4842 928 4896 saeculorum.
956 4842 1149 4896 Amen.

977 5012 1205 5069 SERMO
1243 5012 1608 5069 CCCLXXVII
1631 5020 1647 5036 ‘
1677 5015 1776 5084 (a).

1037 5147 1089 5192 tn
1107 5143 1399 5193 ascensione
1422 5142 1604 5191 Domini
1627 5140 1716 5204 (b).

666 5282 823 5336 1.-
864 5278 1081 5333 Verbum
1157 5279 1248 5334 Dei
1300 5280 1450 5350 digne
1507 5298 1539 5334 a
1600 5279 1740 5333 nobis
1802 5278 2003 5332 laudari
2066 5294 2169 5333 non

605 5382 786 5443 potest.
823 5371 1081 5437 Quomodo
1121 5372 1387 5424 exsultavit
1434 5372 1499 5424 ad
1540 5370 1837 5424 currendum
1882 5371 2031 5424 viam.
2065 5367 2168 5435 Cur

656 5567 673 5585 ‘
702 5564 989 5615 Emendatus
1009 5564 1067 5613 ad
1094 5563 1124 5611 f.
1150 5578 1224 5627 gr.
1260 5572 1312 5614 et
1342 5565 1400 5615 ad
1434 5572 1541 5616 Lov.

654 5648 725 5761 (rt)
759 5649 896 5701 Alias,
918 5648 981 5697 de
1003 5647 1212 5696 Diversis
1230 5649 1308 5697 57.

675 5708 727 5761 ω
756 5710 937 5759 titulus
957 5710 1004 5758 in
1045 5712 1240 5761 excusis
1277 5710 1501 5761 praeﬁxas
1524 5717 1644 5761 erat.
1680 5729 1702 5759 ς
1720 5718 1788 5761 De
1812 5713 1956 5761 Nativi

675 5708 727 5766 ὑ)
756 5710 937 5759 titulus
957 5710 1004 5758 in
1045 5712 1240 5766 excusis
1276 5710 1501 5785 praefixas
1524 5717 1644 5774 erat,
1680 5729 1702 5759 ς
1720 5718 1788 5762 De
1812 5713 2065 5765 Nativitate
2087 5720 2170 5764 Do-

1817 260 1874 315 S.
1916 253 2279 314 AUCUSTINI
2325 252 2618 309 lil‘lSCOi’l

3726 258 3866 317 1672

2272 389 2344 441 bis
2371 390 2421 441 in
2444 388 2652 443 Psalmo
2666 389 2872 453 dictum,
2899 387 3087 442 Tollite
3114 397 3311 461 portas,
3333 400 3498 444 etc.--
3520 391 3861 451 Dilectissiml

2272 476 2484 541 fratres,
2529 478 2597 533 de
2643 479 2812 533 Verbo
2841 488 3041 533 aeterno
3071 482 3190 549 quis
3223 483 3515 551 temporale
3543 484 3701 554 digne
3730 503 3861 555 pro-

2274 566 2409 621 ferat
2460 568 2720 621 verbum?
2762 568 2963 638 Magnis
3013 570 3190 623 intima
3234 573 3504 641 quomodo
3552 575 3861 630 sufficiant?

2274 654 2514 710 Laudant
2553 657 2694 723 emli,
2725 656 2941 712 laudant
2966 660 3212 723 virtutes,
3256 661 3470 715 laudant
3496 663 3732 719 aetheria:
3762 681 3863 735 po-

2275 755 2512 814 testates,
2557 748 2772 802 laudant
2809 750 2929 804 ρωιί
2976 750 3276 815 luminaria,
3321 752 3535 807 laudant
3577 756 3772 817 sidera,
3807 767 3864 810 nt

2274 847 2449 908 potest
2479 838 2659 892 laudat
2687 848 2742 893 et
2773 848 2912 893 terra
2956 857 2968 893 :
3007 856 3112 894 non
3144 851 3200 894 ut
3229 840 3388 911 digne
3414 843 3622 911 laudet,
3655 845 3752 899 sed
3796 863 3864 899 ne

2285 943 2344 983 se
2381 929 2580 998 ingrata
2608 929 2947 983 condemnet.
2977 930 3108 997 Quis
3136 931 3401 999 explicat,
3442 934 3560 1002 quis
3606 934 3859 1003 loquitur.

2278 1022 2399 1091 quis
2421 1022 2503 1075 vel
2528 1022 2668 1090 sapit
2714 1036 2834 1075 eum
2863 1021 2947 1090 qui
2973 1021 3180 1090 attingit
3222 1036 3250 1074 a
3279 1022 3382 1077 line
3410 1038 3575 1092 usque
3601 1025 3666 1078 ad
3700 1026 3861 1079 linem

2277 1112 2507 1177 fortiter,
2540 1120 2594 1163 ct
2625 1111 2858 1179 disponit
2901 1111 3080 1165 omnia
3123 1113 3356 1166 suaviter
3388 1113 3406 1183 (
3430 1113 3559 1183 Sap.
3587 1131 3678 1170 vttt
3702 1156 3718 1179 ,
3762 1116 3785 1169 1
3814 1116 3860 1186 ),

2283 1200 2552 1269 quomodo
2575 1201 2920 1256 exsultaverit
2946 1201 3013 1255 ad
3040 1200 3355 1256 currendum
3384 1204 3543 1271 viam,
3575 1213 3631 1258 ut
3656 1215 3797 1259 esset
3831 1221 3861 1259 τι

2276 1306 2487 1346 summo
2511 1292 2647 1348 cmlo
2674 1292 2913 1362 egressio
2935 1292 3070 1362 ejus,
3095 1302 3149 1347 et
3176 1307 3420 1349 recursus
3449 1295 3563 1364 ejus
3594 1312 3764 1365 usque
3793 1296 3863 1350 ad

2276 1396 2539 1436 summum
2565 1381 2684 1435 εαξΙί
2714 1379 2884 1449 (Psal.
2916 1397 3061 1447 xvtn,
3092 1383 3145 1445 6,
3171 1383 3266 1453 7)?
3292 1384 3348 1437 Si
3378 1372 3580 1453 ubique
3627 1386 3861 1456 attingit,

2275 1472 2417 1526 unde
2443 1471 2589 1525 exit?
2620 1471 2676 1525 Si
2716 1473 2908 1541 ubique
2938 1473 3184 1543 attingit,
3220 1489 3325 1543 quo
3366 1474 3545 1528 vadit?
3568 1476 3723 1529 Locis
3752 1492 3866 1531 non

2275 1561 2616 1628 distenditur,
2649 1576 2821 1631 neque
2850 1563 3177 1632 temporibus
3209 1565 3463 1630 variatur,
3499 1581 3670 1636 neque
3702 1566 3866 1620 habet

2276 1669 2523 1709 accessus
2562 1663 2617 1709 et
2656 1668 2899 1709 recessus
2933 1673 2944 1707 :
2980 1654 3031 1707 in
3062 1670 3122 1709 se
3159 1671 3401 1721 manens,
3444 1656 3637 1726 ubique
3673 1658 3864 1712 circuit

2278 1754 2438 1799 lotus.
2483 1745 2616 1813 Qua:
2645 1753 2769 1798 sunt
2795 1744 2963 1812 spatia
2994 1760 3112 1813 qua:
3144 1760 3248 1799 non
3278 1746 3473 1801 habent
3515 1748 3863 1817 omnipoten.

2276 1846 2405 1900 tem,
2424 1852 2540 1905 qua:
2560 1851 2665 1890 non
2690 1845 2871 1892 tenent
2893 1837 3229 1899 immentmm,
3249 1853 3367 1907 quae
3394 1856 3498 1892 non
3523 1841 3541 1872 ί
3563 1841 3863 1908 suscipiunt

2274 1926 2614 1980 venientem?
2647 1926 2703 1980 Si
2729 1926 2950 1979 verbum
2978 1926 3200 1995 cogitas,
3231 1927 3361 1981 nihil
3392 1928 3642 1999 diximus:
3674 1929 3776 1984 Sed
3805 1941 3863 1983 ut

2275 2016 2341 2070 de
2368 2031 2426 2070 se
2464 2016 2690 2070 humiles
2720 2016 2934 2070 doceret
2964 2017 3163 2086 aliquid
3204 2018 3401 2085 dicere,
3445 2019 3746 2074 humiliavit
3772 2036 3863 2075 se-

2277 2108 2560 2175 metipsum
2593 2107 2815 2160 formam
2842 2108 2979 2161 servi
3010 2110 3276 2178 accipiens
3325 2110 3587 2181 (Philipp.
3611 2129 3667 2180 ll,
3697 2114 3772 2180 8).
3805 2115 3859 2168 In

2277 2198 2377 2252 hac
2403 2198 2571 2252 forma
2596 2198 2902 2265 descendit,
2935 2200 2985 2253 in
3016 2201 3113 2254 hac
3140 2200 3329 2267 forma,
3363 2204 3651 2258 secundum
3681 2206 3860 2260 Evan-

2273 2287 2490 2359 gelium,
2520 2286 2793 2354 sapientia:
2826 2289 3003 2343 studio
3029 2291 3250 2358 profecit
3276 2290 3425 2360 (Luc.
3456 2308 3512 2358 ιε,
3542 2294 3654 2365 52),
3680 2296 3733 2349 in
3760 2295 3862 2351 hac

2274 2378 2447 2433 forma
2480 2375 2684 2447 patiens
2710 2379 2825 2441 fuit,
2856 2379 2907 2432 in
2938 2378 3036 2434 hac
3064 2378 3228 2434 forma
3259 2380 3465 2436 fortiter
3484 2383 3773 2449 dimicavit,
3800 2386 3856 2440 in

2275 2467 2375 2522 hac
2405 2468 2570 2523 forma
2601 2474 2839 2524 mortuus
2867 2476 2969 2534 est,
3001 2467 3053 2521 in
3082 2468 3182 2523 hac
3210 2469 3375 2524 forma
3413 2482 3635 2528 mortem
3660 2475 3780 2529 vicit
3807 2484 3860 2528 et

2273 2560 2584 2626 resurrexit,
2629 2561 2680 2614 in
2714 2561 2811 2615 hac
2835 2561 3000 2615 forma
3022 2562 3087 2616 ad
3109 2561 3302 2618 calum
3331 2558 3506 2633 rediit,
3529 2566 3616 2635 qui
3644 2566 3713 2621 de
3741 2583 3859 2622 οω-

2275 2648 2327 2704 Ιο
2368 2666 2636 2720 nunquam
2670 2652 2909 2706 recessit.
2954 2652 3271 2708 Benedictus
3300 2670 3427 2726 ergo
3453 2666 3535 2711 est
3573 2656 3625 2711 in
3656 2657 3858 2713 solida-

2278 2751 2461 2796 meuto
2486 2741 2630 2807 cmli,
2655 2742 2742 2811 qui
2771 2746 2933 2813 factus
2963 2752 3044 2796 est
3073 2760 3163 2811 pro
3190 2745 3351 2809 nolis,
3394 2746 3684 2801 secundum
3714 2749 3860 2818 Δρο-

2273 2833 2491 2898 stolum,
2533 2833 2849 2895 maledictus,
2878 2842 2933 2885 ut
2964 2834 3015 2886 in
3054 2832 3292 2887 Gentibus
3327 2835 3598 2890 benedictio
3642 2837 3858 2893 Abraha

2275 2923 2418 2991 ﬁeret
2453 2923 2471 2992 (
2496 2922 2665 2976 Galat.
2709 2938 2796 2989 ιιι,
2827 2923 2912 2985 l5,
2945 2923 3066 2992 14).
3101 2922 3389 2977 Exsultavit
3418 2927 3639 2999 ut_gigas
3667 2927 3686 2999 (
3710 2928 3855 2983 Psal.

2273 3027 2421 3078 xvttt,
2455 3014 2487 3067 ϐ
2513 3014 2553 3083 ).
2583 3014 2762 3079 Qualis
2792 3015 2980 3084 gigas?
3008 3016 3229 3069 Mortem
3260 2995 3536 3072 moriendo
3553 2995 3855 3089 superavit.

2216 3100 2221 3105 ⁷
2273 3103 2457 3172 Qualis
2483 3105 2663 3175 gigas?
2689 3106 2873 3159 Portas
2904 3104 3094 3160 inferat
3121 3106 3278 3176 fregit
3302 3125 3313 3160 :
3344 3109 3490 3175 exiit,
3513 3121 3566 3165 et
3593 3113 3855 3167 ascendit.

2272 3194 2404 3261 Quis
2431 3205 2512 3250 est
2543 3196 2643 3250 iste
2675 3212 2767 3250 rex
2806 3198 2989 3266 gloria:
3014 3239 3028 3262 ,
3068 3208 3286 3268 propter
3327 3216 3482 3269 quem
3530 3202 3729 3257 dictum
3777 3216 3858 3259 est

2273 3284 2587 3354 quibusdam
2626 3286 2971 3355 principibus,
3013 3287 3199 3341 Tollite
3231 3299 3421 3359 portas,
3465 3293 3736 3363 principes,
3772 3312 3856 3348 ve-

2272 3387 2404 3430 stras
2417 3393 2436 3443 ;
2460 3385 2505 3430 et
2540 3376 2803 3431 elevamini
2820 3419 2835 3443 ,
2862 3388 3021 3446 porta
3039 3388 3237 3432 aterna
3255 3381 3281 3433 ὶ)
3302 3381 3613 3448 Elevamini,
3636 3400 3858 3453 magnus

2273 3474 2394 3520 est:
2436 3476 2672 3535 angusta:
2712 3468 2873 3533 estis,
2908 3483 3012 3521 non
3052 3470 3268 3538 capitis,
3314 3471 3613 3526 elevamini.
3660 3473 3856 3544 thuitl

2274 3556 2412 3610 hoc?
2442 3555 2510 3610 Ut
2538 3557 2751 3610 introeat
2792 3573 2883 3611 rea:
2921 3558 3114 3628 gloria.
3158 3560 3527 3628 Expavescunt
3564 3580 3576 3614 :
3621 3563 3745 3629 Quis
3788 3575 3860 3618 est

2273 3645 2368 3701 iste
2385 3662 2477 3700 rea:
2498 3645 2712 3715 gloria?
2732 3647 2846 3701 Non
2875 3648 3195 3718 agnoscitm.
3229 3650 3342 3704 Non
3374 3652 3545 3706 solum
3574 3654 3714 3709 Deus
3740 3666 3824 3710 est
3842 3698 3855 3719 ,

2274 3735 2368 3791 sed
2396 3743 2452 3790 et
2474 3735 2635 3790 homo
2660 3753 2673 3788 :
2707 3752 2811 3790 non
2840 3738 3009 3791 solum
3035 3737 3198 3793 homo
3226 3749 3328 3805 est,
3362 3741 3455 3795 sed
3480 3752 3533 3795 ct
3563 3744 3718 3798 Deus.
3753 3745 3857 3798 Pa-

2281 3829 2430 3893 titur,
2455 3838 2601 3882 eerte
2630 3828 2770 3883 Deus
2793 3827 2907 3883 est?
2935 3829 3181 3899 resurgit,
3211 3841 3356 3886 certe
3381 3831 3539 3887 homo
3561 3834 3678 3888 est?
3697 3836 3777 3889 An
3807 3847 3859 3890 et

2284 3917 2426 3971 Deus
2451 3925 2507 3971 et
2535 3916 2694 3970 homo
2719 3918 2838 3971 est?
2864 3916 3002 3972 Vere
3028 3919 3169 3973 enim
3199 3921 3412 3988 patitur,
3440 3931 3493 3976 et
3517 3938 3643 3977 vere
3673 3940 3856 3979 resur-

2276 4006 2373 4076 git.
2408 4006 2519 4063 lloe
2544 4016 2724 4061 autem
2755 4007 2806 4061 in
2837 4024 2942 4062 uno
2977 4009 3272 4079 eodemque
3309 4012 3511 4080 psalmo
3538 4013 3619 4067 bis
3642 4014 3855 4079 dicitur,

2276 4096 2463 4152 Tollite
2499 4106 2692 4168 portas,
2722 4099 2972 4170 principes
2991 4140 3005 4165 ,
3038 4110 3226 4153 vestras
3244 4118 3262 4165 ;
3303 4111 3350 4155 et
3390 4103 3668 4169 eleramini,
3700 4114 3861 4172 porta

2278 4198 2500 4254 aterna,
2523 4198 2569 4242 et
2597 4189 2820 4243 introibit
2845 4207 2934 4244 rea:
2962 4190 3155 4261 gloria.
3185 4191 3255 4245 Et
3276 4196 3532 4263 repetitur
3556 4195 3656 4249 hoc
3686 4196 3859 4265 ipsum

2276 4286 2398 4348 post
2437 4279 2623 4335 eadem
2648 4279 2847 4346 verba,
2874 4290 3124 4350 tanquam
3169 4292 3380 4352 putetur
3437 4285 3760 4355 superﬂuum
3807 4298 3863 4343 et

2278 4386 2385 4428 non
2415 4372 2798 4431 necessarium.
2826 4371 2931 4428 Sed
2961 4373 3012 4427 in
3045 4376 3358 4443 repetitione
3395 4377 3700 4432 eorumdem
3735 4394 3863 4432 vcr—

2277 4462 2467 4519 borum
2499 4464 2633 4518 lines
2660 4463 2936 4527 attendite,
2968 4473 3021 4518 et
3053 4465 3311 4520 advertite
3350 4482 3513 4536 quare
3552 4468 3633 4523 bis
3659 4468 3861 4523 dictum

2286 4553 2465 4609 fuerit.
2512 4554 2785 4623 Tanquam
2828 4555 2969 4609 enim
3012 4557 3179 4610 semel
3222 4559 3516 4627 resurgenti
3541 4601 3554 4623 ,
3593 4568 3648 4614 et
3691 4562 3863 4615 semel

2277 4644 2623 4711 ascendenti,
2652 4646 2733 4700 bis
2759 4654 2925 4715 porta:
2953 4644 3244 4700 inferorum
3280 4658 3335 4701 et
3372 4649 3494 4703 coeli
3530 4650 3861 4718 aperiuntur.

2279 4735 2388 4814 Des
2412 4735 2554 4789 enim
2582 4749 2741 4800 nova,
2776 4733 2959 4790 inferis
2995 4737 3131 4791 Deus
3158 4746 3393 4806 pmsens
3419 4757 3432 4791 :
3460 4754 3548 4793 res
3574 4755 3731 4806 nova,
3753 4756 3862 4795 cm-

2280 4826 2348 4881 lis
2375 4825 2534 4879 homo
2560 4836 2884 4896 assumptus.
2916 4827 3154 4898 Utroque
3183 4838 3442 4897 tempore,
3471 4839 3695 4900 utroque
3719 4833 3861 4898 loco,

2276 4926 2637 4987 expavescunt
2664 4918 2952 4988 principes.
2982 4919 3106 4985 Quis
3134 4930 3207 4974 est
3234 4921 3327 4974 iste
3347 4938 3436 4976 rea:
3459 4922 3672 4992 gloria?
3710 4924 3875 4981 Unde.

2281 5007 2384 5061 hoc
2421 5006 2807 5063 discernimus?
2845 5008 2984 5063 Audi
3014 5008 3140 5078 quid
3179 5012 3418 5080 utrisque
3456 5014 3865 5082 respOndeatur.

2276 5097 2385 5154 lllis
2409 5098 2858 5170 interrogantibus
2888 5100 3100 5167 dicitur,
3129 5100 3377 5157 Dominus
3405 5106 3550 5175 fortis
3589 5115 3634 5159 et
3662 5118 3861 5175 potens,

2274 5188 2523 5245 Dominus
2568 5202 2742 5261 potens
2787 5192 2840 5245 in
2880 5191 3030 5248 bello.
3073 5192 3226 5261 Quali
3276 5194 3456 5251 bello?
3494 5196 3717 5253 Mortem
3767 5214 3864 5268 pro

2277 5282 2588 5338 mortalibus
2616 5283 2814 5349 subire,
2846 5282 3020 5337 solum
3058 5298 3156 5354 pro
3181 5286 3430 5343 omnibus
3457 5287 3595 5357 pati,
3628 5304 3736 5343 non
3780 5307 3866 5344 rc-

2260 5450 2415 5528 lmini.
2448 5494 2464 5525 ι
2504 5479 2719 5528 Mutatus
2738 5475 2819 5525 hic
2839 5479 2916 5523 est
2946 5475 3007 5525 ad
3047 5474 3350 5535 exemplaria
3385 5476 3575 5524 vetera,
3599 5466 3644 5515 id
3678 5471 3775 5524 est,
3803 5464 3863 5535 ad

2282 5541 2588 5599 lectionaria,
2620 5542 2670 5587 in
2700 5551 2799 5600 quo
2820 5531 3406 5603 solomanuscriptorum
3442 5531 3865 5603 generarepe'ri-

2280 5615 2388 5651 mus
2418 5604 2548 5651 hunc
2574 5590 2885 5660 sermonem,
2917 5598 2976 5648 ab
3010 5598 3123 5661 istis
3156 5590 3476 5661 incipientem
3517 5592 3756 5661 verbisgni
3788 5590 3863 5639 De

2281 5666 2433 5713 verbo
2472 5673 2679 5721 aeterno,
2707 5678 2725 5710 ι
2755 5652 3042 5725 ete._'Habet
3064 5652 3615 5725 aliquid'Augustiniani
3639 5652 3765 5725 stili.

2347 5726 2364 5757 ¹
2394 5726 2503 5778 Hoc
2525 5726 2633 5776 loco
2664 5722 2904 5787 particula
2943 5734 3131 5785 negans
3153 5722 3295 5772 abest
3318 5734 3344 5769 a
3368 5721 3735 5778 manuscriptis.
