3996 6454
265 257 404 316 1673

258 374 450 430 sistere
474 372 904 444 omnipotentem,
941 385 996 431 et
1037 384 1214 432 tamen
1255 379 1464 435 vincere
1492 380 1826 435 morientem.

261 462 479 532 Magnus
520 477 646 532 ergo
689 464 788 518 iste
832 480 923 518 rex
961 465 1180 535 gloriae,
1224 468 1381 522 etiam
1425 469 1561 540 apud
1610 469 1825 524 inferos.

260 552 536 621 Repetitur
561 554 721 608 etiam
763 553 863 609 hoc
892 557 1200 611 caelestibus
1230 559 1614 628 potestatibus:
1651 559 1830 614 Tollite

256 649 446 708 portas,
490 642 761 713 principes,
797 653 1018 710 vestras;
1043 655 1089 698 et
1118 646 1396 712 elevamiui,
1429 659 1586 717 porta:
1605 659 1824 704 teternw.

252 732 442 809 Annon
487 743 611 787 sunt
639 743 804 803 porta:
847 744 1100 804 aeternae,
1144 752 1366 806 quarum
1410 740 1584 794 claves
1626 743 1828 809 accepit

251 805 478 876 Petrus?
516 821 620 876 Sed
663 824 784 892 quia
839 839 1019 879 secum
1064 805 1331 882 hominem
1377 827 1547 892 levat,
1588 829 1660 883 ibi
1706 805 1822 883 tan-

245 924 406 980 quam
436 925 540 964 non
578 897 787 982 agnitus
819 914 1016 970 dicitur
1053 932 1067 969 :
1118 915 1244 979 Quis
1271 925 1344 970 est
1372 917 1466 971 iste
1493 935 1582 972 rex
1606 919 1825 990 gloria?

244 997 353 1053 Sed
381 999 452 1054 ibi
481 1001 604 1070 quia
641 1017 748 1057 non
787 1003 897 1072 jam
940 1014 1191 1072 certator,
1235 1006 1328 1062 sed
1357 1008 1526 1062 victor
1549 1019 1665 1074 est,
1697 1011 1822 1079 quia

243 1101 352 1142 non
397 1089 633 1158 dimicat,
683 1092 778 1148 sed
819 1094 1134 1164 triumphat;
1181 1111 1286 1150 non
1333 1097 1402 1151 ibi
1445 1100 1817 1168 respondetur,

242 1175 496 1233 Dominus
527 1193 700 1250 potens
728 1183 782 1236 in
809 1183 972 1249 bello;
1012 1185 1128 1251 sed,
1157 1184 1401 1242 Dominus
1444 1189 1678 1242 virtutum
1713 1190 1820 1262 ipse

237 1277 313 1321 est
343 1286 431 1323 rex
453 1270 630 1340 gloriae
655 1274 671 1342 (
693 1271 833 1327 Psal.
862 1289 1010 1340 χχιιι,
1041 1275 1169 1330 7-10
1188 1275 1244 1345 )?

614 1448 843 1507 SERMO
880 1449 1265 1508 CCCLXXVIII
1303 1459 1320 1477 ο
1346 1454 1440 1526 (α).

731 1612 780 1654 In
801 1605 882 1656 die
905 1613 1218 1658 Pentecostes
1239 1607 1327 1673 (b).

305 1746 536 1801 Charitas
561 1747 765 1814 e/I'ectus
797 1751 1075 1818 praesentiat
1100 1751 1323 1822 Spiritus
1358 1755 1540 1808 sancti.
1587 1754 1810 1826 Spiritus

232 1849 440 1892 sanctus
465 1839 617 1893 arrlta
638 1842 750 1895 vitw
776 1852 997 1896 internae.
1028 1843 1246 1897 Arrltam
1267 1846 1395 1898 inter
1426 1856 1472 1899 et
1498 1847 1677 1917 pignus
1701 1849 1807 1903 dis-

227 1931 438 1982 crimen.
473 1929 634 1983 Datur
662 1933 815 1986 arrlta
844 1933 957 1986 vitta
982 1942 1202 1998 teter-nte,
1228 1944 1282 1987 ut
1310 1952 1420 1989 eam
1449 1936 1803 1992 desideremus.

227 2019 390 2072 Grata
435 2030 517 2073 est
548 2021 653 2075 Deo
691 2022 1019 2089 solemnitas,
1045 2024 1130 2077 ubi
1167 2025 1304 2094 viget
1333 2026 1530 2094 pietas,
1559 2037 1609 2081 et
1638 2029 1804 2083 fervet

221 2109 476 2162 charitas.
519 2109 635 2178 Ipse
675 2111 817 2164 enim
861 2120 942 2165 est
988 2112 1206 2168 effectus
1253 2117 1549 2184 praesentize
1576 2117 1804 2185 Spiritus

219 2197 394 2250 sancti
430 2216 442 2251 :
474 2198 613 2267 quod
657 2198 813 2253 docet
855 2203 1140 2269 Apostolus
1176 2202 1393 2270 dicens,
1433 2205 1666 2260 Charitas
1706 2206 1802 2260 Dei

218 2286 415 2352 di/fusa
435 2299 508 2342 est
527 2290 580 2342 in
609 2291 844 2343 cordibus
868 2293 1052 2346 nostris
1073 2309 1161 2362 per
1187 2293 1437 2363 Spiritum
1460 2306 1690 2350 sanctum
1717 2301 1804 2369 qui

218 2378 373 2431 datus
407 2389 479 2432 est
507 2380 647 2432 nobis
682 2379 858 2450 (Rom.
892 2396 925 2434 v
947 2422 961 2446 ,
1003 2382 1081 2452 5).
1111 2383 1386 2439 Adventus
1412 2402 1538 2456 ergo
1571 2386 1801 2457 Spiritus

217 2470 390 2524 sancti
422 2485 524 2522 uno
553 2470 604 2524 in
631 2470 746 2525 loco
766 2480 977 2527 centum
1007 2473 1190 2543 viginti
1217 2475 1458 2531 homines
1484 2480 1801 2534 constitutos

217 2560 478 2628 implevit.
509 2560 640 2614 Cum
682 2564 843 2616 Actus
867 2563 1241 2632 Apostolorum
1280 2565 1614 2635 legerentur,
1646 2569 1798 2624 audi-

216 2650 428 2716 vimus,
473 2649 638 2704 Erant
678 2654 979 2722 congregati
1021 2653 1078 2707 in
1117 2670 1277 2708 unum
1320 2667 1532 2710 centum
1573 2659 1794 2728 viginti,

218 2752 465 2798 tenentes
505 2745 824 2812 promissum
869 2745 1066 2800 Christi
1103 2746 1237 2817 (Act.
1272 2764 1287 2800 ι
1326 2758 1372 2800 ει
1414 2748 1498 2819 II).
1546 2749 1799 2804 Dixerant

214 2833 362 2886 enim
390 2843 446 2886 ut
471 2843 651 2888 essent
679 2835 733 2887 in
757 2834 986 2900 civitate,
1015 2851 1288 2906 quousque
1317 2837 1662 2893 iuduercntur
1685 2841 1795 2894 vir-

215 2931 334 2977 tute
367 2938 434 2978 ex
469 2923 598 2978 alto.
634 2922 747 2992 Ego
776 2925 936 2991 enim,
968 2926 1164 2995 inquit,
1194 2928 1388 2981 mittam
1418 2931 1796 2998 promissionem

213 3031 382 3068 meam
424 3016 477 3068 in
515 3017 650 3070 nobis
679 3016 827 3086 (Luc.
869 3033 1030 3085 xxw,
1076 3020 1188 3085 49).
1228 3021 1426 3077 Fidelis
1467 3025 1790 3093 promissor,

213 3104 477 3174 benignus
506 3107 676 3160 dator.
705 3108 854 3175 Quod
893 3125 1013 3162 cum
1056 3111 1108 3164 in
1149 3121 1289 3166 terra
1331 3125 1474 3169 esset
1513 3118 1791 3185 promisit,

212 3197 269 3248 in
300 3197 492 3251 malum
529 3199 768 3252 ascendit
801 3208 853 3253 et
889 3201 1052 3255 misit.
1092 3201 1356 3258 Habemus
1390 3205 1578 3276 pignus
1603 3207 1792 3262 futura:

211 3286 337 3338 vitae
374 3296 586 3341 aeterme
626 3288 877 3358 regnique
918 3290 1198 3345 etelorum.
1244 3293 1359 3348 Non
1398 3310 1496 3349 nos
1532 3294 1791 3351 fraudavit

211 3379 414 3431 recenti
445 3379 815 3447 promissione,
846 3389 901 3435 et
926 3381 1262 3438 fraudaturus
1287 3394 1371 3440 est
1395 3385 1570 3441 futura
1603 3403 1789 3457 exspe-

207 3468 478 3522 elatione?
506 3468 704 3524 Omnes
733 3469 976 3526 homines
1014 3475 1225 3542 quando
1270 3475 1482 3544 aliquod
1522 3480 1788 3546 negotium

208 3561 355 3614 inter
391 3575 449 3614 se
488 3561 836 3628 contrahunt,
867 3573 921 3618 et
956 3567 1246 3635 pccuniarii
1274 3570 1467 3637 negotii
1505 3571 1790 3638 sponsione

210 3651 549 3717 relaxantur,
584 3653 898 3723 plerumque
931 3658 1196 3726 accipiunt
1225 3659 1437 3714 arrham
1462 3702 1477 3726 ,
1506 3663 1587 3715 vel
1617 3662 1744 3715 dant
1773 3680 1786 3716 :

206 3750 266 3795 et
291 3741 444 3796 arrba
474 3743 595 3797 data
627 3744 784 3800 fidem
813 3747 968 3812 facit,
995 3749 1154 3803 etiam
1181 3766 1292 3805 rem
1322 3753 1464 3806 illam
1495 3769 1614 3809 esse
1641 3770 1791 3810 secu-

209 3843 424 3899 turam,
466 3835 616 3904 cujus
657 3838 814 3893 arrha
852 3845 1143 3910 praecessit.
1184 3846 1411 3899 Arrham
1453 3848 1605 3902 nobis
1645 3851 1791 3905 dedit

207 3923 458 3978 Christus
492 3925 745 3995 Spiritum
782 3941 1021 3984 sanctum
1055 3951 1068 3985 :
1097 3941 1152 3988 et
1192 3936 1281 4004 qui
1321 3935 1505 3992 fallere
1543 3953 1640 3992 nos
1682 3957 1788 3996 non

209 4013 417 4081 possit,
449 4030 667 4069 securos
707 4028 880 4072 tamen
922 4019 1079 4088 fecit,
1119 4025 1330 4092 quando
1367 4027 1578 4082 arrham
1608 4029 1783 4098 dedit,

206 4119 372 4172 quam
403 4106 502 4158 etsi
531 4121 634 4160 non
664 4107 831 4174 daret,
865 4110 980 4165 sine
1004 4111 1165 4166 dubio
1189 4115 1327 4184 quod
1355 4118 1670 4184 promiserat
1695 4135 1788 4175 ex-

207 4197 438 4251 hiberet.
459 4197 592 4264 Quid
615 4201 894 4268 promisit?
919 4201 1090 4257 Vitam
1111 4214 1387 4274 aeternam,
1404 4209 1553 4278 cujus
1573 4211 1784 4266 arrham

206 4289 464 4358 Spiritum
497 4299 736 4344 sanctum
775 4291 941 4347 dedit.
978 4293 1095 4348 Vita
1123 4305 1320 4350 aeterna
1345 4301 1612 4368 possessio
1639 4302 1787 4359 habi-

208 4379 436 4434 tantiqu
471 4397 484 4432 :
512 4379 668 4433 arrha
690 4383 984 4439 consolatio
1005 4395 1086 4439 est
1107 4390 1572 4458 peregrinantium.
1599 4393 1786 4450 Melius

207 4470 357 4525 enim
387 4470 579 4526 dicitur
607 4473 765 4527 arrha
795 4490 950 4544 quam
975 4477 1182 4546 pignus.
1205 4480 1330 4535 Haec
1348 4484 1487 4537 enim
1515 4485 1620 4539 duo
1639 4488 1786 4541 simi-

207 4564 279 4617 lia
309 4563 554 4618 videntur
582 4566 717 4620 inter
741 4581 832 4632 se;
859 4567 952 4622 sed
980 4577 1156 4626 tamen
1187 4571 1384 4628 habent
1418 4575 1646 4648 aliquam
1677 4578 1783 4632 dif-

206 4654 486 4708 ferentiam
518 4670 622 4709 non
655 4657 1039 4727 uegligendam.
1063 4663 1128 4715 Et
1153 4665 1339 4733 pignus
1361 4669 1570 4735 quando
1591 4669 1746 4724 datur
1763 4710 1780 4737 ,

202 4753 262 4800 et
300 4745 454 4797 arrha
484 4747 693 4814 quando
722 4747 904 4814 datur,
938 4749 1057 4804 ideo
1080 4751 1168 4818 fit,
1208 4763 1262 4807 ut
1294 4757 1434 4824 quod
1463 4759 1784 4826 promittitur

205 4837 492 4904 impleatur
522 4855 534 4890 :
563 4838 655 4893 sed
696 4840 908 4909 quando
943 4841 1098 4896 datur
1139 4847 1361 4914 pignus,
1410 4849 1582 4904 reddit
1624 4852 1782 4908 homo

203 4925 349 4996 quod
379 4929 615 4996 accepit,
657 4946 714 4983 re
748 4933 1008 5001 completa
1037 4946 1254 5004 propter
1281 4953 1436 5006 quam
1467 4942 1656 5011 pignus
1690 4959 1782 4998 ac-

201 5017 387 5086 cepit;
418 5019 573 5071 arrha
605 5029 782 5074 autem
807 5022 1018 5090 quando
1045 5023 1219 5090 datur,
1248 5041 1353 5080 non
1383 5030 1656 5098 recipitur,
1687 5033 1782 5096 sed

202 5109 586 5176 supr-radditur
614 5121 671 5164 ut
701 5113 1000 5182 impleatur.
1046 5116 1271 5171 Arrham
1316 5135 1442 5189 ergo
1483 5123 1736 5177 habemus
1765 5142 1778 5176 :

207 5201 383 5267 ipsum
411 5197 633 5265 fontem,
667 5200 805 5256 unde
829 5203 982 5257 arrba
1013 5215 1115 5272 est,
1143 5207 1399 5262 sitiamus.
1435 5211 1656 5265 Arrham
1685 5212 1780 5267 ha-

269 5372 286 5390 ⁹
323 5372 612 5422 amendatos
633 5375 691 5422 ad
713 5376 774 5426 cl.
804 5389 846 5426 r.
871 5387 906 5427 t.
933 5387 1028 5428 vat.
1042 5395 1088 5429 v.
1113 5390 1162 5432 et
1185 5383 1243 5431 ad
1270 5387 1403 5448 \‘ign.

269 5452 342 5511 ta)
376 5450 533 5512 Alias,
554 5455 681 5504 inter
715 5458 1023 5518 \‘ignerianos
1055 5461 1132 5510 2L

268 5531 656 5618 5.91.53’33321SEP
679 5543 1052 5618 “fuﬁum”
1078 5554 1154 5594 εει
1177 5555 1298 5618 .391
1319 5548 1518 5618 alicuius
1540 5555 1587 5604 in
1635 5556 1782 5618 ipsius

205 5593 435 5674 legetis)
458 5598 636 5674 versati
645 5633 674 5674 ιδ
701 5600 867 5648 Confer
876 5593 1164 5655 sermonem
1180 5593 1190 5604 ’
1208 5593 1297 5669 ἐξὲξ
1309 5593 1587 5674 .Sil'sj'ei"

207 5664 324 5702 nent
348 5654 451 5713 158,
486 5669 591 5717 cap.
619 5659 693 5706 15.

503 5747 767 5807 ΡΑτιιοιι.
820 5751 869 5809 Χ
885 5754 932 5810 Χ
949 5756 1106 5819 XIX.

1583 269 1806 326 SERMO
1845 270 2208 325 CCCLXXIX.

3383 293 3510 350 1676

1940 379 2126 433 bemus
2183 384 2541 451 aspersionem
2592 389 2870 458 quamdam
2923 393 2977 450 in
3025 397 3273 454 cordibus
3315 407 3511 458 nostris

1937 467 2164 536 Spiritus
2192 473 2360 524 sancti
2391 488 2406 526 :
2436 475 2480 527 si
2506 476 2621 544 quis
2647 480 2807 534 sentit
2836 481 2976 538 hunc
3005 500 3178 540 rorem
3199 528 3214 554 ,
3243 488 3509 548 desideret

1934 554 2154 611 fontem.
2188 558 2379 628 thuid
2406 563 2546 616 enim
2575 565 2828 622 habemus
2855 573 3094 640 arrham,
3138 577 3238 631 nisi
3266 595 3333 634 ne
3368 580 3507 637 fame

1930 657 1984 702 et
2021 649 2110 702 siti
2156 650 2209 704 in
2254 652 2351 705 hac
2393 657 2817 723 peregrinatione
2845 661 3189 720 deﬁciamus?
3229 669 3506 726 Esurimus

1926 737 2070 791 enim
2113 748 2166 793 et
2211 741 2452 806 sitimus,
2495 745 2538 796 si
2583 754 2755 801 tamen
2804 755 3198 820 peregrinantes
3244 774 3342 813 nos
3385 775 3506 817 esse

1925 829 2311 894 Cognoscimus.
2355 831 2456 897 Qui
2494 836 2888 904 peregrinatur,
2922 849 2975 894 et
3007 845 3152 898 novit
3177 860 3234 900 se
3264 851 3503 919 peregri-

1926 916 2059 981 nari,
2083 916 2350 972 desiderat
2375 923 2625 989 patriam;
2649 941 2804 994 quam
2826 928 2950 983 dum
2972 931 3257 1004 desiderat,
3281 916 3502 996 molesta

1923 1013 2006 1058 cst
2031 1009 2408 1077 peregrinatio.
2447 1011 2500 1065 Si
2531 1025 2673 1067 amat
2701 1020 3197 1090 peregrinationem,
3225 1028 3497 1083 oblivisci-

1923 1103 2009 1150 tur
2030 1100 2250 1165 patriam
2272 1141 2285 1164 ,
2315 1110 2368 1154 et
2399 1117 2502 1155 non
2533 1110 2646 1159 vult
2688 1108 2882 1164 redire.
2911 1112 3025 1168 Non
3061 1124 3143 1169 est
3178 1119 3295 1172 talis
3333 1125 3495 1189 patria

1921 1195 2124 1254 nostra,
2151 1191 2234 1244 cui
2255 1192 2451 1261 aliquid
2483 1210 2871 1264 praeponamus.
2903 1203 3197 1271 Aliquando
3223 1210 3365 1264 enim
3398 1211 3497 1265 ho-

1917 1275 2087 1330 mines
2116 1278 2238 1331 dum
2267 1283 2704 1349 peregrinantur,
2736 1288 2924 1344 divites
2956 1292 3105 1346 ﬁunt.
3137 1293 3236 1361 Qui
3271 1300 3496 1367 egebant

1916 1364 1974 1418 in
1997 1367 2165 1436 patria
2191 1379 2308 1431 sua,
2343 1373 2765 1440 peregrinatione
2794 1377 3080 1448 ditcscunt,
3110 1393 3162 1437 et
3187 1364 3362 1441 redire
3393 1404 3493 1441 no-

1916 1455 2048 1507 lunt.
2077 1455 2182 1509 Nos
2210 1472 2237 1509 a
2269 1459 2490 1514 Domino
2527 1473 2742 1530 nostro,
2771 1481 2838 1521 ex
2864 1483 2969 1536 quo
3008 1471 3281 1542 inSpiravit
3319 1478 3493 1545 primo

1915 1543 2116 1599 homini
2137 1546 2317 1602 flatum
2347 1551 2465 1604 vitae
2484 1592 2498 1615 ,
2524 1558 2920 1624 peregrinantes
2940 1575 3126 1617 omnes
3153 1566 3260 1620 nati
3285 1543 3488 1624 sumus.

1911 1632 2087 1689 Patria
2118 1648 2299 1692 nostra
2338 1641 2390 1692 in
2425 1643 2576 1696 caelis
2615 1655 2730 1712 est,
2771 1649 2920 1704 cives
2949 1653 3157 1721 Angeli.
3203 1656 3279 1711 De
3320 1660 3487 1726 patria

1911 1733 2112 1791 nostra,
2134 1736 2190 1780 ut
2209 1728 2274 1781 ad
2297 1730 2523 1784 reditum
2546 1735 2907 1805 exhortamur,
2928 1741 3117 1798 littera:
3141 1748 3291 1802 nobis
3313 1752 3489 1806 missa:

1908 1823 2061 1878 sunt,
2107 1831 2225 1885 quae
2271 1820 2504 1887 quotidie
2551 1822 2602 1876 in
2652 1828 2856 1894 p0pulis
2901 1833 3214 1888 recitantur.
3260 1837 3488 1894 Vilescat

1909 1903 2158 1980 mundus,
2186 1916 2394 1961 ametur
2421 1924 2452 1962 a
2476 1926 2580 1978 quo
2608 1913 2774 1970 factus
2801 1928 2883 1972 est
2912 1920 3141 1978 mundus
3169 1926 3267 1995 (ιι).

2297 2055 2525 2113 SERMO
2563 2059 2905 2121 CCCLXXIX
2938 2072 2954 2092 ⁶
2995 2070 3090 2142 (b).

2215 2192 2263 2234 In
2285 2189 2537 2241 nativitate
2570 2197 2764 2246 Joannis
2785 2201 3022 2263 Baptistae,
3045 2219 3061 2254 ι
3085 2204 3172 2268 (c).

1974 2305 2200 2362 Joannes
2227 2318 2330 2362 tant
2349 2327 2562 2382 magnus
2587 2317 2765 2384 homo,
2798 2329 2852 2374 ut
2873 2322 3123 2380 Christum
3151 2328 3312 2384 Deum
3346 2352 3480 2404 prte-

1902 2396 2114 2451 diearet.
2165 2400 2267 2454 Cur
2288 2405 2548 2471 prapheta:
2583 2418 2655 2462 tot
2689 2423 2806 2466 ante
2845 2431 2934 2482 per
2961 2415 3214 2474 Christum
3249 2396 3479 2493 prtemis-

1900 2487 1964 2540 si.
2006 2488 2197 2543 Beatus
2234 2490 2487 2560 Joannes,
2535 2498 2722 2553 fratres
2761 2501 3080 2572 charissimi,
3125 2487 3276 2580 cujus
3319 2517 3478 2570 hodie

1900 2577 2229 2632 nativitatem
2271 2581 2638 2653 celebramus,
2689 2596 2793 2643 tam
2841 2607 3062 2663 magnus
3103 2577 3303 2654 exstitit
3342 2605 3479 2659 inter

1898 2665 2176 2735 homines,
2208 2679 2264 2725 ut
2305 2672 2559 2728 Dominus
2600 2687 2779 2734 uester
2805 2680 2961 2737 .lesus
2999 2683 3246 2744 Christus
3285 2695 3388 2748 tale
3426 2698 3472 2748 ei

1900 2758 2257 2812 testimonium
2279 2763 2603 2831 perhiberet,
2631 2767 2816 2824 dicens
2841 2787 2854 2823 :
2879 2771 3020 2827 Inter
3045 2786 3189 2832 natos
3209 2782 3475 2835 mulierum

1896 2861 1999 2899 non
2037 2850 2254 2902 surrexit
2296 2852 2460 2920 major
2498 2854 2700 2909 Joanne
2734 2857 2965 2930 Baptista
2993 2862 3202 2935 (Matth.
3241 2885 3326 2936 χι,
3359 2872 3471 2941 Η).

1897 2937 2228 3003 Audivimus,
2255 2955 2375 2994 cum
2403 2944 2742 3015 Evangelium
2764 2951 3050 3022 legeretur,
3069 2974 3228 3027 quam
3261 2937 3474 3017 mirabi-

1896 3029 2017 3083 liter
2062 3029 2222 3085 fuerit
2264 3048 2326 3085 ex
2384 3033 2754 3105 desperatione
2804 3057 3130 3115 conceptus,
3176 3059 3230 3105 et
3275 3065 3474 3123 quanto

1893 3118 2122 3190 Spiritus
2155 3123 2323 3176 sancti
2371 3129 2672 3182 testimonio
2698 3144 3022 3198 procreatus.
3056 3139 3213 3195 Pater
3251 3118 3368 3212 ejus
3407 3161 3473 3200 eo

1892 3207 2035 3277 quod
2071 3223 2178 3262 non
2223 3211 2483 3278 credidit,
2527 3216 2805 3274 obmutuit.
2839 3223 3195 3284 Annuutiatus
3221 3207 3347 3301 ergo
3377 3249 3472 3302 per

1892 3297 2184 3367 Angelum,
2230 3309 2285 3354 et
2327 3317 2432 3356 non
2482 3305 2745 3374 creditus,
2793 3313 2956 3379 patris
2998 3331 3183 3372 vocem
3219 3297 3466 3386 abstuiit,

1891 3397 2049 3440 natus
2079 3389 2307 3458 linguam
2339 3395 2555 3466 resolvit
2585 3397 2736 3467 (Luc.
2770 3399 2844 3471 I).
2865 3404 3104 3474 Accipite
3129 3424 3257 3479 ergo
3286 3412 3340 3465 in
3365 3413 3472 3466 hu-
3500 3453 3503 3456 -

1887 3475 1974 3544 jus
2000 3478 2076 3531 rei
2104 3482 2358 3548 mysterio
2387 3499 2634 3553 magnum
2675 3504 3084 3550 sacramentum.
3117 3475 3255 3554 Ante
3285 3502 3467 3556 Domi-

1891 3580 2016 3618 num
2052 3567 2233 3621 .lesum
2268 3569 2536 3626 Christum
2577 3575 2806 3633 Joannes
2845 3585 3150 3648 przemissus
3178 3597 3288 3653 est,
3319 3590 3466 3646 missi

1890 3663 2014 3708 sunt
2045 3655 2322 3724 Propheta:
2353 3675 2448 3728 per
2481 3665 2756 3731 superiora
2791 3670 2984 3723 sa'cula
3003 3712 3018 3735 ,
3050 3689 3148 3728 nec
3186 3676 3464 3734 defuerunt

1887 3743 1979 3812 qui
2007 3742 2276 3799 Christum
2309 3748 2676 3814 praedicarent.
2723 3755 2920 3811 Tantus
2958 3761 3100 3815 enim
3139 3764 3301 3832 judex
3329 3784 3450 3824 ven-

1890 3841 2039 3887 turus
2078 3843 2228 3901 erat,
2264 3845 2320 3889 ut
2348 3839 2498 3892 tnulti
2531 3840 2786 3898 deberent
2828 3851 3016 3914 prteire
3059 3869 3349 3921 prtecoues.
3383 3863 3466 3915 Ah

1887 3922 2006 3991 ipso
2050 3939 2266 3991 prorsus
2311 3929 2532 3983 exordio
2574 3937 2783 4001 generis
2827 3937 3041 3996 humani
3083 3961 3185 3999 non
3231 3955 3464 4006 cessavit

1888 4026 1948 4066 se
1987 4012 2231 4068 Christus
2269 4017 2624 4087 prophetare,
2665 4032 2720 4077 et
2756 4035 3038 4085 venturum
3081 4041 3459 4101 pramuntiare.

1885 4100 2186 4158 Novissime
2215 4107 2410 4161 missus
2435 4123 2517 4163 ρει
2543 4111 2774 4170 Joannes
2805 4118 2982 4187 homo,
3007 4100 3101 4178 sed
3122 4144 3227 4196 quo
3247 4129 3463 4189 homine

1888 4193 2064 4247 nullus
2093 4196 2294 4249 exstitit
2318 4199 2506 4266 major.
2551 4202 2814 4261 Venturos
2849 4220 2964 4264 erat
2989 4193 3246 4275 Dominus
3268 4221 3424 4279 Jesus
3445 4268 3457 4285 .

1889 4297 1995 4336 non
2029 4282 2188 4337 homo
2221 4295 2422 4340 tantum
2443 4327 2457 4353 ,
2496 4291 2589 4344 sed
2626 4302 2681 4346 et
2723 4295 2863 4352 Deus
2894 4317 2908 4352 :
2939 4302 3119 4372 utique
3147 4317 3202 4361 et
3231 4310 3370 4366 Deus
3409 4282 3462 4368 et

1889 4370 2050 4426 homo
2082 4389 2096 4437 ;
2133 4373 2273 4428 Deus
2300 4392 2543 4446 semper,
2585 4382 2650 4434 ad
2697 4392 2903 4455 tempus
2942 4370 3132 4458 homo;
3167 4397 3305 4454 Deus
3340 4414 3462 4458 ante

1889 4469 2149 4530 tempora,
2179 4465 2340 4519 homo
2370 4467 2420 4520 in
2449 4468 2552 4524 fine
2576 4481 2908 4544 temporum;
2941 4481 3079 4538 Deus
3096 4498 3221 4543 ante
3245 4495 3457 4562 saecula,

1888 4548 2048 4605 homo
2068 4551 2120 4604 in
2145 4551 2248 4607 fmc
2275 4557 2473 4610 smculi.
2499 4558 2642 4615 Deus
2666 4564 2756 4631 qui
2784 4567 3050 4626 hominem
3070 4573 3214 4643 fecit,
3245 4548 3463 4651 proptei'

1889 4638 2156 4696 hominem
2179 4644 2422 4713 dignatus
2443 4659 2525 4702 est
2543 4647 2704 4706 homo
2724 4655 2860 4724 ﬁeri,
2883 4675 3038 4729 quem
3061 4638 3210 4720 fecit.
3229 4638 3463 4728 Veniuro

1885 4745 2013 4800 ergo
2043 4732 2266 4785 Domino
2293 4734 2418 4788 Jcsu
2447 4737 2660 4794 Christo
2680 4784 2694 4803 ,
2726 4747 2816 4813 qui
2848 4749 2962 4816 plus
2986 4763 3065 4806 est
3093 4771 3249 4824 quam
3277 4760 3456 4829 homo,

1885 4835 1952 4874 ne
1981 4829 2252 4889 putaretur
2280 4834 2481 4879 tantum
2507 4844 2626 4883 esse
2657 4833 2848 4898 homo,
2893 4843 3250 4902 testimOnium
3280 4852 3462 4908 debuit

1885 4907 1962 4960 illi
1996 4910 2275 4977 perhibere
2303 4929 2522 4983 magnus
2553 4917 2732 4975 homo.
2762 4922 3002 4984 Christus
3023 4973 3036 4996 ,
3067 4933 3279 5005 inquam
3303 4982 3318 5006 ,
3348 4907 3457 4998 Do;

1883 4997 2079 5064 minus,
2103 5014 2208 5051 non
2237 5009 2438 5056 tantum
2470 5005 2628 5070 Deus,
2659 5012 2752 5065 sed
2778 5024 2831 5067 et
2855 5017 2994 5073 Deus
3017 4997 3255 5081 et-homo
3279 4997 3458 5088 :vDeus

1883 5087 1973 5154 qui
2013 5101 2111 5140 nos
2151 5089 2303 5152 fecit,
2334 5091 2494 5148 homo
2531 5098 2618 5166 qui
2661 5116 2759 5154 nos
2795 5106 2994 5162 refecit.
3025 5111 3256 5172 Joannes
3282 5087 3457 5178 autem

1886 5173 2045 5228 homo
2075 5185 2299 5244 tantum,
2323 5182 2414 5235 sed
2445 5197 2671 5253 quantus
2701 5189 2902 5248 homo?
2933 5201 3068 5256 Audi
3102 5205 3168 5259 de
3203 5224 3266 5262 eo

1885 5276 1939 5320 et
1965 5267 2233 5324 hominem
2262 5272 2546 5329 dicentem.
2578 5279 2621 5332 0
2651 5281 2872 5341 Domine
2913 5288 3040 5346 Jesu
3068 5294 3312 5367 Christe,
3340 5303 3458 5371 quis

1947 5425 1963 5439 '
1998 5423 2282 5475 Emendatus
2308 5427 2366 5476 ad
2389 5442 2428 5477 r.
2457 5438 2492 5480 t.
2518 5445 2565 5481 v.
2594 5443 2644 5485 et
2665 5437 2724 5486 ad
2749 5441 2883 5502 vign.

1947 5503 2018 5592 ςςξξ
2053 5505 2171 5592 ξ’ξξξκξ
2189 5521 2335 5592 εξεξξιξι
2362 5510 2440 5592 εἶ-ἕρ
2459 5527 2571 5587 σερε,
2587 5517 2633 5576 8,
2663 5529 2883 5592 ctuserm.
2909 5527 3012 5587 156,
3035 5541 3138 5592 cap.
3170 5530 3241 5580 ιδ.

1946 5564 2016 5638 ib)
2049 5565 2192 5638 Alias,
2219 5572 2345 5621 inter
2384 5564 2764 5638 \‘iguérianos'i

1882 5631 2193 5738 “ﬁgulatum
2215 5631 2461 5683 sermonis
2475 5638 2614 5687 stilus
2635 5655 2730 5690 non
2768 5644 2972 5694 multum
2993 5647 3191 5700 dissidet
3214 5652 3277 5702 ab
3298 5665 3462 5721 Augu~

2676 5784 3303 5866 {Cinguante-lrois.)
