4006 6446
559 378 642 424 est
668 365 939 423 Joannes?
980 364 1049 419 Et
1075 362 1205 419 dicit
1242 361 1409 425 Deus,
1450 357 1517 411 In
1556 354 1686 409 natis
1717 354 1985 407 mulierum
2031 369 2131 407 non

559 460 777 512 surrexit
822 457 987 525 major
1032 453 1232 508 Joanne
1274 450 1523 518 Baptista.
1568 446 1612 501 Ο
1661 445 1892 501 Joannes
1942 458 2131 513 magne

560 546 721 600 homo
739 586 755 610 ,
786 559 893 614 quo
921 546 973 599 in
1001 544 1138 597 natis
1164 540 1447 595 mulierum
1486 536 1655 605 major
1680 549 1838 588 nemo
1866 538 2095 590 surrexit
2113 574 2128 600 ,

558 644 614 690 et
640 642 695 688 tu
721 634 808 688 dic
833 633 984 694 mihi,
1007 647 1041 687 o
1059 645 1249 701 magne
1274 629 1454 697 homo,
1482 630 1599 697 quis
1629 640 1710 685 est
1738 632 1838 687 iste
1867 632 1953 700 qui
1986 638 2135 697 puta-

559 734 646 779 tur
687 723 832 778 solus
875 724 892 754 ¹
924 722 1125 776 homo?
1153 721 1282 788 Quis
1315 730 1429 785 est,
1471 720 1593 773 audi
1637 738 1650 775 :
1687 720 1845 790 Cujus
1883 736 1984 773 non
2023 734 2134 772 sum

557 812 741 881 dignus
762 850 778 875 ,
810 810 1012 880 inquit,
1046 810 1383 862 calceamenta
1422 817 1641 877 portare.
1684 808 1971 862 Didicimus
2010 822 2136 861 cccc

557 914 654 969 per
692 898 950 954 Joannem
973 939 986 963 ,
1030 907 1086 953 et
1128 913 1222 967 per
1260 897 1528 952 hominem
1566 898 1891 952 credendum
1931 912 2051 951 esse
2082 896 2134 949 in

559 989 827 1044 Christum
854 1030 867 1054 ,
906 998 959 1044 et
997 1003 1101 1043 non
1131 1002 1251 1043 esse
1282 986 1579 1057 ponendam
1607 1003 1754 1057 spem
1795 989 1847 1041 in
1884 987 2098 1041 homine
2118 1027 2133 1053 ,

560 1080 656 1135 sed
698 1080 749 1134 in
787 1079 1020 1135 Christo.
1052 1079 1189 1133 Ecce
1227 1077 1392 1133 habes
1423 1092 1667 1147 magnum
1699 1077 2000 1143 hominem,
2031 1092 2136 1145 quo

560 1184 719 1223 nemo
746 1170 915 1236 major
941 1168 1205 1232 surrexit,
1245 1176 1299 1222 ct
1336 1168 1450 1237 ipse
1482 1176 1564 1221 est
1600 1166 1850 1221 Joannes.
1887 1166 1990 1222 Sed
2020 1166 2137 1221 vide

561 1259 685 1327 quia
715 1258 814 1312 iste
842 1257 1071 1312 Joannes
1109 1257 1313 1310 amicus
1342 1266 1423 1310 est
1464 1257 1685 1325 sponsi;
1731 1270 1927 1326 sponso
1966 1256 2134 1320 zelat,

488 1386 493 1390 -
561 1362 669 1402 non
705 1348 824 1402 sibi.
861 1346 994 1400 Dicit
1025 1346 1166 1401 enim
1201 1345 1266 1398 ad
1294 1360 1352 1400 se
1380 1344 1713 1401 venientibus
1746 1362 1761 1399 :
1792 1345 1904 1414 Ego
1939 1345 2138 1413 baptizo

525 1505 531 1511 _
561 1454 649 1493 vos
678 1453 842 1505 aqua;
865 1437 949 1508 qui
969 1446 1137 1491 autem
1165 1446 1277 1507 post
1298 1453 1376 1490 me
1402 1437 1555 1503 venit,
1576 1438 1741 1506 major
1769 1452 1847 1489 me
1872 1444 1962 1499 est,
1995 1435 2139 1504 cujus

561 1546 663 1584 non
685 1547 796 1584 sum
816 1530 997 1601 dignus
1017 1530 1353 1583 ealceamenta
1373 1528 1595 1595 solvere;
1616 1528 1703 1582 ille
1731 1537 1897 1581 autem
1915 1526 2141 1596 baptiza-

563 1618 635 1672 bit
658 1636 743 1673 vos
777 1621 829 1672 iu
864 1620 1064 1688 Spiritu
1092 1628 1266 1672 sancto
1306 1617 1518 1690 (Matth.
1546 1633 1633 1684 ιιι,
1669 1617 1781 1687 ll).
1810 1615 1999 1671 Venite
2023 1622 2143 1684 post

565 1723 653 1762 me
672 1748 687 1773 ,
725 1708 819 1762 sed
848 1708 1011 1763 nolite
1047 1722 1264 1762 manere
1291 1708 1343 1761 in
1370 1721 1455 1761 me
1486 1724 1499 1759 :
1528 1707 1749 1760 transite
1776 1705 1844 1760 ad
1877 1705 2022 1758 illum
2053 1702 2141 1772 qui

563 1800 762 1855 creavit
780 1815 875 1855 vos
889 1810 942 1855 et
962 1814 1067 1868 me,
1084 1799 1204 1871 quia
1227 1799 1343 1869 ipse
1364 1798 1723 1852 vivificaturus
1742 1806 1827 1851 est
1849 1811 1941 1850 vos
1961 1804 2016 1851 et
2034 1808 2138 1849 me.

981 1953 1210 2011 SERMO
1246 1951 1569 2008 CCCLxxx
1596 1957 1612 1974 ε
1641 1952 1737 2022 (α).

875 2092 923 2135 ιιι
944 2088 1195 2136 Nativitate
1229 2086 1421 2135 Joannis
1440 2084 1679 2147 Baptistae,
1697 2099 1730 2133 ιι
1748 2083 1836 2146 (b).

640 2211 694 2265 1.
724 2209 977 2266 Christum
1016 2210 1358 2280 temporaliter
1404 2218 1577 2263 natum
1614 2208 1865 2278 prazcessit
1897 2206 2141 2263 Joannes.

573 2300 879 2356 Nalivilates
900 2301 1086 2357 Christi
1108 2303 1240 2357 dum.
1272 2301 1544 2371 Superbia,
1563 2309 1748 2354 tumor.
1775 2297 2146 2353 Incarnatiouis

563 2410 720 2448 causa
737 2433 753 2461 ,
783 2403 840 2448 ut
869 2395 1061 2447 homini
1091 2393 1229 2448 Deus
1252 2392 1540 2461 exemplum
1572 2390 1830 2459 prteberet.
1866 2390 2068 2454 Quietis
2093 2398 2147 2442 et

564 2496 728 2553 parva
770 2499 874 2538 vox
904 2483 1114 2537 sufficit.
1160 2480 1218 2536 Si
1262 2489 1441 2535 autem
1486 2479 1679 2541 vultis,
1721 2476 1943 2540 fratres,
1983 2476 2146 2544 quieti

564 2573 782 2639 audire,
824 2573 988 2626 nolite
1015 2571 1215 2624 habere
1252 2584 1347 2624 cor
1387 2568 1438 2622 in
1480 2567 1732 2633 auribus,
1770 2565 1864 2620 sed
1894 2580 2050 2619 aures
2092 2565 2145 2618 in

563 2660 747 2715 corde.
767 2660 1095 2715 Hodiernum
1117 2658 1261 2714 diem
1283 2658 1421 2713 beati
1444 2656 1663 2712 Joannis
1684 2656 1932 2724 Baptistae
1952 2654 2149 2708 solem-

564 2750 723 2803 nitati
752 2750 993 2804 illuxisse
1028 2749 1189 2803 tradit
1216 2757 1270 2803 et
1297 2746 1464 2801 credit
1499 2745 1755 2799 Ecclesia.
1799 2743 2020 2813 Oportet
2054 2758 2148 2797 au-

566 2848 673 2895 tem
700 2840 803 2896 hoc
823 2839 892 2895 de
911 2840 1028 2908 ipso
1047 2838 1134 2893 die
1159 2838 1400 2902 credere,
1428 2835 1571 2906 quod
1592 2836 1705 2890 sine
1725 2834 1983 2888 varietate
2007 2841 2145 2887 totus

565 2936 712 2992 orbis
758 2933 996 3005 agnoscit
1032 2949 1044 2985 :
1080 2930 1176 2985 sed
1214 2929 1335 2999 quia
1375 2927 1595 2982 Joannis
1641 2940 1762 2980 esse
1802 2925 1944 2979 diem
1990 2939 2147 2978 nemo

565 3026 809 3088 dubitat,
847 3036 955 3076 non
998 3019 1218 3075 Joannis
1256 3017 1345 3088 qui
1387 3015 1732 3085 Evangelium
1771 3013 2012 3081 scripsit,
2053 3010 2148 3066 sed

565 3116 787 3173 Joannis
816 3112 1069 3183 Baptista:
1097 3107 1442 3180 praecursoris
1472 3106 1714 3171 Domini,
1745 3104 1833 3174 qui
1865 3112 2012 3157 tanto
2038 3118 2151 3157 ma-

565 3221 704 3276 gnus
730 3202 1008 3273 apparuit,
1039 3208 1239 3269 quanto
1266 3212 1325 3252 se
1352 3196 1604 3250 humilem
1643 3194 1867 3262 praebuit
1885 3234 1900 3260 ,
1929 3192 2111 3247 dicens
2129 3235 2145 3259 ,

566 3308 689 3349 cum
711 3290 827 3360 ipse
844 3289 1089 3344 Christus
1110 3294 1407 3356 putaretur,
1426 3297 1532 3337 non
1553 3298 1611 3337 se
1630 3282 1845 3351 dignum
1869 3281 2148 3350 corrigiam

567 3379 917 3438 calceamenti
955 3378 1166 3433 solvere
1191 3376 1277 3441 ei,
1318 3388 1478 3443 quem
1517 3372 1798 3426 Dominum
1831 3371 2151 3440 agnoscebat

572 3472 785 3545 (Matth.
818 3486 912 3539 ιιι,
946 3469 1060 3540 ll),
1089 3477 1146 3522 ut
1166 3466 1368 3521 amicus
1402 3479 1522 3520 esse
1554 3472 1869 3518 mereretur.
1899 3463 2149 3517 Nonnulli

567 3572 743 3619 autem
790 3566 978 3632 putant
1018 3558 1285 3630 passionis
1326 3556 1444 3626 ejus
1486 3555 1626 3610 diem
1668 3554 1827 3609 hodie
1866 3554 2146 3609 celebrari.

568 3653 716 3709 Sciat
743 3652 890 3721 prius
930 3649 1198 3706 Sanctitas
1235 3655 1444 3712 vestra,
1479 3646 1768 3701 nativitatis
1811 3660 1932 3700 esse
1970 3645 2147 3713 diem,

568 3761 675 3800 non
706 3743 993 3814 passionis.
1033 3742 1111 3795 Ex
1134 3739 1364 3795 lectione
1388 3738 1586 3807 quippe
1610 3738 1913 3806 evangelica
1944 3736 2149 3790 inveni-

568 3842 657 3890 tur
698 3832 815 3900 ejus
852 3830 1099 3884 nativitas
1146 3843 1241 3883 sex
1284 3827 1557 3881 mensibus
1598 3826 1901 3896 praecedere
1942 3826 2151 3880 Domini

571 3923 919 3979 nativitatem.
976 3918 1046 3971 Et
1094 3916 1347 3986 quoniam
1398 3914 1539 3970 diem
1598 3915 1888 3969 nativitatis
1942 3916 2151 3970 Domini

569 4021 760 4067 octavo
797 4006 1136 4063 calendarum
1163 4006 1527 4075 januariarum
1554 4004 1640 4058 die
1677 4019 1969 4059 consensus
1995 4005 2152 4059 tradit

570 4098 858 4164 Ecclesire;
891 4103 1059 4152 restat
1078 4102 1139 4150 ut
1162 4094 1451 4149 hodiernus
1476 4094 1591 4149 dies
1615 4094 1905 4149 nativitatis
1929 4095 2151 4150 Joannis

571 4189 915 4259 intelligatur.

639 4284 694 4337 2.
756 4281 903 4336 Idem
971 4287 1215 4334 tractatur
1274 4267 1644 4349 argunientum.
1701 4279 1977 4334 Prazcessit
2027 4294 2153 4349 ergo

569 4373 801 4430 Joannes
846 4371 1162 4434 Dominum,
1202 4384 1308 4423 non
1344 4377 1590 4437 tanquam
1636 4369 1888 4438 magister
1922 4370 2154 4439 discipu-

570 4466 705 4530 lum,
738 4463 831 4518 sed
855 4471 1102 4530 tanquam
1128 4474 1428 4530 praecursor
1451 4459 1685 4528 judicem
1709 4475 1724 4522 ;
1753 4475 1857 4512 non
1881 4470 1940 4513 ut
1964 4475 2152 4529 super-

571 4556 874 4625 imponeret
928 4560 1276 4622 potestatem,
1333 4549 1427 4605 sed
1482 4558 1537 4604 ut
1588 4553 1849 4618 praeberet
1894 4551 2148 4607 officium.

633 4670 651 4701 ι
686 4674 824 4717 Forte
862 4663 1159 4727 legendum,
1186 4659 1366 4727 solum.

634 4731 653 4750 θ
685 4721 972 4777 Emendatus
993 4725 1051 4773 ad
1073 4723 1135 4772 cl.
1169 4723 1217 4771 d.
1243 4736 1284 4770 r.
1311 4731 1349 4772 t.
1375 4736 1420 4771 v.
1443 4729 1498 4784 et
1530 4721 1591 4771 ad
1617 4723 1752 4784 \‘ign.

651 4790 703 4847 ιι)
747 4786 886 4846 Alias,
918 4788 1046 4835 inter
1077 4785 1388 4847 viguerianos
1430 4782 1477 4847 6.

651 4802 683 4839 ιι
747 4790 886 4846 Alias,
918 4790 1046 4835 inter
1077 4790 1388 4847 Vignerianos
1430 4790 1477 4831 ti.

629 4790 708 4911 ib;
741 4851 890 4911 Hujus
917 4848 1158 4911 sermonis
1182 4846 1432 4911 insignem
1469 4842 1627 4911 locum
1670 4844 1735 4894 de
1774 4843 1949 4907 duplici
1984 4845 2154 4911 Christi

570 4906 825 4959 nativitate
854 4912 1089 4957 insertum
1121 4906 1270 4955 habet
1301 4917 1463 4954 sermo
1484 4906 1571 4954 571
1592 4938 1607 4963 ,
1640 4906 2155 4968 ιιθριιοιιλρρθιιάίςὶε

570 4982 734 5018 sermo
756 4968 866 5018 127.
890 4974 943 5017 Et
963 4980 1053 5029 nos
1071 4967 1268 5029 quidem
1289 4968 1551 5029 quievere
1569 4968 1816 5029 Augustini
1841 4966 2045 5029 sit'nulli
2067 4967 2154 5015 du-

572 5031 782 5081 bitamus
803 5042 816 5077 :
841 5032 970 5078 inter
1000 5026 1174 5077 dubios
1207 5026 1378 5087 tamen
1405 5028 1561 5087 ipsum
1582 5026 1817 5076 collocare
1855 5028 2029 5076 idcirco
2069 5029 2154 5077 de-

573 5092 831 5150 crevimus,
872 5090 985 5150 quia
1029 5089 1076 5135 in
1096 5089 1329 5150 omnibus
1363 5084 1519 5150 libris,
1543 5088 1687 5136 etiam
1732 5090 2081 5150 manuscriptis,
2124 5102 2154 5139 a

573 5150 736 5208 medio
776 5147 1222 5212 fere‘iuterpolatus
1255 5160 1312 5197 ac
1333 5149 1525 5212 vitiatus
1563 5155 1656 5196 est.
1703 5154 1804 5197 Duo
1843 5151 1936 5206 hic,
1971 5147 2154 5212 prmter

573 5224 761 5275 morem
779 5217 996 5261 ucstrum
1012 5208 1234 5275 ,absque
1255 5211 1683 5275 manuscriptorum
1712 5208 1994 5275 auctoritate
2011 5247 2024 5269 ,
2062 5225 2152 5258 ne-

573 5270 785 5334 cessario
807 5278 1091 5334 praestamus
1114 5282 1126 5316 :
1154 5270 1357 5334 primum
1371 5303 1385 5328 ,
1408 5278 1605 5334 centum
1642 5271 1835 5334 circiter
1856 5284 2047 5330 versus,
2069 5274 2153 5333 qui

573 5329 974 5400 sermoniserant
1012 5329 1265 5400 centeSimi
1301 5330 1521 5400 vigesimi
1540 5332 1707 5400 sexti,
1732 5329 1837 5380 loco
1874 5329 2149 5395 movemus;

578 5394 801 5454 alterum,
844 5390 1156 5454 quadraginta
1182 5388 1289 5454 plus
1310 5388 1469 5454 minus
1509 5389 1629 5454 alios
1650 5403 1823 5439 versus
1863 5399 2002 5440 extra
2044 5388 2153 5454 pro;

574 5452 726 5515 priam
740 5450 1179 5515 sedeinrr‘epertos,
1203 5450 1261 5515 ad
1288 5462 1400 5497 eum
1422 5451 1579 5511 ipsum
1601 5451 1777 5510 locum,
1801 5465 1948 5514 quem
1970 5450 2153 5503 ser'mo-

578 5511 657 5565 itis
678 5514 766 5563 126
788 5527 900 5577 pars
921 5511 1005 5561 illa
1024 5511 1303 5577 occupabat,
1327 5523 1628 5577 revocamus.
1653 5511 1853 5577 Caetera,
1879 5515 2051 5577 siqua
2072 5527 2154 5563 su-

577 5569 959 5633 persunt'vitia,
1004 5569 1356 5631 exemplarium
1380 5573 1621 5633 veriorum
1659 5569 1870 5623 subsidio
1907 5569 2153 5626 destitutis

574 5630 863 5698 abstergere
885 5638 989 5685 sive
1011 5630 1250 5693 detegere
1273 5645 1371 5681 non
1393 5630 1542 5680 licuit.

544 5727 617 5747 ~.

1790 244 1846 300 S.
1889 241 2248 300 AUGUSTINI
2276 240 2570 298 EPISCOPI

3679 241 3822 297 1676

2244 368 2411 438 Ipsius
2425 379 2597 423 autem
2624 367 2981 423 testimonium
2997 366 3215 422 Joannis
3240 365 3421 422 dahae
3448 365 3603 421 resic
3629 381 3691 423 se
3719 367 3819 421 ha-

2242 458 2331 514 bet
2359 476 2372 511 :
2406 459 2506 525 Qui
2535 469 2645 528 post
2671 474 2749 512 me
2770 458 2899 511 venit
2919 498 2935 524 ,
2962 466 3076 510 ante
3102 472 3181 509 me
3205 459 3366 524 factus
3385 463 3491 520 est,
3535 457 3653 523 quia
3680 458 3823 525 prior
3883 525 3887 527 Α

2242 566 2320 603 me
2358 560 2482 603 erat.
2508 549 2641 607 Post
2666 549 2922 603 Joannem
2962 550 3105 603 venit
3144 548 3395 602 Dominus
3439 549 3709 602 nascendo
3749 550 3822 604 de

2243 640 2448 708 virgine
2478 639 2635 693 Maria
2661 681 2675 704 ,
2718 654 2820 692 non
2865 639 2931 693 de
2967 638 3135 692 Patris
3159 638 3472 691 substantia.
3507 638 3646 691 Duas
3672 639 3821 693 enim

2243 730 2451 784 Domini
2480 731 2776 784 nativitates
2796 730 3114 798 accepimus,
3133 744 3291 783 uuam
3312 729 3564 792 divinam,
3588 729 3817 798 alteram

2243 819 2563 883 humanam;
2619 830 2793 874 tamen
2820 830 3101 890 utramque
3128 819 3424 887 mirabilem
3474 838 3489 875 :
3530 820 3672 875 illam
3701 821 3822 875 sine

2242 920 2411 964 matre
2430 953 2445 977 ,
2475 911 2629 965 istam
2657 912 2770 965 sine
2800 910 2954 965 Patre
2985 928 2998 963 :
3027 912 3169 965 illam
3196 919 3448 965 aeternam
3469 951 3485 976 ,
3530 920 3589 966 ut
3614 922 3820 967 crearet

2241 1003 2624 1071 temporalem;
2658 1003 2793 1057 hanc
2825 1004 3166 1072 temporalem
3193 1046 3207 1070 ,
3242 1013 3296 1057 ut
3335 1013 3616 1073 praestaret
3659 1016 3823 1061 teter-

2241 1106 2365 1146 nam
2400 1096 2436 1145 ¹.
2471 1094 2561 1147 Ille
2595 1095 2734 1146 enim
2761 1094 2827 1147 de
2847 1109 2952 1163 quo
2977 1093 3105 1147 dicit
3136 1094 3365 1148 Joannes
3384 1135 3398 1158 ,
3426 1111 3531 1148 non
3562 1096 3819 1164 Baptista.

2242 1186 2334 1240 sed
2384 1186 2720 1256 Evangelista
2745 1227 2760 1251 ,
2793 1189 2913 1256 quia
2962 1188 3029 1241 In
3060 1190 3306 1257 principio
3332 1200 3435 1242 erat
3474 1188 3688 1243 Verbum
3714 1229 3728 1253 ,
3773 1199 3824 1243 et

2252 1275 2465 1329 Verbum
2486 1286 2591 1329 erat
2612 1278 2750 1345 apud
2776 1273 2961 1343 Deum,
2990 1288 3037 1331 et
3062 1277 3199 1332 Deus
3225 1289 3333 1331 erat
3368 1278 3676 1343 Verbum,'et
3698 1280 3822 1349 quia

2241 1367 2411 1418 omnia
2437 1382 2524 1435 per
2551 1367 2716 1435 ipsum
2742 1371 2876 1436 facta
2904 1377 3020 1420 sunt
3043 1407 3058 1432 ,
3089 1377 3134 1421 et
3160 1369 3266 1421 sine
3295 1368 3406 1437 ipso
3426 1374 3615 1439 factum
3639 1379 3711 1422 est
3738 1371 3824 1421 ni-

2243 1457 2319 1510 Iu'l
2342 1456 2521 1526 (Joan.
2552 1473 2590 1521 ι,
2616 1458 2703 1522 15,
2730 1459 2781 1521 1,
2801 1457 2853 1525 5)
2880 1474 2894 1509 :
2928 1458 3014 1512 ille
3042 1466 3214 1513 tantus
3242 1460 3292 1512 in
3323 1458 3489 1513 forma
3521 1460 3610 1514 Dei
3638 1475 3825 1528 aequa-

2242 1546 2309 1600 lis
2340 1548 2511 1613 Patri,
2543 1547 2631 1602 ille
2656 1548 2768 1603 sine
2799 1557 3035 1616 tempore
3064 1549 3329 1604 fabricans
3348 1559 3613 1619 tempora,
3643 1551 3730 1603 ille
3756 1566 3823 1604 cx

2245 1637 2394 1691 nullo
2421 1638 2621 1691 sazeulo
2649 1648 2773 1692 ante
2797 1639 2972 1692 omnia
3004 1639 3377 1709 saaculajudex
3406 1641 3583 1694 smculi
3607 1682 3623 1705 ,
3652 1640 3825 1694 factus

2237 1734 2327 1778 est
2346 1734 2450 1779 tam
2478 1741 2675 1795 parvus
2695 1767 2710 1791 ,
2744 1735 2800 1780 ut
2826 1727 2892 1781 de
2920 1727 3111 1781 femina
3140 1738 3482 1794 nasceretur;
3511 1729 3602 1784 sed
3627 1732 3827 1785 mansit

2240 1823 2352 1869 tam
2381 1831 2597 1885 magnus
2618 1857 2632 1880 ,
2656 1825 2715 1870 ut
2741 1832 2771 1870 a
2796 1817 2949 1871 Patre
2971 1832 3075 1871 non
3099 1827 3453 1886 separaretur.
3486 1820 3545 1873 Ei
3578 1820 3825 1889 praeben-

2246 1912 2329 1960 tes
2348 1904 2657 1975 obsequium
2685 1914 2740 1960 et
2769 1907 3146 1973 testimonium,
3176 1918 3422 1977 tanquam
3454 1909 3688 1964 lucernae
3707 1925 3827 1975 ven-

2248 2002 2368 2048 turo
2392 1993 2495 2048 diei
2522 2035 2537 2061 ,
2577 2009 2764 2051 omnes
2794 1995 3071 2064 Propheta:
3098 1997 3513 2065 praenuntiantes
3538 2012 3665 2052 eum
3700 2008 3829 2055 ante

2248 2085 2418 2154 ipsum
2447 2085 2712 2139 nascendo
2734 2096 3011 2149 venerunt,
3030 2096 3149 2156 post
3166 2086 3335 2154 ipsum
3360 2087 3628 2143 credendo
3649 2088 3830 2143 adhae-

2248 2182 2449 2227 serunt.
2497 2173 2786 2242 Oportebat
2813 2173 2953 2228 enim
2986 2183 3042 2227 ut
3070 2176 3514 2243 prarnuntiaretur
3534 2187 3789 2232 venturus
3812 2218 3827 2241 ,

2250 2262 2498 2315 miracula
2531 2262 2763 2318 facturus
2797 2280 2809 2316 :
2839 2263 3029 2332 quibus
3057 2264 3344 2329 miraculis,
3375 2265 3508 2319 bene
3529 2267 3831 2338 intelligeno

2204 2394 2207 2397 .
2250 2351 2390 2404 tibus
2419 2352 2738 2406 indicaretur
2770 2354 2926 2416 Deus;
2953 2354 3182 2407 humano
3202 2364 3378 2409 autem
3398 2359 3832 2426 aspectuviden-

2250 2440 2388 2494 tibus
2416 2452 2696 2511 appareret
2717 2442 2898 2509 homo,
2922 2459 3112 2512 parvus
3145 2446 3211 2499 ad
3240 2462 3461 2515 parvos,
3492 2449 3584 2504 sed
3613 2449 3833 2506 humilis

2246 2526 2315 2581 ad
2356 2531 2614 2598 superbos
2645 2548 2658 2584 :
2691 2534 2948 2600 parvitate
2975 2548 3068 2587 sua
3096 2534 3293 2589 docens
3322 2535 3625 2605 hominem,
3667 2548 3724 2593 ut
3771 2556 3833 2596 se

2249 2631 2561 2688 agnosceret
2590 2638 2841 2692 parvum;
2884 2640 2949 2678 ne
2968 2665 2983 2691 ,
3013 2640 3119 2679 non
3148 2627 3544 2695 grandescendo
3562 2669 3580 2698 ,
3623 2630 3716 2685 sed
3742 2640 3832 2685 tu-

2250 2712 2537 2765 meseendo
2554 2754 2567 2777 ,
2601 2727 2659 2767 se
2686 2714 2927 2768 crederet
2952 2731 3219 2785 magnum.
3246 2717 3341 2771 Est
3368 2719 3510 2772 enim
3541 2722 3790 2790 superbia
3812 2763 3829 2788 ,

2251 2814 2355 2854 non
2401 2801 2703 2870 magnitudo
2727 2844 2743 2869 ,
2789 2804 2881 2857 sed
2914 2806 3109 2858 tumor.
3137 2805 3206 2861 Ut
3231 2822 3356 2876 ergo
3379 2811 3588 2878 generis
3612 2810 3834 2867 humani

2252 2891 2409 2946 istum
2440 2901 2699 2950 tumorem
2730 2905 2941 2949 sanaret
2967 2896 3077 2965 ipse
3107 2898 3364 2964 medicus,
3395 2901 3506 2968 ipse
3528 2902 3827 2969 medicina,

2252 2994 2358 3034 non
2387 2982 2557 3036 solum
2580 2984 3023 3039 medicamentum
3045 2986 3322 3053 adhibens,
3358 2990 3451 3043 sed
3476 2991 3834 3047 medicamen-

2254 3081 2362 3125 tum
2392 3088 2450 3127 se
2478 3073 2671 3129 faciens
2696 3116 2710 3139 ,
2752 3086 2994 3145 apparuit
3020 3079 3159 3131 inter
3183 3078 3425 3135 homines
3452 3081 3612 3136 homo
3634 3124 3648 3148 ,
3694 3084 3834 3140 oﬂ'e-

2252 3176 2376 3215 reus
2406 3161 2672 3218 hominem
2695 3165 3014 3232 videntibus,
3038 3168 3200 3221 Deum
3227 3183 3444 3224 servans
3466 3171 3830 3230 credentibus.

2253 3252 2510 3321 Aspectus
2561 3254 2702 3308 enim
2749 3255 3088 3311 humanitatis
3140 3258 3254 3326 ejus
3302 3261 3507 3314 sanavit
3554 3262 3831 3329 infirmos;

2253 3343 2628 3410 contemplatio
2673 3344 2959 3399 divinitatis
2992 3346 3109 3415 ejus
3148 3349 3337 3416 qumrit
3367 3349 3565 3403 lirmos.
3598 3350 3665 3404 Et
3694 3366 3837 3406 non-

2254 3429 2377 3483 dum
2407 3440 2559 3485 erant
2606 3432 2846 3487 homines
2875 3434 2965 3503 qui
3006 3435 3169 3488 Deum
3218 3435 3462 3491 viderent
3492 3438 3543 3492 in
3576 3438 3792 3495 homine
3813 3481 3832 3507 ,

2257 3536 2353 3576 nec
2383 3532 2625 3591 poterant
2655 3524 2835 3578 videre
2861 3525 2959 3580 nisi
2992 3525 3300 3592 hominem;
3333 3544 3431 3582 nec
3475 3537 3648 3584 tamen
3679 3546 3836 3599 spem

2254 3625 2399 3665 suam
2441 3628 2642 3683 ponere
2688 3614 2881 3668 debent
2924 3616 2975 3669 in
3017 3616 3251 3671 homine.
3296 3616 3431 3683 Quid
3473 3634 3599 3688 ergo
3644 3620 3836 3676 fieret?

2254 3700 2424 3754 llomo
2451 3702 2717 3756 hominem
2746 3704 2924 3758 videre
2960 3714 3161 3774 potest,
3198 3706 3359 3761 homo
3391 3709 3655 3763 hominem
3681 3710 3835 3779 sequi

2255 3806 2359 3845 non
2381 3792 2556 3847 debet.
2592 3795 2729 3848 Deus
2756 3796 3056 3865 sequendus
3077 3806 3218 3863 erat,
3246 3799 3334 3868 qui
3358 3799 3522 3853 videri
3550 3817 3654 3855 non
3682 3810 3837 3870 pote-

2255 3892 2337 3935 rat
2369 3900 2380 3934 :
2412 3884 2571 3937 homo
2599 3880 2898 3954 sequendus
2941 3902 3045 3940 non
3073 3896 3186 3941 crat
3209 3928 3224 3953 ,
3267 3889 3357 3957 qui
3394 3889 3559 3944 videri
3603 3899 3832 3960 poterat.

2216 4001 2221 4005 -
2256 3973 2325 4029 Ut
2350 3990 2475 4043 ergo
2495 3975 2837 4030 exhiberetur
2858 3976 3076 4043 homini,
3100 3987 3153 4029 et
3180 3980 3266 4046 qui
3296 3980 3363 4032 ab
3384 3978 3597 4034 homine
3625 3980 3836 4036 videre-

2255 4072 2361 4128 tur,
2391 4073 2445 4119 ct
2468 4081 2623 4135 quem
2650 4065 2807 4122 homo
2828 4077 3158 4138 sequeretur,
3188 4072 3325 4124 Deus
3354 4071 3521 4126 factus
3546 4080 3626 4127 est
3652 4073 3832 4128 homo.

2255 4154 2299 4208 Ο
2320 4154 2506 4221 homo,
2532 4166 2745 4225 propter
2773 4174 2929 4227 quem
2956 4160 3095 4213 Deus
3121 4160 3289 4214 factus
3317 4172 3398 4216 cst
3424 4163 3582 4218 homo
3600 4204 3615 4230 ,
3638 4165 3837 4234 aliquid

2257 4261 2503 4315 magnum
2544 4256 2595 4302 te
2617 4249 2836 4303 credere
2865 4249 3027 4303 debes
3057 4268 3068 4303 :
3102 4251 3192 4304 sed
3219 4251 3513 4319 descende,
3556 4263 3615 4307 ut
3644 4270 3837 4310 ascen-

2258 4336 2372 4401 das;
2397 4338 2515 4407 quia
2538 4349 2589 4392 et
2608 4338 2745 4392 Deus
2766 4338 3139 4393 descendendo
3158 4340 3323 4395 factus
3341 4353 3422 4397 est
3447 4344 3621 4397 homo.
3643 4345 3839 4400 Adhae-

2257 4430 2407 4479 ‘rcsce
2451 4426 2838 4481 medicamento
2864 4438 2993 4495 tuo,
3041 4430 3248 4485 imitare
3297 4434 3601 4501 magistrum
3646 4445 3837 4503 tuum,

2257 4531 2484 4585 agnosce
2516 4518 2791 4571 Dominum
2830 4527 2975 4573 tuum
2999 4562 3013 4583 ,
3045 4522 3366 4589 amplectere
3407 4523 3620 4578 fratrem
3652 4535 3798 4580 tuum
3818 4570 3835 4593 ,

2260 4607 2495 4676 intellige
2527 4608 2689 4662 Deum
2716 4618 2881 4663 tuum.
2916 4610 3025 4665 lloc
3048 4612 3132 4667 ille
3158 4621 3333 4667 tantus
3353 4624 3406 4669 et
3436 4617 3687 4683 tantillus,
3714 4634 3841 4673 vcr-

2257 4698 2377 4759 mis,
2404 4714 2507 4751 non
2543 4699 2731 4763 homo;
2773 4699 2864 4754 sed
2904 4717 2998 4771 per
3025 4718 3181 4772 quem
3204 4702 3372 4759 factus
3398 4716 3480 4760 cst
3523 4707 3699 4761 homo.
3725 4710 3841 4765 Hoc

2256 4801 2383 4856 ergo
2423 4787 2513 4841 illc
2544 4805 2557 4842 :
2585 4789 2706 4857 quid
2741 4789 2971 4846 Joannes
2993 4833 3009 4859 ,
3040 4792 3139 4847 nisi
3165 4794 3304 4863 quod
3328 4794 3394 4850 de
3423 4797 3511 4851 illo
3540 4798 3797 4853 Dominus
3820 4843 3838 4866 ,

2258 4879 2357 4932 nisi
2389 4879 2526 4948 quod
2557 4880 2622 4934 de
2648 4880 2736 4935 illo
2758 4897 2937 4947 verax,
2964 4884 3061 4938 nisi
3091 4885 3230 4954 quod
3255 4885 3320 4940 de
3344 4887 3431 4940 illo
3458 4891 3648 4942 veritas
3669 4889 3841 4945 dicit?

2257 4967 2309 5022 Si
2338 4974 2477 5022 enim
2503 4969 2600 5037 ipsi
2629 4970 2817 5024 Joanni
2849 4972 3103 5027 debemus
3124 4974 3341 5030 credere
3362 4976 3428 5031 de
3454 4979 3674 5032 veritate
3693 5019 3709 5045 ,
3740 4996 3840 5036 ve-

2258 5058 2397 5113 ritati
2426 5075 2530 5114 non
2556 5062 2821 5117 credimus
2849 5063 2915 5118 de
2942 5064 3181 5120 Joanne?

2328 5160 2381 5213 5.
2427 5158 2506 5213 Ea:
2540 5149 2949 5216 verbis'Joanuis
2972 5164 3273 5219 Arianorum
3303 5168 3585 5223 calumnia}.
3622 5169 3842 5226 Verbum

2256 5250 2500 5317 siquidem
2526 5261 2629 5304 erat
2654 5252 2705 5304 in
2728 5254 2972 5321 principio
2989 5295 3004 5319 ,
3028 5255 3218 5323 factum
3237 5274 3336 5311 non
3363 5270 3486 5313 erat.
3516 5261 3664 5315 Dicat
3692 5266 3840 5317 testi-

2258 5339 2491 5392 monium
2535 5342 2705 5409 primo
2732 5344 2938 5396 veritati
2982 5345 3149 5414 ipsius
3186 5349 3449 5417 particeps
3477 5351 3750 5416 veritatis;
3785 5369 3838 5407 et

2260 5428 2400 5483 dicat
2430 5429 2785 5485 testimonium
2826 5432 3025 5489 homini
3063 5435 3318 5493 Conditor
3362 5440 3610 5494 hominis.
3656 5441 3845 5498 Primo

2321 5578 2613 5655 [ιιεθηιιι
2659 5590 2843 5634 crearet
2893 5588 3205 5650 temporales;
3242 5590 3363 5640 Ιιαησ
3401 5592 3746 5655 temporalem,
3782 5601 3834 5645 ut

2259 5646 2508 5700 prostaret
2524 5648 2740 5693 wternos.
