4006 6446
234 311 366 366 1677

230 423 508 480 audiamus
547 422 672 494 quid
717 421 947 478 Joannes
987 421 1052 478 de
1093 415 1338 487 Christo,
1381 429 1436 475 et
1468 420 1658 475 deinde
1679 422 1802 491 quid

227 514 475 569 Christus
493 514 561 568 de
589 513 812 580 Joanne;
842 512 1066 583 priorem
1096 511 1388 576 audiamus,
1418 511 1512 566 sed
1543 513 1801 580 posterio-

228 617 346 659 rem
373 604 726 673 intelligamus
752 620 765 656 :
797 604 939 672 prior
963 603 1206 672 loquatur
1229 601 1317 671 qui
1347 602 1490 671 prius
1514 610 1670 655 natus
1688 610 1802 668 est,

229 693 325 748 sed
355 694 705 749 confirmetur
728 709 822 764 per
848 709 967 748 eum
1011 708 1038 747 a
1067 708 1172 762 quo
1202 692 1370 746 factus
1401 704 1500 746 est.
1526 691 1650 746 Post
1689 709 1765 745 me
1789 733 1803 759 ,

229 783 420 853 inquit,
442 783 606 848 venit,
635 793 683 837 et
715 794 832 838 ante
864 801 942 837 me
967 788 1128 854 [actus
1158 793 1247 837 est.
1277 783 1372 837 Hic
1389 785 1494 850 jam
1520 823 1536 848 ,
1567 783 1654 852 qui
1685 797 1806 838 cre-

228 873 365 927 dunt
393 873 581 928 factum
609 883 732 929 ante
759 883 950 928 cmtera
978 889 1073 943 per
1101 889 1255 943 quem
1285 871 1419 926 facta
1445 882 1567 927 sunt
1592 873 1766 926 omnia
1785 913 1802 938 ,

227 961 622 1016 calumniantur
648 963 730 1016 his
767 963 943 1018 verbis
968 963 1050 1016 vel
1077 978 1170 1032 per
1209 962 1322 1016 haec
1347 962 1503 1016 verba
1536 963 1683 1016 nobis
1709 1004 1723 1028 ,
1754 972 1806 1016 et

226 1049 441 1115 dicunt,
472 1051 610 1106 Ecce
636 1051 757 1120 quia
784 1051 954 1106 factus
993 1060 1076 1106 est
1105 1070 1118 1106 :
1145 1051 1376 1105 Joannes
1396 1050 1544 1116 dicit,
1582 1050 1702 1104 Post
1731 1068 1808 1106 me

225 1143 382 1208 venit,
405 1151 450 1196 et
470 1152 585 1196 ante
603 1159 682 1196 me
710 1143 874 1210 factus
893 1152 984 1197 est.
1011 1141 1228 1211 Expone
1249 1141 1376 1195 mihi
1401 1143 1527 1210 quid
1558 1143 1626 1196 sit
1647 1185 1662 1208 ,
1692 1153 1806 1196 ante

224 1247 308 1283 me
331 1231 493 1311 factus
518 1243 610 1286 est.
659 1231 829 1287 Verba
861 1232 1070 1285 illorum
1096 1231 1214 1285 dico
1234 1271 1247 1291 ,
1278 1240 1332 1284 et
1375 1247 1437 1284 ea
1475 1231 1803 1285 discutienda

225 1337 488 1391 propono.
519 1321 714 1377 Soletis
735 1362 749 1387 ,
797 1322 1074 1391 inquiunt,
1105 1321 1283 1376 dicere
1305 1362 1319 1386 ,
1364 1322 1574 1391 quando
1611 1323 1806 1391 aliquid

224 1414 336 1468 tale
362 1414 427 1468 de
447 1413 659 1469 Christo
687 1413 909 1479 dicitur,
937 1421 995 1466 ut
1013 1427 1133 1466 eum
1164 1412 1318 1476 Patre
1345 1413 1601 1466 minorem
1629 1421 1812 1487 osten-g

221 1503 354 1568 dat,
401 1504 540 1573 quod
571 1504 636 1558 ad
675 1503 941 1558 hominem
985 1504 1054 1558 sit
1093 1502 1369 1558 referenda
1411 1502 1702 1566 sententia;
1749 1510 1808 1555 ut

222 1593 367 1661 quod
389 1593 442 1646 in
469 1592 636 1647 forma
666 1593 761 1647 Dei
790 1601 892 1660 εει,
923 1593 1140 1662 aequalis
1169 1593 1241 1646 sit
1263 1592 1428 1656 Patri,
1459 1591 1599 1660 quod
1625 1601 1802 1648 autem

222 1682 573 1750 semetipsum
600 1682 888 1736 exinanivit
907 1681 1130 1736 formam
1155 1682 1294 1736 servi
1319 1667 1583 1750 accipiens
1603 1722 1618 1748 ,
1651 1683 1702 1735 in
1732 1682 1806 1736 si-

221 1772 578 1827 militudinem
607 1772 882 1828 hominum
920 1773 1088 1828 factus
1108 1812 1124 1838 ,
1170 1781 1224 1828 et
1268 1771 1446 1828 habitu
1477 1774 1718 1829 inventus
1747 1783 1806 1829 ut

222 1858 422 1927 homo,
470 1861 640 1930 major
685 1862 756 1916 sit
799 1861 976 1916 Pater.
1017 1861 1155 1929 Quid
1197 1876 1322 1930 ergo
1365 1861 1555 1916 dicetis
1584 1862 1648 1916 ad
1706 1863 1806 1918 hoc

219 1952 366 2022 quod
393 1952 625 2008 Joannes
649 1953 754 2017 ait,
775 1963 891 2006 ante
912 1969 991 2006 me
1017 1956 1184 2023 factus
1209 1952 1322 2006 est?
1349 1952 1486 2008 Audi
1513 1952 1640 2023 quid
1659 1953 1803 2008 dica-

221 2056 346 2096 mus
377 2059 391 2094 :
419 2042 513 2097 sed
545 2043 688 2111 prius
711 2041 841 2097 illud
869 2042 1010 2108 vide,
1034 2043 1175 2111 quod
1202 2042 1491 2110 Apostolus
1519 2051 1802 2117 utrumque

218 2132 554 2202 distinguens
573 2173 587 2197 ,
630 2140 683 2188 et
707 2147 871 2186 unum
902 2141 1081 2186 tamen
1111 2132 1164 2186 in
1194 2140 1417 2199 utroque
1455 2131 1806 2200 eamdemque

219 2223 637 2288 commendans,
670 2237 774 2276 non
808 2221 973 2286 dixit,
1004 2221 1250 2275 Formam
1279 2221 1374 2275 Dei
1413 2220 1698 2288 accipiens.
1733 2221 1806 2276 De

218 2312 392 2366 forma
420 2327 544 2366 vero
569 2312 662 2366 Dei
683 2311 805 2381 quid
826 2311 991 2364 dixit?
1021 2310 1143 2364 Cum
1163 2311 1216 2363 in
1236 2310 1400 2379 [arma
1420 2307 1516 2362 Dei
1537 2319 1660 2364 esset
1684 2326 1806 2366 :re-

218 2401 456 2470 spiciens
480 2401 546 2454 ad
569 2400 714 2454 illum
742 2399 830 2470 qui
854 2408 1068 2453 vocatus
1092 2406 1207 2452 erat
1229 2406 1354 2452 ante
1375 2398 1519 2450 illum
1539 2438 1554 2462 ,
1585 2398 1635 2450 in
1655 2398 1806 2466 cujus

220 2489 511 2558 Evangelio
552 2497 634 2543 est
654 2531 668 2554 ,
700 2487 766 2542 In
802 2488 1050 2558 principio
1077 2496 1182 2540 erat
1210 2486 1467 2552 Verbum;
1497 2488 1603 2540 imo
1637 2491 1806 2556 respi-

218 2581 372 2634 ciens
399 2579 464 2634 ad
503 2580 627 2634 illud
677 2579 852 2633 lumen
874 2620 889 2644 ,
931 2577 1071 2633 unde
1100 2586 1154 2632 et
1183 2577 1270 2632 ille
1300 2576 1402 2631 hoc
1444 2575 1596 2630 dixit.
1627 2576 1805 2646 Neque

219 2670 367 2724 enim
392 2670 531 2724 dixit
558 2670 791 2724 Joannes
809 2709 824 2734 ,
851 2669 908 2724 1η
937 2669 1196 2738 principio
1217 2667 1342 2723 fecit
1370 2669 1508 2722 Deus
1529 2667 1762 2722 Verbum
1788 2686 1800 2720 :

217 2761 313 2830 qui
341 2770 519 2830 posset
538 2759 715 2815 dicere
742 2760 812 2814 ita
835 2800 849 2824 ,
879 2769 939 2813 ut
967 2759 1098 2813 dixit
1131 2758 1337 2828 Moyses
1356 2799 1370 2822 ,
1410 2757 1529 2826 quia
1557 2757 1624 2811 de
1652 2771 1804 2811 crea-

221 2860 341 2904 tura
372 2849 505 2904 facta
536 2866 564 2903 a
590 2851 812 2904 Domino
835 2850 942 2903 Deo
967 2849 1301 2919 loquebatur,
1328 2847 1394 2901 In
1423 2849 1669 2918 principio
1688 2848 1806 2917 fecit

220 2939 366 2994 Deus
401 2941 578 2994 cwlutn
605 2950 650 2994 et
681 2950 884 2994 terram.
912 2939 1044 2995 Cum
1066 2955 1192 3010 ergo
1221 2940 1336 3003 ille,
1368 2939 1413 2993 si
1456 2939 1556 2993 hoc
1583 2940 1806 2997 sentiret

218 3031 367 3100 quod
393 3031 570 3084 Ariani
601 3032 855 3097 sentiunt,
884 3039 1067 3100 posset
1093 3030 1291 3095 dicere,
1321 3029 1376 3082 lu
1401 3029 1657 3098 principio
1684 3029 1806 3084 fecit

221 3121 368 3177 Deus
396 3122 649 3186 Verbum;
680 3138 782 3176 non
811 3122 913 3176 hoc
939 3122 1013 3176 ait
1045 3139 1057 3173 :
1088 3121 1179 3176 sed
1207 3121 1298 3188 ait,
1331 3121 1395 3173 In
1423 3121 1669 3190 principio
1699 3131 1804 3175 erat

228 3208 467 3264 Verbum.
496 3211 647 3278 Quod
677 3211 726 3264 in
749 3211 1005 3280 principio
1034 3219 1166 3275 erat,
1191 3209 1384 3263 factum
1416 3224 1522 3263 non
1541 3219 1675 3264 erat.
1701 3208 1806 3264 Ne-

217 3314 328 3368 que
366 3301 505 3354 enim
551 3301 820 3368 praecessit
867 3299 1062 3370 aliquid
1108 3299 1175 3354 de
1216 3299 1354 3353 facto
1392 3299 1586 3354 Verbo.
1617 3299 1804 3354 Omnia

219 3391 365 3442 enim
393 3406 510 3459 qua:
537 3391 676 3445 Deus
705 3391 851 3458 fecit,
877 3389 1052 3444 Verbo
1074 3388 1200 3443 fecit
1228 3407 1240 3442 :
1265 3387 1427 3455 Dixit,
1457 3399 1500 3442 et
1517 3392 1650 3460 facta
1665 3399 1804 3452 sunt;

218 3479 512 3545 mandavit,
545 3489 592 3533 et
620 3491 787 3532 creata
811 3488 927 3532 sunt
955 3477 1121 3548 (Psal.
1162 3493 1353 3533 cxnvm
1373 3519 1386 3542 ,
1435 3477 1512 3548 5).
1546 3477 1687 3532 Inter
1727 3478 1806 3532 di-

217 3578 430 3623 centem
465 3578 519 3622 ut
544 3570 651 3636 fiat,
682 3578 738 3623 et
769 3569 909 3640 quod
937 3567 1134 3624 factum
1178 3577 1260 3623 est
1295 3584 1323 3621 a
1355 3568 1564 3623 dicente
1589 3609 1603 3633 ,
1633 3569 1802 3638 pluri-

217 3675 368 3713 mum
415 3659 616 3714 distat:
645 3660 741 3714 sed
784 3661 828 3715 si
866 3660 1049 3715 dicens
1087 3670 1202 3724 est,
1247 3660 1481 3716 Verbum
1523 3661 1712 3726 habet;
1757 3663 1803 3716 si

220 3748 455 3803 Verbum
480 3749 658 3812 habet,
683 3765 778 3819 per
799 3750 1030 3806 Verbum
1053 3749 1192 3813 fecit;
1216 3749 1260 3803 si
1287 3765 1381 3819 per
1401 3749 1629 3804 Verbum
1657 3749 1799 3818 fecit,

221 3837 458 3891 Verbum
489 3853 593 3891 non
617 3837 759 3892 fecit.

293 3926 347 3980 4.
381 3928 682 3981 Arianorum
710 3928 961 3981 cavillatio
992 3944 1010 3981 :
1037 3927 1264 3982 similiter
1289 3929 1476 3981 dictum
1496 3942 1599 3982 esse
1624 3930 1675 3982 in
1699 3929 1800 3982 Ge-

218 4015 333 4067 nesi
351 4054 365 4076 ,
392 4013 548 4068 Terra
577 4025 702 4067 erat.
729 4015 936 4082 Quare,
968 4015 1254 4084 inquiunt?
1283 4017 1472 4070 Annon
1523 4017 1712 4070 audisti
1749 4027 1802 4072 et

216 4106 290 4159 de
319 4113 455 4158 terra
477 4145 492 4171 ,
523 4103 683 4159 Terra
711 4115 816 4159 erat
855 4107 1114 4160 invisibilis
1140 4116 1184 4159 et
1207 4107 1532 4176 incomposita
1563 4107 1711 4180 (Gen.
1742 4125 1758 4163 ι
1783 4151 1798 4177 ,

218 4198 243 4250 1
278 4237 296 4262 ,
322 4195 419 4266 2)?
452 4195 508 4250 Si
539 4204 815 4265 propterea
838 4239 852 4262 ,
879 4195 1152 4266 inquiunt,
1187 4196 1318 4251 dicis
1349 4196 1577 4251 Verbum
1606 4198 1801 4254 factum

218 4300 330 4340 non
377 4300 525 4352 esse,
571 4287 692 4355 quia
738 4286 936 4340 dictum
974 4295 1087 4351 est,
1120 4286 1333 4339 Verbum
1362 4295 1509 4350 erat;
1538 4303 1635 4341 nec
1663 4297 1800 4342 terra

217 4375 358 4428 facta
384 4384 483 4440 est,
515 4376 634 4446 quia
664 4375 862 4429 dictum
886 4385 997 4440 est,
1029 4375 1186 4428 Terra
1207 4385 1332 4428 erat.
1369 4375 1412 4430 Ο
1439 4390 1578 4429 εεεεει
1605 4385 1656 4430 ει
1685 4376 1798 4430 hac-

219 4465 387 4521 retica
416 4465 652 4521 insania!
687 4467 912 4522 Attende
931 4508 946 4533 ,
975 4467 1020 4521 si
1046 4476 1128 4522 est
1157 4467 1294 4521 unde
1323 4467 1596 4533 attendas;
1634 4468 1793 4533 audi,

217 4556 265 4609 si
311 4565 393 4611 est
425 4557 564 4610 unde
589 4556 772 4610 audias
809 4573 822 4608 :
865 4572 932 4612 ne
960 4571 1122 4612 sonus
1153 4557 1380 4611 inaniter
1402 4573 1582 4612 aurem
1615 4573 1801 4627 percu-

213 4633 354 4708 tiat,
394 4644 541 4714 cujus
580 4659 673 4698 cor
699 4645 898 4699 veritas
925 4661 1028 4700 non
1073 4647 1321 4701 illustrat.
1367 4646 1534 4701 Verba
1562 4647 1798 4717 ejusdem

215 4735 509 4805 Scriptura:
533 4736 771 4790 dicturus
792 4750 906 4790 sum
926 4778 941 4803 ,
972 4753 1090 4807 qua:
1119 4737 1190 4791 ibi
1229 4739 1470 4793 invenisti
1491 4754 1610 4792 cum
1652 4740 1797 4810 lege-

215 4841 337 4891 res,
364 4836 418 4882 et
443 4828 823 4896 praetermisisti
858 4843 978 4883 cum
1009 4829 1264 4898 litigares.
1291 4829 1491 4899 Nempe
1521 4841 1797 4900 propterea

217 4926 378 4988 putas
405 4919 508 4973 tale
531 4919 723 4990 aliquid
765 4920 963 4974 dictum
993 4919 1059 4974 de
1089 4919 1262 4974 Verbo
1289 4921 1379 4976 Dei
1404 4963 1419 4987 ,
1449 4937 1568 4976 cum
1598 4922 1796 4977 dictum

217 5014 341 5071 est,
384 5004 452 5060 In
495 5007 746 5078 principio
775 5019 880 5062 erat
919 5007 1347 5077 Verbum;quale
1375 5009 1571 5064 dictum
1612 5021 1693 5064 est
1731 5011 1797 5067 de

217 5105 392 5161 terra,
415 5097 534 5166 quia
572 5097 770 5152 dictum
792 5109 873 5152 est
891 5140 906 5164 ,
943 5098 1096 5152 Terra
1121 5109 1226 5152 erat
1247 5099 1505 5153 invisibilis
1531 5112 1576 5154 et
1604 5103 1796 5155 ini-om-

216 5185 402 5255 posita.
427 5186 534 5254 Ego
565 5186 656 5240 tibi
689 5188 738 5241 in
773 5189 872 5242 hoc
894 5189 1028 5244 libro
1049 5189 1317 5244 Geneseos
1341 5191 1612 5259 superiora
1637 5193 1795 5247 verba

217 5275 488 5340 recitabo,
518 5277 656 5345 quod
687 5286 966 5347 antequam
992 5279 1195 5333 diceret
1233 5279 1460 5348 scriptor
1494 5280 1586 5334 Dei
1624 5280 1794 5334 famu-

215 5365 336 5428 lus,
371 5363 526 5417 Terra
551 5375 693 5430 erat;
734 5375 790 5420 ut
817 5377 1094 5435 appareret
1121 5369 1241 5438 quia
1281 5367 1416 5422 facta
1461 5378 1607 5435 erat,
1651 5371 1795 5438 prius

215 5456 386 5523 dixit,
423 5454 491 5510 In
521 5458 766 5525 principio
800 5459 914 5526 fecit
953 5457 1088 5513 Deus
1113 5462 1290 5514 calum
1330 5471 1376 5513 et
1421 5470 1622 5513 terram.
1657 5461 1794 5515 Ecce

216 5559 321 5614 ego
345 5547 488 5614 prius
513 5545 604 5600 tibi
627 5546 763 5600 edidi
791 5545 864 5618 (a)
887 5555 1080 5603 terram
1099 5547 1287 5604 factam
1306 5567 1320 5617 ;
1339 5558 1392 5604 et
1407 5549 1596 5604 factam
1616 5551 1796 5619 utique

281 5653 358 5718 (a)
377 5661 534 5716 Forte,
556 5655 755 5706 ostendi.

1567 307 1793 365 SERMO
1830 308 2143 366 CCCLXXX
2155 349 2167 362 .

3347 322 3369 376 l
3381 322 3484 380 678

1917 437 1946 476 a
1979 423 2119 491 Deo,
2147 433 2367 480 sonante
2392 427 2660 497 Scriptura
2691 439 2744 485 et
2774 429 2823 484 in
2867 445 3025 486 aures
3069 435 3364 489 recusantis
3404 440 3476 491 ir-

1913 521 2226 581 rumpente,
2278 513 2344 568 In
2389 517 2634 586 principio
2663 521 2778 589 fecit
2805 519 2941 574 Deus
2973 510 3150 576 stilum
3193 534 3236 577 et
3275 535 3482 580 terram.

1915 600 2075 655 Facta
2103 613 2253 657 erant
2291 605 2437 669 haec;
2469 607 2562 662 sed
2602 609 2831 664 nondum
2872 621 3090 680 ornata,
3131 617 3360 672 nondum
3387 618 3486 674 de-

1915 691 2112 746 clarata
2142 711 2155 746 :
2190 704 2326 748 terra
2355 696 2586 750 nondum
2617 698 2859 754 distincta
2879 741 2893 765 ,
2922 702 3013 756 sed
3053 712 3226 758 tamen
3263 707 3372 774 jam
3399 707 3481 762 fa-

1915 790 2018 835 cta.
2070 782 2145 836 Ne
2193 793 2366 838 autem
2415 796 2624 865 putares
2663 791 2911 844 continuo
2951 800 3143 846 terram
3187 793 3377 850 factam
3407 798 3484 852 sic

1917 870 2096 936 fuisse,
2127 882 2183 926 ut
2209 889 2312 928 non
2338 876 2387 928 in
2410 890 2471 930 ea
2496 887 2638 931 esset
2668 879 2806 947 quod
2832 891 3110 935 ornaretur
3131 924 3146 947 ,
3173 884 3484 941 subsecutus

1915 959 1987 1012 ait
2017 977 2031 1013 :
2064 960 2220 1015 Facta
2247 973 2360 1016 erat
2395 965 2608 1034 quidem
2629 1008 2644 1030 ,
2675 968 2794 1036 quia
2840 969 2892 1022 in
2928 972 3174 1039 principio
3206 975 3321 1041 fecit
3351 976 3486 1031 Deus

1915 1051 2092 1102 cretum
2121 1061 2165 1104 et
2186 1061 2404 1115 terram;
2429 1065 2559 1108 terra
2574 1066 2757 1123 autem,
2782 1074 2936 1126 quam
2965 1061 3088 1116 fecit
3116 1063 3279 1127 Deus,
3313 1066 3483 1122 adhuc

1914 1139 2171 1193 invisibilis
2197 1153 2300 1194 erat
2322 1152 2364 1196 et
2385 1145 2732 1213 incomposita.
2755 1147 2998 1204 Ostendit
3024 1152 3113 1207 tibi
3139 1155 3310 1222 qualis
3334 1167 3447 1210 erat
3465 1199 3480 1220 ,

1914 1242 2029 1295 quae
2062 1229 2194 1283 facta
2229 1242 2373 1296 erat;
2406 1248 2509 1287 non
2538 1236 2661 1303 quia
2703 1245 2852 1303 erat,
2880 1255 2997 1308 qua:
3023 1240 3156 1296 facta
3201 1259 3308 1298 non
3347 1257 3480 1303 erat.

1915 1317 2127 1372 Poterat
2165 1337 2290 1391 ergo
2318 1323 2495 1380 dicere
2519 1325 2749 1382 Joannes
2774 1369 2786 1392 ,
2818 1328 2872 1382 ln
2901 1331 3158 1401 principio
3187 1333 3307 1390 fecit
3345 1339 3484 1392 Deus

1916 1405 2164 1472 Verbum,
2193 1410 2421 1466 Verbum
2449 1423 2623 1469 autem
2643 1427 2789 1482 erat;
2813 1421 3077 1486 quomodo
3096 1463 3110 1485 ,
3143 1421 3208 1478 In
3239 1426 3484 1496 principio

1914 1497 2030 1564 fecit
2057 1497 2192 1552 Deus
2221 1504 2398 1555 uelum
2431 1513 2476 1556 et
2500 1514 2720 1570 terram;
2745 1517 2877 1562 terra
2908 1519 3073 1564 autem
3108 1522 3212 1566 erat
3238 1530 3256 1568 :
3291 1525 3346 1570 ut
3386 1517 3486 1572 iste

1914 1595 2055 1641 esset
2082 1590 2213 1642 ordo
2237 1592 2518 1647 verborum
2545 1637 2560 1662 ,
2592 1595 2648 1650 in
2699 1600 2954 1669 principio
2997 1603 3118 1657 fecit
3166 1605 3304 1662 Deus
3348 1606 3483 1662 Ver-

1912 1676 2038 1731 bum
2063 1718 2077 1742 ,
2107 1688 2164 1734 et
2189 1681 2417 1737 Verbum
2438 1693 2552 1739 erat
2575 1687 2713 1755 apud
2744 1689 2943 1756 Deum;
2974 1702 3028 1745 ut
3073 1693 3488 1764 intelligeremus

1912 1769 2034 1837 quia
2063 1771 2164 1826 hoc
2186 1771 2416 1828 Verbum
2444 1787 2558 1832 erat
2583 1779 2721 1848 apud
2753 1781 2915 1836 Deum
2937 1823 2953 1848 ,
2977 1785 3116 1851 quod
3149 1785 3377 1843 Verbum
3408 1789 3486 1845 fe-

1912 1871 2060 1915 cerat
2088 1862 2248 1918 Deus.
2276 1865 2424 1922 Nunc
2450 1883 2576 1923 vero
2599 1870 2748 1924 audis
2767 1911 2782 1935 ,
2812 1871 2881 1926 In
2919 1875 3166 1944 principio
3205 1888 3312 1932 erat
3359 1880 3482 1934 Ver-

1915 1948 2052 2004 bum.
2082 1951 2217 2018 Quid
2245 1957 2437 2022 quaaris
2461 1959 2725 2012 anteriora
2754 1959 2921 2015 factus
2946 1965 3271 2020 extremior?
3291 1967 3484 2024 Extre-

1913 2039 2050 2094 mior
2077 2042 2216 2096 enim
2245 2053 2298 2097 tu
2334 2039 2384 2098 in
2419 2061 2599 2100 errore
2631 2057 2719 2102 tuo
2755 2048 2920 2105 factus
2946 2066 3003 2105 es
3034 2070 3047 2105 :
3074 2053 3140 2108 de
3168 2055 3273 2109 imo
3301 2056 3485 2126 loque-

1914 2129 2007 2196 ris,
2031 2140 2086 2184 et
2110 2131 2177 2186 ad
2200 2134 2302 2189 ima
2332 2138 2570 2204 respicis.
2596 2138 2799 2194 Vellem
2822 2182 2838 2207 ,
2870 2143 2914 2196 si
2940 2142 3008 2197 de
3034 2143 3140 2198 imo
3169 2147 3479 2216 loquereris,

1915 2230 1970 2275 ut
1997 2236 2205 2278 sursum
2235 2240 2329 2280 eor
2352 2229 2595 2284 tenderes
2618 2271 2633 2295 ,
2665 2240 2720 2285 et
2756 2232 3012 2290 clamares
3035 2235 3104 2290 de
3133 2238 3392 2307 profundo
3416 2241 3485 2296 ad

1916 2313 2196 2370 Dominum
2228 2337 2242 2372 :
2273 2331 2543 2390 rumperet
2575 2325 2742 2379 nubes
2761 2328 2997 2397 caliginis
3017 2331 3187 2385 carnis
3217 2343 3339 2400 ture,
3367 2350 3486 2404 ape-

1914 2405 2041 2458 riret
2079 2408 2261 2461 oculos
2299 2410 2574 2466 humilitati
2613 2413 2700 2467 lux
2736 2431 2854 2484 quae
2881 2419 3027 2472 venit
3051 2420 3103 2474 in
3150 2421 3478 2492 humilitate;

1915 2491 2155 2558 videres,
2197 2495 2262 2548 In
2303 2499 2549 2567 principio
2591 2511 2696 2555 erat
2747 2502 2992 2571 Verbum,
3032 2518 3080 2560 et
3129 2509 3338 2566 Verbum
3374 2491 3482 2567 erat

1913 2585 2052 2652 apud
2075 2583 2258 2652 Deum,
2281 2598 2328 2641 et
2351 2588 2483 2643 Deus
2509 2601 2614 2644 erat
2643 2591 2856 2648 Verbum
2878 2612 2897 2658 ,'
2923 2596 3015 2650 hoc
3043 2601 3218 2652 eratin
3238 2603 3486 2672 principio

1914 2675 2052 2742 apud
2070 2675 2252 2730 Deum.
2279 2679 2426 2734 Dicat
2445 2691 2498 2735 et
2518 2682 2712 2737 Paulus
2732 2725 2745 2749 ,
2777 2686 2874 2752 Qui
2900 2704 3012 2741 cum
3027 2691 3077 2742 in
3109 2694 3272 2760 forma
3293 2694 3386 2748 Dei
3411 2713 3488 2751 es-

1913 2773 2006 2817 set.
2055 2766 2190 2831 Quid
2242 2768 2308 2823 de
2360 2770 2588 2826 humana
2637 2775 2907 2829 nativitate
2944 2778 3070 2832 dicit
3113 2780 3379 2838 Joannes?
3422 2785 3488 2839 Et

1924 2851 2138 2907 Verbum
2160 2873 2276 2911 caro
2297 2863 2484 2929 factum
2507 2872 2579 2915 est
2603 2863 2780 2931 (Joan.
2801 2881 2839 2928 ι,
2871 2867 2920 2931 1,
2951 2868 3004 2934 2,
3034 2870 3067 2924 5
3086 2911 3100 2935 ,
3125 2871 3236 2941 ii).
3267 2874 3409 2927 Dicat
3435 2885 3488 2930 et

1915 2941 2140 3008 Paulus,
2172 2948 2505 3018 Semetipsum
2525 2955 2816 3020 exinanivit,
2849 2957 3064 3024 formant
3091 2964 3218 3015 servi
3238 2967 3488 3034 accipiens

1919 3034 2170 3107 (Philipp.
2196 3055 2266 3104 11,
2296 3041 2328 3094 6
2348 3083 2362 3106 ,
2396 3042 2470 3110 7).
2491 3042 2626 3109 Quid
2651 3060 2777 3116 ergo
2802 3047 3016 3103 dicebas
3037 3051 3104 3106 de
3132 3055 3305 3108 verbis
3323 3056 3486 3113 Joan-

1914 3124 1998 3178 nis
2023 3125 2306 3194 Baptistaa?
2351 3129 2548 3186 Eadem
2578 3135 2707 3187 mihi
2733 3151 2872 3191 nunc
2900 3152 2960 3192 ea
3001 3150 3180 3208 repete
3202 3183 3215 3206 ,
3255 3159 3397 3199 nunc
3423 3162 3486 3204 ea

1914 3215 2150 3286 loquere.
2196 3218 2328 3284 Quid
2371 3222 2443 3276 ait
2479 3223 2708 3280 Joannes
2751 3227 3020 3297 Baptista?
3055 3230 3181 3286 Post
3223 3251 3302 3289 me
3337 3240 3486 3292 venit.

1913 3306 2156 3371 Agnosco
2199 3311 2545 3366 nativitatem.
2592 3315 2681 3369 llle
2709 3316 2776 3371 de
2812 3320 2999 3386 sterili,
3029 3320 3118 3376 ille
3155 3322 3223 3378 de
3263 3326 3484 3394 virgine.

1911 3393 2170 3450 Sterilitas
2205 3413 2458 3454 conversa
2507 3411 2589 3456 est
2632 3405 2682 3457 in
2735 3405 3108 3464 fecunditatem
3156 3429 3169 3465 :
3217 3393 3485 3482 virginitas

1914 3488 2104 3542 mansit
2139 3499 2256 3557 post
2286 3490 2676 3549 fecunditatem.

1982 3578 2035 3631 5.
2072 3576 2295 3648 Objectio
2317 3597 2336 3634 :
2353 3582 2608 3638 Christum
2635 3587 2737 3639 dici
2762 3591 2952 3656 factum
2973 3629 2987 3655 ,
3016 3589 3068 3643 in
3089 3603 3330 3659 quantum
3363 3594 3488 3649 Ver-

1913 3667 2028 3719 bum
2055 3677 2144 3722 est.
2167 3669 2392 3725 Christus
2417 3682 2534 3728 ante
2551 3673 2802 3730 Joannem
2823 3679 2986 3748 factus
3005 3720 3019 3746 ,
3041 3680 3096 3734 id
3114 3693 3186 3735 est
3205 3695 3320 3737 ante
3345 3687 3487 3754 posi-

1912 3766 1990 3810 tus
2009 3758 2106 3826 ipsi
2125 3767 2170 3811 et
2199 3759 2458 3827 pra'latus.
2485 3762 2587 3817 Sed
2613 3763 2863 3833 Joannes,
2897 3767 3097 3837 inquit,
3121 3771 3166 3824 si
3194 3773 3482 3828 secundum

1913 3845 2013 3900 hoc
2031 3847 2252 3903 dixisset
2276 3849 2494 3918 factum,
2521 3855 2810 3912 secundum
2833 3859 2972 3928 quod
3001 3875 3068 3915 ex
3099 3862 3302 3933 virgine
3330 3874 3484 3921 natus

1910 3946 1992 3990 est
2012 3977 2026 3998 ,
2054 3952 2157 3992 non
2183 3939 2419 4007 diceret,
2466 3953 2580 3997 ante
2602 3961 2680 3998 me
2716 3947 2880 4014 factus
2904 3960 3010 4013 est;
3035 3951 3158 4020 quia
3188 3969 3251 4007 ex
3282 3955 3484 4026 virgine

1911 4035 2029 4093 post
2057 4027 2201 4081 illum
2237 4029 2404 4085 factus
2427 4041 2559 4086 erat.
2584 4034 2722 4103 Ergo
2745 4076 2759 4100 ,
2782 4047 2897 4090 ante
2916 4056 2992 4093 me
3025 4045 3189 4108 [actus
3218 4055 3287 4098 est
3305 4086 3320 4108 ,
3353 4047 3480 4114 quid

1909 4124 2024 4181 est,
2058 4117 2158 4170 nisi
2185 4119 2303 4188 quia
2333 4121 2386 4174 in
2425 4121 2680 4191 principio
2707 4125 2934 4182 Verbum
2975 4127 3167 4185 factum
3207 4135 3357 4188 erat?
3395 4135 3482 4192 Sic

1909 4206 2051 4259 enim
2076 4216 2198 4261 ante
2224 4207 2482 4263 Joannem
2512 4221 2658 4278 erat;
2691 4228 2809 4268 nam
2836 4231 2902 4270 ex
2947 4218 3146 4288 virgine
3180 4232 3298 4290 post
3323 4223 3482 4278 Joan-

1910 4309 2030 4347 nem
2054 4304 2187 4349 erat.
2211 4297 2426 4367 Accipe,
2450 4307 2503 4352 et
2529 4300 2572 4353 si
2594 4316 2697 4354 non
2725 4303 2939 4370 rixaris,
2967 4306 3201 4363 adverte.
3225 4311 3479 4381 Aliquan-

1910 4391 2019 4438 tum
2045 4386 2186 4438 enim
2227 4385 2361 4440 forte
2389 4388 2771 4446 subobscurum
2793 4401 2874 4446 est
2898 4395 3036 4464 quod
3061 4391 3144 4452 vis
3167 4399 3478 4470 intelligere,

1910 4483 1967 4527 ut
1996 4475 2217 4530 rixando
2239 4477 2332 4531 tibi
2356 4493 2548 4547 augeas
2576 4480 2776 4536 fumum
2798 4523 2813 4548 ,
2853 4500 2958 4554 quo
2987 4488 3289 4557 imp‘ediaris
3317 4493 3383 4548 ab
3412 4494 3482 4547 in-

1909 4565 2138 4620 tellectu.
2171 4566 2495 4637 Scripturam
2524 4571 2665 4625 illam
2694 4574 2862 4641 primo
2888 4576 3093 4633 intuere
3115 4618 3131 4644 ,
3161 4596 3278 4649 qua:
3309 4591 3360 4636 te
3385 4581 3482 4638 do-

1908 4663 1992 4709 cet
2018 4664 2074 4709 ut
2093 4657 2278 4713 docilis
2308 4659 2421 4712 fias.
2447 4659 2568 4714 Esto
2605 4675 2892 4720 mansuetus
2923 4667 2990 4720 ad
3031 4671 3334 4724 audiendum
3371 4689 3482 4727 ver-

1909 4747 2046 4813 bum,
2065 4756 2120 4800 ut
2139 4748 2392 4818 intelligas
2417 4749 2599 4818 (Eccli.
2621 4768 2674 4815 ν,
2699 4755 2811 4824 15).
2831 4755 3019 4813 Patere
3033 4774 3159 4829 ergo
3175 4763 3440 4830 paulisper
3461 4783 3479 4822 :

1908 4835 2041 4890 forte
2068 4838 2396 4894 inveniemus
2422 4842 2686 4909 quomodo
2705 4843 2901 4900 dictum
2940 4849 3040 4915 sit,
3069 4861 3186 4905 ante
3216 4869 3295 4907 me
3319 4857 3483 4924 factus

1907 4938 1978 4982 est
1998 4943 2017 4992 ;
2036 4927 2160 4982 dum
2188 4937 2361 4983 tamen
2392 4946 2496 4985 non
2531 4931 2882 5004 intelligamus
2910 4936 3101 4994 factum
3129 4941 3358 4999 Verbum
3386 4961 3484 5016 per

1907 5019 2046 5087 quod
2067 5019 2199 5074 facta
2230 5031 2352 5075 sunt
2375 5023 2568 5076 omnia.
2597 5023 2906 5092 Quomodo,
2939 5030 3142 5099 inquit?
3172 5034 3225 5088 Si
3258 5046 3443 5104 potem
3464 5078 3479 5102 .

1905 5109 2076 5163 dicam
2107 5127 2120 5164 :
2144 5111 2186 5164 si
2217 5110 2394 5165 dicere
2416 5128 2519 5166 non
2552 5122 2755 5182 potero,
2779 5132 2883 5171 non
2908 5128 3079 5175 tamen
3109 5138 3213 5178 non
3242 5135 3321 5179 est
3341 5129 3481 5197 quod

1905 5199 2044 5254 dicat
2063 5201 2152 5270 qui
2173 5201 2350 5256 dicere
2381 5205 2626 5271 potuerit.
2658 5206 2832 5264 Credo
2859 5220 3034 5266 autem
3061 5223 3114 5267 et
3131 5230 3308 5284 spero,
3338 5220 3477 5288 quod

1907 5289 2044 5343 illius
2074 5291 2319 5359 majestas
2352 5291 2644 5362 Unigeniti,
2675 5299 2762 5365 qui
2789 5314 2908 5354 cum
2943 5314 3085 5358 esset
3111 5304 3370 5370 Verbum,
3396 5309 3477 5362 in-

1906 5379 2020 5434 fans
2051 5379 2218 5434 factus
2238 5392 2339 5446 est,
2363 5384 2566 5450 aperiet
2592 5385 2862 5442 infantiam
2889 5390 3078 5461 linguae
3107 5410 3238 5450 mea:
3261 5437 3276 5463 ,
3308 5407 3362 5450 et
3400 5396 3477 5452 fa-

1904 5468 2008 5522 ciet
2053 5470 2103 5521 in
2135 5483 2228 5523 ore
2267 5480 2499 5539 partum,
2539 5474 2630 5542 qui
2675 5475 2798 5530 fecit
2844 5479 2894 5531 in
2934 5481 3093 5535 corde
3137 5494 3472 5551 conceptum.

1904 5557 2044 5614 Ecce
2071 5559 2242 5614 dicam
2266 5569 2322 5614 ut
2349 5571 2535 5630 potero
2565 5581 2576 5615 :
2602 5565 2832 5637 intellige
2851 5580 2906 5623 ut
2936 5581 3105 5638 potes;
3125 5581 3178 5624 et
3202 5573 3341 5641 quod
3370 5590 3476 5631 non

1908 5650 2104 5719 poteris
2126 5650 2418 5722 intelligere
2437 5693 2452 5719 ,
2477 5655 2579 5708 noli
2609 5657 3024 5727 reprehendere,
3049 5661 3194 5729 quasi
3221 5663 3331 5731 jam
3361 5682 3475 5720 ma-
