4006 6446
549 316 686 375 1679

544 447 684 504 gnus
699 431 793 497 sis;
816 429 910 486 sed
930 427 1107 494 dilicr,
1128 433 1186 480 ut
1201 434 1445 479 crescere
1466 416 1740 474 merearis.
1764 414 1935 510 Certe.
1951 412 2051 465 hoc
2079 419 2130 464 te

549 535 760 591 movet,
798 520 1066 593 quomodo
1094 517 1292 572 dictum
1322 515 1418 577 sit,
1456 511 1556 579 Qui
1585 518 1696 580 post
1723 523 1800 560 me
1825 514 1954 558 venu
1974 543 1989 566 ,
2015 511 2132 555 ante

548 631 629 670 me
665 619 830 685 factus
856 621 948 665 est.
993 609 1198 663 Movent
1237 605 1391 675 plane
1435 611 1493 656 ut
1535 607 1864 670 qumrcntem
1887 635 1902 659 ,
1931 607 2036 648 non
2076 600 2134 644 ut

548 709 832 763 rixantem.
859 704 1018 758 Certe
1040 709 1096 754 et
1128 713 1226 770 ego
1255 711 1436 769 quaero
1460 704 1634 750 tecum
1667 709 1680 745 :
1712 689 1870 746 simul
1892 685 2132 742 invenie-

542 813 702 864 mus,
735 798 778 852 si
803 795 957 851 simul
979 805 1279 862 quaeramus
1301 805 1316 854 ;
1340 787 1497 842 ambo
1521 783 1874 854 accipiemus,
1909 779 1952 832 si
1977 776 2134 831 ambo

545 901 824 962 petamus;
853 875 1065 956 utrique
1094 891 1334 938 nostrum
1363 879 1630 949 aperietur
1653 917 1668 943 ,
1690 875 1734 930 si
1769 872 1926 928 ambo
1956 869 2134 940 pulse-

549 998 690 1037 ntus.
722 980 845 1034 Post
879 994 958 1032 me
994 977 1126 1030 venit
1149 1015 1163 1040 ,
1195 973 1362 1044 inquit
1389 990 1402 1024 :
1429 983 1659 1041 agnosce
1700 964 2026 1021 nativitatem
2068 973 2135 1014 ex

551 1073 755 1143 virgine
783 1069 965 1124 Maria.
999 1067 1126 1120 Ante
1149 1081 1228 1118 me
1266 1065 1428 1130 factus
1456 1069 1530 1114 est
1556 1075 1574 1113 :
1610 1057 1734 1128 quid
1761 1063 1843 1110 est
1861 1095 1875 1117 ,
1905 1061 2021 1105 ante
2060 1064 2138 1143 me

553 1140 716 1235 factus
745 1160 860 1216 est?
900 1158 1180 1227 lntellige,
1211 1158 1542 1224 antepositus
1589 1158 1672 1206 est
1719 1146 1870 1202 mihi.
1918 1144 2010 1235 ille
2048 1140 2138 1235 qui

553 1230 677 1324 post
704 1267 791 1307 me
813 1249 992 1315 venit,
1024 1248 1192 1300 iactus
1235 1253 1319 1300 est
1345 1253 1468 1297 ante
1495 1256 1598 1295 me.
1629 1235 1907 1305 Quomodo
1951 1234 1994 1288 si
2033 1230 2139 1324 duo

553 1321 830 1398 ambulent
858 1339 911 1393 in
949 1338 1138 1392 itinere
1159 1378 1175 1403 ,
1211 1344 1265 1390 et
1294 1350 1428 1388 unus
1465 1331 1536 1387 sit
1563 1329 1763 1384 tardior
1786 1368 1802 1394 ,
1831 1326 1968 1380 alter
1995 1321 2142 1376 velo-

555 1434 698 1499 eior,
721 1439 776 1486 et
799 1427 1068 1500 praecedat
1106 1426 1306 1481 tardior
1333 1425 1655 1492 aliquantum
1680 1460 1694 1484 ,
1726 1425 1844 1486 post
1875 1412 2140 1484 paululum

557 1533 735 1578 autem
780 1529 1032 1591 sequatur
1070 1518 1336 1581 velocior;
1369 1513 1586 1583 respicit
1614 1509 1812 1565 tardior
1837 1504 2143 1578 praecedens

557 1613 876 1669 velociorem
906 1616 1244 1680 sequentem,
1286 1615 1340 1661 et
1381 1604 1542 1666 dicit,
1586 1601 1715 1656 Post
1749 1613 1836 1653 me
1874 1595 2035 1650 venit.
2082 1594 2146 1647 Et

559 1719 686 1760 ecce
712 1703 1043 1758 accelerante
1065 1698 1175 1763 illo,
1200 1706 1252 1751 et
1281 1695 1666 1765 propinquante
1689 1731 1705 1757 ,
1729 1698 1782 1744 et
1801 1686 2106 1742 adhzerente
2125 1723 2139 1748 ,

559 1807 615 1852 et
640 1801 967 1858 transeunte,
991 1789 1137 1844 videt
1160 1789 1248 1843 ille
1267 1787 1614 1848 anteriorem,
1644 1795 1801 1853 quem
1833 1775 2147 1847 respiciebat

562 1886 915 1958 posteriorem
960 1899 974 1934 :
1023 1889 1172 1936 certe
1209 1878 1253 1933 si
1297 1876 1623 1931 celeritatem
1670 1871 1785 1940 ejus
1833 1871 2148 1964 expavescat

563 1977 793 2049 quodam
823 1972 982 2028 modo
1011 1979 1066 2026 et
1093 1969 1404 2031 admiretur,
1428 1977 1604 2017 nonne
1629 1965 1879 2030 poterunt
1904 1968 2023 2008 esse
2048 1961 2147 2049 ista

565 2043 723 2125 verba
755 2066 875 2134 ejus
899 2081 912 2116 :
937 2063 1074 2116 Ecce
1103 2059 1262 2112 homo
1293 2063 1412 2126 post
1441 2068 1524 2108 me
1555 2061 1667 2106 erat
1687 2091 1701 2116 ,
1731 2057 1784 2103 et
1813 2055 1936 2101 ante
1964 2059 2049 2098 tne
2075 2043 2151 2096 fa-

565 2169 682 2215 ctus
708 2156 826 2211 est?
853 2152 990 2222 Quid
1016 2159 1098 2206 est
1127 2150 1246 2214 hoc,
1275 2148 1366 2218 qui
1395 2153 1513 2216 post
1540 2157 1624 2198 me
1653 2150 1795 2206 erat,
1823 2146 1945 2192 ante
1969 2151 2054 2190 me
2077 2135 2152 2188 fa-

565 2259 682 2304 ctus
711 2244 957 2311 est?-Qui
984 2239 1287 2295 ambulabat
1320 2245 1439 2306 post
1470 2248 1584 2300 me,
1617 2230 1890 2286 celeritate
1927 2225 2042 2295 ejus
2070 2223 2150 2277 fa-

567 2347 711 2392 ctum
734 2344 819 2390 est
840 2342 896 2388 ut
923 2340 1069 2388 esset
1097 2339 1220 2383 ante
1245 2341 1353 2381 me.
1382 2324 1514 2378 Nam
1535 2322 1580 2376 si
1604 2313 2150 2387 ubicumquelegeris,

573 2431 730 2501 factus
755 2435 827 2480 est
849 2467 863 2491 ,
899 2438 1004 2478 non
1036 2419 1287 2489 intelligis
1324 2415 1426 2470 nisi
1454 2415 1732 2501 formatum
1774 2423 1894 2464 esse
1920 2407 2009 2501 qui
2047 2419 2153 2458 non

570 2495 704 2580 erat;
733 2525 786 2570 et
814 2513 1092 2568 Dominum
1126 2510 1292 2562 Deum
1323 2505 1562 2558 dicturus
1591 2516 1647 2554 es
1682 2499 1876 2552 factum
1900 2537 1913 2560 ,
1954 2495 2022 2550 de
2050 2507 2155 2564 quo

570 2611 768 2665 dictum
789 2613 892 2671 est,
916 2602 1107 2656 Factus
1122 2607 1194 2653 est
1223 2597 1345 2651 mihi
1367 2594 1613 2648 Dominus
1638 2593 1691 2645 in
1710 2589 1960 2660 refugiunt
1983 2585 2151 2658 (Psal.

573 2715 698 2755 xcut
721 2738 734 2763 ,
780 2695 894 2764 2‘2).
932 2691 1118 2746 Factus
1164 2699 1234 2744 est
1273 2687 1519 2740 Dominus
1557 2684 1759 2753 adjutor
1787 2679 1958 2753 (Psal.
1991 2693 2113 2731 ttth
2136 2718 2152 2743 ,

577 2789 663 2858 ll)
689 2805 703 2854 ;
734 2797 820 2852 et,
850 2783 1041 2837 Factus
1064 2790 1135 2835 est
1159 2779 1282 2832 mihi
1310 2779 1361 2831 in
1389 2777 1601 2831 salutent
1630 2773 1801 2844 (Psa'l.
1838 2786 1979 2826 cxvn
1998 2811 2011 2834 ,
2042 2769 2153 2838 M).

571 2879 791 2944 Quoties
831 2871 1134 2928 factus‘lEt
1167 2871 1279 2939 ipse
1325 2867 1450 2922 fecit
1495 2867 1693 2920 omnia.
1740 2864 1879 2932 Ergo
1923 2859 2157 2929 intellige

573 2980 781 3021 mecum
807 2962 988 3018 verba.
1016 2960 1198 3029 Neque
1225 2958 1368 3013 enim
1397 2956 1560 3010 tacuit
1585 2954 1724 3008 idem
1759 2952 1992 3006 Joannes
2015 2958 2069 3004 et
2095 2948 2158 3002 il-

575 3058 666 3114 lud
700 3055 842 3126 quod
882 3054 1112 3110 Verbum
1155 3061 1304 3116 erat;
1334 3065 1408 3104 ne
1455 3048 1524 3104 ibi
1565 3056 1786 3134 putares
1837 3043 2159 3134 signiﬁcasse

581 3147 830 3212 Verbum,
860 3143 1073 3215 quando
1106 3141 1237 3197 dixit
1258 3182 1272 3206 ,
1292 3149 1421 3193 ante
1441 3154 1519 3190 me
1545 3131 1707 3206 factus
1735 3143 1842 3188 est:
1869 3143 1922 3186 ttl
1950 3131 2158 3186 noveris

573 3236 641 3292 ad
659 3236 758 3290 hoc
778 3235 1044 3306 pertinere
1070 3242 1186 3286 ante
1205 3247 1284 3284 me
1312 3233 1474 3301 factus
1493 3237 1581 3293 est,
1611 3225 2027 3296 quia~praecessit
2053 3238 2156 3286 me,

574 3327 696 3397 quia
723 3324 1047 3396 gloriﬁcatus
1074 3331 1158 3378 est
1199 3321 1428 3390 amplius
1453 3332 1572 3385 me,
1613 3317 1734 3386 quia
1779 3331 1902 3371 cum
1944 3329 2030 3368 me
2074 3315 2159 3367 in-

576 3415 855 3472 teudereut
889 3413 1130 3468 homines
1164 3423 1548 3482 praecursorem
1571 3448 1587 3475 ,
1619 3412 1945 3477 agnoverunt
1983 3403 2161 3458 Domi-

576 3522 722 3572 num,
746 3521 904 3577 quem
935 3502 1200 3558 nascendo
1222 3515 1623 3572 prascesseram,
1642 3513 1800 3569 quem
1822 3494 2162 3565 obsequendo

576 3600 978 3664 nuntiaveram;
1017 3609 1246 3666 spesque
1295 3607 1479 3649 eorum
1504 3634 1519 3659 ,
1563 3603 1852 3646 concursus
1880 3603 2064 3643 corum
2109 3589 2161 3639 in
2241 3601 2244 3603 ·

577 3691 860 3745 Dominum
889 3689 1056 3742 factus
1076 3697 1188 3752 est;
1222 3685 1544 3756 glorilicatus
1574 3690 1658 3738 est
1682 3681 1771 3736 ille
1796 3689 2046 3749 tanquam
2077 3677 2163 3731 Fi-

578 3784 681 3838 lius
703 3783 793 3837 Dei
817 3823 832 3848 ,
864 3790 988 3834 ante
1021 3795 1107 3833 me
1131 3777 1302 3832 factus
1322 3817 1336 3842 ,
1369 3775 1658 3830 secundum
1687 3773 1740 3828 id
1768 3771 1911 3842 quod
1939 3771 2166 3839 Aposto-

581 3875 665 3928 lus
701 3875 812 3936 ait,
842 3870 1121 3938 Propterea
1149 3867 1288 3921 Deus
1329 3867 1564 3920 exultavit
1589 3880 1734 3929 eum,
1779 3871 1824 3916 et
1849 3860 2051 3914 donarit
2088 3858 2166 3912 illi

581 3981 763 4021 nomen
784 3943 916 4032 quod
937 3971 1008 4015 est
1046 3976 1198 4030 super
1229 3973 1376 4011 onme
1409 3970 1620 4020 nomen,
1647 3963 1701 4006 ut
1730 3953 1783 4006 in
1811 3953 2009 4005 nomine
2043 3951 2166 4004 Jesu

585 4072 731 4110 omne
759 4071 886 4125 genu
907 4054 1156 4123 ﬂectatur,
1180 4048 1472 4111 cwlestiunt,
1497 4045 1822 4109 terrestrium,
1869 4052 1913 4097 et
1939 4045 2165 4112 inferno-

583 4165 697 4202 rum
725 4144 981 4216 (Philipp.
1011 4157 1052 4197 tt
1072 4139 1147 4205 ,θ
1167 4147 1213 4194 et
1241 4135 1352 4209 10).
1383 4136 1564 4192 Gloria
1599 4149 1726 4204 ergo
1758 4133 1871 4202 ejus
1905 4147 2011 4186 non
2049 4146 2167 4186 esse

583 4239 779 4310 coepit,
819 4235 913 4292 sed
940 4232 1187 4289 innotuit.
1225 4229 1421 4284 Factus
1461 4237 1544 4282 est
1568 4233 1693 4280 ante
1721 4224 1979 4280 Joannem
2005 4264 2020 4290 ,
2047 4223 2168 4293 quia

583 4329 858 4402 praecessit
883 4327 1085 4382 honore
1119 4323 1399 4379 Joannem.

656 4420 709 4474 6.
776 4416 923 4470 Data:
977 4410 1375 4482 interpretationi
1429 4423 1706 4460 consonare
1745 4406 1900 4459 "verba
1953 4403 2170 4458 Joannis

586 4508 953 4580 subsequentia.
977 4505 1081 4561 Sed
1111 4503 1230 4558 vide
1254 4511 1428 4556 utrum
1459 4500 1668 4554 merito.
1703 4499 1970 4568 Interroga
1997 4499 2168 4568 ipsum

587 4602 886 4659 Joannem:
915 4597 1008 4652 Ille
1037 4595 1128 4665 qui
1159 4601 1279 4664 post
1309 4600 1360 4647 te
1385 4590 1551 4656 venit,
1583 4605 1747 4660 quare
1775 4598 1897 4643 ante
1925 4599 1974 4643 te
2001 4588 2171 4643 factus

562 4715 564 4719 ·
587 4693 693 4747 est?
709 4690 806 4759 Qui
831 4697 882 4744 te
897 4685 1238 4757 sequebatur,
1261 4697 1427 4753 quare
1453 4681 1542 4735 tibi
1574 4680 1825 4750 praelatus
1853 4679 2171 4748 est?Sequi-

589 4794 706 4848 tur,
740 4780 871 4847 Quia
907 4778 1046 4850 prior
1074 4791 1152 4830 me
1191 4783 1318 4828 erat.
1371 4773 1480 4826 lloc
1521 4779 1636 4837 est,
1668 4769 1735 4824 In
1778 4771 2024 4840 principio
2067 4782 2172 4825 erat

598 4873 833 4926 Verbum.
882 4871 1018 4940 Ergo
1049 4867 1238 4922 merito
1281 4875 1397 4918 ante
1423 4880 1503 4917 me
1537 4863 1700 4932 factus
1742 4873 1842 4927 est,
1874 4863 1991 4932 quia
2033 4865 2172 4933 prior

591 4978 668 5015 me
697 4971 815 5014 erat.
854 4961 1003 5014 Prior
1029 4958 1267 5028 Joanne,
1301 4955 1445 5025 prior
1487 4954 1786 5017 Abraham,
1824 4955 1968 5022 prior
2013 4969 2169 5023 quam

592 5051 760 5106 Adam
786 5091 801 5116 ,
833 5049 976 5118 prior
1003 5063 1158 5117 quam
1189 5045 1383 5101 cmlum
1413 5053 1467 5098 et
1495 5052 1632 5098 terra
1655 5084 1668 5109 ,
1701 5043 1843 5112 prior
1869 5058 2027 5113 quam
2058 5044 2171 5096 An-

591 5141 728 5212 geli,
757 5139 942 5200 Sedes,
973 5136 1390 5198 Dominationes,
1419 5132 1754 5202 Principatus
1780 5141 1834 5187 et
1854 5132 2168 5187 Potestates.

593 5233 769 5300 Quare
797 5228 979 5298 prior?
1005 5226 1136 5293 Quia
1166 5226 1334 5280 omnia
1363 5241 1450 5294 per
1473 5225 1637 5294 ipsum
1663 5228 1799 5293 facta
1828 5231 1964 5277 sunt.
1996 5224 2175 5292 Agno-

593 5331 707 5378 scat
746 5333 930 5374 servus
978 5316 1326 5370 humilitatem
1379 5330 1576 5369 suam:
1625 5312 1870 5368 ostendat
1919 5313 2173 5368 Dominus

596 5413 926 5480 majestatem
959 5421 1127 5461 somn.
1161 5404 1306 5458 Dicat
1337 5403 1472 5457 idem
1508 5403 1770 5466 Joannes,
1801 5401 1921 5455 Non
1949 5419 2059 5457 sum
2099 5403 2176 5456 di-

598 5521 724 5574 gnus
771 5500 1037 5568 corrigiam
1077 5496 1400 5550 calceantcnti
1443 5495 1552 5564 ejus
1599 5494 1806 5547 solvere.
1852 5493 2071 5548 Multum
2118 5509 2176 5548 se

601 5593 920 5656 humili-aret,
941 5589 984 5644 si
1013 5588 1232 5651 diceret,
1253 5586 1456 5654 Dignus
1478 5597 1615 5636 sum.
1633 5582 1770 5649 Quid
1795 5584 1935 5638 enim
1967 5585 2009 5638 si
2035 5584 2177 5639 dice-

599 5679 942 5752 retdignum?
999 5675 1254 5746 numquid
1283 5673 1468 5729 sedere
1494 5671 1544 5725 in
1571 5671 1769 5741 judicio
1797 5673 1863 5728 ad
1903 5673 2172 5730 dexteram

1769 301 1824 356 S.
1867 295 2228 355 AUCUSTINI
2271 295 2566 353 EPISCOPI

3688 296 3831 350 H380

2241 430 2448 485 Patris?
2472 431 2725 501 numquid
2754 431 2936 487 venire
2975 431 3039 486 ad
3063 430 3376 502 judicandos
3403 431 3552 486 vivos
3586 439 3642 486 et
3677 445 3830 486 mor-

2242 522 2390 577 tuos?
2417 523 2550 591 Quid
2581 525 2626 577 si
2660 523 2860 579 diceret
2887 524 3102 594 dignum
3141 525 3351 580 solvere
3385 524 3669 594 corrigiam
3709 525 3826 578 eal-

2239 617 2532 670 ceamenti?
2561 616 2745 686 Magna
2776 616 3061 681 humilitas,
3091 618 3133 672 si
3163 617 3263 672 hoc
3291 627 3371 671 cst
3400 616 3593 687 dignus
3617 617 3824 670 amicus

2240 706 2440 775 sponsi.
2470 706 2714 762 Dicturus
2741 707 2880 760 enim
2901 717 3014 761 erat
3033 708 3260 762 amicum
3288 722 3348 762 se
3372 722 3490 761 esse
3515 707 3698 776 sponsi
3722 724 3738 760 :
3773 716 3826 761 et

2241 812 2309 852 ne
2339 797 2392 851 in
2429 797 2516 851 illa
2557 797 2788 853 amicitia
2826 799 3096 869 mqualitas
3127 801 3262 856 forte
3287 802 3356 856 ab
3401 802 3580 871 aliquo
3615 802 3828 871 impru-

2243 887 2402 944 dente
2425 889 2833 959 intelligeretur;
2856 891 2982 945 dicit
3003 907 3059 947 se
3079 894 3305 946 amicum
3329 904 3543 963 propter
3562 909 3826 961 amorem,

2243 980 2418 1050 dejicit
2456 995 2513 1036 se
2547 982 2612 1036 ad
2651 984 2868 1053 vestigia
2898 995 3113 1053 propter
3141 986 3406 1041 timorem.
3439 987 3502 1040 Et
3533 1003 3714 1056 parum
3743 999 3830 1043 est

2243 1071 2383 1141 quod
2429 1087 2486 1126 se
2530 1073 2594 1126 ad
2643 1074 2860 1143 vestigia
2905 1075 3150 1144 deponit;
3195 1091 3294 1130 nec
3341 1077 3556 1146 dignum
3598 1092 3656 1132 se
3699 1079 3829 1133 dicit

2245 1162 2455 1217 solvere
2496 1163 2775 1233 corrigiam
2804 1165 3171 1219 calceamenti.
3213 1165 3434 1220 Humilis
3465 1166 3732 1235 profecto,
3783 1168 3828 1221 si

2245 1251 2460 1322 dignum
2485 1255 2692 1308 solvere
2717 1272 2730 1319 ;
2757 1254 2847 1308 sed
2873 1257 2993 1325 quia
3017 1271 3115 1310 nec
3135 1256 3353 1326 dignum
3375 1273 3430 1311 se
3450 1257 3576 1311 dicit
3595 1258 3827 1323 solvere,

2245 1344 2433 1413 dignus
2474 1345 2561 1414 qui
2609 1346 2930 1398 exaltaretur
2983 1347 3050 1401 ab
3095 1347 3408 1402 humilitate.
3468 1348 3616 1402 Dicat
3665 1348 3831 1401 etiam

2246 1436 2512 1504 apertius,
2541 1434 2680 1490 dicat
2717 1435 3012 1491 distinctius
3032 1479 3046 1503 ,
3077 1437 3202 1506 quid
3238 1447 3355 1502 est,
3390 1436 3516 1492 Post
3545 1455 3622 1491 me
3659 1439 3792 1492 venit
3815 1478 3831 1500 ,

2247 1535 2364 1580 ante
2404 1542 2480 1578 me
2508 1531 2671 1597 factus
2698 1537 2789 1580 est.
2825 1528 2964 1581 Dixit
2990 1529 3131 1582 enim
3173 1538 3226 1583 et
3257 1543 3471 1583 causam
3492 1571 3506 1595 ,
3538 1531 3656 1598 quia
3685 1530 3833 1598 prior

2249 1632 2328 1669 me
2354 1626 2480 1669 erat.
2507 1616 2786 1683 Quoniam,
2820 1616 2884 1670 In
2915 1619 3162 1689 principio
3188 1629 3295 1672 erat
3334 1618 3576 1683 Verbum;
3601 1629 3673 1684 et,
3705 1618 3835 1675 Cum

2248 1705 2300 1758 in
2340 1709 2505 1776 forma
2546 1705 2641 1759 Dei
2679 1717 2837 1773 esset,
2882 1724 2983 1761 non
3025 1709 3260 1778 rapinam
3300 1711 3570 1763 arbitratus
3617 1720 3689 1764 est
3728 1727 3836 1765 esse

2179 1844 2196 1854 .
2257 1797 2468 1864 qualis
2502 1797 2626 1851 Deo.
2659 1797 2817 1852 Illum
2850 1810 3042 1868 oportet
3083 1818 3334 1867 crescere,
3367 1821 3444 1856 me
3481 1812 3647 1856 autem
3677 1804 3835 1856 minui

2252 1885 2432 1956 (Joan.
2464 1903 2550 1951 ιη,
2579 1889 2690 1960 30).
2723 1889 3010 1960 Oportebat
3036 1900 3091 1946 ut
3131 1901 3398 1947 cresceret
3437 1894 3526 1962 qui
3571 1894 3836 1962 posterior

2251 1977 2417 2038 venit,
2449 1985 2504 2032 et
2533 1977 2858 2033 minueretur
2885 1981 2973 2050 qui
3003 1982 3237 2035 anterior
3265 1983 3428 2036 venit.
3457 1982 3510 2036 Si
3547 1983 3720 2036 crevit
3745 1982 3839 2051 qui

2255 2068 2516 2137 posterior
2561 2069 2735 2134 venit,
2783 2078 2905 2124 ante
2961 2071 3132 2141 ipsum
3180 2072 3348 2126 factus
3391 2083 3474 2125 ρει
3519 2072 3838 2127 crescendo.

2255 2155 2412 2210 Illum
2431 2197 2444 2220 ,
2480 2157 2677 2225 inquit,
2709 2167 2900 2227 oportet
2928 2175 3176 2226 crescere,
3205 2177 3282 2213 me
3308 2169 3474 2213 autem
3513 2162 3695 2216 minui.
3729 2162 3842 2216 [loc

2257 2254 2367 2310 est,
2395 2255 2512 2298 ante
2540 2262 2618 2298 me
2645 2245 2810 2314 factus
2836 2257 2928 2301 est.
2964 2249 3028 2302 Et
3066 2251 3332 2319 quomodo
3364 2252 3529 2305 crevit
3555 2250 3839 2319 Christus,

2257 2342 2488 2390 minutus
2514 2345 2595 2391 est
2617 2337 2889 2391 Joannes?
2920 2338 3199 2394 Praecessit
3223 2350 3378 2394 aetate
3403 2339 3635 2395 Joannes
3659 2341 3842 2395 Domi-

2257 2442 2382 2480 num
2417 2427 2465 2480 in
2495 2427 2767 2481 nativitate
2793 2428 3050 2494 humana;
3079 2439 3361 2484 creverunt
3386 2431 3542 2485 ambo
3570 2431 3723 2485 annis
3752 2447 3844 2486 ac-

2257 2516 2587 2578 cedentibus,
2621 2525 2821 2571 statura
2850 2518 3046 2582 carnis,
3078 2529 3132 2573 et
3161 2531 3515 2588 pervenerunt
3543 2520 3608 2574 ad
3636 2530 3843 2575 certum

2259 2605 2473 2660 modum
2515 2607 2650 2660 sicut
2679 2606 2939 2662 homines.
2972 2607 3078 2662 Sed
3106 2608 3338 2663 Joannes
3365 2609 3526 2663 homo
3548 2651 3561 2675 ,
3597 2607 3846 2666 Christus

2261 2697 2401 2751 Deus
2429 2707 2485 2752 et
2522 2697 2681 2751 homo
2713 2697 2808 2769 (a).
2839 2698 2894 2752 lu
2921 2697 3196 2753 divinitate
3241 2699 3289 2753 si
3332 2699 3690 2770 intelligamus
3718 2700 3845 2770 quia

2259 2789 2425 2844 crevit
2451 2789 2730 2856 Christus,
2772 2791 2988 2846 absurdi
3030 2807 3248 2858 sumus,
3297 2802 3352 2846 et
3382 2793 3539 2846 nimis
3577 2807 3844 2847 erramus.

2258 2883 2464 2938 Crescit
2492 2883 2634 2938 enim
2671 2882 2868 2952 aliquid
2890 2925 2902 2948 ,
2936 2893 2992 2938 ut
3021 2883 3280 2954 proﬁciat.
3325 2884 3464 2939 Deus
3506 2899 3612 2954 quo
3640 2895 3848 2940 crescat

2261 2990 2368 3030 non
2407 2974 2604 3030 habet:
2637 2975 2681 3030 si
2721 2978 2863 3029 enim
2903 2975 3061 3030 habet
3089 2991 3194 3046 quo
3225 2986 3466 3042 crescat,
3513 2977 3689 3031 minor
3729 2986 3847 3032 erat

2261 3077 2542 3138 antequam
2588 3079 2872 3122 cresceret.
2919 3067 3220 3122 Redeamus
3262 3068 3327 3122 ad
3374 3067 3598 3121 formam
3643 3069 3844 3122 carnis.

2257 3158 2378 3227 Ipsa
2404 3173 2523 3212 cum
2549 3157 2752 3212 Joanne
2777 3158 2961 3224 crevit,
2989 3172 3096 3211 non
3124 3158 3213 3211 illo
3240 3158 3445 3211 minuto
3469 3159 3656 3212 crevit.
3686 3157 3846 3212 Refe-

2261 3262 2441 3302 ramus
2485 3261 2614 3316 ergo
2658 3247 2899 3304 fortaSsis
2944 3247 3010 3302 ad
3051 3248 3309 3316 gloriam;
3361 3257 3415 3302 et
3463 3247 3846 3317 intelligamus,

2256 3335 2420 3390 Illum
2450 3346 2639 3406 oportet
2663 3328 2901 3403 crescere,
2932 3353 3009 3389 me
3033 3348 3198 3389 autem
3224 3338 3400 3402 minui,
3431 3338 3720 3391 secundum
3746 3337 3850 3392 hoc

2263 3429 2482 3493 dictum,
2513 3428 2671 3498 quod
2722 3438 2831 3497 post
2873 3444 2951 3481 me
2992 3429 3143 3492 venit,
3191 3438 3236 3482 et
3265 3438 3380 3480 ante
3422 3445 3500 3481 me
3543 3432 3710 3498 factus
3754 3439 3848 3481 est.

2258 3519 2498 3576 "Joannes
2518 3520 2657 3574 enim
2685 3535 2965 3590 personam
2989 3519 3284 3574 sustinebat
3310 3521 3558 3585 hominis,
3583 3530 3637 3575 et
3666 3521 3851 3588 loque-

2265 3611 2420 3666 batur
2462 3627 2526 3665 ex
2571 3619 2696 3681 typo
2738 3611 2950 3681 generis
2979 3611 3228 3676 immani,
3256 3611 3320 3664 ad
3351 3612 3490 3680 quod
3535 3611 3849 3666 salvandum

2266 3711 2487 3756 venerat
2512 3699 2774 3755 Christus.
2808 3702 3119 3755 Dixeramus
3146 3710 3354 3767 autem,
3387 3701 3597 3766 fratres,
3633 3701 3852 3755 humilis

2269 3791 2409 3846 Deus
2446 3791 2592 3845 venit
2629 3791 2694 3844 ad
2736 3791 3023 3860 superbum
3057 3791 3346 3846 hominem.
3384 3793 3654 3862 Agnoscat
3689 3791 3853 3844 homo

2268 3898 2327 3938 se
2355 3883 2621 3938 hominem
2641 3924 2657 3948 ,
2688 3892 2939 3952 appareat
2979 3884 3117 3939 Deus
3146 3883 3366 3938 homini.
3404 3884 3612 3939 Etenim
3647 3885 3691 3938 si
3731 3885 3854 3939 ideo

2269 3973 2410 4026 venit
2441 3973 2681 4027 Christus
2703 4014 2717 4035 ,
2746 3984 2802 4027 ttt
2831 3973 3198 4028 humiliaretur
3227 3975 3387 4027 homo
3407 4016 3421 4038 ,
3452 3983 3509 4028 et
3537 3989 3600 4028 ex
3627 3974 3854 4028 humili-

2272 4071 2378 4117 tate
2400 4073 2664 4118 cresceret
2686 4063 2874 4129 homo;
2907 4066 3187 4134 oportebat
3211 4074 3268 4119 ut
3286 4067 3460 4135 gloria
3482 4069 3592 4134 jam
3612 4075 3856 4121 cessaret

2272 4152 2520 4218 hominis,
2544 4162 2598 4206 et
2619 4155 3083 4210 commendaretur
3109 4156 3277 4226 gloria
3302 4157 3390 4210 Dei
3418 4175 3430 4210 :
3461 4166 3517 4210 ut
3537 4170 3658 4226 Spes
3683 4158 3858 4211 homi-

2272 4243 2354 4297 nis
2396 4252 2538 4298 esset
2579 4243 2632 4298 in
2669 4245 2830 4313 gloria
2865 4245 2987 4310 Dei,
3030 4259 3132 4299 nou
3176 4246 3225 4299 in
3255 4245 3430 4315 gloria
3473 4261 3565 4300 sua
3582 4287 3602 4312 .,
3643 4246 3858 4301 dicente

2271 4331 2528 4402 Apostolo
2549 4373 2562 4396 ,
2597 4331 2695 4396 Qui
2732 4333 3009 4403 gloriatur,
3053 4337 3104 4386 in
3133 4332 3350 4387 Domino
3378 4335 3620 4404 glor'etur
3662 4335 3701 4398 tl
3733 4334 3854 4388 Cor.

2273 4439 2324 4488 ι,
2355 4422 2468 4487 31).
2511 4423 2674 4477 liecte
2708 4439 2833 4490 ergo
2861 4423 3051 4477 dicitur
3093 4423 3330 4489 homini,
3365 4425 3500 4491 Quid
3543 4424 3694 4478 habes
3719 4427 3859 4489 quod

2275 4530 2374 4567 non
2399 4513 2678 4583 accepisti?
2705 4514 2766 4567 Si
2795 4524 2960 4567 autem
2985 4516 3253 4585 accepisti,
3283 4517 3406 4586 quid
3429 4517 3680 4586 gloriaris,
3709 4524 3858 4586 quasi

2275 4620 2376 4657 non
2419 4605 2669 4673 acceperis
2713 4602 2819 4671 (Id.
2857 4620 2942 4668 tv,
2989 4605 3082 4674 7)?
3127 4605 3276 4660 llunc
3320 4616 3498 4677 typum
3545 4607 3862 4662 humilitatis

2278 4694 2518 4748 humanae
2539 4695 2770 4748 Joannes
2796 4695 3104 4763 ostendens,
3127 4698 3246 4766 quia
3269 4707 3520 4766 quantum
3547 4696 3860 4766 proﬁciebat

2275 4785 2454 4853 opinio
2488 4793 2541 4838 et
2569 4785 2704 4839 fama
2733 4783 2962 4851 Christi,
2996 4803 3102 4840 non
3131 4795 3330 4842 statura
3359 4788 3576 4851 Christi,
3605 4804 3710 4842 non
3740 4803 3858 4842 nta-

2271 4873 2437 4942 jestas
2472 4874 2685 4939 Christi,
2728 4890 2831 4928 non
2871 4877 3148 4945 sapientia,
3187 4893 3292 4933 non
3325 4877 3553 4932 Verbum
3593 4879 3721 4942 Dei;
3763 4879 3859 4933 sed

2277 4963 2414 5017 fama
2445 4965 2531 5018 illa
2553 5007 2567 5031 ,
2596 4981 2715 5035 quae
2743 4967 2906 5035 coepit
2929 4982 2958 5020 a
2989 4967 3236 5031 minimo,
3277 4979 3328 5021 ct
3353 4968 3462 5037 jam
3492 4978 3635 5023 tenet
3673 4970 3862 5023 orbem

2279 5062 2538 5108 terrarum
2565 5073 2576 5108 :
2599 5055 2764 5125 gloria
2785 5056 3001 5122 Christi,
3030 5072 3133 5111 non
3156 5058 3318 5127 gloria
3345 5058 3591 5124 hominis,
3621 5069 3677 5111 ut
3697 5075 3846 5127 agno

2281 5155 2394 5200 scat
2423 5145 2583 5201 homo
2615 5148 2962 5204 humilitatem
2989 5164 3138 5202 suam
3160 5190 3174 5213 ,
3209 5150 3473 5219 impertiat
3498 5149 3640 5204 Deus
3665 5149 3860 5203 divini-

2281 5245 2444 5292 tatem
2475 5253 2642 5292 suam.
2674 5240 2881 5294 Etenim
2905 5240 3072 5308 gloria
3102 5239 3217 5303 Dei.
3247 5239 3456 5303 fratres,
3485 5241 3648 5310 gloria
3679 5252 3864 5295 nostra

2281 5339 2382 5384 est.
2414 5329 2680 5396 Quantum
2706 5330 2913 5386 dulcius
2933 5331 3260 5400 gloriﬁcatur
3287 5333 3447 5398 Deus,
3481 5340 3684 5386 tantum
3709 5333 3873 5388 nobis

2344 5502 2416 5565 (a)
2449 5503 2690 5566 Sermonis
2710 5502 2868 5566 series
2909 5505 3177 5566 interrupta
3202 5511 3306 5554 erat
3330 5504 3632 5564 trauspositis
3665 5505 3795 5555 hunc
3816 5506 3865 5555 in

2283 5562 2442 5634 locum
2457 5564 2772 5636 quadraginta
2794 5565 2902 5614 fere
2937 5562 3186 5620 versibus,
3212 5579 3333 5675 quos
3357 5567 3402 5614 in
3424 5562 3617 5633 propria
3635 5569 3760 5614 sede
3787 5580 3867 5634 re-

2283 5636 2450 5675 nertes
2482 5627 2601 5673 mira
2619 5658 2634 5675 .
2660 5639 2708 5673 u.
2734 5626 2782 5675 7.
2809 5628 3026 5675 proxime
3049 5627 3106 5675 ad
3131 5626 3218 5675 illu
3252 5662 3265 5675 .
3295 5645 3316 5673 ι
3343 5636 3537 5675 I-‘nunus
3575 5633 3618 5675 ct
3663 5641 3862 5675 ηοδηέἂ-

2283 5626 2450 5688 peries
2482 5626 2601 5673 intra
2619 5658 2634 5682 ,
2660 5639 2708 5673 u.
2734 5626 2782 5685 7,
2809 5628 3026 5688 proxime
3049 5627 3106 5676 ad
3131 5626 3266 5688 illud,
3295 5645 3316 5673 ι
3343 5626 3537 5676 I-‘uunus
3575 5633 3618 5675 ct
3663 5630 3862 5679 nasuti—

2283 5686 2494 5747 quando.
2519 5701 2541 5731 ι
2574 5693 2668 5735 etc.
