4006 6460
167 368 288 426 {58!

169 483 400 550 prodest.
443 479 555 536 Non
582 478 726 534 enim
754 477 908 532 altior
937 477 1040 532 erit
1063 476 1232 541 Deus,
1261 476 1378 545 quia
1415 475 1736 529 honoramus

165 575 312 626 illum
337 589 352 624 :
385 571 718 625 humiliemus
745 583 861 636 nos,
888 577 941 624 et
968 567 1262 622 exaltemus
1289 566 1456 620 illum.
1475 563 1740 632 Scriptum

167 675 248 717 est
276 663 414 717 enirn
436 702 450 724 ,
479 659 728 714 Exattabo
756 669 802 712 te
821 700 835 723 ,
867 658 1080 712 Domine
1105 655 1273 725 (Psal.
1307 671 1430 709 xxrx
1449 696 1463 720 ,
1489 653 1569 722 ‘2).
1609 651 1744 720 Quid

167 763 275 816 est,
311 751 560 805 Exaltabo
603 753 688 804 te?
717 750 774 804 ln
815 759 952 802 terra
984 757 1121 810 erat,
1153 757 1207 801 et
1253 761 1371 800 cum
1404 747 1454 800 in
1493 745 1629 800 ccelo
1651 758 1746 814 po-

168 843 356 898 suisti?
387 843 448 898 Et
469 841 627 895 homo
651 841 846 895 exaltat
871 839 1072 894 Deum?
1094 837 1228 905 Quid
1256 847 1356 900 est,
1389 835 1634 890 Exaltabo
1657 846 1702 888 te
1719 835 1746 886 ει

169 934 348 988 Altum
379 941 428 986 te
455 931 766 986 conﬁtebor.
795 929 1121 984 Conﬁtentur
1143 943 1268 998 ergo
1295 942 1352 980 se
1393 925 1551 979 homo
1581 925 1749 978 homi-

169 1039 330 1090 nem;
375 1023 648 1077 decrescat
701 1021 880 1090 prius,
939 1030 993 1073 ιιι
1049 1027 1268 1074 crescat.
1319 1016 1468 1070 Dicat
1515 1015 1746 1070 Joannes

167 1117 522 1172 decrescendo
543 1115 608 1169 ad
635 1115 1006 1174 humilitatem,
1035 1127 1138 1167 non
1165 1125 1222 1165 sc
1246 1125 1364 1164 esse
1391 1109 1627 1176 dignum,
1656 1107 1746 1176 qui

167 1209 338 1262 solvat
365 1209 644 1278 corrigiam
672 1203 1012 1262 calceamenti
1036 1245 1049 1272 ,
1080 1211 1132 1258 et
1161 1201 1417 1270 intelligat
1441 1216 1499 1255 se
1529 1199 1744 1269 partici-

165 1299 342 1368 pando
371 1299 720 1354 illuminatum
747 1297 882 1351 ﬁeri.

239 1391 294 1444 7.
331 1389 556 1442 Joannes
595 1387 824 1456 Baptista
865 1401 966 1438 non
994 1393 1100 1437 erat
1142 1383 1341 1448 lumen,
1372 1380 1746 1450 comparatione

169 1480 356 1533 Christi
390 1481 490 1533 veri
528 1479 747 1532 luminis.
785 1475 978 1530 Lumen
1010 1485 1170 1528 tamen
1204 1473 1428 1528 Joannes
1471 1471 1748 1542 participa-

171 1575 306 1627 tione
328 1571 606 1642 sapientia}.
633 1569 745 1624 Hoc
764 1569 902 1623 enim
931 1567 1164 1622 Joannes
1188 1564 1507 1634 evangelista
1529 1563 1660 1616 dixit
1681 1561 1750 1616 de

170 1663 264 1719 illo
290 1683 304 1720 :
337 1662 456 1717 Non
487 1672 594 1716 erat
617 1663 703 1715 ille
728 1661 914 1714 lumen.
947 1658 1195 1726 lnjuriam
1225 1657 1356 1710 forte
1377 1654 1499 1710 fecit
1522 1653 1710 1708 Joanni
1731 1693 1746 1718 ,

173 1753 295 1822 quia
327 1753 431 1814 ait,
467 1750 586 1805 Non
622 1757 726 1804 erat
755 1749 840 1802 ille
868 1749 1071 1812 lumen;
1101 1760 1220 1799 cum
1251 1743 1519 1814 Apostolis
1549 1742 1750 1797 dictum

173 1842 244 1896 sit
273 1856 302 1895 a
331 1840 574 1906 Domino,
615 1838 710 1892 Vos
739 1839 852 1892 estis
881 1838 1048 1890 lumen
1076 1834 1292 1888 mundi?
1319 1833 1673 1887 Prtetulerunt
1692 1845 1751 1886 se

171 1932 414 2001 Apostoli
451 1931 676 1986 Joanni?
704 1929 818 1984 Non
859 1929 1089 1990 faciunt,
1123 1941 1190 1980 ne
1229 1925 1538 1980 mendacem
1580 1924 1751 1994 ipsum

173 2021 455 2076 Dominum
479 2021 742 2092 judicent,
770 2020 860 2090 qui
887 2019 1036 2084 dixit,
1067 2017 1134 2071 In
1159 2019 1290 2071 natis
1317 2018 1579 2070 mulierum
1606 2031 1752 2069 nemo

169 2113 452 2166 exsurrexit
477 2112 642 2180 major
665 2109 864 2163 Joanne
887 2107 1117 2176 Baptista
1147 2107 1354 2176 (Matth.
1383 2123 1437 2160 ιι
1459 2147 1472 2172 ,
1503 2103 1615 2176 ll).
1637 2104 1752 2158 Non

179 2201 362 2271 utique
393 2200 559 2270 major
587 2209 785 2254 statura
813 2199 1050 2267 corporis
1071 2239 1085 2264 ,
1116 2197 1208 2251 sed
1236 2197 1398 2266 gratia
1429 2195 1754 2264 participatte

178 2293 484 2362 sapientiai,
515 2291 680 2362 gratia
712 2291 1033 2360 participatte
1075 2288 1278 2342 salutis.
1312 2287 1449 2352 Quid
1485 2286 1586 2340 sibi
1626 2299 1756 2355 ergo

176 2385 320 2449 vult,
353 2383 474 2436 Non
503 2391 608 2436 erat
636 2381 722 2434 ille
748 2383 935 2444 lumen,
964 2386 1048 2435 sed
1084 2389 1138 2432 ut
1167 2379 1500 2432 testimonium
1527 2377 1756 2445 perhibe-

177 2483 254 2527 ret
295 2474 358 2526 de
383 2473 610 2525 lumine?
636 2471 810 2536 Quare
854 2470 954 2523 hoc
979 2467 1148 2523 dixit?
1189 2467 1353 2530 Novi,
1385 2466 1589 2536 inquit,
1630 2463 1756 2535 quid

173 2566 349 2619 dicam
375 2606 388 2626 ,
419 2563 776 2618 testimonium
809 2561 1088 2630 perhibere
1114 2558 1180 2612 de
1209 2558 1428 2611 lumine.
1461 2557 1586 2610 Erat
1616 2556 1756 2611 enim

175 2657 357 2710 lumen
397 2669 576 2708 verum
613 2652 918 2706 distinctum
964 2665 992 2703 a
1037 2650 1261 2714 Joanne,
1301 2665 1368 2704 ne
1405 2661 1622 2718 prorsus
1651 2663 1757 2704 non

175 2749 358 2802 lumen
381 2745 628 2808 Joannes,
660 2745 754 2798 sed
781 2753 836 2800 ut
865 2743 918 2796 in
944 2742 1340 2812 comparatione
1366 2740 1521 2809 hujus
1537 2739 1758 2798 luminis

173 2837 376 2892 dictum
420 2835 774 2904 intelligatur,
807 2832 930 2887 Nan
962 2842 1068 2886 erat
1107 2831 1194 2884 ille
1222 2832 1420 2893 lumen;
1466 2827 1756 2883 secundum

175 2925 320 2996 quod
349 2923 516 2991 dixit,
546 2923 672 2994 quia
697 2923 824 2976 Erat
849 2923 1016 2976 lumen
1037 2937 1228 2976 verum.
1257 2919 1533 2986 Quomodo
1559 2918 1760 2972 discer-

175 3017 264 3070 nis
293 3017 393 3070 hoc
419 3013 640 3070 verum?
673 3013 821 3080 Quod
846 3012 1123 3076 illuminat,
1153 3009 1341 3078 inquit,
1376 3025 1570 3062 onmem
1598 3007 1762 3060 homi-

175 3125 296 3162 nem
321 3108 594 3162 venientem
617 3107 668 3160 in
698 3107 830 3158 hunc
851 3104 1113 3158 mundum.
1141 3103 1196 3158 Si
1224 3118 1434 3158 omnem
1467 3102 1756 3164 hominem,

175 3213 309 3270 ergo
345 3207 398 3253 et
435 3199 713 3253 Joannem.
739 3195 842 3251 Sed
873 3205 928 3249 ut
954 3211 1058 3249 non
1084 3195 1357 3248 videamur
1386 3207 1482 3247 nos
1510 3192 1762 3261 colligere

177 3305 246 3343 cx
269 3288 447 3343 verbis
469 3287 606 3357 quod
631 3301 734 3339 non
758 3293 840 3339 est
863 3284 1083 3348 dictum,
1108 3283 1352 3353 quamvis
1373 3291 1762 3352 consequenter

177 3369 602 3447 intelligendum,
633 3377 746 3444 ipse
771 3375 1004 3429 Joannes
1031 3373 1172 3428 dicat
1196 3389 1208 3425 :
1237 3371 1348 3426 Nos
1377 3388 1548 3426 omnes
1572 3373 1634 3425 de
1655 3371 1762 3441 ple-

175 3467 410 3520 nitudine
436 3467 544 3535 ejus
572 3461 1061 3534 accepimus,(Joan.
1093 3479 1137 3526 ι,
1171 3461 1226 3526 8,
1257 3461 1311 3527 9,
1351 3461 1461 3529 16).
1491 3459 1762 3528 Eratergo

176 3558 361 3611 lumen
392 3569 596 3610 verum.
626 3554 858 3610 Joannes
889 3551 1068 3610 lumen
1096 3551 1447 3606 illuminatum
1468 3591 1482 3616 ,
1516 3547 1763 3604 Christus

177 3648 365 3702 lumen
409 3645 732 3704 illuminans.
773 3644 904 3698 Nam
943 3653 999 3696 ut
1037 3641 1249 3696 noveris
1275 3643 1394 3711 quia
1431 3641 1608 3694 lumen
1650 3647 1764 3692 erat

175 3737 434 3798 Joannes,
463 3736 570 3804 jam
603 3735 876 3804 perhibent
906 3741 958 3788 et
983 3734 1054 3788 illi
1086 3732 1340 3786 Dominus
1380 3730 1760 3785 testimonium.

177 3827 461 3883 Perhibuit
489 3828 602 3895 ipse
625 3826 982 3880 testimonium
1008 3825 1232 3879 Domino
1262 3839 1376 3886 suo,
1405 3821 1762 3877 testimonium

175 3918 424 3972 veritatis
443 3917 510 3972 de
537 3917 764 3992 Domi.
783 3931 900 3980 suo,
926 3915 1063 3984 quod
1090 3913 1318 3968 habebat
1345 3929 1374 3966 a
1397 3913 1621 3966 Domino
1642 3927 1758 3966 suo.

177 4010 481 4076 Acceperat
505 4007 646 4060 enim
673 4021 701 4059 a
727 3993 954 4060 Domino
992 4020 1110 4070 suo,
1137 4013 1194 4058 ut
1217 4005 1418 4059 diceret
1447 4003 1513 4058 de
1539 4003 1763 4058 Domino

174 4114 314 4156 suo:
355 4107 411 4152 ut
435 4105 610 4150 autem
641 4097 729 4152 ille
754 4096 954 4151 diceret
977 4095 1042 4149 de
1071 4111 1226 4149 servo
1255 4110 1382 4158 suo,
1407 4109 1514 4148 non
1540 4109 1762 4162 accepe-

175 4195 270 4246 rat
297 4201 325 4240 a
355 4200 510 4240 servo
549 4199 646 4240 suo
674 4203 688 4238 :
733 4193 790 4239 et
815 4186 868 4238 in
897 4199 954 4240 se
982 4185 1224 4239 Christus
1261 4184 1326 4239 de
1354 4184 1586 4248 Joanne,
1630 4194 1686 4239 et
1709 4184 1762 4238 in

177 4281 390 4334 Joanne
431 4278 674 4334 Christus
697 4278 764 4331 de
807 4291 884 4332 se.
928 4276 1042 4345 Ipsa
1086 4291 1214 4346 ergo
1255 4276 1450 4330 veritas
1487 4275 1778 4345 perhibeat-

177 4370 576 4436 testimonium,
605 4369 882 4423 audiamus
921 4370 1043 4438 quia
1075 4369 1252 4423 lumen
1281 4377 1364 4422 est
1387 4367 1638 4422 Joannes.
1668 4366 1765 4424 Ju-

179 4461 320 4516 (lteis
364 4459 554 4514 dicitur
592 4459 658 4514 de
685 4459 925 4524 Joanne,
966 4458 1066 4512 Ille
1109 4469 1214 4513 erat
1257 4459 1461 4513 lucerna
1499 4459 1680 4514 ardens
1718 4467 1767 4512 et

177 4554 360 4609 lucens
398 4551 504 4622 (Id.
531 4567 591 4616 v,
623 4553 737 4621 55).
765 4553 830 4606 Ει
863 4553 1046 4622 utique
1074 4553 1286 4608 lucerna
1329 4554 1504 4608 lumen
1530 4561 1630 4616 est,
1659 4568 1766 4607 non

175 4643 324 4699 sicut
347 4642 460 4695 dies
483 4683 498 4706 ,
530 4641 620 4696 sed
649 4651 822 4696 tamen
848 4641 1023 4696 lumen
1043 4651 1143 4696 est.
1175 4643 1316 4713 Ergo
1341 4643 1555 4698 lucerna
1580 4657 1767 4698 acceno

175 4733 334 4789 ditur
359 4742 419 4786 ut
455 4733 647 4798 luceat,
682 4739 734 4786 et
759 4731 988 4786 Joannes
1018 4733 1342 4787 illuminatus
1377 4741 1459 4788 est
1487 4742 1545 4786 ιιι
1577 4732 1766 4803 loque-

177 4832 358 4880 retur.
390 4822 444 4878 Si
481 4837 608 4892 ergo
633 4821 866 4877 Joannes
891 4821 1214 4877 illuminatus
1239 4831 1323 4877 est
1349 4830 1404 4877 ut
1427 4823 1732 4892 loqueretur
1749 4863 1766 4889 ,

173 4921 439 4983 agnoscat
463 4927 520 4968 se
547 4913 782 4975 lucerna,
815 4926 882 4966 ne
905 4911 1168 4981 superbiae
1197 4920 1358 4966 vento
1383 4913 1765 4982 exstinguatur.

177 5003 295 5062 Sed
319 5003 452 5058 forte
477 5003 654 5058 lumen
685 5003 948 5072 discipuli,
979 5011 1031 5057 et
1053 5003 1266 5057 lucerna
1295 5002 1563 5058 Joannes?
1593 5002 1772 5057 Domi-

179 5110 294 5150 nus
323 5095 464 5149 enim
501 5095 567 5150 de
593 5094 798 5150 Joanne
825 5095 931 5159 ait,
973 5093 1074 5148 Ille
1099 5103 1206 5146 erat
1235 5094 1439 5148 lucerna
1475 5094 1659 5147 ardens
1677 5135 1694 5160 ,
1723 5103 1772 5147 et

191 5186 408 5239 lucens:
437 5184 506 5240 de
545 5184 814 5255 discipulis
852 5193 1026 5239 autem
1052 5225 1067 5248 ,
1103 5181 1204 5238 Vos
1232 5177 1348 5238 es'tis
1377 5183 1544 5236 lumen
1573 5183 1768 5237 mundi.

185 5273 492 5345 Discipulos
509 5289 634 5330 suos
652 5275 880 5344 praetulit
899 5273 1127 5329 Joanni?
1147 5272 1409 5344 Numquid
1427 5283 1480 5327 et
1499 5273 1682 5328 ﬁdeles
1695 5273 1772 5327 illi

183 5381 330 5436 quos
351 5365 637 5435 alloquitur
659 5365 870 5430 Paulus,
906 5365 1243 5437 prmponendi
1269 5373 1390 5420 sunt
1416 5365 1628 5434 Joanni,
1652 5367 1772 5436 qui-

185 5455 296 5512 bus
325 5457 430 5523 ait,
459 5455 652 5512 Fuistis
681 5457 812 5511 enim
851 5456 1126 5525 aliquando
1159 5456 1400 5522 tenebrat,
1433 5474 1568 5511 nunc
1610 5469 1776 5512 autem

193 5545 292 5604 tua:
316 5549 370 5602 in
398 5547 616 5608 Domino
649 5545 858 5620 (Ephes.
889 5561 924 5602 v
943 5589 957 5614 ,
999 5545 1088 5616 8)?
1117 5545 1230 5602 Lux
1255 5563 1382 5618 ergo
1409 5547 1648 5618 Apostoli
1671 5591 1687 5615 ,
1720 5555 1778 5604 et

185 5645 288 5700 lux
323 5641 510 5696 ﬁdeles
551 5655 618 5696 ex
645 5639 1007 5712 peccatoribus
1031 5638 1301 5710 iustiﬁcati
1323 5682 1338 5708 ,
1369 5655 1436 5696 ex
1474 5640 1776 5697 inﬁdelibus

189 5733 384 5790 ﬁdeles
413 5731 534 5788 facti
559 5749 573 5787 :
604 5739 780 5788 tamen
811 5730 1024 5787 lucerna
1053 5745 1160 5788 non
1196 5739 1320 5788 sunt
1351 5731 1474 5782 dicti
1507 5731 1770 5802 discipuli.

1495 357 1724 416 SERMO
1763 356 2100 414 CCCLXXX.

3297 363 3431 417 1682‘.

1853 473 2099 540 Attende,
2151 471 2284 528 forte
2322 472 2477 538 dicti,
2509 481 2561 528 el
2601 488 2704 528 non
2750 473 2856 528 alio
2885 473 3024 541 loco,
3058 471 3153 530 sed
3205 469 3316 530 ibi:
3374 487 3430 528 ut

1851 563 2153 618 ostenderet
2193 563 2634 633 quemadmodum
2679 580 2770 620 eos
2817 564 3010 620 dixerit
3051 565 3230 622 lumen
3251 583 3276 632 ς,
3307 563 3430 636 quia

1851 673 1956 710 non
1997 656 2172 712 lumen
2202 673 2383 711 verum
2405 699 2419 724 ,
2449 657 2586 728 quod
2617 657 2874 712 illuminat
2903 672 3118 713 omnem
3158 657 3428 712 hominem

1850 747 2147 802 venientem
2172 749 2222 802 in
2247 751 2383 804 hunc
2405 747 2656 802 mundum
2675 765 2688 810 ;
2705 762 2928 818 sequere
2951 749 3106 803 verba
3123 747 3426 818 Evangelii:

1861 839 1964 894 Vos
1999 841 2116 893 estis
2155 841 2320 893 lumen
2367 841 2559 894 mundi.
2607 839 2728 894 Non
2773 849 2930 909 potest
2975 841 3149 895 civitas
3191 841 3432 894 abscondi

1850 949 2003 1001 supra
2030 944 2246 986 montem
2273 935 2560 987 constituta.
2589 933 2695 988 Sed
2721 933 2788 988 de
2815 934 3027 988 civitate
3053 934 3205 997 dixit,
3234 949 3338 989 non
3362 934 3432 988 de

1852 1023 2090 1078 lumine?
2118 1023 2348 1093 Sequere
2373 1023 2546 1078 adhuc
2569 1042 2582 1077 :
2628 1023 2804 1093 Neque
2828 1024 3106 1077 accendunt
3132 1024 3386 1076 lucernam
3411 1064 3428 1088 ,

1852 1123 1898 1166 et
1939 1121 2128 1182 ponunt
2173 1131 2283 1167 eam
2325 1113 2416 1167 sub
2463 1113 2651 1166 modio.
2693 1112 2821 1167 Tale
2865 1112 3044 1166 lumen
3084 1113 3236 1178 estis,
3277 1113 3432 1182 qnatle

1851 1202 2081 1258 Joannes
2105 1221 2118 1256 :
2149 1203 2363 1257 lucerna
2391 1202 2702 1256 illuminata.
2729 1202 3002 1271 Tanquam
3023 1203 3172 1270 cujus
3197 1219 3322 1278 vox,
3349 1204 3430 1256 vel

1851 1309 2075 1364 quorum
2124 1309 2228 1348 vox
2273 1303 2651 1363 praecesserat,
2701 1292 2780 1348 Tu
2823 1293 3133 1346 illuminabis
3175 1293 3432 1347 lucernam

1851 1399 2013 1437 meam
2033 1425 2048 1450 ,
2091 1381 2342 1447 Domine;
2383 1382 2519 1437 Deus
2561 1400 2724 1449 meus,
2763 1383 2997 1437 illumina
3031 1387 3256 1436 tenebras
3297 1399 3434 1436 meas

1854 1473 2021 1546 (Psal.
2051 1491 2187 1542 xvu,
2217 1474 2330 1544 29).
2358 1473 2500 1542 Quas
2526 1474 2773 1530 tenebras
2803 1475 2854 1528 in
2883 1473 3187 1544 Apostolis?
3217 1472 3432 1526 Fuimus

1853 1577 1900 1623 et
1925 1585 2015 1622 nos
2051 1567 2322 1638 aliquando
2341 1609 2357 1634 ,
2385 1575 2489 1622 etc.
2539 1566 2638 1638 (a),
2666 1566 2930 1636 quomodo
2959 1565 3098 1620 illius
3125 1564 3340 1634 reprobi
3380 1575 3434 1618 et

1854 1658 2166 1728 blasphemi,
2198 1657 2296 1722 Qui
2323 1659 2463 1728 prius
2491 1658 2566 1728 fui
2593 1657 2912 1726 blasphemus
2931 1698 2946 1722 ,
2971 1667 3017 1710 ct
3045 1667 3355 1726 persecutor,
3387 1666 3436 1709 et

1855 1749 2148 1818 injuriosus.
2193 1749 2331 1804 Ecce
2371 1749 2637 1811 tenebrat,
2681 1747 3002 1802 accendatur
3027 1747 3284 1800 lucerna:
3330 1745 3436 1800 Sed

1855 1839 2246 1892 misericordiam
2267 1846 2558 1891 consecutus
2583 1853 2694 1890 sum
2721 1836 2766 1906 (ι
2786 1821 2919 1888 Τίιηῖ
2949 1851 2995 1898 ι,
3030 1833 3138 1906 15).
3168 1835 3235 1888 Ει
3257 1843 3315 1888 ut.
3337 1848 3434 1888 no-

1855 1930 1998 1984 veris
2025 1929 2092 1984 de
2128 1929 2258 1998 ipsis
2296 1927 2492 1983 dictum
2515 1972 2528 1992 ,
2561 1926 2738 1997 Neque
2764 1926 3040 1980 accendunt
3068 1926 3361 1988 lucernam,
3389 1933 3438 1976 et

1857 2028 2048 2090 ponunt
2075 2035 2185 2072 eam
2221 2019 2312 2072 sub
2336 2019 2534 2083 modio,
2564 2017 2651 2071 sed
2687 2033 2838 2086 super
2865 2015 3240 2078 candelabrum,
3269 2023 3320 2066 ut
3349 2013 3436 2066 ln-

1858 2119 1966 2165 ceat
1994 2112 2254 2178 omnibus,
2286 2111 2372 2180 qui
2397 2110 2448 2164 in
2478 2109 2626 2162 domo
2651 2116 2808 2170 sunt;
2838 2105 3015 2160 statim
3045 2105 3284 2172 sequitur
3303 2143 3318 2166 ,
3349 2102 3438 2156 Sic

1859 2203 2020 2256 luceat
2051 2201 2220 2254 lumen
2247 2208 2462 2254 vestrum
2487 2215 2655 2252 coram
2682 2198 2984 2262 hominibus,
3017 2205 3069 2249 ut
3091 2196 3288 2249 videant
3309 2194 3442 2248 batta-

1860 2310 2014 2363 Opcra
2037 2302 2198 2346 vestra
2221 2310 2234 2345 :
2261 2291 2352 2347 sed
2376 2292 2427 2344 in
2447 2289 2764 2354 humilitate,
2793 2289 2913 2358 quia
2935 2287 3203 2342 hominem
3227 2295 3440 2356 oportet

1861 2385 2045 2440 minui.
2069 2383 2348 2452 Quomodo
2373 2393 2547 2437 autem
2577 2383 2742 2436 Deum
2761 2379 3046 2436 crescere?
3069 2377 3138 2431 Et
3158 2379 3438 2448 gloriﬁcent

1861 2473 2070 2528 Patrem
2103 2483 2344 2538 vestrum,
2377 2474 2462 2544 qui
2497 2474 2549 2526 in
2585 2472 2722 2525 caelis
2765 2481 2836 2524 est
2890 2469 3099 2542 (Matth.
3139 2485 3192 2532 ν,
3223 2467 3436 2536 M-lﬁ).

1862 2567 2192 2624 Gloriﬁcatur
2220 2567 2395 2630 Pater,
2426 2565 2746 2634 gloriﬁcatur
2775 2562 2939 2616 Filius
2964 2579 2976 2615 :
3004 2561 3123 2631 quia
3147 2561 3305 2614 Pater
3327 2560 3438 2630 ειυς

1861 2661 2032 2715 riﬁcat
2061 2659 2250 2714 Filium
2271 2700 2286 2725 ,
2317 2667 2371 2714 et
2411 2657 2576 2711 Filius
2604 2655 2862 2726 gloriﬁcat
2899 2653 3129 2707 Patrem.
3175 2653 3445 2721 Agnoscat

1863 2767 1924 2806 se
1970 2763 2097 2820 ergo
2137 2749 2298 2802 homo
2345 2747 2629 2810 humilem,
2673 2751 2926 2814 agnoscat
2962 2742 3230 2796 excelsum
3271 2740 3438 2794 Deum

1865 2847 2080 2909 propter
2107 2853 2166 2893 se
2189 2837 2520 2891 humiliatum
2541 2875 2556 2900 ,
2585 2843 2642 2889 ut
2669 2834 2848 2898 homo,
2877 2832 2964 2902 qui
2990 2831 3292 2885 humiliatus
3327 2839 3441 2885 erat

1865 2933 1917 2986 in
1940 2931 2273 2988 confessione
2291 2928 2516 2999 peccati,
2540 2927 2801 2982 exaltetnr
2827 2925 2878 2979 in
2905 2923 3186 2993 adeptione
3201 2923 3437 2991 justitize.

1867 3023 1990 3077 Haec
2013 3021 2151 3086 duo;
2187 3020 2440 3074 Dominus
2466 3025 2519 3072 et
2543 3017 2794 3080 Joannes,
2819 3014 3086 3068 humilitas
3111 3023 3164 3067 et
3191 3011 3442 3067 claritas:

1871 3116 2006 3170 Deus
2032 3113 2246 3168 humilis
2287 3113 2338 3165 in
2370 3110 2610 3165 claritate
2633 3149 2648 3174 ,
2683 3108 2842 3162 homo
2879 3105 3095 3160 humilis
3123 3105 3174 3158 in
3219 3101 3444 3157 inﬁrmi-

1868 3215 2012 3272 tate;
2045 3207 2185 3260 Deus
2221 3203 2434 3258 humilis
2463 3211 2679 3272 pr0pter
2707 3199 3009 3262 hominem,
3042 3197 3200 3252 homo
3229 3195 3446 3249 humilis

1869 3307 2084 3370 propter
2117 3298 2407 3352 hominem.
2453 3297 2593 3349 Deus
2637 3293 2778 3348 enim
2821 3291 3032 3345 humilis
3071 3299 3129 3344 ιιι
3169 3287 3447 3359 prodesset

1869 3391 2100 3454 homini,
2129 3387 2288 3443 homo
2317 3387 2531 3442 humilis
2557 3395 2614 3438 ut
2637 3399 2741 3436 non
2770 3381 2908 3437 obsit
2935 3379 3055 3435 sibi.

1939 3481 1992 3535 8.
2017 3479 2278 3533 Passionis
2297 3487 2340 3531 et
2362 3475 2632 3530 nativitatis
2653 3471 2956 3539 differentia.
2981 3469 3208 3524 Christus
3234 3467 3446 3532 crescit,

1867 3570 2092 3624 Joannes
2129 3569 2390 3620 minuitur.
2431 3567 2794 3634 Agnoscamus
2835 3575 2962 3629 ergo
3007 3559 3121 3612 haec
3162 3557 3270 3610 duo
3311 3555 3450 3610 etin

1871 3663 1981 3732 ipsa
2009 3659 2302 3714 differentia
2325 3657 2651 3726 passionum.
2673 3653 2921 3720 Legimus
2948 3649 3203 3704 Joannem
3231 3661 3446 3715 passum

1868 3751 2178 3821 martyrium
2210 3764 2304 3818 pro
2342 3746 2561 3801 veritate
2589 3762 2602 3796 :
2633 3740 2882 3811 ntunquid
2929 3755 3024 3810 pro
3062 3737 3306 3792 Christo?
3331 3735 3448 3790 Non

1871 3857 1966 3912 pro
1986 3839 2198 3894 Christo
2215 3877 2230 3902 ,
2267 3837 2310 3890 si
2335 3851 2439 3889 non
2467 3833 2662 3887 veritas
2686 3830 2945 3886 Christus.
2973 3828 3088 3882 Non
3115 3827 3331 3880 omnino
3353 3839 3449 3894 pro

1870 3931 2032 4000 ipsius
2078 3923 2316 3990 nomine,
2356 3925 2448 3979 sed
2495 3933 2668 3976 tamen
2709 3937 2802 3990 pro
2845 3919 2957 3988 ipsa
2983 3915 3225 3973 veritate.
3269 3913 3450 3986 Neque

1870 4022 2009 4077 enim
2038 4020 2158 4075 ideo
2191 4017 2480 4073 decollatus
2507 4023 2587 4070 est
2610 4013 2840 4068 Joannes
2863 4052 2877 4077 ,
2915 4011 3034 4080 quia
3069 4009 3343 4065 confessus
3367 4017 3450 4063 est

1870 4111 2159 4168 Christum.
2186 4107 2291 4164 Sed
2339 4105 2588 4160 monebat
2617 4100 3018 4170 temperantiam
3045 4139 3061 4164 ,
3093 4097 3341 4153 monebat
3359 4095 3448 4166 ju-

1870 4201 2066 4257 stitiam
2097 4218 2111 4252 :
2142 4197 2382 4262 dicebat,
2412 4194 2532 4248 Non
2557 4193 2644 4246 tibi
2685 4193 2797 4246 licet
2817 4191 2998 4244 habere
3036 4205 3241 4242 uxorem
3278 4187 3448 4256 fratris

1871 4293 1944 4347 tui
1983 4291 2183 4365 (Marc.
2214 4287 2438 4356 νι,18).
2475 4285 2582 4339 Lex
2621 4282 2763 4337 enim
2805 4295 2922 4351 qua:
2955 4279 3054 4333 hoc
3095 4278 3353 4347 jusscrat,
3383 4275 3450 4329 de

1871 4383 1978 4438 illis
2015 4383 2248 4452 jusserat
2288 4379 2376 4450 qui
2416 4385 2750 4432 morerentur
2785 4374 2902 4428 sine
2930 4371 3133 4435 liberis,
3160 4379 3218 4423 ut
3243 4370 3442 4438 accipe-

1873 4483 1993 4529 rent
2017 4473 2206 4528 fratres
2233 4485 2424 4525 uxores
2464 4467 2684 4521 fratrum
2710 4478 2926 4519 suorum
2947 4503 2963 4528 ,
2993 4471 3049 4516 et
3073 4459 3455 4516 resuscitarent

1872 4578 2054 4619 semen
2071 4560 2324 4617 fratribus
2340 4560 2468 4613 suis.
2491 4557 2586 4612 Ubi
2613 4555 2713 4611 ista
2744 4569 2900 4608 causa
2919 4567 3024 4607 non
3045 4561 3178 4615 erat,
3203 4549 3330 4604 nihil
3350 4547 3452 4603 nisi

1875 4654 2036 4710 libido
2065 4663 2198 4709 erat.
2228 4651 2376 4706 Hanc
2396 4649 2667 4704 libidinem
2695 4645 2926 4701 Joannes
2955 4644 3244 4714 arguebat,
3275 4647 3448 4695 castus

1875 4745 2132 4799 incestum
2157 4759 2170 4795 :
2202 4740 2321 4810 quia
2343 4749 2396 4794 et
2418 4737 2544 4792 illud
2565 4735 2704 4807 quod
2735 4735 3010 4805 ﬁgurabat,
3033 4732 3137 4788 tale
3163 4739 3262 4796 cst,
3293 4729 3453 4782 Illum

1875 4843 2069 4905 oportet
2089 4847 2328 4896 crescere,
2357 4847 2434 4884 me
2461 4838 2628 4884 autem
2653 4828 2814 4886 minui
2839 4825 3009 4897 (Joan.
3045 4839 3132 4890 ιιι,
3165 4823 3280 4892 '50).
3310 4821 3457 4876 Prteo

1876 4935 2084 4993 ceptum
2113 4923 2222 4993 jam
2249 4920 2460 4988 fuerat,
2490 4929 2547 4973 ut
2573 4919 2616 4973 si
2638 4917 2755 4987 quis
2774 4916 2888 4972 sine
2907 4913 3111 4970 semine
3137 4919 3452 4978 moreretur,

1875 5014 1966 5084 qui
1995 5014 2160 5082 magis
2199 5011 2526 5080 propinquus
2551 5015 2722 5074 esset,
2749 5005 3014 5074 acciperet
3040 5015 3260 5058 uxorem
3298 5001 3414 5069 ejus
3435 5036 3452 5063 ,

1877 5113 1932 5160 et
1956 5103 2237 5160 suscitaret
2255 5117 2437 5157 semen
2477 5099 2624 5154 fratri
2651 5113 2767 5153 suo.
2795 5094 2992 5165 thuid
3020 5093 3162 5148 enim
3191 5093 3459 5148 hocDeus

1886 5202 2245 5270 przcceperat,
2277 5191 2376 5247 nisi
2416 5199 2476 5246 ut
2520 5203 2586 5246 eo
2635 5187 2794 5243 modo
2845 5183 3233 5256 signiﬁcaretur
3274 5197 3458 5238 semen

1880 5288 2238 5345 suscitandum
2263 5285 2438 5341 fratris
2468 5281 2534 5338 ad
2563 5281 2737 5336 fratris
2765 5278 2985 5334 nomen?
3015 5277 3128 5333 lloc
3156 5276 3298 5332 enim
3321 5291 3459 5344 pra:-

1881 5391 2090 5450 ceptum
2120 5387 2268 5444 erat,
2294 5385 2351 5430 ut
2377 5373 2466 5446 qui
2511 5371 2634 5428 inde
2657 5379 2986 5438 nasceretur,
3013 5383 3204 5423 nomen
3241 5363 3459 5418 haberet

1945 5553 2017 5616 (a)
2051 5557 2199 5616 Deest
2217 5547 2453 5616 nonnihil,
2474 5559 2572 5610 quo
2585 5547 2838 5616 superiora
2857 5535 3462 5616 nectebantur-climatia-
3527 5523 3530 5526 ’

1883 5597 2206 5678 sequentibus
2220 5597 2418 5668 verbis,
2569 5597 2776 5658 antehac
2793 5607 2954 5678 locum
2976 5597 3464 5678 διερίξτξιξξηςθέε-ιξξ·

1883 5661 2378 5737 {inﬂammatae
2401 5661 2754 5737 atqugeorum
2793 5667 2898 5737 '900
2917 5666 2968 5714 ίιι
2991 5661 3466 5737 ²¹ίίὲίῖἲῖίὲἶ²ξθξ3²⁶

1888 5717 2604 5801 hﬁicﬁﬁis'irﬁihséitamc
2626 5717 2734 5782 erat
2757 5729 2908 5788 prima
2931 5737 3040 5789 pars
3062 5719 3300 5773 sermonis
3325 5717 3431 5768 ﬁt}.
