3980 6456
553 322 576 376 1
587 319 688 374 683

550 429 804 487 defuncti.
838 428 1122 483 Defunctus
1149 434 1229 480 est
1269 422 1545 486 Christus,
1572 425 1891 487 acceperunt
1933 412 2118 480 conju-

552 538 670 593 gem
701 521 815 590 ejus
836 519 1072 588 Apostoli
1100 515 1414 570 Ecclesiam.
1433 512 1577 577 Quos
1605 509 1671 563 de
1697 509 1784 561 illa
1802 510 2119 575 genuerunt,

553 629 656 668 non
688 611 988 674 Paulianos,
1015 618 1106 662 aut
1137 607 1412 660 Pctrianos
1430 645 1444 670 ,
1473 602 1566 657 sed
1594 599 1922 654 Christianos
1957 593 2123 647 nomi-

553 713 826 758 naverunt.
860 701 1166 769 Loqnautur
1193 711 1320 768 ergo
1342 695 1455 748 hmc
1481 693 1585 747 duo
1623 689 1792 744 ambae
1819 687 2120 755 passiones:

554 794 710 847 Illum
733 801 924 860 oportet
945 805 1164 843 crescere
1187 829 1201 852 ,
1242 803 1321 840 me
1346 795 1512 838 autem
1560 781 1738 835 minui.
1769 778 1862 832 llle
1887 775 2050 831 crevit
2073 775 2125 827 in

553 885 714 952 ligno,
744 881 827 935 hic
853 889 934 935 est
962 879 1251 934 diminutus
1277 878 1328 930 in
1361 875 1517 929 ferro.
1545 872 1759 926 Locuta:
1782 877 1906 923 sunt
1933 877 1986 920 et
2009 881 2126 934 pas-

551 977 728 1029 siones
759 973 859 1028 boc
900 972 1210 1043 mysterium
1236 1011 1252 1036 ,
1296 969 1581 1037 loquantur
1626 974 1681 1019 et
1720 963 1854 1016 dies.
1885 959 2129 1014 Nascitur

551 1063 815 1130 Christus,
843 1075 897 1118 et
923 1071 1212 1132 augentur;
1241 1059 1474 1113 nascitur
1513 1056 1764 1120 Joannes,
1795 1061 1850 1106 et
1876 1050 2126 1105 minuun-

553 1167 658 1212 tur.
715 1157 979 1210 Minuatur
1019 1167 1146 1224 ergo
1189 1153 1361 1205 honor
1414 1148 1678 1211 hominis,
1731 1153 1982 1214 augeatur
2029 1140 2127 1193 ho-

553 1264 652 1302 nor
705 1247 832 1311 Dci;
882 1256 939 1300 ut
980 1246 1152 1299 honor
1197 1241 1426 1296 hominis
1474 1239 1770 1293 inveniatur
1819 1237 1870 1290 in
1926 1233 2128 1287 honore

556 1339 668 1393 Dei.

945 1469 1174 1524 SERMO
1210 1464 1551 1521 CCCLXXXI
1589 1469 1605 1488 °
1645 1463 1738 1533 (a).

819 1613 884 1655 De
907 1604 1050 1654 Natali
1073 1601 1394 1666 apostolorum
1411 1601 1535 1651 Petri
1557 1607 1608 1650 et
1630 1598 1755 1648 Pauli
1773 1597 1860 1660 (ιι).

632 1731 772 1784 Petri
797 1739 850 1783 et
875 1729 1020 1782 Pauli
1053 1727 1409 1796 apostolorum
1435 1725 1551 1780 dies
1570 1765 1585 1789 ,
1627 1724 1680 1776 in
1705 1737 1809 1791 quo
1836 1719 2130 1789 triumpha-

560 1823 665 1876 lem
689 1833 936 1875 coronam
955 1858 968 1882 ,
1001 1818 1210 1872 devicto
1232 1816 1464 1878 diabolo,
1512 1820 1820 1869 mer-uerunt
1837 1853 1852 1876 ,
1880 1820 2134 1881 quantum

560 1911 693 1965 fides
736 1910 971 1964 Romana
1022 1916 1274 1969 testatur,
1319 1906 1604 1960 hodiernus
1657 1913 1757 1958 est.
1803 1903 2004 1969 Quibus
2047 1915 2137 1956 so-

559 2001 750 2054 lemnis
795 1997 1051 2054 festivitas
1098 1997 1412 2060 exhibetur,
1460 1995 1712 2049 solemnis
1748 1994 1907 2048 etiam
1957 2005 2135 2046 sermo

561 2090 834 2147 reddatur.
859 2090 1068 2143 Laudes
1093 2087 1310 2142 audiant
1335 2101 1366 2140 a
1392 2086 1563 2150 nobis,
1592 2097 1778 2154 preces
1796 2083 2019 2137 fundant
2039 2097 2134 2150 pro

563 2180 736 2234 nobis.
764 2178 914 2233 Sicut
933 2177 1212 2232 traditione
1237 2185 1440 2245 patrum
1465 2175 1731 2244 cognitum
1761 2173 2014 2227 memoria
2044 2188 2134 2226 re-

563 2270 776 2331 tinetur,
807 2282 911 2322 non
943 2281 1048 2320 uno
1075 2265 1162 2320 die
1189 2265 1326 2334 passi
1349 2271 1470 2318 sunt
1496 2278 1590 2332 per
1609 2262 1729 2316 (εωιί
1755 2263 1922 2331 spatia
1943 2261 2135 2315 decur-

563 2365 733 2411 rente.
779 2355 1027 2411 Natalitio
1072 2369 1198 2424 ergo
1240 2354 1379 2409 Petri
1411 2367 1600 2422 passus
1646 2359 1729 2406 est
1769 2351 1996 2415 Paulus,
2029 2366 2136 2404 non

562 2464 667 2518 quo
695 2463 759 2502 ex
786 2455 935 2502 utero
960 2446 1144 2500 matris
1175 2446 1225 2498 in
1265 2459 1539 2499 numerum
1569 2443 1715 2496 fusus
1739 2451 1818 2496 est
1841 2442 2143 2505 hominum,

564 2538 658 2592 sed
683 2551 787 2606 quo
813 2551 876 2590 ex
915 2536 1126 2588 vinculo
1170 2533 1346 2587 carnis
1391 2532 1441 2584 in
1469 2531 1639 2585 lucem
1672 2539 1824 2583 natus
1853 2539 1934 2584 est
1961 2530 2136 2598 Ange-

565 2631 777 2698 lorum;
809 2643 867 2680 ac
899 2642 991 2695 per
1012 2625 1112 2679 hoc
1143 2625 1212 2677 ita
1237 2623 1427 2692 singuli
1466 2622 1580 2676 dies
1604 2621 1710 2674 dati
1749 2628 1872 2674 sunt
1898 2619 2138 2685 duobus,

567 2727 627 2772 ut
647 2732 787 2770 nunc
811 2731 947 2770 unus
977 2714 1274 2769 celebretur
1298 2711 1575 2766 ambobus.
1609 2710 1852 2779 Magnum
1884 2710 1984 2763 hoc
2008 2709 2138 2762 mihi

568 2808 778 2877 signum
819 2805 1027 2859 videtur
1055 2819 1173 2858 esse
1212 2801 1510 2857 concordia:
1535 2820 1548 2855 :
1578 2800 1882 2870 coapostolo
1909 2814 2006 2854 suo
2045 2815 2136 2852 no-

567 2899 820 2952 vissimus
848 2897 1017 2965 primo
1041 2937 1056 2961 ,
1088 2895 1174 2964 qui
1197 2894 1262 2948 ad
1291 2893 1534 2948 eumdem
1578 2892 1716 2946 diem
1743 2900 1958 2946 vocatus
1982 2891 2141 2944 adve-

568 2988 664 3050 nit,
693 2987 756 3041 ad
790 2985 1033 3040 eumdem
1062 2985 1202 3038 diem
1227 2991 1508 3037 coronatus
1538 2982 1786 3037 occurrit.
1820 2981 2035 3036 Electus
2060 2990 2142 3034 est

570 3077 660 3132 ille
679 3084 802 3131 ante
831 3075 1040 3129 Domini
1086 3073 1386 3142 passionem
1411 3113 1425 3136 ,
1455 3073 1553 3126 iste
1597 3081 1718 3140 post
1753 3071 2138 3126 ascensionem.

567 3167 764 3222 Ordine
792 3168 1041 3236 temporis
1077 3167 1332 3234 impares,
1362 3164 1654 3218 aeternitate
1684 3163 1948 3218 felicitatis
1975 3179 2144 3232 sequa-

569 3259 649 3310 ies
678 3275 690 3308 :
724 3257 809 3310 ille
834 3271 898 3310 ex
928 3256 1187 3324 piscatore
1206 3294 1222 3318 ,
1254 3254 1351 3307 iste
1376 3268 1441 3306 ex
1472 3263 1826 3321 persecutore.
1860 3253 1915 3306 ln
1942 3253 2032 3306 illo
2057 3253 2142 3306 in-

573 3350 722 3402 firma
770 3347 952 3401 mundi
1009 3347 1174 3400 electa
1223 3355 1383 3409 sunt,
1439 3352 1497 3398 ut
1555 3344 1945 3398 confundantur
1989 3344 2143 3398 fortia

573 3438 628 3509 (1
656 3438 773 3492 Cor.
806 3454 857 3500 ι,
889 3436 990 3505 ‘27)
1026 3453 1039 3489 :
1081 3435 1131 3488 iu
1181 3435 1282 3488 isto
1309 3432 1596 3487 abundavit
1637 3441 1933 3502 peccatum,
1965 3440 2022 3485 ut
2047 3447 2142 3486 su-

571 3526 960 3596 perabundaret
976 3523 1142 3594 gratia
1174 3523 1363 3593 (Rom.
1395 3539 1428 3576 v
1449 3564 1463 3588 ,
1494 3523 1564 3578 20
1586 3521 1628 3593 ).
1670 3522 1726 3576 1ιι
1770 3531 1993 3591 utroque
2034 3538 2147 3576 ma-

570 3634 672 3687 gna
702 3617 795 3671 Dei
824 3617 988 3685 gratia
1033 3623 1190 3684 atque
1218 3614 1334 3683 ejus
1357 3613 1523 3683 gloria
1567 3614 1787 3678 claruit,
1829 3614 1916 3683 qui
1959 3628 2144 3668 eorum

573 3707 699 3762 fecit
748 3705 931 3760 merita
955 3745 973 3771 ,
1003 3719 1107 3760 non
1157 3705 1372 3758 invenit.
1402 3702 1534 3770 Quid
1578 3704 1717 3757 cnim
1761 3704 1901 3758 aliud
1929 3704 2148 3758 demon-

575 3808 744 3851 strare
770 3795 1010 3865 dignatus
1029 3805 1142 3857 est,
1176 3794 1265 3863 qui
1289 3794 1354 3847 ad
1395 3809 1613 3862 regnum
1647 3795 1815 3862 primo
1845 3808 2034 3849 vocare
2054 3809 2149 3848 vo-

576 3885 674 3938 luit
699 3885 987 3952 piscatores
1009 3923 1024 3949 ,
1053 3891 1235 3952 postea
1264 3891 1544 3936 vocaturus
1576 3883 1941 3952 imperatores,
1965 3885 2066 3938 nisi
2091 3895 2150 3939 ut

577 3977 663 4045 qui
687 3975 949 4044 gloriatur,
975 3975 1028 4026 in
1053 3973 1266 4027 Domino
1290 3973 1530 4040 glorietur
1549 3974 1568 4043 (
1590 3973 1614 4026 l
1640 3971 1755 4026 Cor.
1787 3990 1806 4028 ι
1823 4016 1838 4039 ,
1868 3976 1926 4029 51
1943 3975 2000 4044 )?
2020 3975 2152 4030 Nam

578 4067 760 4134 utique
790 4064 1039 4118 nobilium
1065 4102 1080 4128 ,
1116 4063 1390 4117 doctorum
1414 4103 1430 4128 ,
1472 4072 1740 4132 potentum
1781 4079 1887 4118 non
1924 4065 2155 4120 salutem.

578 4154 929 4224 contempsit,
957 4153 1148 4222 quibus
1185 4151 1472 4222 ignobiles,
1503 4151 1776 4220 imperitos
1812 4153 2157 4225 infirmosun

579 4245 884 4312 praeposuit.
905 4242 1010 4297 Sed
1032 4242 1129 4296 nisi
1147 4242 1294 4311 prius
1313 4241 1595 4310 eligeretur
1609 4240 1779 4296 vilitas
1799 4242 2148 4312 infirmorum,

582 4351 687 4388 non
710 4343 984 4388 sanaretur
1009 4333 1210 4387 inflatio
1239 4331 1604 4401 superborum.
1634 4332 1689 4387 Si
1711 4334 1854 4402 prius
1883 4349 1912 4387 a
1943 4334 2153 4389 Christo

582 4425 772 4480 divites
815 4432 1162 4487 vocarentur,
1194 4429 1440 4490 putarent
1490 4431 1543 4474 et
1574 4421 1810 4476 dicerent
1858 4439 1961 4476 non
2001 4424 2052 4477 in
2096 4440 2154 4480 se

485 4560 488 4564 .
582 4515 807 4569 electam
834 4512 936 4567 nisi
963 4513 1284 4580 opulentiam
1307 4551 1320 4573 ,
1354 4511 1649 4566 facundiam
1674 4553 1687 4576 ,
1717 4513 2034 4582 eloquentiae
2054 4517 2152 4570 do-

583 4606 828 4670 ctrinam,
861 4603 1096 4658 scientiae
1121 4601 1479 4671 splendorem,
1506 4603 1860 4668 nobilitatem,
1889 4609 2157 4674 generosi-

584 4705 786 4761 tatem,
835 4693 1263 4763 tranquillitatem
1287 4733 1304 4760 ,
1349 4694 1576 4762 regalem
1618 4703 1960 4764 potestatem;
1999 4707 2160 4769 atque

585 4788 655 4840 ita
688 4786 1064 4857 temporalibus
1092 4793 1147 4840 et
1185 4785 1526 4840 saecularibus
1570 4784 1906 4842 felicitatibus
1935 4791 2153 4856 tumidi,

587 4886 830 4944 tanquam
853 4876 951 4946 ipsi
983 4875 1127 4944 prius
1169 4874 1382 4930 Christo
1407 4873 1709 4930 conferrent
1757 4877 1897 4946 quod
1943 4888 2150 4943 essent,
2183 4901 2191 4944 κ

581 4973 646 5017 ut
673 4965 747 5017 eis
776 4965 863 5019 ille
893 4965 1156 5020 videretur
1181 4963 1422 5030 reddere,
1453 4980 1555 5018 non
1586 4965 1804 5030 donare,
1835 4967 1975 5036 quod
2000 4967 2156 5022 futuri
2189 4953 2192 4956 ’

586 5053 938 5122 essentgratia
952 5053 1066 5117 Dei,
1084 5070 1180 5108 nec
1193 5055 1557 5124 intelligerent,
1577 5070 1671 5110 nec
1683 5063 1937 5112 tenerent.
1953 5059 2158 5122 Quanto

588 5159 715 5214 ergo
747 5158 885 5197 nunc
905 5145 1129 5212 melius,
1161 5153 1358 5215 quanto
1397 5144 1723 5213 ordinatius,
1752 5148 1900 5217 prius
1921 5151 2083 5219 erevit
2099 5151 2160 5205 de

587 5247 719 5290 terra
745 5235 942 5304 inapem
961 5275 976 5300 ,
1015 5243 1060 5289 et
1079 5236 1140 5288 de
1164 5245 1376 5291 stercore
1402 5237 1638 5291 exultavit
1659 5254 1949 5306 pauperem,
1976 5249 2028 5292 ut
2052 5243 2158 5294 col-

585 5331 772 5384 locaret
788 5343 899 5383 eum
919 5342 1029 5379 cum
1046 5328 1321 5395 potentibus
1338 5331 1512 5400 populi
1531 5331 1611 5384 sui
1624 5329 1796 5400 (Psal.
1813 5332 2084 5403 cxn,7,8);
2105 5340 2162 5387 ut

646 5509 668 5573 ζ
703 5501 994 5573 emendatus
1015 5499 1157 5573 adcl.
1182 5500 1230 5548 d.
1248 5515 1291 5573 ις.
1319 5509 1466 5573 ηιμ).
1491 5510 1586 5553 vat.
1607 5510 1658 5554 et
1679 5504 1738 5553 ad
1759 5506 1893 5568 Vign.

673 5567 725 5635 ᾳ)
761 5562 902 5623 Alias,
921 5565 1056 5635 inter
1079 5563 1393 5635 vigueriauos
1408 5563 1456 5610 6.

674 5623 723 5689 tt)
759 5626 1027 5737 Augustini.
1044 5623 1221 5672 nornen
1245 5625 1294 5695 in
1315 5623 1567 5694 veteribus
1589 5627 1902 5696 _Lectionartis
1939 5627 2135 5691 prefert
2147 5661 2161 5690 ,

674 5702 755 5737 me
778 5695 824 5737 st
858 5700 916 5736 us
933 5689 994 5737 ab
1016 5699 1120 5737 ipso
1138 5697 1329 5735 cumino
1350 5683 1539 5735 ahenus
1558 5685 1762 5736 videtur.

593 5683 755 5753 neque
778 5683 916 5738 stilus
933 5689 994 5738 ab
1016 5687 1120 5749 ipso
1138 5685 1329 5735 cumino
1350 5683 1539 5735 alienus
1558 5685 1762 5736 videtur.

1793 298 1847 353 S.
1879 293 2239 352 AUGUSTINI
2281 292 2576 348 EPlSCOPl

2231 425 2423 464 munus
2449 405 2808 476 intelligentiae
2841 412 3002 475 atque
3024 403 3279 458 doctrinae
3292 418 3398 459 non
3416 403 3586 458 solum
3611 419 3677 460 ex
3703 404 3830 458 Deo

2229 517 2389 572 esset,
2419 506 2514 561 sed
2540 505 2698 559 etiam
2716 513 2773 558 ut
2790 517 2856 557 ex
2880 503 2986 557 Deo
3002 516 3124 556 esse
3141 497 3585 569 appareret?Cum
3617 508 3825 568 quanta

2229 597 2404 665 itaque
2430 594 2617 648 laetitia
2631 602 2685 648 et
2702 600 2895 662 quanta
2910 591 3002 645 Dei
3018 589 3184 660 gloria
3214 598 3528 644 contuemur
3543 589 3610 643 ab
3635 589 3825 643 animo

2230 687 2503 756 piscatoris
2514 683 2780 739 contemni
2795 695 2925 752 opes
2951 678 3322 750 imperatoris?
3348 675 3492 731 fundi
3512 692 3693 745 preces
3710 677 3824 731 im-

2230 778 2493 848 peratoris
2528 776 2595 830 ad
2637 774 2942 829 Memoriam
2970 769 3286 841 piscatoris?
3307 778 3364 824 ut
3396 785 3495 824 nec
3522 770 3612 824 ille
3648 785 3716 824 ex
3749 783 3824 824 eo

2231 869 2372 938 quod
2419 884 2526 923 non
2572 867 2791 931 habuit,
2820 865 3060 935 jaceret;
3090 863 3308 919 neeiste
3349 877 3413 916 ex
3449 877 3514 916 eo
3549 860 3688 930 quod
3717 860 3824 914 ha-

2231 960 2378 1026 buit,
2407 960 2728 1030 superbiret.
2759 957 3005 1016 Jamvero
3019 955 3152 1033 illud
3180 953 3320 1025 quod
3350 955 3568 1008 Paulum
3597 969 3660 1006 ex
3687 967 3819 1021 per-

2232 1061 2475 1108 secutore
2511 1065 2608 1106 suo
2650 1049 3051 1121 praadicatorem
3095 1061 3248 1101 suum
3289 1044 3530 1102 Christus
3561 1052 3823 1113 operatus

2233 1152 2314 1197 est
2333 1183 2348 1208 ,
2378 1140 2502 1211 quid
2529 1140 2704 1194 valeat
2721 1139 2787 1192 ad
2817 1138 3039 1193 salutem
3070 1135 3340 1190 hominum
3367 1177 3382 1201 ,
3422 1150 3489 1189 ne
3530 1134 3817 1204 quisquam

2233 1247 2542 1302 magnarum
2571 1230 2670 1285 sibi
2701 1229 2946 1284 conscius
2985 1227 3316 1296 iniquitatum
3345 1225 3410 1279 de
3447 1224 3816 1278 misericordia

2235 1323 2330 1378 Dei
2357 1322 2547 1377 debeat
2581 1320 2863 1388 desperare
2894 1359 2909 1383 ,
2941 1318 3054 1386 ipse
3097 1316 3272 1384 potius
3297 1313 3565 1383 apostolus
3592 1315 3819 1382 cloqua-

2235 1421 2338 1467 tur.
2364 1411 2652 1476 Humanus,
2677 1409 2864 1478 inquit,
2883 1423 3046 1461 sermo
3073 1416 3117 1458 et
3134 1406 3270 1458 omni
3292 1405 3584 1472 acceptione
3607 1403 3817 1472 dignus,

2234 1505 2351 1571 quia
2381 1501 2608 1557 Christus
2630 1499 2667 1553 «Ι
2671 1516 2782 1554 esus
2825 1498 2955 1551 venit
3003 1497 3058 1550 in
3076 1497 3209 1548 hunc
3253 1495 3495 1549 mundum
3536 1503 3824 1562 peccatores

2234 1595 2397 1649 salvos
2424 1595 2590 1664 facere
2608 1633 2622 1656 ,
2656 1607 2869 1661 quorum
2895 1590 3085 1657 primus
3099 1604 3189 1657 ego
3215 1602 3348 1640 sum.
3382 1585 3488 1640 Sed
3513 1585 3624 1638 ideo
3663 1585 3824 1637 mise-

2235 1685 2508 1738 ricordiam
2544 1690 2836 1735 consecutus
2882 1689 3102 1744 sum,ut
3130 1679 3183 1730 in
3220 1693 3298 1730 me
3338 1675 3498 1745 primo
3537 1673 3825 1728 ostenderet

2237 1775 2472 1830 Christus.
2484 1773 2515 1828 J
2521 1790 2633 1828 esus
2653 1787 2848 1826 omnem
2866 1769 3316 1838 longanimitatem,
3329 1767 3396 1821 ad
3417 1768 3825 1837 informationem

2237 1883 2409 1920 eorum
2437 1865 2520 1934 qui
2552 1862 2790 1916 credituri
2815 1870 2932 1914 sunt
2954 1861 3031 1914 illi
3064 1861 3116 1912 in
3139 1860 3293 1912 vitam
3317 1866 3555 1912 (sternam
3588 1856 3647 1928 (1
3685 1855 3826 1908 Tim.

2238 1972 2290 2022 ι,
2321 1956 2406 2020 15,
2441 1955 2553 2023 16).
2583 1953 2711 2020 Quis
2732 1952 2873 2006 enim
2909 1952 3008 2006 sub
3033 1965 3190 2004 manu
3218 1948 3595 2018 omnipotentis
3625 1946 3830 2002 medici

2239 2047 2305 2101 de
2338 2047 2506 2100 salute
2534 2044 2779 2113 desperet
2807 2049 2952 2096 tanto
2991 2041 3304 2094 informatus
3335 2038 3582 2108 exemplo
3601 2079 3617 2103 ,
3641 2037 3830 2092 consi-

2238 2137 2432 2192 derans
2472 2135 2922 2209 evangelizantem
2967 2131 3128 2188 tidem
3156 2146 3312 2200 quam
3338 2129 3622 2200 aliquando
3648 2138 3830 2184 vasta-

2240 2230 2329 2284 bat
2348 2271 2363 2296 ,
2391 2243 2498 2283 non
2527 2228 2696 2283 solum
2719 2226 2952 2280 evasisse
2980 2239 3189 2294 poenam
3223 2223 3574 2293 persecutoris
3593 2265 3606 2288 ,
3634 2239 3842 2279 verum.

2240 2322 2398 2376 etiam
2420 2334 2672 2374 coronam
2700 2317 2954 2372 meruisse
2981 2315 3234 2380 doctoris,
3256 2322 3314 2370 et
3339 2315 3489 2384 cujus
3510 2317 3830 2384 sanguinem

2241 2411 2294 2465 in
2328 2410 2441 2479 ejus
2467 2407 2718 2462 membris
2739 2406 2988 2476 cupiebat
3007 2404 3272 2459 sazviendo
3302 2403 3522 2458 fundere
3545 2445 3560 2468 ,
3589 2418 3683 2472 pro
3707 2403 3844 2470 ejus.
3912 2408 3930 2412 ”’

2241 2500 2458 2555 nomine
2504 2513 2658 2552 suum
2702 2498 3014 2566 sanguinem
3063 2494 3332 2550 credendo
3371 2494 3611 2550 fudisse?
3651 2494 3831 2549 liabet

2243 2605 2369 2660 ergo
2396 2589 2564 2642 Roma
2613 2594 2772 2656 caput
2816 2585 3050 2655 gentium
3076 2624 3090 2648 ,
3120 2583 3227 2638 duo
3261 2583 3460 2638 lumina
3498 2583 3734 2653 gentium
3757 2583 3835 2638 ab

2244 2680 2334 2734 illo
2352 2693 2574 2734 accensa
2600 2719 2614 2745 ,
2646 2678 2736 2746 qui
2765 2675 3023 2730 illuminat
3055 2689 3267 2729 omnem
3300 2674 3568 2728 hominem
3598 2673 3826 2727 venien-

2245 2779 2350 2824 tem
2379 2770 2430 2823 in
2475 2769 2616 2822 hunc
2644 2766 2895 2820 mundum
2929 2783 2942 2816 :
2969 2779 3152 2831 unum,
3185 2763 3236 2818 in
3265 2778 3370 2832 quo
3401 2763 3539 2817 Deus
3564 2763 3844 2832 abiectam.

2245 2859 2495 2914 exaltavit
2534 2848 2914 2921 humilitatem;
2943 2855 3166 2909 alterum
3191 2895 3205 2918 ,
3233 2854 3284 2907 in
3329 2867 3434 2923 quo
3475 2853 3836 2910 damnandam

2244 2950 2448 3004 sanavit
2476 2949 2825 3018 iniquitatem.
2863 2947 2918 2999 ln
2951 2945 3039 2999 illo
3067 2944 3338 2999 discamus
3382 2950 3488 2997 no‘n
3513 2942 3831 3011 superbire;

2247 3039 2299 3092 in
2327 3040 2448 3104 isto,
2480 3053 2588 3090 non
2615 3037 2919 3104 desperare.
2961 3033 3128 3100 Quam
3173 3032 3407 3086 breviter
3450 3046 3637 3100 magna
3673 3031 3836 3086 nobis

2246 3129 2487 3198 exempla
2513 3127 2785 3196 praemissa
2811 3134 2962 3190 sunt,
2993 3138 3149 3193 quam
3179 3122 3411 3176 salubria
3436 3139 3451 3188 ;
3475 3138 3592 3192 qua:
3613 3137 3837 3192 semper

2247 3233 2754 3283 commemoremus,
2799 3226 2852 3270 et
2889 3217 2940 3269 in
2979 3229 3163 3269 eorum
3207 3213 3364 3268 laude
3413 3213 3592 3268 lumen
3640 3229 3843 3268 verum.

2248 3310 2661 3380 magnificemus.
2692 3308 2858 3361 Nemo
2897 3320 3023 3375 ergo
3052 3320 3110 3359 se
3139 3304 3206 3359 de
3229 3304 3384 3374 hujus
3407 3305 3583 3359 smculi
3611 3305 3835 3366 celsitu-

2249 3399 2371 3454 dine
2399 3398 2618 3452 extollat
2646 3415 2659 3450 :
2689 3397 2874 3450 Petrus
2902 3396 3134 3464 piscator
3159 3394 3273 3450 fuit.
3303 3393 3470 3448 Nemo
3499 3394 3837 3462 iniquitatem

2251 3491 2516 3558 propriam
2542 3486 2824 3558 cogitando
2845 3482 3263 3539 misericordiam
3287 3483 3380 3538 Dei
3409 3482 3667 3552 defugiat:
3688 3484 3836 3538 Pau~

2252 3580 2333 3633 lus
2359 3585 2663 3648 persecutor
2689 3575 2803 3630 fuit.
2832 3575 2926 3629 Ille
2963 3573 3128 3640 dicit,
3163 3573 3353 3627 Factus
3386 3583 3458 3627 est
3489 3573 3736 3627 Dominus
3751 3591 3837 3627 re-

2252 3667 2447 3736 fugium
2483 3680 2759 3736 pauperum
2801 3662 2972 3731 (Psal.
3001 3679 3053 3716 ιιι
3075 3703 3090 3727 ,
3122 3661 3209 3732 10)
3243 3663 3380 3716 :iste
3420 3661 3577 3727 dicit,
3609 3661 3846 3718 Doceam.

2251 3758 2446 3828 iniquos
2465 3758 2568 3812 vias
2597 3765 2742 3821 tuas,
2782 3765 2828 3809 et
2861 3755 3006 3825 impii
3020 3754 3088 3808 ad
3113 3762 3160 3814 te
3177 3764 3524 3809 convertentur
3555 3754 3728 3827 (Psal.
3759 3771 3792 3818 ι.
3816 3796 3846 3829 ,ἢ

2253 3848 2367 3918 15).
3289 3915 3294 3920 _

2639 3953 2869 4014 SERMO
2904 3951 3273 4009 CCCLXXXII
3300 3955 3318 3979 ι
3346 3955 3444 4024 (α).

2723 4074 2794 4117 De
2813 4073 2978 4116 saneto
2999 4066 3238 4128 Stephano
3259 4065 3352 4128 (ὁ).

2310 4191 2533 4247 CAPUT
2553 4190 2932 4246 PRIMUM.——l
2945 4231 2958 4244 .
2979 4189 3296 4259 Prwceptum
3313 4189 3376 4242 de
3389 4189 3654 4259 diligendis
3670 4189 3842 4244 inimi-

2257 4262 2346 4315 cis.
2367 4261 2520 4316 Jesus
2539 4261 2679 4314 filius
2691 4260 2834 4315 Nave
2852 4262 2901 4313 in
2919 4274 3102 4315 eremo
3115 4259 3395 4328 pugnabat,
3414 4269 3467 4313 et
3482 4259 3690 4328 Moyses
3705 4275 3838 4314 ora-

2257 4331 2348 4410 bat
2374 4349 2386 4382 :
2412 4346 2516 4385 non
2542 4330 2748 4410 quidem
2776 4329 3282 4410 ambopugnabant,
3311 4337 3364 4410 et
3387 4329 3543 4410 ambo
3569 4328 3837 4408 orabant;

2259 4401 2350 4454 sed
2387 4417 2521 4454 unus
2561 4397 2860 4468 pugnabat,
2905 4397 3123 4453 ct'alius
3149 4397 3354 4468 orabat.
3406 4399 3591 4468 Merito
3613 4400 3702 4467 qui
3730 4414 3838 4466 pu-

2261 4471 2482 4538 gnabat,
2523 4467 2652 4521 non
2677 4469 2985 4533 deficiebat;
3030 4469 3151 4538 quia
3181 4467 3316 4520 alter
3339 4467 3540 4538 orando
3568 4467 3835 4521 vincebat.

2263 4539 2332 4593 lta
2373 4548 2426 4592 ct
2463 4554 2560 4608 ego
2605 4539 2748 4606 loqui
2791 4538 3001 4606 quidem
3029 4537 3214 4590 videor
3234 4577 3255 4608 ,ᾗ
3271 4537 3366 4591 sed
3403 4537 3532 4608 aliis
3559 4537 3840 4608 orantibus

2261 4609 2450 4676 loquor
2472 4605 2513 4672 ,Ἰ
2536 4617 2594 4661 ut
2631 4605 2872 4675 precibus
2902 4622 3084 4661 eorum
3118 4606 3388 4674 contingat
3411 4605 3537 4658 mihi
3559 4606 3839 4676 rquongo—

2259 4674 2436 4732 minus
2457 4678 2549 4739 ait,
2581 4674 2732 4746 Aperi
2752 4694 2807 4730 os
2835 4687 2996 4738 tuum,
3026 4685 3070 4729 et
3090 4692 3180 4746 ego
3205 4675 3486 4743 adimplebo
3507 4675 3633 4746 illud
3656 4674 3835 4746 (Psal.

2262 4763 2395 4804 Lxxx
2417 4788 2430 4810 ,
2481 4747 2588 4815 11).
2647 4745 2703 4800 Si
2728 4746 2817 4800 ille
2843 4747 2907 4800 ab
2935 4761 3038 4800 uno
3069 4745 3268 4800 tantum
3308 4754 3490 4799 orante
3531 4745 3837 4815 juvabatur,

2323 4898 2340 4915 “
2366 4898 2650 4947 Emendatus
2669 4899 2727 4948 ad
2745 4897 2864 4948 duos
2883 4911 2928 4948 c.
2951 4899 3002 4948 b.
3029 4905 3080 4948 et
3094 4898 3216 4948 duos
3235 4911 3284 4946 ιι.
3309 4898 3370 4948 ad
3390 4898 3451 4948 cl.
3472 4913 3546 4963 gr.
3564 4913 3605 4949 r.
3631 4915 3674 4950 ν.
3701 4909 3754 4951 et
3773 4905 3840 4952 ad

2262 4966 2361 5007 Am.
2387 4966 2456 5008 Er.
2494 4968 2594 5008 Par.
2617 4967 2726 5010 ιον.

2325 5021 2398 5077 (a)
2433 5021 2573 5077 Alias,
2596 5021 2659 5069 de
2682 5022 2860 5070 Sanctis
2881 5019 2929 5068 4.

2327 5080 2397 5143 (b)
2413 5082 2629 5143 Speciem
2652 5083 2870 5131 centonis
2893 5092 2991 5143 prae
3009 5093 3066 5128 se
3081 5080 3175 5130 fert
3193 5081 3272 5130 bic
3281 5082 3597 5132 sermo.lstud
3619 5083 3669 5132 in
3691 5095 3840 5133 exor-

2263 5142 2363 5202 dio,
2379 5142 2409 5188 ἀ
2433 5142 2686 5204 coquendo
2704 5145 2802 5204 jam
2828 5155 2922 5204 non
2944 5142 3135 5190 timebit
3156 5155 3237 5190 cor
3254 5157 3436 5202 meum,
3461 5159 3485 5204 ξ
3516 5150 3629 5202 etc-,
3654 5157 3745 5193 nec
3770 5143 3834 5192 ad

2265 5202 2548 5266 superiora,
2574 5217 2665 5251 nec
2684 5202 2751 5266 ad
2778 5203 3001 5250 inferiora
3024 5205 3341 5266 connectitur.
3379 5202 3522 5252 Paulo
3554 5212 3660 5264 post
3702 5207 3840 5265 quod

2265 5263 2463 5326 legitur,
2497 5281 2518 5309 α
2537 5265 2619 5326 Hic
2640 5264 2860 5312 advertat
2878 5269 3040 5312 vestra
3055 5263 3300 5326 Sanctitas,
3318 5280 3341 5326 ι
3368 5263 3592 5326 ιιεψιείι
3615 5263 3838 5326 percepe-

2266 5323 2376 5387 runt
2410 5323 2682 5375 mercedem
2705 5337 2860 5383 suam,
2883 5339 2906 5367 ν
2935 5330 3098 5387 totum
3108 5323 3200 5387 hoc
3215 5323 3478 5387 vindingus
3499 5323 3841 5375 eSse'dicit'in-

2265 5386 2419 5436 doctae
2443 5398 2620 5448 manus
2651 5385 3191 5448 assutnentnmatﬁ'obis,
3237 5385 3415 5447 [mater
3450 5387 3543 5435 alia
3584 5387 3834 5448 quaedam,

2268 5449 2403 5496 venit
2425 5448 2472 5495 in
2495 5447 2817 5508 suspicionem
2838 5447 2984 5494 etiam
3004 5445 3120 5508 illud
3142 5446 3192 5492 in
3213 5445 3346 5494 num.
3360 5449 3408 5507 5,
3432 5465 3454 5494 α
3467 5445 3698 5496 Diacouus
3710 5445 3834 5508 erat,

2277 5524 2298 5553 α
2320 5506 2822 5571 Ενξιιιςθὶὶιιιεςειιαι,
2844 5522 2866 5551 ι
2899 5513 2992 5557 etc.
3033 5507 3217 5567 Quippe
3239 5506 3494 5571 Evangelia
3526 5511 3700 5571 scripta
3723 5506 3845 5571 ante

2267 5567 2492 5628 Stephani
2532 5567 2802 5632 passionem
2845 5581 2940 5617 non
2964 5570 3274 5632 ex_s_titemnt.
3309 5567 3468 5632 simile
3488 5567 3740 5632 quidpiam
3768 5570 3843 5619 di-

2269 5639 2400 5678 ctum
2422 5636 2499 5678 est
2529 5641 2671 5690 supra
2693 5630 2742 5676 in
2764 5635 2995 5679 sermone
3009 5628 3119 5687 519,
3141 5642 3192 5677 ιι.
3207 5630 3257 5690 3,
3280 5631 3370 5679 sed
3393 5631 3458 5679 ibi
3481 5628 3667 5680 facilius
3685 5643 3842 5682 exat-

2273 5698 2420 5754 satur,
2445 5702 2537 5742 nec
2555 5689 2726 5741 sufﬁcit
2747 5697 2801 5742 ut
2815 5702 2981 5743 sermo
2996 5693 3258 5756 caeteroqui
3271 5692 3452 5756 probus
3470 5692 3774 5756 repudietur.

3677 292 3898 347 1684·
