3980 6452
535 313 669 371 1687

921 442 1147 497 SERMO
1176 442 1384 495 CCCLX
1398 440 1597 495 χχιιι·
1634 442 1728 507 (a).

703 559 750 600 tn
770 551 854 601 die
877 553 1198 603 anniversaria
1222 551 1532 598 ordinationis
1548 546 1831 611 episcopalis
1850 547 1938 609 (b).

605 655 828 710 CAPUT
859 653 1119 709 PRIMUM
1128 655 1241 708 .—-l
1258 694 1269 705 .
1296 652 1602 724 Episcopale
1617 671 1741 707 onus
1759 653 2007 722 quomodo
2023 668 2107 722 ge-

532 758 627 812 rat,
650 764 815 800 secum
832 747 1180 815 inquirendum
1198 746 1352 799 ducit.
1370 747 1463 799 Die
1481 746 1692 815 quidem
1710 745 1875 810 omni,
1893 754 1944 798 ct
1962 745 2106 799 omni

531 840 661 892 hora
687 879 701 903 ,
732 852 963 906 curaque
1000 838 1218 892 omnino
1257 838 1508 891 continua
1531 878 1547 903 ,
1577 837 1938 899 dilectissimi,
1963 839 2106 906 cogi-

528 943 641 984 tare
668 929 827 983 debet
851 930 1149 997 episcopus,
1175 938 1384 997 quantm
1408 929 1817 998 dispensationis
1841 929 2103 982 sarcinam

527 1028 675 1085 gerat
701 1061 714 1085 ,
761 1020 967 1087 qualem
998 1018 1065 1071 de
1093 1020 1178 1073 illa
1217 1020 1474 1073 rationem
1505 1019 1727 1073 Domino
1754 1033 1851 1072 suo
1890 1018 2099 1072 reddat.

528 1106 907 1162 Verumtamen
936 1124 1056 1162 cum
1082 1107 1199 1162 dies
1236 1108 1628 1162 anniversarios
1654 1118 1849 1163 nostra).
1890 1107 2105 1161 ordina-

530 1200 690 1253 tionis
730 1200 965 1254 exoritur
986 1239 1003 1265 ,
1046 1209 1172 1253 tunc
1196 1200 1427 1255 maxime
1449 1214 1585 1254 onus
1616 1200 1770 1268 imjus
1796 1199 1956 1253 ofﬁcii
1985 1209 2102 1253 tan-

525 1303 682 1356 quam
712 1298 836 1343 tunc
865 1289 1093 1357 primum
1136 1288 1474 1357 imponatur,
1516 1289 1821 1342 attenditur.
1880 1288 2105 1342 Interest

530 1387 706 1430 autem
729 1376 867 1445 quod
891 1391 955 1434 co
985 1377 1071 1431 die
1091 1419 1105 1443 ,
1139 1392 1244 1446 quo
1267 1377 1318 1431 id
1347 1378 1492 1446 prius
1514 1378 1861 1446 suscepimus,
1898 1386 2102 1432 tantum

530 1466 979 1537 quemadmodum
1006 1468 1294 1536 gerendum
1314 1477 1453 1523 esset
1478 1469 1827 1538 cogitavimus
1858 1486 1870 1521 :
1902 1476 1957 1522 at
1976 1482 2102 1522 vero

523 1560 972 1628 consequentibus
1000 1560 1186 1614 diebus
1209 1601 1224 1625 ,
1275 1562 1644 1629 prmcipueque
1688 1561 1777 1613 illo
1798 1600 1811 1623 ,
1843 1574 1949 1630 quo
1988 1559 2101 1628 ejus

525 1650 836 1704 solemnitas
886 1652 1092 1721 agitur,
1135 1665 1242 1704 non
1287 1652 1457 1704 solum
1504 1650 1671 1711 futura
1717 1652 1864 1720 ejus,
1910 1666 2100 1719 quem-

522 1739 809 1797 admodum
854 1740 1107 1809 deinceps
1151 1741 1263 1809 gcri
1300 1739 1560 1804 debeant,
1604 1750 1755 1795 cauta
1787 1740 2101 1809 praevisione

520 1830 876 1894 consulimus;
909 1844 1092 1883 verum
1132 1829 1293 1883 etiam
1323 1830 1587 1898 praeterita
1610 1871 1623 1895 ,
1654 1829 2098 1899 quemadmodum

519 1926 665 1985 gesta
693 1917 833 1982 sint,
878 1918 1099 1971 sollicita
1129 1917 1496 1972 recordatione
1527 1918 1814 1972 recolimus
1848 1936 1861 1972 :
1891 1926 1950 1972 ut
1973 1933 2099 1972 nos-

521 2011 776 2079 metipsos
804 2011 855 2064 in
884 2010 1176 2065 benefactis
1215 2010 1484 2064 imitemur
1503 2052 1517 2076 ,
1547 2019 1600 2064 ct
1637 2011 1681 2064 si
1711 2026 1812 2079 qua
1838 2009 2100 2079 culpanda

530 2103 891 2167 transierunt,
914 2117 986 2156 ne
1009 2111 1318 2170 repetantur
1340 2118 1587 2157 curemus
1607 2145 1621 2168 ,
1670 2112 1725 2157 ut
1763 2104 2102 2172 ignoscantur

520 2208 771 2258 oremus;
800 2201 854 2246 et
880 2194 1268 2247 accusationem
1291 2193 1505 2258 diaboli,
1532 2193 1617 2247 ubi
1636 2208 1934 2262 possumus,
1954 2202 2101 2250 recte

521 2285 710 2355 agendi
739 2285 1017 2339 sedulitate
1035 2284 1328 2355 fugiamus;
1357 2287 1444 2340 ubi
1470 2296 1645 2341 autem
1664 2302 1767 2341 non
1792 2303 2097 2356 possumus,

521 2376 807 2431 conﬁtendi
836 2378 1027 2445 pietate
1055 2378 1346 2431 vincamus.
1398 2377 1545 2431 Sicut
1574 2378 1714 2432 enim
1755 2378 1931 2433 futura
1968 2394 2097 2449 pec-

518 2476 634 2519 cata
656 2508 670 2531 ,
700 2466 1017 2536 negligendo
1038 2467 1296 2536 justitiam
1319 2508 1331 2530 ,
1362 2469 1800 2534 committuntur;
1849 2470 1919 2523 ita
1957 2486 2096 2539 pra:-

524 2558 677 2616 terita
695 2597 710 2622 ,
740 2558 1052 2626 injustitiam
1082 2558 1412 2613 defendendo
1433 2600 1447 2621 ,
1480 2559 1773 2613 ﬁrmantur.
1800 2560 1945 2614 Sicut
1973 2577 2100 2632 ergo

519 2664 588 2702 ne
614 2648 743 2702 ﬁant
772 2648 1028 2716 prospicit
1052 2648 1304 2715 charitas,
1351 2649 1422 2702 ita
1449 2649 1584 2704 facta
1619 2650 1761 2705 delet
1787 2650 2096 2706 humilitas:

519 2748 579 2799 ut
613 2753 731 2805 qua:
774 2738 882 2805 jam
929 2752 1037 2791 non
1085 2748 1307 2807 possunt
1332 2748 1477 2794 recte
1500 2739 1704 2810 agendo
1730 2756 1835 2795 non
1868 2742 2095 2810 admitti,

518 2829 725 2896 possint
760 2827 949 2882 saltem
996 2844 1103 2882 non
1147 2830 1503 2899 superbiendo
1544 2830 1757 2887 dimitti.
1810 2831 2099 2888 Didicimus

516 2919 713 2988 quippe
739 2919 917 2974 dicere
947 2920 1090 2974 Patri
1126 2930 1308 2975 nostro
1329 2963 1343 2987 ,
1371 2922 1459 2991 qui
1486 2931 1568 2976 est
1597 2923 1648 2975 in
1679 2924 1828 2977 caelis
1847 2965 1860 2985 ,
1892 2923 2101 2978 Dimitte

520 3014 661 3066 nobis
691 3015 856 3066 debita
885 3025 1057 3068 nostra
1078 3057 1092 3081 ,
1137 3016 1263 3069 sicut
1288 3026 1333 3069 et
1356 3032 1446 3069 nos
1472 3016 1769 3070 dimittimus
1794 3016 2099 3070 debitoribus

519 3105 701 3158 nostris
745 3104 955 3175 (Matth.
985 3121 1060 3169 vr,
1086 3105 1197 3174 12).
1236 3105 1388 3172 Quod
1411 3118 1467 3160 ut
1490 3108 1750 3161 veraciter
1773 3108 1949 3161 dicere
1978 3122 2099 3175 pos-

518 3196 706 3259 simus,
729 3197 887 3249 etiam
916 3196 1157 3250 inimicos
1183 3207 1395 3251 nostros
1442 3207 1651 3266 Oportet
1682 3199 1861 3267 utique
1904 3198 2095 3267 diliga-

516 3299 638 3338 mus
666 3300 678 3335 :
713 3299 845 3354 quos
869 3293 1046 3339 tamen
1076 3284 1276 3341 habere
1294 3327 1309 3352 ,
1339 3286 1439 3339 nisi
1467 3297 1688 3357 cogente
1715 3288 1923 3355 justitia
1946 3328 1962 3353 ,
1988 3303 2093 3342 non

517 3375 790 3428 debemus.
835 3374 967 3428 Nam
1011 3375 1054 3429 si
1094 3374 1336 3430 homines
1376 3378 1529 3430 nobis
1568 3393 1665 3447 pro
1705 3379 1901 3432 nostris
1942 3379 2096 3433 malis

515 3466 723 3520 meritis
751 3465 946 3519 inimici
973 3476 1095 3520 sunt
1114 3509 1129 3533 ,
1169 3483 1273 3521 non
1301 3468 1592 3523 curandum
1620 3478 1780 3523 estut
1811 3471 1890 3524 eis
1919 3470 2095 3524 debita

514 3555 861 3620 dimittamus,
890 3555 983 3609 sed
1011 3557 1298 3611 timendum
1328 3558 1499 3626 potius
1527 3573 1593 3612 ne
1626 3558 1931 3613 reddamus.
1962 3559 2096 3627 Quo-

516 3646 655 3698 niam
686 3644 734 3699 si
779 3660 876 3699 nos
915 3648 1107 3700 merito
1146 3656 1342 3701 nostrtc
1374 3649 1665 3717 iniquitatis
1695 3648 1955 3715 oderunt,
1996 3664 2094 3705 nos

512 3750 698 3787 eorum
723 3775 745 3799 ,,
774 3751 878 3788 non
908 3736 1007 3805 ipsi
1036 3738 1202 3792 nostri
1227 3746 1352 3791 sunt
1377 3736 1663 3793 debitores.

584 3823 808 3878 CAPUT
846 3824 909 3878 ll.
938 3856 1007 3865 -—-
1029 3826 1084 3878 9..
1118 3826 1436 3883 Debitoribus
1458 3831 1561 3884 suis
1583 3831 1815 3900 ignoscit.
1847 3832 1943 3887 Die
1967 3848 2097 3904 ergo

514 3917 619 3968 isto
647 3914 871 3968 solemni
911 3915 1249 3985 episc0patus
1288 3918 1424 3984 mei,
1458 3919 1603 3988 prius
1650 3922 1829 3988 paucis
1856 3923 2096 3992 alloquar

511 4003 785 4061 debitores
813 4018 984 4069 meos,
1014 4004 1104 4073 qui
1130 4005 1261 4059 mihi
1292 4008 1589 4062 nescientes
1613 4009 1751 4077 apud
1783 4010 1944 4065 Deum
1981 4011 2094 4064 suf-

439 4079 450 4093 ’
513 4096 805 4163 fragantur,
838 4094 963 4149 dum
1006 4094 1206 4150 faciunt
1233 4096 1410 4151 debita
1449 4113 1568 4166 quae
1610 4099 1913 4167 demittam,
1953 4112 2010 4154 ut
2039 4111 2095 4157 et

514 4198 637 4237 mea
658 4182 786 4237 mihi
810 4183 986 4238 debita
1023 4183 1217 4238 dimitti
1238 4200 1565 4255 promerear.
1589 4187 1752 4243 Vobis
1777 4190 1953 4259 itaque
1972 4190 2093 4245 dico

513 4275 629 4327 sive
659 4275 1040 4345 prasentibus,
1082 4276 1192 4332 sive
1234 4276 1572 4346 absentibus,
1615 4280 1805 4349 quibus
1848 4282 2093 4338 inimicus

512 4364 717 4419 efticior
741 4380 924 4419 verum
952 4365 1249 4434 praedicans
1271 4408 1287 4433 ,
1328 4367 1520 4437 quibus
1559 4371 1886 4426 consulendo
1911 4372 2095 4429 videor

513 4470 804 4521 onerosus,
848 4470 1074 4525 quorum
1108 4459 1383 4527 requirens
1423 4460 1700 4515 utilitatem
1738 4477 1900 4533 cogor
1927 4464 2095 4519 offen-

484 4545 639 4600 dere
660 4547 984 4600 voluntatem
1011 4565 1023 4599 :
1054 4546 1229 4602 Nolite
1250 4564 1359 4603 esse
1382 4555 1511 4603 sicut
1538 4567 1694 4620 equus
1712 4561 1761 4607 et
1782 4554 1967 4619 mulus,
1992 4572 2093 4616 non

511 4639 748 4693 habentes
777 4638 1083 4692 intellectum
1109 4638 1277 4709 (Psat.
1304 4656 1467 4704 xxxi,
1504 4640 1579 4713 9).
1610 4642 1743 4697 Nam
1775 4653 1828 4698 et
1866 4644 1981 4701 haec
1999 4647 2089 4715 ju-

510 4739 691 4783 menta
719 4744 813 4785 eos
840 4730 1073 4784 maxime
1098 4730 1242 4785 calce
1267 4745 1556 4801 morsuque
1600 4726 1874 4803 appetunt,
1910 4750 1940 4789 a
1969 4737 2087 4806 qui-

502 4819 609 4873 bus
631 4830 905 4887 curantur,
938 4829 997 4875 ut
1024 4829 1275 4877 curentur
1303 4838 1486 4878 eorum
1516 4825 1735 4880 vulnera
1755 4837 2090 4883 contrectan-

509 4916 616 4962 tur.
654 4908 775 4963 Non
798 4911 1005 4979 parcis,
1050 4925 1155 4966 non
1187 4927 1346 4981 parco
1372 4933 1389 4973 :7
1415 4914 1747 4981 adversaris,
1792 4916 2086 4976 adversor:

506 4998 749 5065 resistis,
779 5001 987 5056 resisto.
1019 5001 1185 5059 Lucta
1213 5019 1312 5058 nos
1336 5015 1643 5075 comparat,
1675 5008 1772 5064 sed
1811 5025 1971 5065 causa
1998 5026 2085 5068 se-

507 5095 679 5156 parat.
708 5086 788 5141 Tu
815 5089 1056 5146 inimicus
1079 5107 1137 5147 es
1158 5092 1387 5161 medico,
1411 5109 1510 5165 ego
1531 5096 1717 5151 morbo
1742 5115 1755 5151 :
1785 5106 1839 5153 tu
1864 5098 2085 5170 diligen-

571 5220 900 5331 ;El|2$ndatus
922 5223 979 5271 ad
996 5222 1117 5273 duos
1135 5224 1197 5274 cl.
1223 5226 1281 5275 ad
1302 5240 1374 5289 gr.
1394 5240 1460 5277 ιιι.
1482 5240 1523 5277 ι·.
1548 5240 1639 5277 rm.
1665 5237 1701 5279 t.
1730 5237 1781 5281 et
1801 5232 1859 5281 ad
1885 5241 1984 5281 Am.
2010 5239 2083 5283 Er.

502 5292 609 5334 Par.
637 5292 746 5331 [ιον.

585 5346 637 5401 a)
672 5343 810 5401 Alias,
843 5342 905 5391 2i
927 5344 1054 5392 inter
1075 5345 1299 5395 Homilias
1318 5349 1397 5398 50.

590 5406 640 5468 b)
666 5406 980 5516 Aggustinum
1013 5418 1109 5453 non
1131 5409 1255 5467 sapit
1275 5409 1433 5469 stilus,
1458 5411 1674 5461 studiose
1699 5414 1894 5475 quidem
1917 5414 2085 5466 elabo-

590 5481 656 5516 as.
679 5480 706 5516 s
794 5468 981 5516 inepte.
1007 5467 1193 5516 absone
1215 5474 1321 5516 arte
1345 5477 1399 5516 et
1414 5473 1637 5516 inuenio:
1660 5487 1757 5516 mm
1774 5475 1827 5516 ﬁt.
1848 5484 1900 5516 ιιι
1925 5490 2085 5516 SOI-nan

502 5467 656 5537 ratus,
679 5467 767 5517 sed
794 5467 1193 5537 inepte,a_bsque
1215 5474 1321 5516 arte
1345 5477 1399 5519 et
1414 5467 1637 5533 ingenio;
1660 5467 1757 5537 qu'o
1774 5475 1827 5525 fit
1848 5484 1901 5525 ut
1924 5490 2086 5529 sermo

501 5529 829 5599 subobscuri-us
848 5529 928 5588 sit,
957 5534 1009 5578 et
1031 5529 1163 5599 inea
1201 5540 1259 5577 re
1294 5542 1403 5590 quae
1426 5529 1791 5599 commovendis
1816 5538 2084 5590 auditorum

502 5590 757 5658 affectibus
775 5591 841 5639 de
872 5602 934 5658 se
971 5590 1181 5657 maxime
1204 5599 1473 5658 comparata
1497 5601 1621 5658 erat,
1655 5595 2004 5658 frigidissimus.
2025 5628 2084 5638 .—

506 5648 648 5718 Aliter
671 5652 960 5721 Bossuetius,
976 5651 1062 5721 qui_
1086 5663 1199 5721 eum
1221 5648 1348 5721 inter
1365 5648 1617 5721 genuinos
1628 5648 1876 5721 augustini
1899 5648 2082 5712 sermo-

508 5722 599 5767 nes
620 5712 976 5771 inscribendum
994 5712 1333 5764 arbitrabatur.
1400 5720 1456 5765 tt.

1756 306 1812 361 S.
1855 300 2214 361 AUGUSTINI
2256 301 2551 364 l-LPISCOPI

3659 313 3808 369 {088

2217 418 2301 471 tia:
2332 433 2490 484 mete,
2521 435 2618 489 ego
2648 421 2959 490 pestilentia:
2999 431 3121 478 tum.
3170 424 3552 495 Retribucbant,
3590 430 3798 502 inquit,

2212 510 2336 561 mihi
2351 511 2483 563 mala
2500 528 2590 580 pro
2608 511 2771 575 bonis;
2786 529 2876 582 ego
2888 523 3054 568 autem
3068 515 3271 570 orabam
3287 517 3460 585 (Psal.
3477 536 3657 588 xxnv,
3674 520 3771 594 12)
3784 562 3803 575 .

2210 599 2348 665 Quid
2379 602 2596 665 orabat,
2630 602 2761 667 nisi,
2800 602 2973 671 Pater,
3003 607 3203 676 ignosce
3242 609 3378 676 illis,
3420 613 3539 680 quia
3566 614 3807 667 nesciunt

2209 690 2331 757 quid
2356 691 2547 761 faciunt
2575 691 2723 761 (Luc.
2768 710 2903 747 χχιιι
2923 736 2937 761 ,
2973 696 3098 767 3i)?
3127 696 3251 750 Cum
3276 700 3411 753 vobis
3431 742 3445 766 ,
3478 701 3676 771 inquit,
3706 705 3804 758 de-

2210 784 2472 847 traxerint,
2506 793 2552 835 et
2581 784 2795 838 dixerint
2814 802 2959 839 omne
2984 789 3172 841 malum
3194 790 3456 845 adversum
3484 809 3567 847 vos
3588 806 3802 865 propter

2198 873 2481 942 justitiam,
2515 876 2730 945 gaudete
2753 887 2800 930 et
2840 880 3086 933 exsultale
3108 922 3121 943 ,
3159 883 3397 953 quoniam
3424 902 3609 941 merces
3628 898 3805 943 vestra

2208 966 2365 1018 multa
2390 976 2459 1019 est
2486 968 2535 1021 in
2558 969 2693 1022 caelis
2718 968 2928 1037 (Matth.
2957 987 3013 1037 ν,
3050 974 3106 1026 ll
3136 984 3181 1027 et
3206 975 3316 1043 12).
3341 975 3446 1030 Vos
3477 987 3647 1034 tamen
3666 995 3799 1035 cor-

2205 1055 2360 1125 rigite
2402 1059 2799 1125 perversitatem
2837 1070 3103 1126 vestram,
3153 1066 3423 1132 agnoscite
3468 1068 3795 1124 charitatem

2206 1155 2475 1212 nostram;
2534 1148 2739 1203 reddite
2787 1149 3127 1207 dilectionem
3173 1154 3493 1210 dilectioni:
3536 1160 3795 1214 nolumus

2205 1237 2458 1306 majorem
2487 1254 2607 1294 cum
2634 1248 2807 1294 vestra
2839 1241 3137 1309 perditione
3179 1245 3502 1300 mercedem.
3535 1248 3657 1305 11ωο
3686 1249 3794 1304 de-

2204 1326 2464 1382 bitoribus
2504 1330 2664 1396 meis,
2700 1331 2888 1399 quibus
2918 1332 3157 1401 dimitto,
3203 1344 3260 1389 ut
3296 1336 3593 1393 dimittatur
3616 1340 3792 1408 mihi,

2206 1434 2346 1473 nunc
2375 1435 2541 1488 pauca
2568 1420 2899 1476 suﬁ‘ecerint.

2274 1509 2500 1566 CAPUT
2539 1512 2624 1565 Ill.
2656 1542 2726 1552 —
2754 1514 2805 1567 5.
2842 1513 2908 1567 In
2945 1516 3159 1584 gratiam
3200 1533 3311 1570 cum
3338 1520 3409 1571 eis
3435 1520 3598 1573 redire
3624 1524 3790 1591 capit,

2203 1606 2258 1656 in
2300 1619 2512 1672 quorum
2559 1606 2687 1673 forte
2729 1604 3058 1670 olfensiouem
3078 1609 3308 1662 incurrit.
3352 1610 3609 1679 Deinceps
3656 1613 3794 1667 allo—

2203 1693 2398 1762 quendi
2430 1703 2554 1747 sunt
2582 1695 2854 1763 paululum
2888 1697 3048 1750 etiam
3085 1698 3161 1750 illi
3188 1700 3378 1767 quibus
3408 1700 3616 1756 debitor
3641 1718 3789 1758 sum.

2202 1784 2334 1837 Nam
2362 1784 2498 1838 sicut
2525 1786 2598 1838 ait
2623 1787 2926 1854 Aposmlus,
2964 1786 3154 1841 (ἔπαξε
3180 1798 3225 1841 et
3248 1788 3507 1856 Barbaris,
3540 1794 3793 1861 sapienti;

2202 1874 2293 1927 bus
2321 1883 2366 1927 et
2386 1874 2731 1943 insipientibus
2752 1877 2942 1929 debitor
2962 1894 3074 1931 sum
3104 1879 3276 1949 (Rom.
3301 1896 3337 1945 ι,
3371 1882 3482 1946 14).
3513 1883 3642 1938 Nam
3668 1886 3795 1942 talis

2202 1964 2411 2019 debitor
2439 1965 2597 2019 etiam
2622 1982 2720 2036 ego
2745 1984 2842 2036 pro
2872 1984 3106 2023 mearum
3140 1972 3330 2026 virium
3367 1974 3651 2043 exiguitate
3670 1976 3789 2031 dis-

2202 2057 2634 2125 pensationisque
2656 2059 3007 2126 portiuncula.
3042 2075 3147 2113 non
3179 2062 3520 2130 quibusdam,
3550 2065 3642 2119 sed
3669 2080 3794 2119 om-

2202 2148 2358 2203 nibus
2387 2164 2524 2202 sum.
2556 2148 2751 2203 Verum
2791 2165 2931 2204 nunc
2969 2150 3037 2204 de
3070 2150 3153 2205 his
3193 2151 3384 2207 debitis
3411 2153 3616 2223 loquor,
3664 2172 3791 2224 qua:

2201 2238 2330 2292 mihi
2359 2238 2587 2304 dimitti,
2620 2254 2723 2293 non
2765 2255 2793 2291 a
2822 2254 2908 2293 me
2950 2241 3087 2309 exigi
3117 2242 3292 2311 cupio.
3322 2242 3503 2311 Neque
3535 2244 3676 2297 enim
3706 2245 3791 2299 sic

2203 2336 2411 2382 tumore
2438 2344 2588 2381 vana:
2616 2330 2807 2382 mentis
2833 2330 3075 2391 extollor,
3124 2340 3180 2383 ut
3210 2331 3430 2385 audeam
3462 2332 3639 2386 dicere
3658 2375 3672 2397 ,
3714 2349 3789 2388 ex

2201 2433 2305 2487 quo
2335 2417 2492 2487 hujus
2520 2420 2757 2473 muneris
2784 2419 3045 2473 sarcinam
3078 2431 3251 2489 porto,
3281 2422 3478 2475 nullum
3512 2422 3787 2478 hominem

2201 2525 2231 2563 a
2262 2524 2348 2563 me
2376 2523 2661 2579 perperam
2680 2509 2889 2563 lmsum.
2921 2509 3030 2563 lloc
3056 2510 3273 2564 cuilibet
3294 2510 3491 2565 homini
3519 2521 3625 2565 tam
3648 2515 3793 2567 mul-.

2203 2601 2270 2654 tis
2298 2609 2353 2655 et
2383 2609 2488 2653 tam
2529 2600 2767 2654 molestis
2793 2600 2998 2654 actibus
3034 2610 3295 2669 occupato
3330 2610 3490 2671 atque
3515 2602 3747 2658 distento
3766 2646 3787 2671 ,

2201 2706 2268 2745 ne
2295 2690 2465 2745 dicam
2493 2690 2839 2759 impossibile,
2872 2700 3015 2745 certe
3043 2690 3259 2746 difﬁcile
3290 2702 3371 2747 est
3396 2710 3408 2745 :
3442 2704 3637 2762 quanto
3664 2710 3786 2749 ma-

2199 2783 2280 2851 gis
2308 2781 2467 2845 mihi,
2512 2782 2602 2851 qui
2648 2783 2773 2837 novi
2804 2783 3162 2838 inﬁrmitatem
3208 2800 3415 2852 meam,
3459 2803 3615 2856 quam
3658 2803 3793 2843 cum

2202 2872 2334 2925 meis
2362 2880 2415 2926 et
2434 2887 2531 2941 pro
2553 2886 2639 2926 me
2670 2873 2855 2927 vestris
2879 2874 3206 2929 orationibus
3232 2875 3421 2930 diebus
3449 2892 3510 2930 ac
3537 2879 3788 2934 noctibus

2200 2964 2366 3019 oﬁero
2406 2964 2695 3018 sanandam
2742 2965 2965 3019 Domino
3010 2966 3121 3019 Deo
3171 2967 3391 3021 nostro?
3443 2968 3786 3023 Diversarum

2200 3070 2327 3123 ergo
2350 3070 2593 3107 curarum
2624 3055 2841 3109 testibus
2873 3070 2934 3108 ac
2969 3054 3367 3112 difﬁcultatibus
3396 3060 3743 3113 conturbatus
3764 3082 3801 3127 ,ο

2199 3146 2242 3197 si
2268 3160 2423 3213 quem
2453 3145 2588 3199 forte
2616 3160 2719 3200 non
2743 3155 2801 3199 ut
2829 3147 3079 3215 poscebat
3104 3146 3300 3213 audivi,
3334 3148 3378 3201 si
3398 3164 3554 3217 quem
3580 3150 3787 3205 tristius

2199 3252 2353 3305 quam
2392 3252 2526 3306 opus
2563 3246 2678 3292 crat
2714 3239 2924 3306 aspexi,
2968 3239 3010 3292 si
3055 3239 3105 3291 in
3142 3254 3299 3307 quem
3332 3240 3551 3293 verbum
3596 3241 3786 3297 durius

2198 3342 2355 3395 quam
2390 3328 2670 3395 oportebat
2694 3328 2874 3391 emisi,
2918 3328 2962 3380 si
2990 3343 3147 3397 quem
3174 3329 3335 3383 corde
3363 3331 3785 3387 contribulatum

2197 3428 2253 3472 et
2293 3417 2408 3486 opis
2443 3417 2676 3486 indigum
2716 3420 3064 3486 responsione
3101 3421 3385 3489 incongrua
3425 3422 3780 3486 conturbavi,

2196 3508 2243 3561 si
2268 3522 2423 3576 quem
2460 3522 2746 3576 pauperem
2774 3508 2902 3560 mihi
2935 3508 3066 3563 forte
3094 3510 3145 3562 in
3168 3510 3308 3563 aliud
3342 3510 3544 3564 intento
3575 3512 3781 3579 impor-

2198 3597 2374 3653 tunius
2400 3596 2685 3653 instantem
2713 3597 2795 3651 vel
2824 3598 3158 3665 prmtermisi,
3182 3599 3264 3653 vel
3287 3599 3484 3664 distuli,
3511 3600 3590 3653 vel
3618 3601 3781 3655 etiam

2196 3698 2327 3744 nutu
2355 3702 2546 3758 aspero
2575 3688 2919 3751 contristavi;
2973 3688 3015 3742 si
3062 3689 3146 3741 cui
3191 3689 3258 3743 de
3304 3705 3389 3744 me
3427 3690 3541 3743 falsi
3579 3691 3781 3759 aliquid

2197 3786 2447 3846 tanquam
2478 3777 2678 3831 homini
2703 3776 2769 3830 de
2790 3777 3005 3831 homine
3045 3779 3333 3847 suspicanti
3356 3778 3500 3848 justo
3534 3781 3787 3834 acerbius

2196 3869 2497 3938 indignatus
2526 3882 2662 3932 sum,
2687 3866 2728 3920 si
2752 3866 2870 3936 quis
2893 3866 2945 3919 in
2974 3880 3065 3920 sua
3092 3868 3415 3922 conscientia
3438 3885 3541 3924 non
3563 3871 3781 3939 agnovit

2195 3960 2335 4029 quod
2375 3958 2441 4012 de
2484 3958 2573 4011 illo
2610 3957 2914 4010 humanitus
2953 3958 3250 4026 suspicatus
3276 3974 3430 4024 sum;
3464 3974 3558 4013 vos
3587 3961 3783 4028 quibus

2197 4064 2298 4120 pro
2316 4050 2399 4103 his
2421 4059 2578 4118 atque
2605 4048 2905 4117 hujusmodi
2931 4047 3149 4103 offensis
3175 4064 3297 4104 esse
3325 4066 3411 4104 me
3439 4052 3603 4105 fateor
3624 4050 3779 4105 debi-

2196 4148 2364 4193 torem
2390 4179 2402 4204 ,
2434 4138 2595 4192 simul
2632 4153 2717 4191 me
2743 4148 2974 4192 vestrum
3005 4139 3204 4194 credite
3231 4140 3540 4195 dilectorem
3575 4142 3614 4193 '.
3642 4140 3781 4195 Nam

2195 4230 2397 4299 pullos,
2434 4245 2568 4300 quos
2598 4229 2769 4298 fovet,
2800 4246 2943 4301 sche
2973 4232 3023 4284 in
3064 4232 3355 4300 angustiis,
3400 4232 3494 4287 sed
3530 4248 3631 4287 non
3664 4242 3783 4289 toto

2195 4321 2345 4391 pedis
2372 4319 2607 4388 pondere
2632 4320 2801 4374 calcat
2831 4329 2885 4374 et
2919 4329 3105 4387 mater,
3139 4336 3237 4379 nec
3267 4321 3385 4376 ideo
3423 4321 3618 4376 desinit
3654 4337 3783 4379 esse

2194 4420 2382 4468 mater.
2412 4411 2687 4475 Dimittite,
2712 4419 2767 4464 ut
2786 4410 3082 4465 dimittatur
3100 4411 3269 4465 vobis.
3294 4411 3553 4467 Dimittite
3572 4415 3781 4467 amanti

2192 4519 2290 4559 vos
2319 4503 2497 4560 debita
2525 4502 2867 4570 difﬁcultatis,
2899 4503 2988 4572 qui
3033 4516 3130 4556 nec
3172 4512 3363 4567 contra
3393 4503 3635 4567 inimicos
3673 4502 3781 4557 de-

2192 4597 2302 4652 bita
2333 4606 2517 4652 tenere
2542 4595 2747 4651 debetis
2774 4594 3124 4650 crudelitatis.
3154 4593 3236 4648 Ad
3264 4609 3556 4660 summam,
3586 4609 3793 4658 omnes

2193 4690 2438 4754 obsecro,
2467 4686 2859 4749 commendate,
2888 4701 3005 4753 vos,
3039 4686 3264 4741 Domino
3288 4701 3469 4741 curam
3495 4702 3593 4755 pro
3621 4687 3781 4742 vobis
3820 4676 3835 4691 “

2192 4793 2402 4833 meam:
2436 4777 2559 4831 hinc
2588 4776 2730 4831 enim
2764 4777 2908 4845 juste
2940 4787 3133 4847 expeto
3162 4791 3260 4846 pro
3302 4792 3387 4830 me
3424 4785 3685 4842 vestram;
3715 4789 3781 4834 ut

2192 4867 2448 4937 quidquid
2472 4881 2710 4921 mearum
2741 4877 2824 4921 est
2851 4866 2902 4920 in
2932 4867 3256 4936 praeteritum
3282 4866 3632 4929 offensionum
3658 4883 3783 4937 pro-

2192 4958 2353 5028 pitius
2378 4958 2634 5027 ignoscat,
2664 4972 2771 5011 non
2798 4972 3019 5012 severus
3038 4967 3309 5027 agnoscat.
3335 4957 3489 5025 Quod
3517 4958 3647 5011 mihi
3671 4958 3785 5013 dea

2191 5048 2374 5117 inceps
2399 5047 2650 5117 temporis
2670 5047 2769 5102 sub
2789 5048 2887 5103 hac
2912 5047 3116 5102 sarcina
3141 5049 3262 5113 erit,
3294 5049 3394 5102 iter
3418 5056 3664 5118 agentem
3684 5063 3775 5103 re«

2189 5147 2305 5207 gat,
2336 5146 2391 5198 et
2430 5138 2540 5191 suis
2564 5137 2732 5192 oculis
2758 5138 3056 5205 placentem
3084 5138 3338 5209 vobisque
3367 5138 3547 5193 utilem
3574 5136 3779 5205 faciat;

2190 5238 2249 5283 ut
2277 5245 2380 5283 non
2411 5228 2686 5283 horrorem
2724 5242 2787 5283 ac
2813 5214 3025 5298 poenam
3066 5244 3237 5283 meam
3256 5270 3273 5296 ,
3317 5229 3410 5284 sed
3436 5228 3685 5300 gaudium
3715 5241 3776 5291 et

2188 5333 2441 5375 coronam
2466 5333 2640 5373 meam
2668 5333 2763 5373 vos
2796 5318 2911 5388 ejus
2934 5328 3253 5388 conspectus
3278 5321 3531 5379 inveniat.

2254 5478 2267 5507 ¹
2305 5477 2376 5527 sic
2406 5481 2512 5536 uss.
2548 5484 2605 5527 At
2635 5475 2769 5535 editi,
2795 5474 3067 5525 debitorem.
