4006 6470
522 351 655 407 1681

533 468 668 521 enim
702 467 815 535 ipse
837 464 1090 518 Dominus
1115 461 1166 515 in
1194 456 1481 527 Evangelio
1510 455 1643 509 dixit
1668 472 1679 509 :
1708 453 1896 525 Diliges
1919 454 2096 520 proxi-

523 573 659 608 mum
673 565 907 621 tauquam
919 564 963 607 te
975 554 1137 621 ipsum
1153 548 1360 619 (Matth.
1378 563 1503 613 χιιι,
1522 545 1632 616 59).
1646 544 1960 599 Tractemus
1972 556 2097 611 ergo

522 649 848 716 aliquantum
878 646 944 701 de
974 659 1154 698 amore
1181 643 1406 696 hominis
1427 642 1477 695 in
1502 640 1771 694 hominem
1798 656 1810 691 :
1836 638 1956 707 quia
1976 646 2098 691 sunt

522 753 733 791 amores
766 738 1033 791 hominum
1076 735 1328 804 perversi.
1362 734 1476 803 Ipse
1517 744 1766 801 perverse
1794 739 1936 781 amat
1962 728 2095 781 alte-

522 846 671 895 rum,
702 829 789 898 qui
818 838 873 882 et
914 842 973 881 se
1002 840 1251 895 perverse
1288 833 1466 878 amat:
1492 822 1581 891 qui
1629 828 1806 875 autem
1850 826 1994 872 recte
2038 831 2097 871 se

521 931 693 986 amat,
741 930 795 975 et
849 921 1073 974 alterum
1115 927 1259 972 recte
1302 924 1464 969 amat.
1516 913 1675 968 Verbi
1726 912 1927 982 gratia,
1974 919 2100 964 sunt

520 1026 733 1067 amores
763 1010 1005 1081 ﬁagitiosi
1026 1051 1041 1076 ,
1071 1007 1409 1063 detestabiles
1433 1022 1447 1058 :
1474 1018 1684 1058 amores
1710 1001 2094 1063 adulterorum,

519 1116 728 1156 amores
748 1110 1139 1170 corruptorum.
1164 1096 1421 1152 immundi
1447 1109 1676 1148 amores.
1702 1092 1869 1145 Malos
1885 1101 2095 1143 amores

520 1193 852 1247 detestantur
897 1207 1082 1245 omnes
1124 1192 1268 1258 leges
1313 1188 1586 1251 humanm,
1613 1196 1666 1239 et
1705 1184 1849 1253 leges
1877 1181 2091 1236 divinte.

520 1283 760 1337 Remove
782 1297 908 1350 ergo
936 1282 1067 1335 istos
1096 1280 1307 1333 illicitos
1325 1320 1338 1342 ,
1364 1290 1663 1346 quaeramus
1686 1275 1879 1328 licitos.

589 1373 643 1425 2.
677 1372 827 1423 Liciti
854 1371 1038 1424 amoris
1067 1369 1271 1439 gradus.
1309 1367 1492 1435 Incipit
1518 1364 1691 1418 licitus
1726 1376 1875 1416 amor
1913 1376 1943 1414 a
1964 1374 2095 1415 con-

520 1464 702 1532 jugio;
735 1462 825 1515 sed
852 1461 1022 1515 adhuc
1048 1458 1275 1513 carnalis
1296 1468 1394 1511 est.
1420 1455 1624 1509 Videtis
1648 1452 1768 1522 quia
1799 1448 2097 1506 communis

519 1561 605 1611 est
626 1567 743 1605 cum
770 1552 1045 1619 pecoribus
1075 1568 1085 1601 :
1111 1557 1163 1603 et
1190 1561 1429 1616 passeres
1458 1546 1531 1599 illi
1562 1545 1649 1614 qui
1673 1550 1976 1613 personant,
2005 1540 2098 1594 ha-

520 1643 648 1696 bent
679 1642 921 1709 conjugia
942 1681 955 1704 ,
986 1648 1038 1694 et
1062 1639 1210 1692 nidos
1238 1638 1465 1701 faciunt,
1487 1635 1645 1688 simul
1674 1647 1771 1687 ova
1792 1630 2093 1694 confoveat,

521 1731 680 1785 simul
713 1731 884 1800 pullos
914 1731 1171 1785 nutriunt.
1219 1728 1419 1781 Licitus
1459 1725 1671 1795 quidem
1712 1737 1863 1776 amor
1900 1721 2001 1774 iste
2044 1720 2096 1772 in

522 1822 856 1887 hominibus,
887 1820 981 1874 sed
1013 1820 1200 1873 videtis
1243 1819 1363 1887 quia
1406 1816 1632 1871 carnalis
1673 1824 1773 1868 est.
1820 1811 2095 1867 Secundus

520 1928 670 1967 amor
712 1912 942 1965 ﬁliorum
984 1918 1100 1973 est;
1133 1909 1224 1964 sed
1253 1908 1426 1961 adhuc
1456 1908 1566 1974 ipse
1592 1904 1821 1959 carnalis
1849 1911 1949 1957 est.
1978 1901 2093 1954 Non

519 2003 662 2057 enim
691 2011 772 2055 est
798 2000 1091 2054 laudandus
1120 1998 1209 2067 qui
1245 2006 1387 2051 amat
1429 1996 1561 2049 ﬁlios
1583 2036 1596 2057 ,
1621 1994 1715 2047 sed
1755 1990 2094 2047 detestandus

521 2094 609 2162 qui
632 2108 734 2145 non
759 2101 919 2145 amat.
943 2092 1047 2144 Pro
1069 2104 1257 2157 magno
1284 2088 1423 2141 enim
1451 2086 1757 2139 laudaturus
1783 2098 1899 2137 sum
1928 2081 1980 2135 in
2002 2081 2098 2134 ho-

520 2181 696 2244 mine,
726 2179 864 2248 quod
894 2178 1046 2233 video
1078 2178 1128 2230 in
1160 2176 1382 2246 tigride?
1417 2176 1704 2243 Serpentes
1740 2179 1922 2225 amant
1961 2170 2097 2223 lilios

521 2285 667 2337 suos,
682 2270 862 2325 leones
879 2276 932 2322 et
950 2268 1055 2336 lupi
1072 2275 1252 2319 amant
1273 2266 1407 2319 ﬁlios
1422 2279 1565 2318 suos.
1581 2262 1695 2315 Noli
1709 2276 1834 2329 ergo
1849 2274 2096 2328 maguum

521 2369 724 2429 putare,
744 2357 884 2427 quod
902 2372 1047 2410 amas
1063 2357 1197 2409 ﬁlios
1224 2364 1361 2409 tuos.
1388 2354 1575 2408 Adhuc
1598 2352 1649 2405 in
1666 2352 1771 2405 hoc
1784 2364 1964 2404 amore
1981 2363 2096 2402 ser-

522 2448 768 2518 pentibus
797 2446 1141 2515 compararis.
1174 2444 1227 2498 Si
1260 2458 1363 2497 non
1385 2441 1644 2495 amaveris
1663 2481 1678 2505 ,
1706 2454 1735 2491 a
1766 2438 2098 2506 serpentibus

522 2538 769 2592 vinceris.
795 2537 1056 2590 Honestos
1067 2546 1277 2585 amores
1291 2532 1399 2599 jam
1420 2529 1541 2584 dico
1559 2546 1572 2581 :
1594 2528 1710 2582 illos
1727 2528 1867 2581 enim
1884 2526 2100 2596 ﬂagitio-

523 2641 612 2680 sos
638 2625 863 2680 exclusi.
879 2623 1027 2676 Alius
1047 2637 1197 2675 amor
1212 2623 1300 2690 qui
1322 2628 1404 2674 est
1421 2619 1854 2688 propinquorum,
1872 2618 1980 2685 jam
2001 2617 2100 2671 iste

523 2717 729 2771 vidi-tur
756 2714 1000 2784 proprius
1035 2713 1304 2767 hominum
1328 2754 1341 2777 ,
1370 2712 1411 2765 si
1439 2726 1541 2764 non
1570 2711 1640 2765 sit
1678 2709 2097 2764 consuetudinis.

524 2809 654 2863 Nam
679 2807 848 2875 major
869 2815 951 2861 est
974 2821 1125 2859 amor
1148 2804 1237 2874 qui
1264 2804 1564 2859 extenditur
1591 2803 1729 2857 ultra
1752 2802 2098 2871 propinquos,

525 2913 682 2967 quam
706 2898 791 2965 qui
817 2904 1027 2951 tenetur
1057 2896 1195 2949 inter
1224 2895 1564 2963 propinquos.
1592 2893 1689 2959 Qui
1717 2900 1859 2945 amat
1884 2891 2101 2961 propin-

525 3000 661 3054 quos
688 2999 812 3039 suos
830 3027 843 3049 ,
872 2985 1047 3039 adhuc
1072 2985 1379 3053 sanguinem
1407 2998 1558 3037 suum
1586 2991 1746 3036 amat.
1778 2983 1932 3035 Amet
1969 2981 2102 3035 alios

526 3079 615 3146 qui
658 3092 763 3131 non
806 3085 929 3130 sunt
960 3076 1267 3145 propinqui,
1297 3075 1548 3141 suscipiat
1584 3074 1951 3142 peregrinum;
1992 3072 2101 3140 jam

528 3167 747 3220 multum
769 3165 1013 3220 dilatatus
1036 3174 1116 3219 est
1136 3180 1287 3217 amor
1307 3164 1426 3217 iste.
1445 3164 1671 3217 Tantum
1699 3171 1873 3216 autem
1891 3161 2101 3225 crescit,

529 3266 586 3308 ut
618 3271 645 3306 a
677 3255 899 3323 conjuge
926 3254 991 3306 ad
1021 3254 1185 3316 ﬁlios,
1216 3268 1245 3305 a
1281 3252 1399 3305 ﬁliis
1429 3252 1492 3304 ad
1523 3252 1874 3319 propinquos,
1904 3265 1932 3302 a
1978 3266 2105 3319 pro-

532 3345 738 3414 pinquis
772 3344 836 3398 ad
864 3353 1174 3409 extraneos,
1201 3344 1268 3398 ab
1296 3342 1561 3397 extraneis
1601 3341 1668 3395 ad
1698 3341 1941 3395 inimicos
1981 3355 2104 3409 per-

532 3435 726 3488 veniat.
758 3434 861 3490 Sed
903 3444 960 3488 ut
989 3434 1263 3503 perveniat
1293 3433 1417 3486 illuc
1436 3473 1451 3499 ,
1484 3432 1677 3486 multos
1707 3432 1864 3487 habet
1890 3431 2103 3502 gradus.

599 3523 823 3579 CAPUT
874 3523 935 3577 ll.
964 3554 1035 3562 —
1063 3524 1116 3577 5.
1148 3523 1382 3575 Amicitia
1420 3521 1523 3573 alia
1567 3521 1939 3574 consuetudinis
1960 3562 1974 3583 ,
2005 3520 2109 3573 alia

532 3615 760 3668 rationis.
790 3614 865 3667 De
907 3612 1135 3667 amicitia
1184 3628 1310 3683 ergo
1355 3612 1529 3667 videte
1572 3612 1698 3681 quid
1747 3611 1939 3665 dicam.
1972 3610 2108 3666 Sunt

531 3704 719 3767 amici,
745 3713 964 3772 excepta
1006 3703 1266 3768 amicitia,
1293 3718 1410 3772 quze
1458 3718 1557 3758 nec
1599 3703 1830 3757 amicitia
1876 3702 2099 3757 dicenda

537 3802 651 3858 est,
679 3808 836 3861 quam
866 3792 991 3846 facit
1010 3793 1145 3846 mala
1167 3793 1513 3848 conscientia.
1543 3794 1677 3849 Sunt
1703 3794 1847 3847 enim
1869 3791 2110 3847 homines

537 3882 626 3950 qui
675 3880 871 3949 pariter
901 3881 1036 3933 mala
1067 3882 1433 3947 committunt,
1464 3891 1517 3936 et
1554 3882 1674 3937 ideo
1718 3882 1961 3937 videntur
2011 3883 2110 3938 sibi

541 3970 846 4038 conjuncti,
874 3970 996 4038 quia
1031 3970 1349 4024 conscientia
1376 3972 1513 4024 mala
1534 3970 1678 4039 ligati
1704 3979 1827 4024 sunt
1850 3989 1863 4024 :
1889 3979 2109 4040 excepta

537 4074 666 4128 ergo
691 4058 789 4112 ista
819 4056 1017 4112 nefaria
1045 4057 1273 4112 amicitia
1291 4096 1307 4125 ,
1325 4066 1407 4112 est
1432 4058 1673 4127 quatdam
1693 4058 1922 4113 amicitia
1941 4059 2114 4115 adhuc

540 4150 769 4205 carnalis
790 4164 886 4219 per
904 4148 1338 4203 consuetudinem
1365 4148 1699 4202 cohabitandi
1719 4190 1734 4216 ,
1757 4148 2111 4218 colloquendi,

539 4241 697 4299 simul
739 4239 1122 4306 conversandi;
1162 4247 1220 4293 ut
1271 4241 1614 4295 contristetur
1666 4239 1858 4305 homo,
1902 4240 2114 4309 quando

540 4331 807 4386 deseritur
844 4331 910 4385 ab
939 4331 1137 4398 amico,
1166 4345 1285 4385 cum
1317 4346 1421 4400 quo
1466 4330 1600 4384 solet
1641 4331 1905 4400 colloqui,
1934 4340 1986 4386 et
2017 4331 2114 4385 ha-

542 4419 669 4475 bere
693 4420 1115 4488 conjunctiones.
1143 4416 1473 4473 Conveniunt
1499 4418 1604 4472 duo
1626 4419 1899 4485 homines,
1932 4420 2117 4473 ambu-

544 4510 655 4564 lant
691 4525 871 4564 secum
913 4510 1120 4575 triduo,
1147 4518 1201 4564 et
1235 4510 1341 4578 jam
1373 4511 1558 4564 nolunt
1599 4526 1629 4564 a
1667 4526 1726 4565 se
1753 4512 2020 4566 recedere.
2051 4512 2117 4565 Et

544 4600 647 4655 ista
677 4600 918 4670 quaedam
952 4600 1199 4654 amicitiae
1228 4599 1453 4655 dulcedo
1478 4613 1558 4655 est
1582 4619 1595 4654 :
1620 4602 1838 4657 honesta
1865 4603 2112 4673 quidem;

543 4695 637 4750 sed
662 4695 834 4749 adhuc
858 4694 1205 4749 discutiamus
1230 4694 1371 4747 illam
1394 4735 1409 4760 ,
1441 4694 1562 4764 quia
1587 4695 1779 4765 gradus
1803 4696 1999 4752 amoris
2020 4695 2119 4750 hu-

540 4788 627 4857 jus
652 4788 971 4857 qumrimus;
998 4794 1052 4841 et
1088 4785 1361 4841 videamus
1384 4800 1656 4855 quousque
1695 4787 2113 4856 pervenerimus,

545 4894 711 4948 usque
737 4880 801 4932 ad
842 4880 1125 4934 amicitiam
1156 4879 1310 4932 talem
1339 4879 1546 4948 qualem
1574 4878 1704 4932 dixi.
1734 4879 1828 4933 Est
1866 4894 1993 4949 ergo
2020 4879 2117 4934 ista

546 4969 773 5022 amicitia
814 4970 1246 5035 consuetudinis,
1274 4985 1379 5023 non
1428 4971 1670 5024 rationis.
1718 4970 1925 5025 [labent
1974 4970 2116 5024 illam

547 5068 603 5113 et
627 5073 835 5126 pecora.
866 5061 975 5115 Duo
1002 5062 1121 5130 equi
1145 5061 1465 5114 manducent
1484 5060 1662 5125 simul,
1691 5061 1996 5116 desiderant
2020 5077 2077 5117 se
2104 5082 2117 5116 :

546 5151 592 5205 si
622 5150 723 5204 alia
753 5149 838 5204 die
884 5152 1146 5220 prmcedat
1174 5168 1309 5207 unus
1329 5193 1343 5216 ,
1372 5152 1584 5206 festinat
1611 5152 1761 5217 alter,
1810 5152 2120 5209 desiderans

547 5240 699 5311 quasi
726 5239 951 5293 amicum
997 5255 1147 5294 suum
1174 5260 1187 5295 :
1212 5243 1294 5295 vix
1327 5243 1527 5312 regitur
1568 5257 1598 5295 a
1641 5256 1878 5306 sessore;
1903 5250 1957 5297 et
1983 5251 2121 5296 tam.

547 5332 636 5387 diu
682 5331 879 5400 impetu
906 5344 1001 5383 suo
1031 5341 1308 5400 provocat,
1339 5347 1613 5401 quousque
1660 5333 1952 5402 perveniat.
1987 5333 2121 5387 Cum

548 5422 850 5491 pervenerit
882 5420 948 5474 ad
996 5435 1115 5475 eum
1158 5421 1246 5490 qui
1295 5422 1600 5489 praceSsit,
1637 5421 2124 5490 sedaturzpondus

552 5508 699 5569 illum
729 5514 965 5580 ferebat,
994 5512 1227 5583 pondere
1261 5513 1457 5567 amoris
1485 5515 1802 5582 urgebatur;
1832 5514 1980 5569 venit
2003 5525 2124 5569 tan-

552 5620 707 5672 quam
738 5604 804 5658 ad
845 5605 1016 5659 locum
1049 5618 1201 5658 suum
1225 5644 1240 5672 ,
1273 5610 1328 5658 et
1361 5602 1682 5672 conquievit.
1723 5603 1908 5659 Adhuc
1936 5612 1990 5658 et
2025 5604 2124 5658 ista

558 5694 779 5749 amicitia
823 5694 1220 5767 consuetudinis
1266 5702 1348 5751 est
1395 5693 1447 5747 in
1499 5693 1815 5763 pecoribus:
1846 5708 2123 5765 surgamus

1745 338 1803 394 S.
1846 335 2205 394 AUGUSTINI
2246 335 2555 393 EPISCOPI'

3649 338 3789 395 1692

2204 450 2373 505 adhuc
2397 462 2449 506 et
2474 453 2541 507 ab
2568 454 2684 507 ista.
2716 454 2806 509 Est
2830 456 2930 510 alia
2965 456 3205 526 superior
3225 456 3481 524 amicitia,
3511 474 3618 512 non
3645 473 3752 513 con
3776 485 3785 492 -

2202 542 2532 609 suetudinis,
2585 545 2679 598 sed
2726 546 2976 611 rationis,
3023 563 3125 619 qua
3175 548 3439 619 diligimus
3503 548 3779 602 hominem

2207 643 2419 701 propter
2450 635 2605 689 fidem
2638 646 2689 690 ct
2720 649 2953 692 mutuam
2990 639 3409 695 benevolentiam
3440 642 3489 694 in
3531 642 3630 694 ista
3669 641 3779 693 vita

2206 724 2436 777 mortali.
2481 725 2591 779 Ilac
2638 729 2879 797 superius
2924 730 3175 800 quidquid
3222 730 3330 799 jam
3384 732 3780 796 invenerimus,

2203 816 2438 871 divinum
2486 828 2585 872 est.
2643 819 2861 890 Incipiat
2903 824 3060 876 homo
3104 836 3285 878 amare
3335 824 3532 888 Deum,
3565 832 3618 877 et
3672 836 3782 879 non

2202 909 2468 964 amabitin
2500 909 2712 965 homine
2735 912 2833 965 nisi
2864 913 3050 967 Deum.

2272 998 2496 1055 CAPUT
2527 1002 2611 1055 Ill.
2643 1033 2715 1042 ——
2737 1005 2789 1058 4.
2829 1004 3074 1059 Amicitia:
3112 1021 3254 1058 amor
3278 1006 3542 1075 gratuitas.
3589 1005 3785 1062 Videat

2202 1092 2343 1143 enim
2372 1091 2611 1171 Charitas
2639 1103 2812 1147 vestra
2844 1095 3071 1163 pritnum
3095 1095 3340 1171 amicitim
3368 1110 3517 1148 amor
3546 1095 3783 1164 qualiter

2202 1179 2391 1235 debeat
2436 1196 2555 1235 esse
2604 1184 2884 1251 gratuitos.
2932 1184 3048 1238 Non
3095 1186 3235 1239 enim
3284 1197 3558 1254 propterea
3607 1186 3782 1239 debes

2203 1268 2399 1325 habere
2423 1272 2681 1336 amicum,
2712 1274 2797 1328 vel
2843 1289 3053 1340 amare,
3084 1285 3142 1329 ut
3188 1275 3385 1344 aliquid
3420 1276 3511 1328 tibi
3540 1285 3781 1343 prmstet.

2203 1358 2258 1414 Si
2302 1368 2580 1428 propterea
2622 1362 2766 1415 illum
2805 1378 2985 1431 amas,
3018 1374 3075 1418 ut
3121 1373 3336 1434 praestet
3382 1365 3473 1419 tibi
3503 1365 3583 1418 vel
3614 1380 3785 1433 pecu-

2202 1450 2342 1503 niam
2365 1491 2379 1515 ,
2413 1450 2491 1504 vel
2533 1452 2741 1521 aliquod
2783 1454 3119 1508 commodum
3150 1455 3469 1524 temporale;
3498 1471 3602 1509 non
3630 1457 3785 1511 illum

2203 1554 2378 1607 amas,
2409 1541 2501 1595 sed
2532 1542 2658 1595 illud
2689 1544 2829 1612 quod
2875 1553 3110 1613 prtestat.
3151 1546 3369 1600 Amicus
3409 1546 3572 1616 gratis
3598 1562 3789 1601 aman-

2202 1632 2301 1687 dus
2344 1644 2455 1697 est,
2492 1646 2705 1704 propter
2750 1651 2897 1700 sese,
2932 1651 3037 1691 non
3083 1647 3302 1707 pr0pter
3328 1639 3493 1692 aliud.
3522 1639 3577 1693 Si
3610 1638 3785 1692 homi-

2203 1736 2324 1776 nem
2351 1732 2403 1777 te
2434 1723 2677 1777 hortatur
2721 1726 2967 1779 amicitiae
3016 1728 3225 1796 regula,
3256 1736 3311 1781 ut
3352 1729 3515 1797 gratis
3556 1728 3783 1797 diligas;

2203 1826 2356 1879 quam
2373 1813 2534 1880 gratis
2550 1813 2808 1868 amandus
2829 1823 2911 1869 est
2943 1815 3081 1871 Deus
3102 1858 3116 1883 ,
3146 1818 3234 1886 qui
3252 1818 3403 1886 jubet
3424 1828 3480 1871 ut
3509 1818 3785 1873 hominem

2202 1899 2423 1969 diligas?
2448 1902 2585 1954 Nihil
2612 1902 2977 1959 delectabilius
3006 1906 3134 1961 Deo.
3168 1907 3299 1961 Nam
3332 1909 3383 1961 in
3418 1909 3633 1962 homine
3662 1918 3785 1963 sunt

2202 2003 2318 2057 quae
2335 1989 2605 2043 oilendaut
2624 2007 2637 2055 ;
2657 2006 2753 2061 per
2768 1993 3053 2047 amicitiam
3077 2004 3252 2050 tamen
3278 1997 3423 2065 cogis
3445 2005 3518 2063 te,
3540 2008 3596 2050 ut
3622 1997 3784 2051 etiam

2201 2078 2289 2132 illa
2306 2096 2422 2148 qua:
2439 2080 2707 2135 offendunt
2722 2082 2773 2135 in
2788 2082 3001 2139 homine
3019 2085 3213 2140 toleres
3228 2095 3444 2155 prepter
3459 2087 3746 2141 amicitiam
3761 2104 3778 2139 :

2201 2168 2244 2221 si
2262 2183 2387 2237 ergo
2409 2186 2511 2223 non
2529 2170 2693 2224 debes
2709 2183 2923 2240 propter
2938 2173 3180 2242 quaedam
3202 2175 3470 2229 toleranda
3489 2176 3783 2234 dissolvere

2203 2256 2431 2311 hominis
2465 2259 2778 2325 amicitiam;
2810 2262 2903 2316 Dei
2933 2264 3161 2318 amicitia
3191 2265 3379 2334 quibus
3421 2267 3581 2321 rebus
3619 2268 3781 2323 debet

2202 2345 2340 2415 cogi,
2356 2356 2411 2400 ut
2424 2347 2780 2403 dissolvatura
2795 2352 2878 2403 te?
2893 2351 3031 2405 Nihil
3044 2354 3247 2408 invenis
3263 2353 3626 2410 delectabilius
3645 2358 3776 2413 Deo.

2204 2436 2344 2491 Deus
2362 2453 2465 2491 non
2482 2446 2565 2492 est
2583 2440 2717 2493 unde
2737 2450 2787 2494 te
2807 2442 3057 2509 oll‘endat,
3076 2444 3121 2497 si
3150 2452 3203 2497 tu
3221 2460 3339 2498 eum
3368 2460 3472 2499 non
3499 2446 3739 2501 offendas
3760 2465 3777 2501 :

2203 2528 2336 2581 nihil
2362 2529 2451 2582 illo
2488 2530 2787 2598 pulchrius,
2821 2532 2953 2585 nihil
2983 2534 3072 2587 illo
3112 2533 3319 2588 dulcius
3349 2536 3386 2586 ¹.
3411 2535 3513 2591 Sed
3538 2536 3783 2592 dicturus

2203 2632 2266 2672 es
2290 2619 2418 2672 mihi
2443 2637 2455 2673 :
2479 2619 2593 2674 Non
2638 2622 2783 2674 illum
2822 2622 3007 2689 video;
3048 2626 3315 2693 quomodo
3354 2640 3469 2679 sum
3509 2636 3783 2683 amaturus

2204 2726 2361 2779 quem
2402 2725 2506 2763 non
2532 2711 2721 2765 video?
2748 2712 2886 2767 Ecce
2922 2714 3190 2782 quomodo
3216 2714 3376 2769 discis
3415 2730 3595 2771 amare
3622 2732 3781 2785 quem

2205 2817 2309 2856 non
2336 2801 2485 2856 vides
2510 2819 2522 2853 :
2548 2803 2704 2857 modo
2734 2804 2958 2859 ostendo
2996 2805 3134 2859 unde
3159 2807 3366 2860 coneris
3391 2806 3601 2871 videre,
3636 2808 3783 2876 quod

2206 2891 2321 2945 istis
2349 2893 2516 2946 oculis
2563 2908 2668 2945 non
2715 2903 2865 2961 potes
2907 2895 3110 2949 videre.
3151 2896 3289 2951 Ecce
3332 2912 3480 2951 amas
3519 2898 3781 2962 amicum;

2206 2980 2330 3050 quid
2353 2982 2402 3034 in
2437 2981 2525 3035 illo
2551 2983 2734 3036 amas?
2761 2982 2937 3038 Gratis
2963 3000 3084 3038 eum
3110 3001 3276 3040 amas.
3300 2986 3405 3041 Sed
3424 2987 3559 3042 forte
3581 2988 3787 3042 amicus

2207 3072 2307 3125 iste
2350 3082 2504 3137 tuus,
2537 3080 2593 3126 ut
2637 3073 2739 3126 alia
2783 3074 3059 3140 omittam,
3088 3089 3249 3129 senex
3304 3076 3462 3131 homo
3510 3087 3595 3131 est
3624 3095 3637 3129 :
3670 3078 3786 3131 ﬁeri

2208 3162 2348 3215 enim
2382 3171 2549 3231 potest
2583 3172 2638 3216 ut
2667 3163 2861 3218 habeas
2891 3166 3116 3219 amicum
3159 3182 3362 3221 senem.
3395 3168 3531 3235 Quid
3561 3185 3706 3223 amas
3734 3171 3786 3223 iu

2209 3252 2375 3305 sene?
2430 3251 2707 3306 lncurvum
2758 3268 2981 3323 corpus,
3034 3254 3211 3309 album
3281 3267 3468 3325 caput,
3521 3273 3681 3327 rugas
3734 3258 3787 3311 in

2211 3339 2415 3405 fronte,
2444 3350 2768 3395 contractam
2795 3344 3103 3397 maxillam?
3131 3342 3187 3399 Si
3213 3361 3405 3414 corpus
3433 3345 3575 3415 quod
3602 3346 3752 3400 vides
3770 3388 3791 3412 ,

2210 3430 2340 3485 nihil
2386 3430 2678 3486 deformius
2738 3448 2846 3501 prae
2906 3442 3309 3489 senectuwzet
3363 3445 3535 3489 tamen
3588 3436 3792 3505 aliquid

2210 3534 2358 3574 amas
2376 3560 2391 3584 ,
2420 3528 2475 3574 et
2496 3534 2689 3588 corpus
2713 3521 2855 3590 quod
2886 3521 3037 3576 vides
3062 3537 3167 3576 non
3192 3537 3339 3577 amas
3356 3564 3369 3589 ,
3400 3525 3521 3593 quia
3546 3524 3790 3579 deforme

2213 3618 2312 3665 est.
2354 3609 2507 3664 Unde
2532 3609 2682 3665 vides
2710 3610 2850 3680 quod
2895 3611 3081 3666 amas?
3112 3612 3167 3667 Si
3197 3613 3339 3667 enim
3383 3628 3619 3682 quanam
3648 3630 3677 3668 a
3705 3624 3790 3679 te,

2212 3700 2389 3767 Quare
2416 3702 2597 3755 amas?
2625 3715 2976 3770 responsurus
3001 3717 3060 3757 es
3089 3702 3247 3768 mihi,
3280 3703 3450 3758 Homo
3474 3713 3557 3758 est
3594 3703 3789 3758 ﬁdelis.

2214 3790 2355 3860 Ergo
2402 3789 2560 3845 ﬁdem
2609 3805 2779 3847 amas.
2833 3790 2891 3846 Si
2941 3792 3102 3848 ﬁdem
3152 3808 3335 3858 amas;
3383 3794 3573 3864 quibus
3622 3795 3795 3849 oculis

2213 3879 2423 3943 videtur
2464 3879 2625 3946 ﬁdes,
2659 3880 2788 3949 ipsis
2835 3881 3005 3936 oculis
3051 3882 3259 3938 videtur
3297 3883 3438 3938 Deus
3490 3882 3585 3956 (a).
3618 3884 3796 3954 incipe

2216 3983 2343 4039 ergo
2401 3984 2583 4024 amare
2636 3969 2802 4026 Deum
2827 4011 2844 4039 ,
2894 3979 2950 4026 et
2998 3973 3201 4028 amabis
3256 3972 3525 4028 hominem
3579 3982 3798 4045 propter

2217 4059 2406 4114 Deum.
2676 4064 2679 4067 ‘

2289 4148 2513 4203 CAPUT
2553 4148 2638 4203 lV.
2679 4178 2751 4191 —
2793 4151 2847 4205 5.
2888 4149 3028 4206 Deus
3070 4152 3227 4222 gratis
3266 4153 3570 4223 diligendus.
3600 4154 3799 4211 Audite

2220 4253 2466 4309 magnum
2485 4239 2863 4295 testimonium.
2877 4240 3130 4296 Diabolus
3140 4250 3285 4297 certe
3296 4252 3575 4297 accusator
3586 4252 3798 4299 sancto-

2219 4345 2339 4384 rum
2369 4340 2452 4385 est
2474 4347 2486 4384 :
2512 4338 2567 4385 et
2585 4331 2705 4400 quia
2724 4347 2829 4387 non
2856 4332 2995 4400 apud
3025 4333 3183 4386 talem
3207 4333 3440 4401 judicem
3464 4335 3602 4404 cogit
3629 4350 3791 4403 quem

2220 4420 2400 4486 fallat,
2431 4436 2534 4475 non
2576 4430 2750 4490 potest
2778 4423 2829 4476 in
2872 4438 2967 4478 nos
2992 4424 3211 4478 crimina
3246 4425 3371 4478 falsa
3412 4425 3609 4480 dicere.
3641 4426 3800 4481 Novit

2221 4510 2361 4579 apud
2390 4526 2545 4580 quem
2575 4511 2736 4565 dicat.
2766 4511 2899 4578 Quia
2924 4527 3051 4582 ergo
3077 4511 3205 4566 falsa
3235 4522 3418 4568 contra
3442 4529 3538 4569 nos
3563 4531 3667 4569 non
3697 4530 3799 4585 po-

2221 4610 2327 4655 test
2349 4601 2564 4669 dicere,
2592 4602 2781 4671 quaerit
2826 4617 2950 4656 vera
2995 4618 3113 4672 quae
3158 4603 3318 4659 dicat.
3374 4603 3497 4659 ldeo
3542 4614 3709 4661 tentat
3743 4615 3801 4660 ut

2221 4692 2414 4747 habeat
2440 4693 2580 4762 quod
2609 4693 2768 4747 dicat.
2799 4692 2896 4747 Hic
2937 4708 3065 4763 ergo
3107 4694 3443 4749 adversarius
3470 4705 3671 4761 noster,
3706 4696 3800 4766 qui

2221 4785 2374 4840 nobis
2432 4785 2632 4839 invidet
2689 4800 2910 4855 regnum
2953 4787 3244 4853 caelorum,
3289 4788 3379 4855 qui
3433 4802 3537 4841 non
3582 4788 3695 4841 vult
3743 4797 3802 4842 ut

2224 4876 2295 4929 ibi
2325 4876 2517 4941 simus,
2547 4876 2686 4931 unde
2715 4876 2829 4946 ipse
2853 4876 3090 4947 dejeetus
3118 4886 3200 4932 est
3224 4894 3237 4929 :
3270 4877 3532 4949 Numquid
3553 4920 3568 4943 ,
3597 4879 3799 4948 inquit,

2223 4968 2322 5021 Job
2347 4970 2503 5038 gratis
2528 4970 2647 5022 colit
2680 4969 2842 5023 Deum
2864 4968 3004 5040 (Job.
3034 4985 3084 5035 ι,
3114 4968 3208 5039 9)?
3238 4969 3426 5023 Adhuc
3453 4971 3517 5024 ad
3547 4970 3649 5025 hoc
3679 4987 3804 5041 pro.

2225 5075 2477 5115 vocamur
2522 5060 2589 5114 ab
2637 5060 2977 5127 adversario,
3007 5068 3065 5114 ut
3107 5061 3270 5130 gratis
3320 5061 3483 5116 Deum
3530 5062 3798 5125 colamus,

2227 5151 2437 5220 quando
2461 5152 2548 5206 ille
2575 5168 2817 5222 quaerens
2845 5152 2984 5221 quod
3009 5152 3225 5220 objiciat
3242 5193 3257 5219 ,
3293 5168 3388 5222 pro
3407 5168 3597 5223 magno
3626 5169 3685 5208 se
3705 5170 3803 5224 pu-

2227 5242 2358 5295 tavit
2399 5243 2662 5298 invenisse
2701 5244 2819 5313 quia
2844 5242 3009 5309 dixit,
3040 5242 3305 5313 Numquid
3347 5246 3503 5314 gratis
3539 5244 3641 5298 Job
3684 5246 3802 5299 colit

2230 5332 2430 5387 Deum?
2450 5334 2563 5388 Non
2594 5335 2716 5403 quia
2754 5333 2957 5388 viderat
2981 5350 3073 5390 cor
3098 5335 3294 5405 ipsius,
3320 5336 3413 5391 sed
3444 5337 3566 5405 quia
3592 5337 3815 5393 videbat»

2231 5425 2438 5481 divitias
2469 5425 2604 5496 ejus.
2629 5425 2829 5483 Cavere
2853 5426 3108 5486 debemus
3127 5444 3196 5484 ne
3223 5427 3291 5484 ad
3311 5430 3587 5499 praemium
3608 5429 3803 5501 diliga-

2299 5582 2314 5652 ξ
2341 5580 2673 5652 statvam:
2700 5578 2924 5652 ευςίάέωε

2234 5716 2267 5751 n
2295 5640 2367 5750 (ἕ)
2392 5635 2507 5693 vide
2529 5635 2687 5692 Enarr.
2707 5641 2738 5691 2
2758 5643 2809 5693 in
2830 5641 3043 5704 1391.33,
3060 5654 3210 5693 serm.
3236 5643 3281 5699 t.
3304 5656 3356 5694 n.
3370 5640 3428 5704 6,
3447 5649 3500 5693 et
3520 5644 3569 5693 in
3586 5635 3797 5691 P3315;
