4006 6456
244 320 378 377 Ιιϐπ

243 449 366 489 mus
392 433 575 489 Deum.
607 432 741 498 Quid
766 432 946 487 enim?
974 433 1194 502 Propter
1212 434 1490 504 praemium
1513 433 1800 489 dilecturus

243 538 302 579 es
333 524 537 579 Deum?
561 522 727 591 Quale
755 524 1026 592 prmmium
1056 534 1138 578 est
1164 526 1305 594 quod
1350 526 1443 580 tibi
1485 527 1704 582 daturus
1727 537 1807 583 est

248 612 424 668 Deus?
451 612 712 684 Quidquid
753 613 841 667 tibi
883 614 1023 668 aliud
1064 613 1301 680 dederit,
1343 616 1518 669 minus
1543 625 1808 686 estquam

243 703 378 772 ipse.
422 701 563 758 Colis
600 719 704 757 non
743 705 941 772 gratis,
969 713 1027 758 ut
1065 705 1259 774 aliquid
1291 707 1366 772 ab
1404 706 1520 776 ipso
1557 708 1807 776 accipias.

241 791 419 848 Gratis
455 791 598 858 cole,
622 801 676 847 et
703 793 875 860 ipsum
913 793 1160 862 accipies.
1197 793 1268 849 Se
1305 795 1446 848 enim
1489 805 1670 850 servat
1717 797 1808 851 tibi

243 884 415 951 Deus,
446 901 551 954 quo
589 885 798 941 fruaris.
844 887 911 941 Et
939 887 984 941 si
1010 903 1156 942 amas
1183 903 1300 957 quae
1342 888 1498 954 fecit,
1529 890 1700 959 qualis
1728 901 1810 945 est

202 966 208 971 ’
241 976 330 1030 ille
358 977 446 1046 qui
475 977 630 1032 fecit?
653 977 717 1032 Si.
741 977 962 1047 pulcher
1001 989 1084 1035 est
1122 979 1380 1045 mundus,
1409 981 1578 1050 qualis
1614 989 1696 1036 est
1718 997 1809 1036 ar-

241 1064 372 1120 tifex
400 1067 616 1121 mundi?
643 1067 822 1122 Evclle
851 1083 975 1138 ergo
1003 1083 1096 1123 cor
1122 1078 1266 1122 tuum
1295 1070 1362 1124 ab
1385 1085 1568 1126 amore
1601 1081 1807 1126 creatu-

239 1168 315 1208 τω
336 1195 351 1219 ,
381 1164 441 1210 ut
481 1156 742 1211 inluereas
771 1158 1035 1223 Creatori,
1066 1168 1121 1213 et
1144 1158 1288 1214 dicas
1324 1160 1464 1229 quod
1505 1161 1557 1215 in
1596 1161 1808 1216 Psalmo

231 1246 495 1313 scriptum
529 1255 638 1309 est,
671 1246 804 1300 Mihi
829 1258 994 1301 autem
1037 1250 1293 1303 adhwrere
1333 1250 1472 1316 Deo,
1505 1254 1687 1306 bonum
1713 1264 1804 1307 est.

313 1333 536 1390 CAPUT
580 1336 644 1390 Υ.
675 1367 745 1377 -
773 1336 824 1392 6.
871 1337 1160 1391 Creaturam
1190 1342 1384 1394 deserto
1413 1342 1644 1398 Creatore
1685 1346 1806 1398 dili-

240 1441 383 1494 gere,
406 1427 690 1481 adulterare
717 1438 805 1482 est.
834 1428 887 1483 Si
915 1439 1088 1485 autem
1110 1431 1310 1487 deseris
1330 1448 1449 1488 eum
1475 1436 1562 1504 qui
1586 1444 1637 1489 te
1664 1436 1804 1504 fecit,

241 1523 298 1568 et
325 1529 470 1568 amas
498 1516 582 1568 illa
611 1533 727 1584 qua:
760 1517 881 1571 fecit
901 1560 914 1581 ,
947 1520 1159 1574 deserto
1185 1524 1274 1577 illo
1295 1526 1381 1592 qui
1411 1533 1462 1578 te
1485 1516 1628 1591 fecit,
1659 1527 1810 1580 adul-

241 1611 324 1657 ter
351 1619 428 1658 es.
459 1604 546 1658 Sic
574 1606 764 1659 clamat
809 1607 1041 1677 Epistola
1077 1610 1288 1675 Jacobi,
1316 1614 1584 1670 adulteros
1622 1617 1806 1685 appel-

239 1695 357 1748 lans
376 1737 389 1758 ,
418 1697 660 1750 Adulturi.
696 1698 762 1752 Et
803 1700 940 1755 unde
979 1702 1240 1757 adulteri?
1265 1705 1468 1772 Quaeris
1494 1708 1671 1762 unde?
1699 1708 1808 1762 Ne-

237 1785 408 1848 scitis,
433 1787 634 1855 inquit,
666 1789 781 1856 quia
821 1793 1040 1846 amicitia
1085 1795 1240 1863 hujus
1281 1798 1456 1850 mundi
1493 1800 1695 1852 inimica
1736 1812 1808 1854 est

239 1875 378 1929 Dei?
405 1877 712 1946 Quicumque
731 1897 846 1948 ergo
866 1884 1072 1936 voluerit
1093 1886 1282 1939 amicus
1305 1904 1407 1941 esse
1425 1890 1597 1942 screnti
1617 1891 1768 1961 hujus
1786 1932 1801 1957 ,

239 1967 471 2020 inimicus
508 1967 603 2022 Dei
623 1972 936 2025 constituitur
962 1974 1171 2043 (Jacobi
1200 1992 1270 2040 tv,
1301 1978 1396 2032 401
1421 1980 1501 2048 5).
1534 1980 1808 2049 Expressit

236 2057 364 2126 quid
394 2059 544 2124 dixit,
575 2060 826 2116 Adulteri.
854 2063 1060 2130 Anima,
1087 2065 1298 2122 deserto
1327 2068 1597 2134 Creatore,
1623 2087 1807 2126 amans

235 2156 535 2221 creaturam
565 2149 799 2221 adultera
831 2160 932 2206 est.
965 2153 1111 2207 lllius
1134 2157 1275 2209 enim
1315 2172 1498 2212 amore
1544 2161 1671 2213 nihil
1712 2176 1808 2213 ca-

233 2220 406 2298 stius,
435 2239 564 2292 nihil
615 2239 995 2296 delectabilius.
1046 2242 1139 2297 1110
1166 2244 1406 2312 deserto,
1453 2248 1555 2303 hoc
1606 2251 1808 2320 ample-

233 2327 462 2392 ctendo,
493 2327 732 2382 efficeris-
762 2329 1048 2385 immunda.
1101 2333 1146 2386 0
1185 2334 1390 2400 anima,
1424 2346 1481 2390 ut
1522 2338 1660 2392 illius
1687 2354 1802 2393 am-

235 2417 479 2486 plexibus
507 2417 662 2488 digna
691 2421 764 2474 sis
783 2461 798 2486 ,
823 2420 1029 2475 dimitte
1055 2423 1150 2475 ista
1170 2463 1186 2489 ,
1215 2433 1267 2478 et
1295 2425 1368 2478 illi
1397 2426 1595 2481 inhiare
1616 2430 1798 2496 gratis.

237 2507 368 2560 Nam
400 2508 520 2562 inde
546 2509 678 2562 dixit
703 2510 942 2564 Psalmus
967 2529 978 2563 :
1006 2511 1137 2565 Mihi
1162 2524 1327 2568 autem
1361 2516 1618 2571 adhwrere
1663 2517 1768 2572 Deo
1787 2559 1803 2585 ,

235 2597 422 2652 bonum
447 2607 536 2652 cst.
574 2598 743 2654 Versu
788 2602 963 2670 priore
1013 2603 1090 2658 sic
1131 2604 1263 2658 dixit
1287 2622 1300 2656 :
1324 2605 1598 2661 Perdidisti
1638 2625 1807 2665 omnes

235 2688 321 2755 qui
345 2689 656 2757 fornicamur
681 2689 768 2743 abs
794 2700 840 2743 te
875 2690 1042 2762 (Psal.
1071 2708 1216 2747 Lxxu
1235 2733 1249 2756 ,
1277 2693 1348 2749 28
1367 2737 1382 2760 ,
1412 2696 1524 2768 27).
1554 2697 1621 2751 Ει
1658 2700 1806 2768 quasi

233 2777 539 2834 ostenderet
574 2795 691 2848 qua:
737 2781 807 2834 sit
844 2781 1119 2838 fornicatio
1141 2824 1157 2850 ,
1190 2785 1448 2854 subjecit:
1481 2788 1611 2841 Mihi
1637 2799 1805 2842 autem

234 2869 492 2922 adhazrere
516 2867 652 2934 Deo,
680 2869 860 2924 bonum
881 2882 972 2925 est.
999 2872 1139 2926 Nihil
1158 2875 1301 2928 aliud
1325 2877 1465 2942 volo,
1492 2878 1583 2932 sed
1613 2879 1802 2947 ipsum.

237 2956 525 3012 Adhaererc
555 2958 660 3025 illi,
691 2959 790 3014 hoc
819 2970 900 3015 est
933 2962 1128 3016 bonum
1159 2981 1366 3034 meum,
1400 2967 1500 3022 hoc
1521 2969 1804 3037 gratuitum

236 3047 431 3101 bonum
457 3063 652 3103 meum.
687 3049 809 3105 ldeo
837 3062 887 3105 et
906 3055 1073 3121 gratia
1101 3055 1314 3122 dicitur,
1337 3059 1458 3127 quia
1484 3061 1649 3129 gratis
1674 3077 1805 3116 con-

233 3144 359 3190 stat.
382 3136 512 3191 Cum
537 3153 662 3208 ergo
688 3141 914 3209 coeperis
935 3143 1101 3196 Deum
1121 3159 1299 3200 amare
1320 3149 1483 3216 gratis
1501 3191 1517 3216 ,
1548 3153 1806 3208 securitas

233 3228 501 3296 est:quia
542 3238 596 3283 et
645 3230 872 3284 amicum
917 3234 1079 3301 gratis
1123 3250 1305 3303 amas,
1332 3248 1388 3292 et
1430 3239 1500 3294 ad
1542 3241 1642 3296 hoc
1681 3257 1802 3298 eum

232 3332 417 3382 amas,
448 3327 504 3372 ut
548 3328 720 3374 tecum
765 3332 908 3378 amet
958 3324 1143 3380 Deum.
1170 3327 1438 3384 Attendite
1466 3331 1606 3385 enim
1637 3332 1803 3401 ipsam

235 3410 523 3467 amicitiam
552 3413 818 3481 vulgarem
839 3454 856 3479 ,
889 3415 1026 3469 unde
1064 3417 1347 3485 caspimus,
1374 3435 1470 3489 per
1498 3435 1653 3489 quam
1678 3437 1804 3491 gra-

233 3497 338 3552 dus
364 3498 619 3566 fecimus;
654 3503 912 3560 attendite
937 3505 1104 3559 illam.
1135 3509 1294 3562 Amat
1311 3517 1530 3564 maritus
1559 3527 1802 3583 uxorem,

234 3597 294 3645 et
321 3605 454 3644 uxor
481 3593 726 3646 maritum
756 3595 908 3650 :sine
933 3595 1094 3651 dubio
1137 3607 1192 3652 et
1233 3599 1320 3654 ille
1348 3601 1518 3663 illam,
1549 3612 1603 3656 et
1627 3603 1712 3655 illa
1743 3603 1808 3657 il-

234 3679 347 3740 lum
369 3680 575 3736 salvum
603 3685 730 3737 vult.
767 3683 889 3738 Vult
917 3687 1062 3740 illum
1098 3687 1292 3742 habere
1317 3689 1664 3757 incolumem,
1693 3692 1806 3746 vult

234 3771 384 3826 illum
427 3771 622 3828 habere
662 3773 893 3830 felicem.
932 3777 1014 3831 Ad
1050 3777 1150 3834 hoc
1172 3789 1342 3845 amat,
1381 3782 1500 3850 quia
1541 3783 1653 3851 ipsa
1695 3784 1808 3838 vult

235 3859 519 3924 incolumis
547 3877 668 3918 esse
692 3873 748 3918 et
771 3863 894 3919 felix
921 3882 934 3918 :
961 3868 1102 3936 quod
1139 3869 1239 3922 sibi
1267 3870 1409 3936 vult,
1441 3871 1541 3926 hoc
1566 3872 1642 3926 illi
1672 3874 1802 3928 vult.

235 3951 397 4004 Amat
442 3951 878 4021 filios:quisnam
924 3955 1067 4018 vult,
1099 3957 1197 4010 nisi
1236 3959 1411 4014 salvos
1449 3960 1644 4016 habere
1673 3961 1809 4018 filios

233 4038 402 4093 suos?
421 4041 575 4108 Amat
591 4042 819 4098 amicum
837 4046 979 4114 :quis
996 4046 1095 4100 nisi
1121 4048 1437 4104 incolumem
1455 4050 1649 4108 habere
1665 4054 1808 4109 vult?

234 4129 374 4193 adeo
393 4139 480 4198 ut,
509 4131 554 4186 si
583 4131 717 4188 forte
748 4135 1019 4206 contingat
1044 4138 1128 4196 illi.
1159 4140 1373 4210 aliquid,
1403 4145 1805 4214 contremiscat,

235 4220 598 4288 contristetur,
629 4224 992 4289 conturbetur,
1036 4238 1244 4292 currat,
1271 4231 1524 4286 accedat:
1547 4248 1667 4288 cum
1713 4249 1808 4289 ac-

237 4311 488 4376 cesserit,
519 4312 736 4382 plangit.
767 4314 900 4382 Quid
931 4332 1057 4386 ergo
1088 4319 1236 4372 vult?
1265 4320 1475 4376 Salvum
1505 4325 1720 4379 habere.
1751 4325 1809 4381 Si

237 4415 369 4468 ergo
399 4401 574 4456 omnis
595 4403 681 4470 qui
713 4413 873 4469 amat,
892 4405 1096 4460 salvum
1119 4408 1228 4462 vult
1251 4409 1446 4465 habere
1475 4413 1612 4481 quod
1633 4424 1807 4481 amat;

240 4489 291 4543 si
312 4491 568 4561 intelligat
595 4508 711 4561 qua:
737 4495 804 4547 sit
829 4509 951 4549 vera
977 4497 1149 4563 salus,
1181 4497 1362 4568 incipit
1390 4501 1534 4556 illam
1558 4518 1737 4560 amare
1757 4506 1810 4560 in

239 4594 302 4634 se
323 4621 336 4643 ,
368 4589 421 4634 et
450 4581 615 4649 ipsam
645 4583 850 4652 cogitur
872 4600 1048 4640 veram
1077 4603 1256 4644 amare
1281 4599 1334 4644 et
1363 4591 1413 4644 in
1441 4593 1632 4647 amico.

314 4668 536 4726 CAPUT
567 4671 779 4726 Vl.——7.
804 4673 958 4728 Salus
972 4677 1083 4729 vita:
1103 4677 1254 4748 hujus
1272 4696 1421 4749 quam
1442 4699 1586 4737 vana.
1611 4684 1666 4739 Si
1687 4700 1809 4741 ecu-

245 4761 312 4814 lis
333 4762 538 4818 carneis
561 4764 753 4843 quaeris
782 4764 966 4832 Deum,
988 4768 1104 4822 vide
1135 4779 1239 4825 tres
1270 4787 1460 4841 pueros
1494 4775 1560 4830 de
1599 4776 1718 4846 igne
1747 4778 1809 4831 li-

243 4851 455 4904 beratos
468 4838 739 4922 (Damni).
759 4851 811 4908 Si
831 4855 932 4909 fide
947 4859 1142 4925 qumris
1164 4838 1470 4928 Deum,vide
1485 4838 1812 4923 Macliabceos

243 4943 299 5006 in
319 4942 435 5012 igne
445 4955 723 4999 coronatos
742 4945 804 5016 (ll
829 4946 884 4999 Μ
887 4947 1063 5002 achab.
1084 4952 1198 5018 vn).
1212 4951 1362 5008 Salus
1377 4970 1504 5024 ergo
1521 4957 1609 5010 illa
1631 4973 1812 5012 aman-

245 5031 312 5086 da
345 5042 425 5086 est
449 5075 464 5100 ,
507 5035 603 5088 ista
650 5035 862 5090 utenda.
893 5036 1016 5093 llmc
1053 5040 1194 5093 enim
1235 5041 1301 5095 ad
1328 5058 1481 5097 usum
1517 5049 1813 5105 necessaria

245 5136 332 5180 est
381 5142 395 5178 :
441 5141 561 5179 nam
591 5129 871 5184 transitura
899 5139 999 5184 est.
1040 5131 1154 5185 Non
1183 5133 1321 5186 enim
1359 5150 1481 5190 vera
1520 5140 1662 5193 salus
1689 5149 1770 5196 est
1793 5181 1810 5208 ,

247 5213 473 5282 fratres,
519 5232 674 5286 quam
719 5217 901 5272 dicunt
948 5220 1157 5275 medici.
1203 5220 1542 5292 Egrotamus
1583 5229 1812 5297 quodam

247 5305 408 5360 modo
441 5324 454 5359 ε
483 5321 604 5360 nam
650 5309 906 5378 aegritudo
932 5322 1180 5381 perpetua
1205 5323 1287 5367 est
1315 5315 1366 5367 in
1403 5315 1500 5370 ista
1531 5317 1813 5388 fragilitate

244 5397 442 5451 carnis.
474 5397 675 5452 Putatis
697 5400 837 5454 enim
877 5410 1000 5457 tunc
1037 5402 1306 5460 hominem
1331 5417 1617 5477 aegrotare,
1646 5427 1811 5481 quan—

241 5487 320 5542 do
342 5486 657 5551 frcbricitat;
683 5497 739 5544 et
763 5505 948 5544 sanum
990 5507 1109 5548 esse
1127 5535 1142 5558 ,
1169 5497 1379 5566 quando
1397 5501 1596 5554 esurit?
1637 5502 1811 5558 Sanus

246 5587 358 5640 est,
385 5578 594 5633 dicitur.
629 5579 719 5635 Vis
743 5581 920 5638 videre
949 5594 1200 5653 quantum
1239 5591 1433 5646 malum
1457 5601 1538 5647 est
1563 5595 1764 5651 esurire
1786 5596 1813 5648 ?

249 5667 463 5724 Dimitte
490 5667 635 5727 illum
660 5672 774 5729 sine
799 5674 1181 5734 medicamento
1206 5691 1406 5750 septem
1432 5681 1644 5750 diebus,
1669 5687 1808 5743 occi-

1552 315 1780 376 8811Μο
1816 313 2197 380 CCCLXXXV.

3350 351 3487 411 1694

1917 439 2082 529 ditur.
2108 439 2212 496 Sed
2242 445 2360 512 quia
2386 447 2538 516 ponis
2569 452 2803 519 quotidie
2833 456 3306 529 medicamentum,
3333 466 3482 522 vivit.

1913 525 2346 586 Medicamentum
2361 545 2533 590 autem
2553 539 2725 607 famis,
2744 544 2892 599 cibus
2907 556 3016 612 est;
3035 525 3479 612 medicamentum

1913 617 2064 686 sitis,
2093 630 2246 689 potus
2271 632 2388 688 est;
2418 627 2857 686 medicamentum
2879 634 3200 694 lassitudinis
3217 683 3232 702 .
3258 657 3482 701 somnus

1915 717 2026 772 est;
2056 710 2496 769 medicamentum
2541 720 2819 788 sessionis,
2847 724 3202 786 deambulatio
3225 743 3335 799 est;
3367 751 3482 791 me-

1913 796 2267 854 dicamentum
2297 803 2736 865 deambulationis
2755 853 2769 875 ,
2798 816 2966 870 sessio
2988 827 3100 883 est;
3127 796 3481 880 medicamen-

1915 895 2026 941 tum
2099 890 2456 961 fatigationis,
2533 898 2781 956 dormitio
2847 913 2966 971 est;
3033 909 3476 969 medicamentum

1913 979 2275 1051 dormitionis,
2321 988 2550 1056 vigilatio
2575 1000 2675 1046 est.
2725 994 2790 1047 Et
2833 996 2954 1052 vide
3001 1014 3157 1068 quam
3216 1003 3480 1061 imbecille

1913 1071 1984 1124 sit
2043 1087 2235 1141 corpus
2291 1075 2576 1132 humanum
2654 1098 2667 1131 :
2727 1082 2826 1138 hoc
2888 1087 3056 1155 ipsum
3121 1091 3477 1162 adjutorium,

1913 1160 2052 1227 quod
2106 1161 2247 1229 dixi,
2290 1166 2380 1233 qui
2429 1171 2680 1236 assumit,
2725 1173 2769 1227 si
2811 1174 2861 1227 in
2910 1191 2976 1230 eo
3027 1185 3476 1250 perseveraverit,

1912 1249 2108 1306 deficit.
2202 1255 2497 1313 Esuricndo
2569 1263 2673 1316 cibi
2751 1269 3026 1332 quaerebas
3101 1249 3475 1342 adjutoriunr:

1913 1355 2036 1396 ecce
2077 1342 2227 1398 adest
2281 1347 2598 1416 adjutorium
2641 1353 2777 1419 cibi;
2821 1358 3139 1427 manducas,
3207 1367 3476 1430 reficeris;

1911 1429 1956 1482 si
2020 1432 2138 1499 plus
2196 1432 2416 1503 feceris,
2495 1439 2612 1507 plus
2674 1443 2875 1498 deficis.
2939 1447 3271 1518 Adjutorium
3358 1429 3477 1511 sitis

1912 1523 2184 1589 quaerebas
2222 1536 2402 1593 potum
2459 1546 2471 1581 :
2525 1532 2748 1586 multum
2784 1535 3012 1593 bibendo
3062 1541 3342 1608 ofl‘ocaris,
3387 1548 3476 1615 qui

1913 1611 2138 1666 sitiendo
2164 1615 2452 1684 urgebaris.
2482 1619 2708 1676 Lassasti
2747 1627 3097 1695 ambulando,
3131 1633 3318 1689 sedere
3353 1611 3432 1691 vis
3460 1656 3475 1691 :

1911 1702 2039 1757 sede
2067 1715 2359 1772 perpetuo,
2385 1709 2505 1764 vide
2546 1712 2590 1765 si
2634 1729 2736 1767 non
2770 1715 3010 1772 lassabis.
3040 1720 3304 1793 Quidquid
3347 1742 3476 1797 ergo

1910 1796 2282 1862 assumpserit,
2317 1807 2374 1852 ut
2395 1799 2534 1854 aliud
2561 1803 2759 1870 pellat,
2791 1807 2842 1860 in
2870 1823 2935 1863 eo
2962 1810 3076 1879 ipso
3101 1813 3146 1866 si
3169 1796 3476 1883 persevera-

1905 1883 2044 1948 ,verit
2058 1922 2074 1947 ,
2103 1883 2280 1939 deficit
2307 1888 2403 1957 (τι).

1979 1971 2203 2028 CAPUT
2229 1975 2334 2030 Vll.
2364 2008 2432 2019 —-
2457 1979 2510 2034 8.
2555 1981 2685 2036 Vera
2713 1986 2850 2041 salus
2877 1989 2977 2042 vita
3009 2001 3214 2047 eterna.
3258 1997 3464 2053 Amicus

1910 2059 1978 2113 ad
2030 2065 2240 2117 salutem
2295 2076 2531 2123 (sternam
2573 2072 2874 2143 diligendus.
2940 2079 3173 2138 Charitas
3233 2091 3472 2157 perfecta.

1910 2153 2090 2218 Qualis
2110 2167 2189 2210 est
2218 2173 2343 2226 ergo
2373 2160 2470 2212 ista
2511 2163 2654 2218 salus
2673 2204 2688 2228 ,
2717 2165 2905 2224 fratres
2925 2213 2938 2234 ,
2967 2153 3290 2242 transitura,
3318 2153 3475 2248 fragi-

1911 2241 1976 2296 lis
1995 2285 2009 2308 ,
2041 2246 2270 2312 peritura
2291 2287 2306 2312 ,
2335 2251 2502 2302 vana?
2542 2252 2680 2308 Vere
2699 2260 2964 2324 quomodo
2989 2262 3186 2319 dictum
3209 2241 3318 2333 est,
3351 2241 3476 2336 Qui:

1910 2334 2042 2386 enim
2075 2347 2147 2390 est
2185 2339 2284 2391 vita
2322 2345 2523 2396 vestra?
2571 2343 2736 2414 Vapor
2767 2359 2839 2400 est
2859 2389 2872 2410 ,
2909 2350 2979 2402 ad
3018 2355 3267 2408 modicum
3297 2334 3477 2426 parens

1913 2422 2110 2494 (Jacobi
2152 2444 2239 2491 iv,
2272 2431 2381 2500 15).
2428 2432 2526 2497 Qui
2553 2449 2679 2504 ergo
2715 2437 2765 2490 in
2805 2439 2909 2492 vita
2954 2441 3053 2495 ista
3081 2455 3214 2496 amat
3255 2422 3476 2502 animam

1909 2528 2051 2565 suam
2072 2555 2086 2577 ,
2119 2517 2290 2584 perdet
2320 2535 2448 2572 eam.
2481 2521 2582 2587 Qui
2606 2533 2769 2576 autem
2807 2526 2861 2579 in
2888 2525 2988 2583 hoc
3011 2533 3206 2585 saeculo
3230 2535 3346 2588 odio
3384 2538 3478 2590 ha-

1909 2600 2068 2655 buerit
2095 2604 2313 2657 animam
2343 2624 2484 2660 suam
2504 2650 2520 2674 ,
2551 2611 2604 2664 in
2640 2613 2791 2667 vitam
2828 2625 3065 2671 uernam
3107 2623 3319 2675 custodit
3365 2641 3476 2680 eam

1911 2688 2086 2761 (Joan.
2116 2709 2189 2748 ιιι
2206 2736 2220 2760 ,
2247 2695 2359 2766 25).
2391 2698 2519 2763 Quae
2545 2708 2628 2754 est
2667 2703 2771 2756 vita
2796 2708 3032 2760 aeterna?
3055 2709 3190 2764 Vera
3217 2713 3377 2768 salus.
3412 2717 3478 2770 Et

1909 2781 1954 2832 si
1974 2782 2199 2836 amicum
2231 2792 2374 2840 tuum
2401 2787 2614 2854 videris,
2663 2807 2819 2861 quem
2846 2795 3061 2851 amabas
3088 2799 3138 2852 in
3161 2799 3261 2855 hoc
3283 2806 3478 2860 s:eculo

1910 2879 1966 2923 ut
1991 2871 2168 2925 salvus
2195 2884 2368 2940 esset,
2397 2877 2515 2944 quia
2547 2888 2600 2932 tu
2631 2879 2740 2948 jam
2765 2883 2921 2938 talem
2952 2887 3174 2943 salutem
3205 2891 3477 2951 desideras

1908 2974 2026 3028 quae
2070 2971 2263 3016 aeterna
2307 2974 2420 3030 est,
2466 2967 2532 3021 ad
2583 2971 2749 3038 ipsam
2792 2975 3016 3030 salutem
3043 2979 3216 3050 diligis
3248 2986 3477 3041 amicum

1912 3056 2092 3114 tuum;
2125 3059 2178 3104 et
2199 3059 2364 3106 totum
2394 3055 2646 3126 quidquid
2675 3061 2753 3114 vis
2780 3063 2950 3117 amico
2980 3073 3070 3120 tuo
3097 3079 3348 3136 praestare
3366 3113 3380 3136 ,
3409 3074 3476 3128 ad

1909 3138 2010 3193 hoc
2054 3140 2134 3196 vis
2179 3153 2462 3211 praestare,
2495 3156 2554 3201 ut
2589 3148 2731 3202 illam
2783 3160 2954 3207 tecum
3013 3165 3188 3213 teneat
3230 3161 3475 3218 salutem.

1910 3230 2072 3284 Amas
2105 3233 2247 3287 enim
2271 3234 2560 3304 justitiam,
2609 3240 2689 3294 vis
2717 3241 2860 3296 illum
2900 3260 3018 3300 esse
3055 3247 3256 3318 justum
3287 3267 3301 3304 :
3329 3267 3477 3308 amas

1908 3324 2008 3377 sub
2037 3324 2144 3379 Deo
2169 3341 2288 3382 esse
2306 3368 2321 3390 ,
2352 3329 2430 3382 vis
2455 3339 2507 3385 et
2527 3332 2671 3386 illum
2695 3348 2812 3388 esse
2838 3336 2938 3390 sub
2961 3338 3071 3393 Deo
3099 3357 3113 3393 :
3143 3356 3288 3396 amas
3314 3344 3478 3400 vitam

1909 3417 2334 3481 :eternam,-illic
2370 3434 2490 3473 eum
2516 3421 2595 3475 vis
2632 3431 2806 3478 tecum
2851 3441 3074 3497 regnare
3111 3431 3166 3484 in
3195 3443 3474 3489 mternum.

1908 3502 2180 3559 Inimicum
2247 3518 2392 3563 tuum
2447 3511 2595 3567 vides
2651 3514 2798 3570 illum
2865 3519 2883 3550 ¹
2939 3523 3180 3590 persequi
3221 3533 3304 3588 te,
3370 3526 3478 3580 ini-

1909 3594 2078 3661 quilas
2126 3606 2208 3649 est
2259 3613 2376 3666 quae
2406 3608 2457 3654 te
2507 3607 2855 3672 persequitur.
2887 3607 2942 3661 ln
2991 3609 3082 3663 illo
3129 3613 3284 3667 irasci
3311 3614 3477 3672 debes

1909 3682 2296 3750 misericordia,
2330 3686 2488 3742 febrit
2514 3690 2565 3743 in
2595 3692 2790 3749 anima.
2813 3693 3090 3760 Quomodo
3118 3714 3246 3771 ergo
3269 3704 3476 3760 amicus

1908 3770 2065 3840 hujus
2115 3774 2294 3828 saeculi
2353 3777 2641 3833 secundum
2697 3783 2948 3838 saeculum
3007 3770 3198 3844 amans
3247 3793 3479 3849 animam

1909 3869 2058 3909 suam
2078 3896 2092 3921 ,
2124 3856 2322 3912 febrem
2347 3860 2461 3914 vult
2487 3863 2753 3931 expellere
2773 3865 2841 3920 de
2868 3868 3039 3923 amico
3057 3884 3182 3936 suo,
3211 3888 3368 3942 quem
3406 3876 3480 3931 si-

1909 3945 2106 4000 militer
2139 3956 2281 4002 amat
2306 3957 2363 4003 ut
2387 3963 2480 4016 se,
2509 3963 2724 4022 propter
2761 3966 3074 4024 praesentem
3104 3961 3328 4018 salutem
3357 3979 3371 4015 :
3401 3965 3480 4020 sic

1911 4041 1966 4086 tu
2009 4049 2393 4106 quemcumque
2434 4039 2642 4110 diligis,
2673 4053 2889 4114 propter
2925 4047 3084 4102 vitam
3109 4059 3366 4114 aeternam
3394 4055 3480 4109 di-

1911 4121 2042 4191 lige;
2085 4139 2204 4178 cum
2241 4125 2505 4183 inveneris
2548 4131 2714 4198 iram,
2760 4134 3172 4206 indignationem
3197 4183 3213 4210 ,
3257 4144 3477 4212 odium,

1913 4211 2277 4281 iniquitatem,
2307 4216 2383 4271 sic
2422 4221 2632 4276 coneris
2671 4225 2938 4292 expellere
2984 4231 3226 4285 morbum
3271 4211 3471 4300 animi,

1913 4307 2179 4374 quomodo
2216 4313 2420 4366 amicus
2461 4315 2639 4367 saeculi
2686 4317 2928 4372 morbum
2955 4324 3195 4390 corporis
3229 4324 3339 4378 :ad
3378 4325 3480 4382 hoc

1913 4397 2052 4450 enim
2083 4412 2228 4454 amas
2249 4441 2264 4466 ,
2297 4409 2355 4455 ut
2383 4402 2541 4457 facias
2560 4404 2698 4473 quod
2719 4414 2774 4460 et
2794 4414 2847 4461 tu
2869 4422 2928 4463 es
2958 4428 2972 4464 :
3002 4419 3055 4464 et
3079 4412 3180 4466 erit
3203 4413 3254 4467 in
3283 4423 3334 4468 te
3358 4431 3475 4485 per-

1913 4486 2049 4542 fecta
2087 4488 2334 4544 charitas.
2367 4493 2476 4548 lloc
2507 4495 2551 4548 si
2576 4497 2872 4565 inveneris,
2903 4499 2970 4553 ad
3012 4500 3113 4556 hoc
3146 4517 3263 4556 ama
3288 4505 3480 4574 conju-s

1912 4594 2031 4647 gem
2057 4622 2071 4646 ,
2099 4581 2166 4635 ad
2193 4583 2294 4636 hoc
2329 4599 2446 4637 ama
2475 4585 2637 4639 filium
2655 4629 2669 4651 ,
2697 4589 2762 4642 ad
2805 4589 2907 4644 hoc
2948 4606 3064 4645 ama
3087 4595 3434 4664 propinquum
3460 4636 3477 4663 ,

1913 4672 2143 4726 vicinum
2166 4714 2178 4734 ,
2207 4673 2439 4743 ignotum
2460 4716 2474 4739 ,
2508 4677 2776 4732 inimicum
2797 4721 2810 4742 ,
2854 4689 2908 4736 et
2936 4683 3035 4736 erit
3063 4683 3114 4736 in
3154 4693 3207 4738 te
3245 4685 3479 4754 perfecta

1915 4759 2165 4815 charitas.
2197 4763 2324 4829 Quae
2343 4765 2387 4818 si
2413 4767 2570 4820 fuerit
2597 4769 2648 4821 in
2671 4777 2741 4833 te,
2776 4771 2944 4826 vincis
2965 4773 3217 4827 mundum
3237 4815 3252 4841 ,
3285 4783 3339 4829 et
3367 4777 3481 4844 pel-

1915 4851 2041 4906 litur
2081 4851 2221 4908 foras
2267 4855 2510 4924 princeps
2547 4857 2750 4911 mundi.
2794 4859 3030 4915 Audistis
3071 4862 3212 4915 enim
3250 4863 3390 4932 quod
3411 4866 3483 4920 ait

1917 4943 2190 5008 Dominus,
2218 4943 2463 5016 Princeps
2486 4946 2638 5016 hujus
2656 4949 2830 5002 mundi
2854 4951 3034 5004 missus
3062 4959 3134 5006 est
3158 4955 3296 5022 foras
3318 4952 3483 5026 (Ibid.

1916 5034 2005 5104 51)
2040 5051 2055 5087 :
2085 5036 2206 5104 quia
2233 5037 2346 5106 ipse
2373 5051 2622 5107 passurus
2643 5047 2758 5092 erat
2775 5079 2790 5102 ,
2814 5047 2869 5093 et
2892 5055 2986 5109 per
3010 5041 3306 5110 passionem
3333 5058 3482 5100 suam

1916 5123 2147 5179 facturus
2181 5125 2234 5179 in
2275 5125 2575 5182 hominibus
2601 5127 2956 5184 dilectionem.
3001 5130 3250 5201 Majorem
3278 5135 3371 5186 hac
3397 5134 3482 5187 di-

1916 5215 2170 5268 lectionem
2189 5232 2332 5270 nemo
2358 5217 2529 5284 habet,
2552 5233 2701 5286 quam
2719 5227 2774 5271 ut
2798 5219 3018 5273 animum
3040 5237 3181 5275 suam
3204 5233 3359 5293 ponat
3387 5238 3480 5292 pro

1914 5305 2086 5360 amicis
2128 5307 2232 5360 suis
2258 5304 2368 5376 (Id.
2411 5322 2514 5372 xv,
2560 5307 2672 5378 15).
2704 5307 2772 5364 Ut
2813 5323 2940 5379 ergo
2981 5321 3280 5378 amaretur,
3328 5311 3474 5379 prior

1914 5396 2148 5450 amavit:
2177 5404 2235 5451 ut
2261 5397 2312 5450 in
2341 5397 2554 5452 nomine
2577 5397 2692 5468 ejus
2718 5414 2876 5455 nemo
2902 5401 3038 5454 mori
3061 5401 3291 5466 timeret,
3323 5400 3470 5468 prior

1973 5577 1995 5606 ³
2019 5574 2148 5648 apud
2171 5577 2430 5648 Er.__l.ugd.
2450 5583 2566 5624 Ven.
2605 5584 2656 5625 et
2688 5583 2794 5648 ων.
2827 5577 2991 5636 abest,
3016 5575 3152 5626 illum
3167 5583 3252 5637 ;et
3276 5574 3466 5635 melius,

1911 5644 1965 5685 ut
1987 5637 2193 5684 videtur.
2257 5642 2314 5683 Μ.
2695 5643 2700 5648 ·

1971 5697 2044 5749 αι)
2077 5695 2194 5747 Vide
2211 5702 2370 5746 Euarr.
2393 5699 2442 5746 in
2465 5699 2582 5748 Psal.
2610 5699 2712 5760 122,
2739 5711 2822 5748 nn.
2851 5699 2900 5748 11
2929 5703 2981 5746 et
3000 5696 3076 5745 12.
