3980 6484
512 353 647 408 1693

511 481 607 534 pro
632 463 877 517 omnibus
919 439 1156 515 mortuus
1176 469 1274 513 est.
1309 458 1390 511 Ad
1415 457 1513 511 hoc
1563 471 1688 524 ergo
1718 466 1770 510 ut
1799 456 2082 509 mdit‘icaret

511 561 561 612 in
585 559 833 611 cordibus
861 557 1128 608 hominum
1159 553 1468 605 cbaritatem
1493 591 1506 616 ,
1538 550 1679 602 misit
1706 549 1973 602 diabolum
2008 547 2084 599 fo-

509 666 614 703 ras.
648 651 762 716 Quo
791 648 968 701 foras?
1001 648 1071 699 De
1098 644 1349 698 cordibus
1392 643 1684 694 hominum.
1707 641 1980 710 Cupiditas
2007 641 2086 694 in-

509 749 591 792 tro
623 740 767 790 illum
796 738 947 789 mittit
969 777 981 799 ,
1014 735 1247 789 Charitas
1279 732 1419 786 foras
1442 748 1561 785 eum
1595 732 1774 784 mittit.
1849 773 1855 784 .

577 827 801 881 CAPUT
846 825 973 879 Vlll.
1003 855 1072 864 —-—
1099 826 1151 877 9.
1194 823 1476 876 Conclusio.
1507 822 1612 876 Nos
1657 836 1783 874 vero
1804 863 1817 883 ,
1859 820 2048 874 fratres
2069 861 2082 883 ,

506 925 663 976 supra
688 910 915 976 scriptos
957 907 1230 961 cbaritatis
1262 904 1454 974 gradus
1486 920 1605 958 cum
1652 903 1836 973 grandi
1867 904 2087 972 diligen-

505 1001 574 1053 tia
601 1000 892 1070 cogitantes
913 1041 926 1063 ,
969 1015 1072 1051 non
1103 997 1386 1050 reddamus
1415 996 1635 1048 Domino
1661 1009 1756 1062 pro
1783 993 1936 1046 bonis
1975 1007 2087 1046 ma-

507 1091 576 1144 la.
613 1092 677 1144 Et
706 1091 825 1160 qnia
875 1091 961 1143 ille
991 1087 1213 1142 veniens
1255 1087 1486 1155 alligavit
1512 1084 1701 1138 fortem
1724 1126 1738 1150 ,
1773 1083 1836 1136 id'
1860 1092 1948 1136 est
1971 1083 2085 1136 dia-

507 1181 719 1241 bolum,
753 1190 807 1234 et
843 1195 941 1234 nos
985 1192 1173 1232 omnes
1194 1178 1282 1246 qui
1314 1191 1437 1229 vasa
1469 1175 1584 1242 ejus
1623 1173 1816 1227 fuimus
1841 1173 1906 1226 de
1936 1181 2088 1240 pote-

497 1279 640 1326 .state
670 1271 809 1324 illius
845 1271 1088 1332 abstulit,
1135 1284 1229 1336 per
1252 1267 1474 1336 gratiam
1517 1265 1680 1334 ipsius
1709 1263 1944 1318 evacuati
1970 1278 2087 1315 om-

505 1363 661 1416 nibus
701 1363 854 1415 malis
874 1403 887 1424 ,
921 1361 1226 1415 Studeamus
1264 1359 1456 1427 repleri
1484 1356 1872 1410 abundantibus
1899 1354 2081 1417 bonis,

507 1453 757 1506 timentes
790 1451 915 1504 illud
942 1451 1080 1520 quod
1117 1451 1230 1517 ipse
1255 1448 1509 1503 Dominus
1537 1447 1669 1501 dixit
1700 1444 1773 1516 (a)
1804 1463 1816 1496 :
1847 1444 1970 1497 Cum
1991 1445 2085 1496 im-

507 1542 726 1594 mundus
757 1542 964 1609 spiritus
994 1542 1164 1593 exierit
1212 1539 1272 1592 ab
1321 1539 1549 1600 homine,
1581 1535 1804 1588 ambulat
1840 1552 1926 1603 per
1977 1535 2088 1586 loca

505 1633 680 1693 arida,
727 1648 953 1698 quwrens
991 1631 1236 1699 requiem,
1282 1639 1327 1682 et
1356 1646 1454 1681 non
1482 1628 1698 1689 iurauit;
1732 1635 1841 1695 post
1867 1625 1974 1678 haec
2008 1639 2088 1676 re-

505 1738 675 1775 uersus
714 1724 964 1775 inveniens
1004 1722 1240 1783 domum,
1275 1721 1406 1772 unde
1426 1720 1571 1781 exiit,
1604 1734 1843 1781 vacuam,
1875 1715 2087 1768 adduxit

505 1829 670 1863 serum
701 1822 888 1881 septem
915 1812 1121 1880 spiritus
1148 1811 1407 1878 nequiores
1433 1823 1526 1888 se':
1554 1819 1599 1860 et
1626 1807 1758 1874 facta
1782 1815 1894 1860 sunt
1921 1805 2084 1858 homi-

504 1903 583 1953 nis
613 1903 749 1954 illius
775 1902 1048 1970 posteriora
1089 1901 1262 1969 pejora
1303 1899 1551 1968 prioribus
1581 1897 1727 1969 (Luc.
1761 1913 1813 1949 χι
1836 1938 1848 1961 ,
1875 1893 2083 1964 21-26).

506 1992 583 2046 Ne
613 2007 738 2060 ergo
765 2001 818 2046 et
850 2007 948 2046 nos
977 1992 1080 2046 tale
1120 1990 1316 2060 aliquid
1364 1991 1658 2058 patiamur,
1692 1996 1941 2056 quantum
1967 2000 2089 2054 pos-

505 2098 689 2136 sumus
734 2083 1103 2148 elaboremus,
1164 2081 1216 2134 in
1274 2081 1404 2135 locis
1447 2080 1695 2132 vitiorum
1746 2077 1966 2130 virtutes
2005 2076 2087 2130 in-

504 2173 698 2228 ducere
716 2216 729 2238 ,
753 2183 809 2228 ut
829 2174 1094 2242 possimus
1114 2172 1178 2225 ad
1207 2172 1293 2224 Dei
1319 2168 1732 2223 misericordiam
1755 2168 2048 2237 pervenire.

869 2279 1098 2336 SERMO
1136 2277 1528 2334 CCCLXXXVI
1569 2281 1586 2300 ·
1627 2276 1727 2346 (b).

879 2393 959 2447 De
979 2395 1241 2447 dilectione
1267 2392 1578 2446 inimicorum
1609 2391 1701 2461 (ε).

577 2507 625 2560 Ι.
659 2505 891 2558 Charitas
929 2505 1080 2558 etiam
1107 2503 1174 2556 ad
1216 2503 1450 2555 inimicas
1487 2501 1687 2554 extendi
1735 2501 1898 2554 debet.
1962 2500 2088 2553 Pre-

501 2614 581 2650 crs
636 2597 696 2648 ab
752 2597 861 2665 ipso
891 2595 1066 2664 judice
1104 2593 1302 2648 Christo
1358 2592 1575 2646 traditur.
1621 2590 1986 2644 Dimittendum
2033 2600 2086 2643 ut

499 2688 783 2740 dimittatur
810 2685 971 2739 nobis.
1018 2685 1241 2738 Securus
1279 2682 1418 2750 apud
1438 2681 1630 2744 Deum,
1659 2682 1739 2734 cui
1763 2682 1962 2751 roganti
1995 2697 2084 2734 ne-

503 2785 652 2845 gatur
680 2776 821 2827 venia
841 2791 872 2826 a
897 2779 1072 2844 fratre.
1109 2772 1370 2826 Orandum
1395 2787 1487 2842 pro
1515 2788 1613 2824 non
1638 2779 1846 2840 rogante
1870 2771 2083 2824 veniam.

505 2858 793 2924 lutcndite,
841 2857 1033 2912 fratres
1088 2856 1236 2938 mei,‘
1279 2855 1346 2908 ad
1400 2855 1744 2920 charitatem,
1798 2868 1957 2923 quam
2011 2855 2089 2908 sic

504 2951 681 3004 laudat
704 2949 974 3018 Scriptura
1002 2949 1178 3003 divina
1197 2991 1210 3009 .
1234 2957 1291 3002 ut
1313 2948 1440 3001 nihil
1467 2947 1516 3002 ei
1546 2955 1806 3016 coaequet.
1829 2946 1959 3001 Cum
1988 2961 2086 3001 nos

505 3048 718 3093 moneat
773 3039 939 3103 Deus,
988 3046 1046 3092 ut
1075 3053 1172 3091 nos
1199 3037 1422 3090 invicem
1467 3035 1779 3106 diligamus,
1827 3034 2084 3105 numquid

504 3132 605 3182 hoc
633 3137 830 3182 tantum
872 3136 1080 3192 monet,
1108 3136 1167 3181 ut
1198 3127 1384 3195 diligas
1412 3126 1714 3195 diligentem
1740 3125 1824 3180 te?
1854 3125 1977 3179 llaec
2006 3134 2089 3180 est

503 3228 681 3272 mutua
703 3219 914 3273 dilectio
933 3261 947 3281 ,
972 3219 1073 3271 hoc
1100 3233 1204 3271 non
1230 3217 1424 3270 sufficit
1449 3217 1559 3271 Deo
1593 3235 1606 3271 :
1636 3217 1915 3287 pervenire
1943 3217 2084 3269 enim

503 3309 669 3362 voluit
697 3323 860 3378 usque
887 3307 950 3361 ad
983 3308 1229 3361 inimicos
1255 3306 1581 3377 diligeudos,
1613 3305 1797 3360 dicens
1829 3323 1844 3360 :
1876 3305 2086 3375 Ditigite

501 3399 728 3451 inimicos
749 3407 932 3451 vestros
952 3439 966 3462 ,
995 3395 1267 3466 benefacite
1288 3398 1358 3450 eis
1377 3397 1463 3465 qui
1491 3397 1700 3448 oderunt
1727 3412 1811 3448 vos
1830 3435 1845 3460 ,
1875 3405 1919 3448 et
1949 3406 2088 3449 orate

504 3505 595 3556 pro
625 3489 696 3542 eis
727 3490 812 3558 qui
838 3505 923 3541 vos
949 3496 1356 3557 persequuntur;
1394 3495 1447 3538 ut
1480 3486 1588 3538 sitis
1611 3485 1704 3552 ﬁlii
1733 3483 1905 3537 Patris
1939 3485 2090 3537 uestri

501 3580 588 3648 qui
612 3580 662 3632 in
691 3578 827 3633 (telis
849 3588 954 3644 est,
983 3578 1070 3648 qui
1097 3579 1258 3630 solem
1286 3593 1432 3629 suum
1461 3577 1584 3628 oriri
1611 3575 1732 3644 facit
1758 3592 1912 3643 super
1931 3574 2086 3628 bonos

500 3679 547 3721 et
573 3668 730 3722 malos
750 3710 764 3733 ,
797 3669 879 3737 qui
913 3668 1041 3737 pluit
1079 3683 1231 3737 super
1250 3668 1417 3737 justas
1433 3673 1481 3717 et
1508 3665 1721 3733 injustas
1761 3662 1969 3733 (Matth.
2013 3679 2048 3716 τ
2067 3705 2081 3729 ,

503 3759 571 3811 4-4
591 3767 636 3810 et
651 3759 762 3825 45).
786 3757 921 3822 Quid
949 3756 1302 3825 dicis?diligis
1328 3754 1599 3809 inimicum
1631 3753 1812 3808 tuum?
1838 3753 2085 3822 Respon-

503 3848 653 3902 debis
682 3846 816 3900 forte
847 3863 860 3898 :
889 3847 989 3900 Per
1017 3846 1378 3899 infirmitatem
1415 3860 1518 3898 non
1548 3859 1782 3914 possum.
1825 3842 1930 3898 Sed
1960 3859 2085 3912 pro-

505 3936 603 3989 fice
623 3974 638 4000 ,
665 3944 719 3988 et
746 3949 843 4003 age
882 3943 939 3987 ut
976 3934 1148 4004 possis
1177 3951 1189 3986 :
1222 3933 1450 3987 maxime
1479 3934 1600 4002 quia
1643 3941 1886 3986 oraturus
1916 3947 1976 3986 es
1995 3931 2085 4001 ju-

503 4025 706 4089 dicem,
751 4038 907 4092 quem
960 4023 1139 4076 fallere
1178 4037 1335 4077 nemo
1363 4031 1561 4091 potest,
1619 4023 1706 4091 qui
1756 4031 1969 4076 acturus
2003 4031 2087 4077 est

501 4128 714 4168 causam
742 4123 904 4167 tuam.
934 4113 1212 4181 lnterpella
1240 4127 1367 4182 ergo
1394 4113 1535 4167 hunc
1558 4113 1788 4181 judicem
1809 4153 1824 4178 ,
1856 4114 1944 4168 ubi
1970 4115 2088 4168 nul-

506 4204 589 4257 lus
621 4203 924 4258 tabellarius
966 4202 1276 4266 conturbat,
1333 4203 1508 4256 nullus
1536 4201 1777 4257 officialis
1824 4212 2081 4267 removet,

502 4295 677 4348 nullus
721 4294 914 4348 emitur
941 4294 1230 4348 advocatus
1257 4293 1345 4362 qui
1382 4293 1550 4362 possit
1575 4307 1668 4361 pro
1706 4300 1760 4346 te
1789 4307 1972 4361 preces
2000 4293 2084 4348 ef-

505 4384 750 4449 fundere,
781 4392 873 4438 aut
895 4385 1055 4438 verba
1081 4384 1258 4438 dicere
1279 4398 1399 4451 qua:
1427 4397 1530 4436 non
1552 4382 1780 4436 didicisti
1815 4400 1826 4434 :
1857 4382 1950 4438 sed
1973 4384 2085 4452 ipse

504 4475 672 4530 Filius
700 4475 792 4529 Dei
818 4476 1004 4529 unicus
1033 4475 1252 4544 aequalis
1282 4474 1455 4538 Patri,
1493 4474 1684 4528 sedens
1715 4473 1782 4528 ad
1809 4474 2081 4529 dexteram

465 4571 469 4574 ’
501 4567 710 4631 Patris,
749 4567 889 4620 illius
934 4580 1202 4629 assessor,
1233 4574 1350 4619 tuus
1381 4564 1578 4634 judex,
1619 4564 1799 4618 docuit
1830 4575 1880 4619 te
1920 4581 2082 4634 pauca

501 4659 662 4714 verba
683 4701 699 4725 ,
727 4674 846 4730 quae
893 4658 1064 4728 quivis
1097 4657 1256 4711 idiota
1288 4665 1464 4726 potest
1495 4666 1676 4712 tenere
1713 4667 1767 4710 et
1791 4657 2002 4721 dicere,
2032 4667 2086 4713 et

501 4750 553 4803 in
576 4750 650 4805 eis
677 4749 952 4804 constituit
995 4748 1086 4801 tibi
1118 4763 1331 4820 causam
1364 4756 1541 4811 tuam;
1565 4745 1747 4802 docuit
1777 4756 1826 4801 te
1857 4747 1944 4816 jus
1971 4763 2085 4803 ete-

502 4839 636 4894 leste
665 4841 680 4871 ¹
711 4839 977 4909 quomodo
1006 4838 1259 4908 preceris.
1306 4837 1409 4893 Sed
1450 4837 1667 4892 forsitan
1697 4838 2080 4906 respondebis:

502 4927 605 4982 Per
633 4945 788 4996 quem
834 4929 992 4998 pcto?
1023 4944 1118 4996 per
1143 4943 1258 4994 me,
1291 4943 1358 4982 an
1407 4943 1502 4997 per
1537 4927 1738 4982 alium?
1761 4927 1863 4994 Qui
1908 4937 1958 4981 te
1983 4927 2082 4982 do-

503 5017 613 5072 cuit
641 5033 827 5082 orare,
861 5021 974 5088 ipse
1014 5033 1111 5086 pro
1139 5026 1190 5073 te
1233 5018 1427 5087 allegat
1455 5032 1700 5087 precem,
1731 5018 1853 5086 quia
1881 5025 1933 5071 tu
1961 5031 2085 5071 reus
2124 5056 2128 5060 .

507 5123 644 5168 eras.
671 5108 889 5180 Gaude,
921 5111 1040 5178 quia
1071 5112 1158 5165 ille
1183 5111 1284 5167 erit
1314 5119 1440 5165 tunc
1463 5110 1624 5180 judex
1664 5119 1786 5165 tuus
1805 5152 1820 5177 ,
1852 5111 1940 5180 qui
1969 5124 2079 5165 mo-

506 5200 577 5257 do
599 5199 887 5256 advocatus
907 5207 1026 5252 tuus
1046 5209 1144 5254 est.
1174 5201 1297 5256 ldeo
1317 5217 1445 5272 ergo
1471 5201 1589 5270 quia
1609 5209 1852 5256 oraturus
1883 5215 1962 5265 es,
1994 5215 2084 5255 ac-

561 5313 582 5347 ¹
606 5320 766 5373 Forte,
789 5309 1022 5374 docuitte
1033 5309 1347 5374 jurisperitus
1369 5312 1590 5363 caelestis.

565 5323 582 5347 ι
606 5323 766 5373 Forte,
789 5323 954 5361 aocuu
976 5323 1022 5359 te
1011 5323 1347 5420 (iurisperqu
1369 5323 1590 5363 cwtestts.

565 5379 582 5395 ⁶
609 5376 898 5426 Fmendatus
915 5371 974 5421 ad
1062 5407 1074 5420 .
1110 5380 1163 5420 et
1193 5373 1251 5421 ad
1321 5385 1418 5422 Αιιι.
1444 5382 1515 5424 Er.
1544 5383 1644 5423 Par.
1671 5381 1781 5424 Lov.

582 5438 635 5498 α)
662 5437 785 5489 Vide
805 5433 1022 5498 Append.
1045 5446 1193 5498 serm.
1221 5434 1296 5498 t6,
1324 5448 1370 5483 n.
1396 5436 1443 5485 4.

577 5496 629 5567 b)
661 5501 804 5567 Alias,
822 5496 887 5548 de
911 5504 1150 5558 Tempore
1175 5496 1287 5567 ﬁt).
1422 5565 1430 5567 _
1479 5563 1491 5567 _
1637 5559 1646 5567 _
1859 5565 1892 5567 μ
1953 5555 1984 5567 υ

576 5555 624 5613 ei
657 5571 726 5612 De
749 5555 842 5611 hoc
883 5555 1116 5610 sermone
1158 5557 1437 5606 dubitarunt
1479 5559 1819 5608 Im'anienses.
1858 5555 2082 5607 verlinus

523 5619 815 5676 renuntiavit
854 5619 974 5672 nihil
997 5621 1184 5669 habere
1223 5619 1488 5682 Augustini.
1527 5626 1695 5668 Contra
1721 5620 2082 5682 vindingusso-

510 5703 589 5738 um
614 5687 774 5748 excipi
797 5684 949 5736 voluit
973 5682 1227 5733 exordium
1252 5679 1312 5731 ρι’
1326 5679 1702 5742 conclusionem,
1721 5679 1966 5746 reliquum
1990 5689 2082 5731 Au-

487 5750 668 5811 gustini
694 5760 807 5799 esse
826 5748 1082 5799 afﬁrmans.

1705 342 1762 398 S.
1795 339 2166 398 AUGUS'I‘INI‘
2201 337 2497 396 EPlSCOPl

3638 345 3779 402 1696

2201 461 2348 506 turus
2373 468 2429 505 cs
2458 466 2668 506 causam
2693 461 2832 506 tuam
2871 453 3050 522 paucis
3091 451 3284 519 verbis,
3309 462 3562 511 venturus
3598 457 3663 513 ad
3685 459 3780 515 illa

2193 541 2383 595 verba:
2407 541 2609 594 Dimitte
2629 543 2768 596 nobis
2784 543 2948 596 debita
2965 553 3153 608 nostra,
3173 544 3300 597 sicut
3317 554 3363 597 et
3376 561 3466 599 uos
3477 547 3780 603 dimittimus

2192 631 2493 685 debitoribus
2519 633 2701 686 nostris
2721 631 2928 703 (Matth.
2947 651 3023 699 vi,
3045 634 3154 704 19.).
3175 635 3309 688 Dicit
3326 637 3467 690 enim
3484 638 3572 692 tibi
3593 639 3737 694 Deus
3763 659 3778 697 τ

2192 721 2327 788 Quid
2358 724 2485 776 mihi
2512 723 2606 778 das
2628 767 2642 789 ,
2668 736 2725 778 ut
2745 740 2842 793 ego
2866 725 3130 779 dimittam
3162 727 3252 780 tibi
3279 727 3453 782 debita
3484 730 3606 784 tua?
3629 731 3781 802 Qua-

2193 812 2243 866 le
2285 829 2477 867 munus
2518 814 2704 880 offers,
2755 816 2910 885 quale
2939 816 3254 870 sacrificium
3286 819 3628 875 conscientia:
3667 830 3782 877 tum

2192 900 2420 970 imponis
2446 905 2700 960 altaribus
2731 906 2900 958 meis?
2931 905 3194 961 Continuo
3225 908 3406 962 docuit
3444 918 3494 964 te
3520 911 3645 980 quid
3675 928 3778 981 pc-

2193 1003 2272 1048 tas
2293 1004 2347 1048 et
2368 997 2491 1065 quid
2523 997 2734 1050 offeras.
2765 997 2906 1052 Petis
2928 1038 2943 1062 ,
2975 997 3180 1050 Dimitte
3205 1000 3346 1052 nobis
3372 1000 3537 1053 debita
3558 1013 3732 1057 nostra
3760 1019 3782 1058 :

2190 1094 2244 1139 et
2271 1095 2322 1138 tu
2357 1086 2516 1141 offers
2536 1130 2550 1152 ,
2581 1088 2744 1156 quid?
2771 1088 2914 1142 Sicut
2949 1099 2994 1142 et
3031 1105 3122 1143 nos
3148 1090 3444 1146 dimittimus
3471 1093 3779 1147 debitoribus

2190 1180 2390 1228 nostris.
2422 1177 2636 1231 Debitor
2663 1192 2721 1231 es
2745 1177 2908 1246 ci'qui
2941 1178 3047 1231 falli
3079 1193 3181 1232 non
3208 1189 3382 1248 potest
3411 1198 3423 1233 :
3456 1180 3619 1236 habes
3637 1191 3692 1238 et
3715 1193 3775 1237 tu

2190 1266 2504 1322 debitorem.
2539 1269 2675 1322 Dicit
2703 1269 2793 1323 tibi
2827 1269 2966 1323 Deus
2999 1287 3010 1320 :
3035 1269 3113 1323 Tu
3141 1269 3350 1324 debitor
3374 1286 3524 1325 meus
3546 1287 3638 1339 es,
3681 1273 3774 1327 ille

2189 1355 2396 1410 debitor
2425 1366 2576 1422 tuus;
2623 1359 2723 1411 hoc
2769 1359 2902 1412 facio
2931 1373 3030 1428 ego
3077 1359 3170 1412 tibi
3197 1359 3422 1414 debitori
3450 1376 3599 1425 meo,
3627 1364 3772 1431 quod

2191 1458 2244 1502 tu
2275 1449 2462 1517 feceris
2485 1449 2712 1503 debitori
2743 1460 2851 1503 tuo.
2875 1449 3000 1504 lude
3025 1450 3186 1506 offers
3212 1451 3339 1507 mihi
3373 1467 3594 1519 munus,
3625 1453 3782 1510 unde

2188 1540 2489 1608 peperceris
2529 1539 2753 1592 debitori
2781 1547 2889 1592 tuo.
2929 1539 3112 1610 Rogas
3138 1557 3224 1595 me
3247 1556 3343 1610 pro
3367 1543 3732 1597 misericordia
3754 1584 3772 1604 .

2190 1638 2242 1682 tu
2275 1629 2379 1682 noli
2410 1644 2528 1682 esse
2552 1631 2699 1698 piger
2728 1630 2779 1682 in
2807 1630 3188 1684 misericordia.
3217 1631 3445 1686 Attende
3459 1633 3598 1702 quod
3623 1634 3776 1688 Scri-

2188 1727 2342 1786 ptura
2388 1717 2545 1783 dicit,
2595 1718 2997 1772 Misericordia»:
3043 1721 3154 1774 volo
3184 1722 3344 1789 magis
3387 1739 3538 1791 quant
3573 1725 3778 1793 sacriﬁé

2190 1807 2320 1858 cium
2349 1806 2501 1878 (Osee
2527 1824 2581 1862 Vl
2604 1850 2617 1872 ,
2652 1808 2728 1878 6).
2761 1809 2875 1863 Noli
2904 1810 3095 1863 offerre
3123 1811 3441 1865 sacrificium
3461 1813 3577 1868 sine
3609 1815 3776 1870 mise-

2189 1897 2447 1964 ricordia;
2478 1900 2596 1968 quia
2628 1915 2731 1953 non
2763 1901 3103 1954 remittuntur
3127 1901 3219 1955 tibi
3259 1913 3473 1970 peccata
3506 1913 3594 1958 tua
3618 1946 3632 1970 ,
3667 1905 3778 1960 nisi

2189 1989 2381 2043 offeras
2402 2005 2521 2044 cum
2551 1991 2932 2046 misericordia.
2963 1992 3066 2047 Sed
3100 1993 3234 2048 forte
3255 1995 3386 2048 dicis
3411 2013 3424 2048 :
3452 1996 3568 2050 Non
3596 1997 3775 2053 habeo

2189 2090 2424 2149 peccata.
2472 2081 2820 2148 Quantumvis
2863 2092 3047 2137 cautus
3093 2085 3195 2149 sis,
3245 2083 3438 2153 frater,
3484 2096 3659 2142 tamen
3715 2090 3775 2144 in

2189 2183 2349 2223 carne
2375 2171 2558 2224 vivens
2585 2173 2636 2225 in
2668 2173 2892 2237 szcculo,
2918 2176 3030 2244 agis
3061 2176 3198 2230 inter
3227 2191 3505 2244 prcssuras
3531 2189 3585 2233 et
3603 2195 3778 2249 angu-

2190 2262 2352 2324 stias,
2395 2271 2450 2316 et
2493 2262 2633 2317 inter
2678 2263 3084 2318 innumerabilia
3135 2274 3460 2322 tentamenta
3501 2273 3776 2338 versaris;

2189 2365 2292 2402 non
2323 2351 2521 2418 poteris
2548 2367 2666 2406 esse
2709 2354 2824 2408 sine
2865 2364 3102 2421 peccato.
3131 2353 3288 2409 Certe
3311 2355 3440 2410 dicit
3465 2357 3557 2411 tibi
3591 2359 3728 2413 Deus
3757 2376 3774 2413 :

2190 2439 2418 2495 Securus
2479 2450 2594 2496 esto
2642 2441 2706 2496 de
2768 2452 3023 2514 peccato,
3089 2444 3197 2498 noli
3245 2444 3510 2500 dimittere
3555 2447 3602 2501 si
3664 2463 3777 2503 non

2191 2531 2354 2586 habes
2381 2531 2520 2602 quod
2547 2548 2646 2602 ego
2675 2533 2766 2586 tibi
2795 2534 3054 2588 dimittam
3076 2574 3090 2598 ,
3121 2535 3213 2588 sed
3245 2536 3414 2606 magis
3440 2537 3592 2606 exige
3617 2537 3661 2591 si
3691 2538 3780 2591 ni-

2190 2621 2263 2676 hil
2289 2622 2451 2676 debcs
2494 2639 2507 2674 :
2552 2624 2594 2677 si
2635 2632 2810 2678 autem
2860 2624 3176 2690 debitores,
3205 2629 3370 2696 magis
3399 2628 3670 2697 gratulare
3719 2636 3779 2684 te

2192 2711 2390 2766 habere
2417 2712 2733 2781 debitorem,
2767 2715 2817 2768 in
2849 2728 2954 2784 quo
2979 2714 3144 2771 facias
3167 2717 3305 2786 quod
3335 2719 3422 2772 fiat
3447 2718 3502 2772 in
3533 2727 3604 2774 te.
3634 2720 3777 2775 Audi

2191 2817 2304 2866 me,
2334 2812 2387 2856 et
2413 2802 2618 2858 discute
2656 2812 2706 2858 te
2726 2845 2741 2870 ,
2773 2805 2892 2874 quia
2917 2805 3001 2859 vel
3035 2804 3102 2860 de
3127 2806 3202 2876 (a)
3233 2808 3414 2875 paucis
3444 2808 3650 2876 probis,
3681 2810 3778 2878 qui

2189 2901 2412 2961 possunt
2439 2894 2454 2924 ⁸
2485 2893 2745 2948 veraciter
2782 2909 2938 2949 orare
2965 2895 3260 2950 orationem
3289 2896 3638 2964 dominicam,
3675 2913 3777 2953 ve-

2189 2983 2385 3036 raciter
2427 2982 2606 3038 dicere
2626 3025 2641 3050 ,
2691 2984 2912 3038 Domine
2937 3026 2952 3051 ,
2981 2983 3188 3040 dimitte
3217 2986 3378 3051 mihi,
3421 2987 3558 3041 sicut
3594 2995 3646 3041 et
3673 3003 3778 3058 ego

2189 3073 2416 3128 dimitto.
2445 3074 2558 3128 Non
2586 3075 2842 3130 fallaciter
2861 3117 2875 3142 ,
2907 3090 3014 3132 non
3039 3077 3185 3142 ficte,
3217 3093 3282 3132 ex
3311 3079 3471 3133 corde
3494 3095 3619 3134 vero
3648 3079 3730 3134 fac
3752 3119 3776 3148 ,

2190 3173 2246 3218 ιιι
2275 3172 2328 3218 et
2355 3165 2406 3219 in
2435 3173 2486 3222 te
2511 3181 2696 3220 verum
2726 3166 2833 3220 fiat.
2863 3166 2916 3222 Si
2940 3168 3081 3221 enim
3111 3169 3198 3237 qui
3232 3176 3282 3223 te
3309 3169 3446 3223 lmsit
3465 3211 3479 3238 ,
3511 3171 3599 3239 qui
3631 3171 3682 3224 in
3721 3182 3776 3226 te

2189 3256 2636 3326 peccavit,petit
2664 3271 2694 3310 a
2737 3264 2790 3311 te
2833 3258 3073 3325 veniam,
3101 3267 3156 3313 et
3184 3260 3446 3329 ignoscis;
3479 3261 3588 3330 jam
3621 3271 3776 3330 potes

2190 3361 2409 3401 securus
2452 3347 2664 3413 dicere,
2696 3347 2905 3402 Dimitte
2947 3349 3089 3403 nobis
3135 3351 3300 3403 debita
3329 3361 3533 3417 nostra,
3564 3352 3690 3404 sicut
3725 3361 3778 3406 et

2190 3453 2280 3490 nos
2323 3438 2620 3493 dimittimus
2648 3439 2948 3494 debituribus
2986 3443 3188 3496 nostris.
3219 3442 3350 3496 Nam
3380 3443 3423 3497 si
3455 3444 3658 3498 resistis
3683 3459 3777 3498 ro-

2189 3529 2352 3597 ganti,
2383 3530 2736 3584 contemneris
2761 3540 2812 3585 et
2835 3539 2888 3584 tu
2910 3546 3028 3585 cum
3051 3533 3342 3601 rogaveris.
3363 3533 3611 3588 Clausisti
3636 3549 3776 3588 con-

2191 3629 2271 3674 tra
2320 3622 2649 3690 pulsantem.
2697 3623 2933 3677 clausum
2979 3624 3253 3691 invenies,
3291 3640 3412 3680 cum
3453 3627 3773 3696 pulsaveris.

2189 3707 2318 3762 Nam
2349 3710 2392 3762 si
2415 3712 2688 3779 aperueris
2715 3712 2914 3766 viscera
2944 3714 3284 3784 indulgentia:
3308 3717 3510 3785 roganti
3539 3725 3618 3782 te,
3641 3734 3776 3787 ape-

2188 3799 2293 3854 riet
2313 3810 2368 3854 et
2387 3801 2476 3855 tibi
2509 3803 2665 3868 Deus,
2699 3818 2820 3857 cum
2844 3807 3112 3875 ragaveris
3135 3822 3277 3861 eum.
3308 3808 3463 3862 Modo
3483 3810 3622 3864 enim
3651 3811 3777 3871 illos

2188 3892 2458 3963 alloquor,
2489 3895 2576 3965 qui
2608 3903 2795 3964 petunt
2821 3898 3029 3951 veniam
3057 3915 3085 3952 a
3117 3898 3364 3955 fratribus
3391 3901 3499 3955 suis
3525 3902 3775 3959 christia-

2189 3983 2301 4049 nis,
2345 3994 2400 4039 et
2445 4000 2548 4040 non
2578 3988 2865 4057 accipiunt.
2891 3989 3027 4044 Ecce
3058 3999 3110 4044 tu
3139 3991 3182 4044 si
3207 3995 3569 4060 concesseris,
3602 4010 3768 4050 secu-

2188 4090 2280 4128 rus
2309 4077 2503 4131 orabis.
2551 4076 2640 4132 Ille
2666 4093 2795 4133 vero
2814 4120 2829 4146 ,
2875 4080 2918 4133 si
2948 4089 2998 4134 te
3040 4083 3334 4151 rogaverit,
3357 4092 3410 4136 et
3430 4085 3471 4138 si
3503 4100 3607 4138 non
3637 4101 3776 4139 con-

2188 4167 2448 4232 cesseris,
2479 4169 2745 4238 quomodo
2790 4185 3008 4226 securus
3037 4173 3142 4228 eris
3172 4175 3227 4226 ’ἲ
3267 4175 3514 4245 Quisquis
3539 4177 3677 4230 enim
3711 4194 3778 4235 es

2188 4257 2276 4326 qui
2301 4259 2560 4327 peccasti,
2594 4267 2649 4314 et
2693 4263 2898 4316 veniam
2947 4278 3053 4317 non
3085 4265 3356 4332 meruisti,
3406 4268 3511 4321 noli
3539 4268 3731 4324 timere
3757 4312 3773 4335 ,

2189 4349 2466 4418 interpella
2506 4352 2670 4406 Deum
2696 4353 2862 4422 ipsius
2905 4365 2957 4409 ct
2985 4365 3130 4410 tuum
3168 4375 3179 4410 :
3212 4357 3386 4412 debita
3426 4361 3566 4415 enim
3603 4372 3773 4417 sunt:

2189 4439 2444 4508 numquid
2473 4443 2667 4510 poterit
2691 4443 2868 4498 debita
2895 4446 3109 4514 exigere
3138 4463 3323 4502 servus
3344 4489 3357 4512 ,
3388 4466 3507 4520 quin
3528 4451 3774 4515 donare-

2188 4529 2257 4582 rit
2284 4529 2530 4587 dominus
2556 4531 2671 4604 (b)?
2712 4532 2768 4589 Si
2798 4534 2934 4591 forte
2963 4552 3065 4592 non
3099 4547 3150 4593 te
3193 4542 3460 4610 rogaverit
3504 4543 3592 4612 qui
3635 4545 3686 4598 in
3718 4553 3778 4601 te

2186 4622 2452 4688 peccavit,
2495 4622 2539 4676 si
2588 4624 2795 4678 veniam
2830 4641 2934 4680 non
2982 4626 3326 4696 deprecatur;
3362 4632 3403 4684 si
3439 4635 3772 4702 peccaverit,

2189 4711 2404 4780 insuper
2431 4713 2602 4768 adlmc
2629 4724 2682 4770 et
2725 4716 2998 4783 irascitur,
3033 4728 3084 4773 tu
3115 4721 3241 4790 quid
3280 4721 3480 4778 facies?
3505 4724 3730 4780 dimittis
3757 4769 3774 4792 ,

2187 4815 2253 4854 an
2283 4817 2388 4856 non
2410 4801 2666 4860 dimittis?
2691 4806 2826 4862 Ecce
2850 4823 2955 4863 non
2982 4809 3248 4865 dimisisti.
3271 4812 3484 4880 Quare?
3503 4814 3636 4880 Quia
3660 4832 3778 4874 non

2188 4892 2408 4960 rogavit.
2467 4892 2525 4947 Si
2566 4904 2842 4964 pr0pterea
2882 4913 2987 4953 non
3037 4899 3314 4968 dimisisti,
3355 4903 3478 4973 quia
3519 4918 3624 4974 nou
3673 4921 3778 4960 ro-

2187 4983 2362 5052 gavit,
2419 4985 2526 5038 noli
2582 4985 2807 5042 titubare
2843 4987 2898 5042 in
2954 4989 3220 5046 dominica
3276 4987 3556 5062 oratione,
3613 5011 3781 5052 secu-

2188 5086 2282 5126 rus
2319 5073 2460 5127 illam
2499 5074 2618 5140 dic,
2660 5091 2763 5131 non
2805 5079 2898 5133 tibi
2939 5090 3123 5148 pectus
3159 5068 3462 5152 percutias,
3495 5086 3616 5155 quia
3661 5103 3778 5144 non

2188 5165 2392 5232 roganti
2446 5181 2550 5219 non
2597 5167 2863 5223 dimisisti.
2909 5169 3049 5241 Ergo
3093 5171 3183 5227 ille
3230 5175 3318 5242 qui
3379 5191 3480 5230 non
3532 5179 3777 5247 rogavit,

2188 5258 2442 5312 remansit
2481 5274 2494 5310 :
2536 5261 2800 5331 exigitur,
2837 5277 3058 5342 prorsus
3096 5267 3324 5336 exigitur
3372 5268 3440 5321 ab
3477 5269 3566 5323 illo
3609 5287 3622 5323 :
3676 5285 3780 5326 ve-

2411 5431 3114 5513 ίξίίαμυεζές,ητιξιξτείρτοίέεδεν
3133 5438 3428 5513 qui
3453 5441 3601 5513 Lusd-
3627 5451 3782 5513 V9931

2189 5493 2308 5568 quia
2317 5493 2397 5568 pet
2419 5493 2683 5568 ite-paucis
2698 5493 2912 5568 prodest;
2935 5499 3019 5561 qui
3296 5510 3429 5567 μοι,
3468 5493 3582 5568 ριῖἱα
3612 5493 3783 5559 add;

2189 5556 2352 5618 paucis
2373 5556 2556 5627 prodis,
2582 5556 2666 5619 qui
2685 5556 2894 5622 possunt.
2948 5556 3017 5610 'M.

2253 5618 2274 5648 ²
2295 5623 2452 5677 Forte,
2471 5625 2580 5668 erit.

2253 5677 2327 5801 qu;
2361 5686 2514 5752 Forte,
2536 5678 2580 5730 si
2600 5685 2651 5732 tu
2670 5693 2720 5731 es
2743 5682 2820 5734 de.

2279 5740 2306 5788 b
2362 5741 2475 5790 vide
2497 5751 2646 5792 serm.
2674 5743 2782 5806 ‘2“,
2808 5757 2887 5794 nn.
2914 5746 2945 5794 5
2969 5753 3019 5796 et
3044 5746 3092 5796 4.
