4006 6480
257 315 397 374 1697

261 436 562 484 rumtamen
599 427 652 484 in
690 435 742 484 te
779 427 850 482 sit
888 424 1122 496 perfecta
1159 421 1412 487 charitas,
1452 434 1580 490 roga
1609 433 1704 490 pro
1735 433 1841 472 non

261 528 514 590 rogante;
543 518 664 586 quia
693 531 848 586 rogas
870 533 964 586 pro
989 515 1212 570 multum
1239 511 1592 584 periclitante.

329 611 384 665 Ω.
421 610 604 664 Clu-isti
636 610 916 678 exemplum
955 607 1146 661 orantis
1183 621 1275 676 pro
1315 601 1667 658 insultantilius
1691 611 1738 654 et
1767 605 1846 653 in-

258 701 635 768 terﬁcientibus.
693 699 990 769 Exemplum
1031 697 1298 766 Stephani.
1342 693 1438 748 llic
1481 693 1590 762 jam
1631 691 1844 746 attende

260 795 561 863 Magistrum
598 801 652 846 et
701 791 981 846 Dominum
1023 798 1202 853 tuum,
1233 802 1339 841 non
1371 786 1422 838 in
1468 783 1717 840 cathedra
1761 797 1842 837 se-

258 885 493 949 dentem,
531 883 624 938 sed
673 884 724 938 in
767 882 910 952 ligno
949 879 1288 950 pendentem,
1317 875 1713 944 circumspectis
1743 891 1842 926 un-

255 975 412 1044 dique
475 975 640 1030 turbis
703 973 1034 1028 inimicorum
1106 980 1159 1026 et
1237 969 1498 1024 dicentem
1569 984 1583 1020 :
1651 965 1842 1029 Pater,

256 1067 458 1134 ignosce
495 1065 596 1118 illis
621 1106 634 1128 ,
663 1065 782 1134 quia
817 1064 1036 1117 nesciunt
1073 1059 1198 1132 quid
1228 1059 1418 1130 faciunt
1461 1055 1621 1129 (Luc.
1669 1071 1803 1110 xxxii
1825 1095 1840 1120 ,

255 1153 325 1208 ’ὀί
355 1154 392 1221 ).
440 1151 574 1208 Vide
623 1153 970 1222 magistrum,
1017 1151 1139 1204 audi
1183 1149 1524 1204 imitatorem.
1581 1145 1843 1214 Numquid

257 1250 382 1298 tunc
427 1243 682 1298 Dominus
725 1243 966 1298 Christus
1015 1257 1111 1310 pro
1161 1239 1470 1309 rogantibus
1523 1237 1746 1307 rogavit,
1792 1245 1844 1290 et

253 1349 362 1386 non
423 1336 597 1404 potius
651 1349 746 1405 pro
803 1333 1179 1388 insultantibus
1233 1341 1287 1386 et
1345 1329 1843 1385 interlieientibns?

252 1423 519 1495 Numquid
547 1427 778 1480 deseruit
799 1425 1038 1480 medicus
1061 1425 1292 1478 ofticiutn
1325 1439 1502 1486 suum,
1535 1423 1657 1492 quia
1685 1421 1842 1489 phre-

251 1517 462 1570 neticus
500 1517 750 1571 smviebat
779 1515 802 1568 ?
831 1517 922 1570 Dic
958 1517 1130 1580 enim,
1160 1513 1375 1586 Ignosce
1409 1512 1532 1578 illis,
1574 1513 1692 1582 quia
1733 1528 1843 1565 nes-

251 1607 392 1660 ciunt
414 1608 534 1676 quid
554 1609 768 1676 faciunt.
810 1608 1134 1664 Salvatoreni
1161 1605 1436 1672 occidunt,
1465 1605 1585 1674 quia
1616 1603 1840 1656 salutem

255 1713 361 1752 non
409 1707 668 1767 qumrunt.
705 1699 746 1752 E
786 1709 970 1754 contra
999 1707 1054 1752 et
1101 1707 1152 1752 tu
1193 1697 1414 1752 forsitan
1456 1695 1694 1749 dicturus
1741 1709 1838 1748 es:

251 1787 324 1842 Et
367 1788 579 1856 quando
620 1804 718 1859 ego
749 1790 848 1842 hoc
893 1803 1106 1858 possum
1142 1788 1282 1858 quod
1325 1787 1578 1842 Dominus
1623 1783 1840 1856 potuit?

251 1879 430 1946 Quare
451 1877 552 1933 hoc
575 1879 708 1934 dicis
737 1879 760 1932 ?
787 1879 1014 1932 Attende
1036 1878 1124 1934 ubi
1161 1878 1258 1931 hoc
1285 1876 1408 1930 facit
1439 1893 1453 1940 ;
1482 1875 1694 1930 attende
1718 1875 1839 1943 quia

251 1969 308 2022 in
341 1985 499 2024 cruce
541 1969 640 2022 hoc
661 1971 818 2036 fecit,
859 1986 963 2026 non
995 1971 1046 2024 in
1093 1971 1248 2026 caelo.
1281 1969 1506 2038 Semper
1531 1969 1672 2024 enim
1700 1969 1839 2024 Deus

253 2059 310 2112 in
341 2060 479 2116 coelo
519 2076 638 2114 cum
671 2061 827 2114 Patre
862 2079 874 2114 :
910 2061 958 2114 in
986 2075 1146 2114 cruce
1187 2069 1362 2114 autem
1409 2074 1504 2128 pro
1553 2067 1604 2112 te
1653 2058 1836 2124 homo,

247 2151 342 2204 ubi
371 2165 428 2204 se
453 2151 762 2204 imitandum
791 2152 1018 2220 pra-buit
1046 2151 1314 2205 omnibus.
1345 2150 1452 2204 Pro
1483 2159 1534 2204 te
1570 2149 1712 2204 enim
1741 2149 1838 2202 mi-

251 2239 323 2292 sit
356 2241 522 2308 ipsam
551 2255 759 2305 voccm,
793 2250 842 2292 ut
885 2241 954 2294 ab
986 2241 1234 2294 omnibus
1264 2241 1555 2295 audiretur.
1586 2239 1718 2294 Nam
1745 2255 1839 2308 po-

251 2329 355 2382 tuit
393 2345 488 2399 pro
539 2331 644 2384 illis
683 2347 836 2384 orare
864 2331 914 2384 in
953 2331 1184 2396 silentio,
1226 2330 1320 2385 sed
1353 2341 1407 2384 tu
1461 2347 1566 2386 non
1614 2330 1840 2386 haberes

249 2420 576 2488 exemplum.
609 2420 712 2474 Sed
757 2421 802 2474 si
841 2421 1064 2474 multum
1093 2428 1176 2474 est
1209 2420 1276 2474 ad
1307 2429 1358 2474 te
1409 2420 1688 2484 Dominus,
1732 2435 1836 2474 non

249 2509 324 2564 sit
349 2510 412 2563 ad
446 2519 498 2564 te
545 2511 767 2564 multum
800 2525 1006 2564 servus.
1029 2510 1144 2566 Non
1169 2510 1534 2580 potesimitari
1557 2510 1836 2564 Dominum

253 2610 433 2666 tuum,
480 2615 598 2654 cum
645 2602 900 2670 penderet
938 2602 988 2654 in
1031 2601 1237 2656 cruce?
1267 2601 1594 2671 Stephanum
1625 2617 1838 2656 servum

249 2691 391 2760 ejus,
423 2705 542 2746 cum
583 2692 608 2745 l.
633 2692 928 2762 pidaretur,
955 2691 1190 2746 attende.
1219 2692 1454 2746 Primum
1483 2693 1558 2746 ait
1590 2699 1836 2760 tanquam

247 2797 440 2838 servus
477 2782 543 2836 ad
592 2777 904 2848 Dominum,
945 2781 1161 2836 Domine
1186 2781 1346 2849 Jesu,
1390 2783 1562 2852 accipe
1603 2782 1840 2852 spiritum

261 2889 428 2926 meum
459 2890 476 2936 ;
527 2882 579 2926 et
607 2883 726 2942 post
766 2873 880 2928 ha‘c
907 2888 1046 2942 genu
1077 2872 1213 2926 ﬂexo
1251 2873 1344 2938 ait,
1377 2870 1612 2936 Domine,
1645 2888 1706 2926 ne
1729 2881 1838 2925 sta-

253 2973 370 3016 tuas
391 2964 492 3016 illis
517 2963 610 3017 Iioc
648 2973 906 3034 peccatum
933 2965 950 3031 (
971 2963 1084 3016 Act.
1124 2979 1228 3026 vit,
1273 2963 1417 3030 58_et
1442 2960 1545 3030 59)
1579 2979 1592 3016 :
1621 2969 1674 3016 et
1716 2976 1837 3015 cum

251 3053 358 3108 hoc
390 3053 630 3116 dixisset,
659 3054 982 3108 obdormivit
1007 3055 1056 3106 in
1089 3053 1271 3122 requie
1294 3052 1613 3106 dilectionis.
1643 3051 1836 3106 Pacem

249 3145 649 3214 pinguissimam
698 3146 927 3210 invenit,
955 3145 1074 3214 quia
1123 3159 1306 3212 pacem
1347 3143 1574 3196 inimicis
1615 3143 1834 3212 optavit.

248 3235 517 3306 Numquid
548 3246 600 3290 et
632 3237 744 3306 ipse
769 3247 893 3290 tunc
926 3254 1019 3306 pro
1046 3237 1354 3305 rogantibus
1377 3236 1612 3306 rogavit,
1651 3244 1705 3288 et
1731 3252 1836 3290 non

249 3345 348 3399 pro
374 3331 734 3394 smvientibus,
769 3346 864 3400 pro
889 3330 1245 3398 lapidantibus
1272 3338 1326 3384 et
1357 3328 1837 3383 interlicientibus?

251 3421 428 3476 llabes
459 3423 783 3490 exemplum,
811 3422 976 3488 disce,
1021 3421 1140 3476 vide
1180 3420 1446 3490 quomodo
1485 3435 1583 3491 pro
1609 3435 1666 3474 se
1692 3431 1837 3476 stans

249 3513 442 3576 oravit,
475 3522 528 3567 et
559 3528 653 3582 pro
681 3514 785 3566 illis
801 3527 940 3583 genu
974 3512 1145 3568 ﬂexit.
1177 3513 1451 3578 Putemus,
1477 3512 1682 3576 fratres,
1715 3512 1837 3581 quia

247 3603 372 3672 plus
397 3617 490 3657 eos
513 3604 682 3673 diligit
706 3645 720 3668 ,
750 3619 908 3672 quam
943 3617 1002 3658 se
1029 3604 1202 3672 ipsum
1246 3603 1268 3656 ?
1308 3603 1414 3657 Pro
1452 3616 1512 3657 se
1535 3617 1664 3656 vero
1691 3611 1838 3656 stans

247 3702 502 3764 tauquam
529 3695 726 3764 justus,
751 3695 904 3750 facile
933 3695 1336 3750 exaudiebatur.
1366 3695 1494 3748 Nam
1525 3711 1622 3764 pro
1645 3694 1838 3764 iniquis

245 3799 388 3855 genu
425 3785 686 3855 figendum
725 3795 858 3841 erat.
887 3785 1132 3840 Ostendit
1154 3801 1281 3856 ergo
1309 3786 1646 3841 dilectionem
1669 3801 1837 3856 usque

247 3875 318 3930 ad
343 3876 584 3932 inimicos
611 3878 816 3930 veniam
841 3887 1090 3948 rogantes
1111 3879 1150 3929 ί.
1183 3878 1343 3946 Ergo,
1379 3877 1588 3944 fratres,
1623 3887 1839 3948 propter

245 3970 594 4025 securitatem
619 3969 902 4024 dominica:
928 3969 1187 4024 orationis
1208 4009 1222 4034 ,
1255 3969 1559 4039 rogantibus
1583 3985 1648 4024 ex
1676 3970 1838 4027 corde

245 4061 516 4124 dimittite,
544 4070 598 4116 et
629 4071 687 4116 ut
717 4061 972 4116 Dominus
989 4061 1140 4116 vobis
1167 4069 1341 4116 vestra
1367 4069 1582 4130 peccata
1609 4061 1840 4118 dimittat

245 4151 304 4206 in
333 4151 434 4206 hoc
461 4153 670 4208 mortali
697 4167 920 4222 corpore
947 4162 1002 4208 et
1037 4151 1216 4208 futuro
1231 4167 1396 4222 usque
1414 4152 1466 4206 in
1484 4153 1700 4222 saecula,
1729 4162 1834 4210 etc.

607 4255 846 4318 SERth
881 4259 1296 4318 CCCLXXXVII
1335 4265 1353 4286 ⁹
1385 4261 1484 4333 (a).

635 4349 712 4405 De
740 4353 1052 4422 correptione
1086 4353 1303 4420 proximi
1345 4350 1444 4423 (ὁ).

321 4447 375 4496 1.
425 4441 741 4513 Corripiendi
793 4459 918 4495 cura
974 4443 1317 4496 sacerdotibus
1359 4443 1612 4512 imposita.
1655 4443 1836 4498 Sermo

245 4532 350 4590 Dei
375 4532 698 4586 aduersarius
719 4541 906 4586 noster.
935 4531 1267 4603 Frequenter
1293 4533 1346 4587 in
1375 4532 1662 4602 Scripturis
1681 4547 1835 4590 sanc-

248 4622 322 4678 tis
368 4622 570 4676 audivit
609 4621 856 4676 Charitas
901 4632 1108 4688 vestra,
1155 4623 1347 4677 fratres
1385 4623 1746 4686 dilectissimi,
1781 4625 1833 4680 in

245 4725 358 4782 quo
387 4713 494 4767 sint
531 4711 838 4767 sacerdotes
867 4713 1102 4782 periculo
1130 4713 1424 4780 constituti,
1473 4714 1518 4768 si
1567 4714 1834 4769 noluerint

245 4805 474 4873 implere
514 4804 640 4858 illud
685 4803 824 4874 quod
871 4813 1198 4858 contestatur
1237 4805 1557 4874 Apostolus,
1601 4803 1834 4861 Praedico

243 4893 470 4957 verbum,
505 4895 637 4948 insta
665 4904 964 4964 opportune,
1017 4894 1302 4963 importune
1330 4912 1350 4960 ;
1387 4911 1560 4964 argue,
1604 4896 1829 4964 increpa,

246 4985 453 5039 obsecra
476 5001 590 5039 cunt
615 4985 750 5038 omni
775 4985 1014 5056 patientia
1038 4993 1084 5038 et
1112 4985 1340 5037 doctrina
1383 4985 1402 5054 (
1425 4984 1466 5038 ll
1495 4983 1623 5038 Tim.
1651 5001 1720 5051 iv,
1747 4984 1826 5055 2).

249 5075 322 5130 Ει
359 5075 480 5146 quia
531 5085 634 5130 tam
675 5091 834 5146 grave
860 5075 1067 5146 pondus
1112 5075 1352 5130 imminet
1390 5076 1684 5130 cervicibus
1730 5091 1828 5132 no-

249 5166 402 5234 stris,
438 5166 628 5236 quibus
671 5166 895 5234 dicitur,
926 5167 988 5222 Si
1025 5182 1126 5221 non
1148 5166 1522 5220 annuntiaveris
1543 5167 1714 5235 iniquo
1734 5167 1831 5220 ini-

313 5278 330 5308 ι
351 5281 508 5334 Forte,
533 5287 627 5324 non
651 5281 885 5337 rogantes.

313 5339 329 5356 '
355 5337 642 5386 Emendatus
683 5334 744 5386 ad
775 5337 898 5387 duos
923 5337 984 5386 cl.
1032 5337 1089 5387 ad
1121 5350 1197 5401 gr.
1244 5349 1334 5388 rm.
1355 5350 1403 5384 ν.
1441 5342 1494 5386 et
1535 5334 1594 5385 ad
1628 5344 1726 5386 am.
1752 5343 1822 5384 Er.

241 5405 355 5450 Par.
377 5405 486 5446 ων.

311 5459 387 5520 (a)
421 5457 560 5517 Alias,
584 5459 616 5507 5
637 5459 764 5509 inter
786 5459 1010 5508 Homilias
1031 5459 1109 5510 50.

311 5519 384 5582 (li)
417 5522 680 5582 Augustino
709 5533 803 5569 nec
833 5521 1086 5582 exordium
1129 5522 1387 5580 convenit,
1429 5533 1522 5570 nec
1565 5519 1824 5571 conclusio.

247 5589 344 5646 lies
359 5581 486 5630 inter
495 5581 570 5646 se
589 5583 846 5646 invenuste
867 5581 1132 5646 cohmrent,
1151 5592 1202 5633 et
1223 5582 1668 5646 nimiumnegleeta
1687 5594 1762 5633 est
1779 5585 1826 5632 in

245 5643 390 5714 dictis
413 5643 729 5714 perspicuitas
761 5651 814 5714 et
835 5642 1097 5706 elegantia.
1121 5651 1356 5708 Congesta
1389 5643 1466 5694 hic
1490 5642 1710 5708 mutamus
1735 5657 1824 5694 au-

249 5705 430 5766 gttstini
449 5711 532 5754 aut
551 5706 716 5766 verba,
735 5713 818 5754 aut
839 5705 1030 5754 sensus.

1565 302 1794 362 SERMO
1831 301 2265 362 CCCLXXXVII.

3395 325 3526 382 "398

1949 421 2188 510 quitatem
2226 439 2392 502 suain,
2421 427 2712 498 sanguinem
2736 433 2846 503 ejus
2871 433 2935 487 de
2963 450 3116 490 manu
3152 445 3241 490 tua
3276 441 3524 510 requiram

1951 508 2183 604 (lfzecli.
2211 528 2288 578 in,
2319 514 2420 586 18)
2445 534 2460 582 ;
2493 533 2710 574 necesse
2737 525 2893 578 nobis
2931 535 3014 582 est
3042 508 3404 604 quoscumque
3427 551 3523 590 ne-

1949 600 2209 695 gligentes
2229 613 2318 695 aut
2341 618 2546 662 secrete
2571 619 2662 664 aut
2687 614 2896 680 publice
2925 617 3200 688 castigare.
3230 600 3335 678 Sed
3361 641 3525 695 quan-

1948 689 2018 742 do
2058 693 2394 763 corripimus,
2437 697 2526 752 ille
2563 715 2720 768 quem
2771 705 3110 774 corripimus,
3139 711 3183 762 si
3223 689 3394 767 malus
3422 727 3522 781 est,

1947 783 2168 836 attendit
2211 801 2238 838 a
2269 801 2374 855 quo
2399 790 2715 859 corripiatur
2749 812 2760 856 ;
2805 805 2859 849 et
2897 797 3096 854 facilius
3132 803 3184 856 in
3223 819 3526 878 correptore

1948 886 2045 924 suo
2075 888 2230 940 quam
2263 877 2314 928 in
2352 893 2410 930 se
2455 879 2682 936 libenter
2720 889 2956 954 agnoscit
2995 892 3134 959 quod
3167 877 3414 967 corrigat.
3463 902 3523 955 lit

1947 968 1990 1016 si
2023 981 2142 1019 vera
2185 968 2471 1036 invenerit,
2505 990 2622 1041 qum
2659 985 2712 1030 et
2743 978 2854 1047 ipse
2891 980 3030 1036 dicat
3073 983 3123 1036 in
3171 1001 3293 1042 eum
3347 1005 3376 1042 a
3419 1005 3524 1060 quo

1946 1056 2263 1124 corripitur,
2295 1061 2510 1128 gaudet.
2552 1065 2772 1132 Quando
2813 1071 3001 1126 melius
3043 1077 3296 1143 gauderet
3336 1081 3404 1135 de
3431 1056 3522 1138 sua

1945 1148 2174 1204 sanitate
2221 1165 2512 1218 correctus,
2541 1173 2698 1226 quam
2739 1160 2804 1214 de
2837 1163 3010 1218 alieno
3058 1167 3308 1238 languore
3338 1189 3522 1231 corre-

1947 1247 2068 1306 ptus
2087 1239 2109 1292 ?
2131 1241 2266 1294 Ecce
2295 1253 2418 1310 puta
2445 1263 2626 1301 verum
2654 1265 2771 1305 esse
2801 1255 2940 1321 quod
2968 1257 3130 1322 dicis;
3161 1262 3402 1319 invenisti
3430 1268 3524 1320 ali-

1945 1329 2069 1398 quid
2111 1332 2160 1383 in
2207 1332 2423 1390 hoinine
2464 1353 2492 1390 a
2541 1353 2643 1407 quo
2679 1345 3035 1410 reprehensus
3077 1365 3176 1404 es:
3213 1363 3385 1408 tamen
3431 1373 3523 1424 per

1945 1420 2091 1474 illum
2135 1423 2224 1476 tibi
2257 1426 2447 1480 veritas
2498 1430 2854 1498 loquebatur;
2903 1453 2996 1504 per
3039 1441 3254 1505 malum,
3284 1460 3375 1512 per
3419 1420 3520 1500 ini-

1942 1526 2104 1580 quum
2143 1515 2230 1568 tibi
2261 1517 2452 1571 veritas
2483 1519 2807 1588 loquebatur.
2846 1525 3051 1593 Qu:eris
3079 1530 3202 1598 quid
3233 1535 3522 1601 reprehen-

1941 1601 2037 1656 das
2063 1603 2113 1657 in
2155 1605 2372 1663 homine
2423 1627 2435 1661 :
2486 1613 2660 1666 inveni
2700 1617 2874 1684 potius
2916 1619 3040 1688 quid
3081 1625 3438 1691 reprehendas
3468 1631 3518 1684 in

1942 1693 2182 1746 veritate.
2235 1697 2375 1751 Velis
2405 1701 2568 1765 nolis,
2601 1703 2797 1759 illa-est
2824 1707 3121 1764 adversaria
3153 1723 3234 1766 tua
3256 1755 3270 1777 ,
3323 1717 3372 1770 in
3418 1735 3520 1788 qua

1943 1797 2050 1836 non
2083 1785 2287 1840 invenis
2312 1790 2452 1857 quod
2488 1806 2723 1847 accuses.
2765 1795 2908 1850 lllam
2952 1799 3032 1854 lac
3076 1805 3320 1870 amicam,
3351 1809 3394 1862 si
3429 1785 3520 1877 po-

1945 1881 2042 1928 tes.
2077 1875 2424 1934 Adversarius
2475 1891 2595 1935 tuus
2633 1897 2808 1938 sermo
2839 1887 2932 1942 Dei
2971 1899 3053 1943 est
3086 1909 3097 1943 :
3131 1894 3362 1960 proferat
3397 1875 3516 1952 eum

1941 1975 2206 2034 peccator,
2245 1969 2614 2038 proferatenm
2641 1974 2813 2042 justus
2842 1994 2856 2041 ;
2887 1995 3062 2034 sermo
3091 1982 3180 2036 Dei
3215 1995 3314 2048 est,
3353 1988 3522 2044 incul-

1941 2055 2130 2124 pabilis
2153 2067 2252 2110 est.
2283 2057 2400 2126 Ipse
2425 2069 2506 2114 est
2532 2062 2865 2119 adversarius
2898 2077 3018 2121 tuus
3051 2086 3063 2121 :
3097 2075 3356 2128 concorda
3396 2093 3518 2132 cum

1941 2161 2026 2212 eo,
2057 2161 2176 2201 eum
2199 2163 2257 2204 es
2280 2164 2400 2204 cum
2429 2152 2586 2207 illoin
2615 2156 2717 2208 via.
2743 2157 2837 2210 Via
2860 2159 2960 2212 vita
2992 2160 3090 2215 ista
3119 2172 3217 2216 est.
3251 2165 3518 2222 Adversa-

1942 2237 2052 2291 rius
2089 2240 2326 2294 omnium
2373 2243 2668 2312 iniquorum
2709 2262 2885 2301 sermo
2927 2251 3017 2305 Dei
3048 2263 3146 2308 est.
3191 2255 3386 2313 Parum
3427 2261 3516 2314 tibi

1941 2339 2022 2384 est
2057 2333 2196 2400 quod
2225 2349 2344 2386 eum
2370 2345 2510 2388 esset
2539 2353 2758 2392 manens
2789 2341 2840 2394 in
2875 2357 2968 2395 sua
3005 2343 3305 2400 beatissima
3340 2359 3393 2404 et
3427 2368 3512 2406 se-

1941 2423 2234 2476 cretissima
2279 2425 2426 2490 sede,
2455 2429 2595 2480 venit
2626 2429 2691 2482 ad
2715 2441 2765 2485 te
2789 2473 2803 2496 ,
2851 2443 2906 2485 ut
2951 2445 3092 2489 esset
3134 2445 3307 2492 tecum
3335 2441 3384 2494 in
3413 2443 3514 2509 via,

1941 2519 1995 2564 et
2033 2519 2206 2566 tecum
2233 2513 2398 2566 voluit
2423 2516 2663 2570 comitari
2695 2518 2717 2570 ?
2748 2527 2802 2572 ut
2825 2535 2944 2574 cum
2974 2525 3234 2593 ambulas,
3261 2537 3316 2583 et
3344 2531 3394 2584 in
3423 2547 3518 2602 pa-

1939 2608 2132 2656 testate
2173 2601 2370 2670 habes,
2418 2619 2709 2676 componas
2761 2625 2973 2666 causam
3025 2623 3190 2682 tuam,
3243 2629 3296 2674 et
3335 2601 3514 2690 dicas,

1941 2693 2162 2760 Quando
2195 2695 2436 2750 finiturus
2465 2711 2524 2753 es
2551 2699 2732 2754 viam?
2757 2711 2810 2755 et
2839 2717 2958 2757 cum
2991 2703 3192 2763 finieris
3223 2711 3382 2778 viam,
3411 2727 3516 2768 non

1939 2787 2042 2840 erit
2069 2801 2187 2840 cum
2219 2803 2324 2856 quo
2351 2803 2563 2843 causam
2594 2800 2734 2846 tuam
2764 2807 3084 2864 componere
3109 2801 3278 2866 poSsis
3303 2819 3315 2855 :
3347 2811 3402 2856 et
3426 2803 3517 2858 ad-

1939 2878 2206 2932 versarius
2242 2879 2411 2934 tradet
2441 2889 2492 2934 te
2510 2881 2695 2950 judici,
2725 2883 2884 2951 iudex
2917 2897 3090 2941 autem
3123 2891 3383 2958 ministro,
3415 2895 3516 2947 mi-

1939 2968 2106 3022 nister
2133 2977 2307 3023 autem
2331 2971 2382 3024 in
2410 2987 2701 3026 carcerem.
2729 2974 2844 3030 Non
2869 2979 3014 3032 cities
3037 2980 3177 3044 inde,
3210 2983 3378 3038 donec
3399 2985 3514 3040 red-

1939 3057 2136 3112 dideris
2167 3061 2508 3115 novissimum
2539 3064 2883 3132 quadrantem
2919 3070 2936 3138 (
2961 3067 3147 3122 Matth.
3170 3087 3221 3134 v,
3255 3073 3346 3138 ‘25,
3373 3074 3444 3129 26
3470 3076 3514 3147 ).

1939 3149 2034 3204 Est
2065 3157 2234 3204 tecum
2264 3153 2480 3208 verbum
2525 3153 2638 3221 Dei,
2669 3158 2816 3224 quasi
2840 3159 3175 3215 adversarius
3198 3163 3247 3216 in
3273 3165 3354 3218 via
3380 3183 3392 3218 :
3427 3166 3520 3220 ha-

1939 3239 2034 3295 bes
2063 3242 2114 3294 in
2147 3251 2426 3312 potestate,
2457 3261 2736 3315 compone.
2767 3249 2902 3316 Quid
2927 3267 2954 3303 a
2979 3261 3030 3306 te
3056 3255 3242 3322 quaerit
3270 3255 3519 3311 adversa-

1939 3331 2050 3384 rius
2081 3332 2200 3398 iste,
2245 3345 2300 3386 ut
2325 3337 2617 3392 concordes
2655 3353 2776 3392 cum
2807 3341 2895 3392 illo
2924 3341 2948 3394 ?
2984 3343 3129 3410 quid,
3161 3345 3260 3398 nisi
3293 3347 3518 3403 salutem

1939 3429 2082 3477 tuam
2113 3423 2136 3475 ?
2162 3425 2410 3481 Ambulat
2447 3443 2566 3482 cum
2601 3430 2917 3486 adversariis
2955 3437 3063 3487 suis
3084 3477 3097 3499 ,
3131 3445 3181 3489 ιιι
3208 3437 3334 3491 dicit
3357 3439 3434 3493 eis
3465 3451 3520 3494 ut

1938 3515 2265 3570 concordent
2311 3533 2429 3572 cum
2471 3519 2578 3573 illo.
2621 3521 2740 3576 Fiat
2779 3540 2792 3574 :
2825 3525 3057 3579 nondum
3107 3529 3246 3580 linit:
3289 3539 3370 3583 est
3411 3531 3516 3584 via.

1937 3603 2090 3670 Quod
2117 3605 2231 3660 heri
2261 3623 2364 3662 non
2391 3618 2473 3662 est
2500 3609 2714 3675 factum,
2746 3613 2836 3666 fiat
2873 3615 3047 3668 hodie.
3087 3617 3334 3674 Nondum
3375 3621 3516 3676 finita

1938 3705 2022 3751 est
2047 3698 2127 3752 via
2154 3717 2166 3751 :
2191 3699 2316 3767 quid
2345 3703 2662 3770 exspectatis
2689 3719 2960 3774 quousque
2990 3705 3200 3762 finiatur
3225 3710 3250 3761 ?
3287 3711 3419 3766 Cum
3461 3715 3521 3765 li-

1939 3791 2048 3844 nita
2079 3789 2270 3858 fuerit,
2302 3807 2405 3845 non
2427 3793 2528 3847 erit
2559 3793 2658 3846 alia
2691 3793 2779 3848 ubi
2813 3811 2932 3850 cum
2962 3795 3270 3854 adversario
3297 3791 3520 3857 concor-

1939 3879 2094 3934 detis.
2123 3879 2288 3935 Judcx
2327 3891 2511 3950 restat,
2554 3883 2796 3939 minister
2837 3893 2890 3941 et
2931 3901 3132 3942 carcer.
3187 3889 3361 3946 Multis
3405 3891 3520 3946 haec

1941 3971 2022 4024 via
2049 3989 2062 4025 :
2086 3986 2206 4026 cum
2233 3972 2331 4027 sibi
2359 3973 2538 4041 plures
2565 3975 2936 4043 promitterent
2961 3979 3012 4032 in
3042 3995 3102 4033 ea
3124 3995 3311 4046 annos,
3342 3983 3518 4037 subitn

1941 4061 2084 4116 finita
2135 4073 2236 4118 est.
2285 4062 2390 4118 Sed
2431 4079 2560 4121 ecce
2597 4063 2680 4120 fac
2705 4067 2822 4136 quia
2857 4067 3008 4139 longa
3039 4070 3140 4125 erit
3189 4073 3270 4126 via
3305 4083 3424 4140 tua,
3465 4085 3520 4128 et

1939 4165 2150 4222 semper
2191 4163 2362 4206 tecum
2392 4154 2729 4211 adversarius
2759 4165 2879 4212 tuus
2925 4159 3202 4216 ambulet:
3241 4179 3344 4217 non
3391 4179 3516 4219 eru-

1939 4243 2132 4311 bescis,
2163 4253 2308 4300 tanto
2334 4254 2570 4316 tempore
2589 4263 2710 4302 cum
2741 4249 2828 4303 tali
2854 4251 3160 4306 adversario
3191 4254 3386 4310 habere
3409 4256 3516 4310 dis-

1938 4337 2436 4393 cordiam?Sermo
2482 4339 2594 4405 Dei,
2639 4351 2892 4410 quantum
2939 4345 3096 4398 estin
3139 4346 3274 4415 ipso,
3317 4350 3516 4402 amicus

1939 4435 2060 4479 tuus
2087 4437 2169 4480 est
2209 4441 2222 4479 :
2265 4428 2626 4484 adversarium
2663 4441 2715 4486 ιιι
2746 4431 2836 4488 tibi
2867 4448 2984 4487 eum
3034 4433 3180 4489 facis.
3225 4436 3340 4504 Ipse
3375 4441 3516 4492 enim

1940 4516 2032 4570 tibi
2065 4515 2202 4572 bene
2229 4519 2358 4586 vult,
2394 4529 2445 4573 ιιι
2493 4521 2582 4576 tibi
2625 4537 2656 4576 e
2703 4525 2971 4580 contrario
3023 4526 3178 4582 male.
3223 4527 3314 4583 Ille
3347 4531 3514 4599 jubet,

1937 4605 2054 4660 Non
2083 4606 2317 4672 fureris;
2366 4622 2418 4664 tu
2459 4610 2690 4667 furaris:
2725 4614 2815 4668 ille
2835 4615 3006 4683 jubet,
3049 4617 3161 4671 Non
3208 4621 3516 4688 adulteros;

1939 4707 1992 4752 tu
2019 4699 2282 4754 adulteras
2313 4719 2326 4754 :
2357 4701 2443 4756 ille
2465 4701 2647 4771 jubet,
2681 4705 2941 4761 Frondem
2986 4725 3088 4762 non
3119 4709 3279 4764 facias
3312 4727 3326 4777 ;
3359 4721 3409 4765 ιιι
3437 4713 3516 4768 fa-

1936 4789 2014 4844 cis
2053 4799 2236 4844 :vetat
2281 4802 2330 4845 te
2357 4793 2536 4860 jurare
2569 4811 2583 4858 ;
2634 4805 2686 4848 tu
2719 4796 2904 4850 falsum
2931 4797 3122 4865 jnras:
3165 4800 3292 4857 facis
3331 4813 3514 4862 contra

1935 4880 2110 4934 omnia
2141 4897 2258 4948 qua:
2285 4882 2410 4936 dicit
2441 4899 2452 4944 ;
2490 4893 2542 4937 tu
2576 4885 2666 4938 tibi
2711 4903 3010 4941 sermonem
3040 4890 3130 4944 Dei
3167 4891 3294 4946 facis
3341 4895 3516 4950 inimi-

1934 4985 2074 5024 cum.
2107 4971 2214 5024 Nec
2253 4973 2478 5040 mirum,
2527 4977 2738 5044 quando
2767 4987 2820 5031 tu
2867 4979 2955 5034 tibi
3005 4981 3117 5050 ipse
3153 4983 3397 5042 inimicus
3434 5005 3511 5042 es.

1937 5059 2038 5127 Qui
2062 5061 2200 5114 enim
2229 5063 2393 5132 diligit
2427 5065 2756 5133 iniquitatem,
2796 5069 2901 5122 odit
2923 5071 3145 5125 animam
3169 5091 3313 5128 suam
3344 5077 3510 5147 (Psal.

1933 5165 1987 5216 Χ,
2039 5151 2115 5223 6).
2157 5153 2212 5210 Si
2249 5169 2376 5225 ergo
2417 5155 2684 5227 diligendo
2724 5159 3053 5229 iniquitatem
3089 5165 3246 5220 odisti
3281 5171 3510 5223 animam

1933 5251 2097 5308 tuam,
2143 5245 2354 5300 miraris
2377 5247 2496 5315 quia
2539 5247 2694 5302 odisti
2741 5265 3042 5308 sermonem
3078 5255 3191 5322 Dei,
3238 5260 3324 5330 qui
3377 5259 3512 5314 hee

1929 5335 2042 5389 vult
2069 5335 2258 5388 anima:
2281 5343 2383 5390 tum
2411 5339 2434 5390 ’ἔ

1999 5427 2054 5480 2.
2102 5427 2363 5497 Correptio
2405 5431 2635 5498 proximo
2679 5450 2776 5486 non
2807 5451 2870 5488 ex
2894 5437 3008 5490 odio
3037 5439 3336 5492 adhibenda.
3371 5439 3512 5506 Ergo

1931 5519 2255 5580 tacebimus.
2297 5528 2349 5574 et
2393 5521 2662 5575 neminem
2698 5525 2914 5577 omnino
2952 5527 3300 5594 corripiemus
3325 5527 3348 5566 ν
3373 5527 3508 5583 Cor-

1927 5610 2180 5680 ripiamus
2209 5611 2383 5680 plane,
2415 5613 2506 5668 sed
2539 5614 2684 5682 prius
2725 5631 2842 5670 nos.
2889 5617 3188 5672 Proximum
3223 5619 3301 5674 vis
3339 5625 3509 5674 corri-

1929 5714 2058 5770 pere
2091 5719 2104 5754 :
2131 5701 2256 5756 nihil
2285 5711 2368 5756 est
2397 5703 2488 5758 tibi
2529 5711 2579 5757 te
2619 5702 2733 5772 ipso
2765 5707 2946 5774 propin
2970 5710 3118 5776 prius.
3157 5707 3289 5772 Quid
3321 5709 3362 5766 is
3393 5709 3506 5762 lon-
