  <div class='ocr_page' id='page_1' title='image "/cluster/home/n/w/nwhite01/storage/ocr_20150623/39/umn.319510024773323/115.png"; bbox 0 0 4006 6446; ppageno 0'>
   <div class='ocr_carea' id='block_1_1' title="bbox 531 288 666 345">
    <p class='ocr_par' dir='ltr' id='par_1_1' title="bbox 531 288 666 345">
     <span class='ocr_line' id='line_1_1' title="bbox 531 288 666 345; baseline -0.007 0"><span class='ocrx_word' id='word_1_1' title='bbox 531 293 554 345; x_wconf 78' lang='grc'>1</span> <span class='ocrx_word' id='word_1_2' title='bbox 566 288 666 344; x_wconf 82' lang='lat'><strong>699</strong></span> 
     </span>
    </p>
   </div>
   <div class='ocr_carea' id='block_1_2' title="bbox 529 394 2108 471">
    <p class='ocr_par' dir='ltr' id='par_1_2' title="bbox 529 394 2108 471">
     <span class='ocr_line' id='line_1_2' title="bbox 529 394 2108 471; baseline -0.004 -15"><span class='ocrx_word' id='word_1_3' title='bbox 529 418 593 471; x_wconf 70' lang='lat' dir='ltr'><strong>ge</strong></span> <span class='ocrx_word' id='word_1_4' title='bbox 631 398 757 455; x_wconf 78' lang='lat' dir='ltr'><strong>?Tc</strong></span> <span class='ocrx_word' id='word_1_5' title='bbox 778 399 944 455; x_wconf 83' lang='lat' dir='ltr'><strong>habes</strong></span> <span class='ocrx_word' id='word_1_6' title='bbox 988 407 1113 454; x_wconf 86' lang='lat' dir='ltr'><strong>ante</strong></span> <span class='ocrx_word' id='word_1_7' title='bbox 1160 402 1234 453; x_wconf 89' lang='lat' dir='ltr'><strong>te.</strong></span> <span class='ocrx_word' id='word_1_8' title='bbox 1272 394 1414 465; x_wconf 90' lang='lat' dir='ltr'><strong>Quid</strong></span> <span class='ocrx_word' id='word_1_9' title='bbox 1454 395 1593 450; x_wconf 90' lang='lat' dir='ltr'><strong>enim</strong></span> <span class='ocrx_word' id='word_1_10' title='bbox 1642 395 1893 449; x_wconf 87' lang='lat' dir='ltr'><strong>Dominus</strong></span> <span class='ocrx_word' id='word_1_11' title='bbox 1917 396 1990 449; x_wconf 92' lang='lat' dir='ltr'><strong>ait</strong></span> <span class='ocrx_word' id='word_1_12' title='bbox 2014 408 2108 464; x_wconf 88' lang='lat' dir='ltr'><strong>per</strong></span> 
     </span>
    </p>
   </div>
   <div class='ocr_carea' id='block_1_3' title="bbox 530 486 2109 563">
    <p class='ocr_par' dir='ltr' id='par_1_3' title="bbox 530 486 2109 563">
     <span class='ocr_line' id='line_1_3' title="bbox 530 486 2109 563; baseline -0.008 -15"><span class='ocrx_word' id='word_1_13' title='bbox 530 492 909 563; x_wconf 80' lang='lat' dir='ltr'><strong>Scripturam?</strong></span> <span class='ocrx_word' id='word_1_14' title='bbox 944 490 1135 561; x_wconf 87' lang='lat' dir='ltr'><strong>Diliges</strong></span> <span class='ocrx_word' id='word_1_15' title='bbox 1178 490 1459 557; x_wconf 72' lang='lat' dir='ltr'><strong>proximum</strong></span> <span class='ocrx_word' id='word_1_16' title='bbox 1487 498 1627 541; x_wconf 88' lang='lat' dir='ltr'><strong>tuum</strong></span> <span class='ocrx_word' id='word_1_17' title='bbox 1666 496 1903 555; x_wconf 69' lang='lat' dir='ltr'><strong>tanquam</strong></span> <span class='ocrx_word' id='word_1_18' title='bbox 1942 494 1988 537; x_wconf 89' lang='lat' dir='ltr'><strong>te</strong></span> <span class='ocrx_word' id='word_1_19' title='bbox 2026 486 2109 554; x_wconf 87' lang='lat' dir='ltr'><strong>ip-</strong></span> 
     </span>
    </p>
   </div>
   <div class='ocr_carea' id='block_1_4' title="bbox 532 575 2096 650">
    <p class='ocr_par' dir='ltr' id='par_1_4' title="bbox 532 575 2096 650">
     <span class='ocr_line' id='line_1_4' title="bbox 532 575 2096 650; baseline -0.008 -11"><span class='ocrx_word' id='word_1_20' title='bbox 532 602 641 638; x_wconf 83' lang='lat' dir='ltr'><strong>sum</strong></span> <span class='ocrx_word' id='word_1_21' title='bbox 664 584 887 649; x_wconf 80' lang='lat' dir='ltr'><strong>(Matth.</strong></span> <span class='ocrx_word' id='word_1_22' title='bbox 920 598 1047 648; x_wconf 80' lang='lat' dir='ltr'><strong>xxii,</strong></span> <span class='ocrx_word' id='word_1_23' title='bbox 1075 580 1200 650; x_wconf 81' lang='grc'><strong>59).</strong></span> <span class='ocrx_word' id='word_1_24' title='bbox 1226 580 1281 635; x_wconf 91' lang='lat' dir='ltr'><strong>Si</strong></span> <span class='ocrx_word' id='word_1_25' title='bbox 1310 593 1437 648; x_wconf 84' lang='lat' dir='ltr'><strong>ergo</strong></span> <span class='ocrx_word' id='word_1_26' title='bbox 1462 588 1513 633; x_wconf 92' lang='lat' dir='ltr'><strong>te</strong></span> <span class='ocrx_word' id='word_1_27' title='bbox 1538 578 1710 646; x_wconf 89' lang='lat' dir='ltr'><strong>ipsum</strong></span> <span class='ocrx_word' id='word_1_28' title='bbox 1752 592 1855 630; x_wconf 92' lang='lat' dir='ltr'><strong>non</strong></span> <span class='ocrx_word' id='word_1_29' title='bbox 1900 575 2096 644; x_wconf 81' lang='lat' dir='ltr'><strong>diligis,</strong></span> 
     </span>
    </p>
   </div>
   <div class='ocr_carea' id='block_1_5' title="bbox 534 666 2106 744">
    <p class='ocr_par' dir='ltr' id='par_1_5' title="bbox 534 666 2106 744">
     <span class='ocr_line' id='line_1_5' title="bbox 534 666 2106 744; baseline -0.006 -16"><span class='ocrx_word' id='word_1_30' title='bbox 534 676 830 744; x_wconf 80' lang='lat' dir='ltr'><strong>proximum</strong></span> <span class='ocrx_word' id='word_1_31' title='bbox 870 670 1135 741; x_wconf 90' lang='lat' dir='ltr'><strong>quomodo</strong></span> <span class='ocrx_word' id='word_1_32' title='bbox 1169 670 1340 739; x_wconf 82' lang='lat' dir='ltr'><strong>diligis</strong></span> <span class='ocrx_word' id='word_1_33' title='bbox 1370 670 1392 722; x_wconf 89' lang='lat'><strong>?</strong></span> <span class='ocrx_word' id='word_1_34' title='bbox 1429 668 1683 737; x_wconf 81' lang='lat' dir='ltr'><strong>Regulam</strong></span> <span class='ocrx_word' id='word_1_35' title='bbox 1718 666 2016 720; x_wconf 78' lang='lat' dir='ltr'><strong>dilectionis</strong></span> <span class='ocrx_word' id='word_1_36' title='bbox 2053 666 2106 718; x_wconf 90' lang='lat' dir='ltr'><strong>in</strong></span> 
     </span>
    </p>
   </div>
   <div class='ocr_carea' id='block_1_6' title="bbox 535 754 2106 832">
    <p class='ocr_par' dir='ltr' id='par_1_6' title="bbox 535 754 2106 832">
     <span class='ocr_line' id='line_1_6' title="bbox 535 754 2106 832; baseline -0.006 -15"><span class='ocrx_word' id='word_1_37' title='bbox 535 764 832 832; x_wconf 78' lang='lat' dir='ltr'><strong>proximum</strong></span> <span class='ocrx_word' id='word_1_38' title='bbox 868 777 933 816; x_wconf 79' lang='lat' dir='ltr'><strong>ex</strong></span> <span class='ocrx_word' id='word_1_39' title='bbox 967 770 1018 815; x_wconf 92' lang='lat' dir='ltr'><strong>te</strong></span> <span class='ocrx_word' id='word_1_40' title='bbox 1055 760 1324 827; x_wconf 84' lang='lat' dir='ltr'><strong>accepiSti.</strong></span> <span class='ocrx_word' id='word_1_41' title='bbox 1349 758 1516 827; x_wconf 82' lang='lat' dir='ltr'><strong>Diligo</strong></span> <span class='ocrx_word' id='word_1_42' title='bbox 1549 772 1693 821; x_wconf 91' lang='lat' dir='ltr'><strong>eum,</strong></span> <span class='ocrx_word' id='word_1_43' title='bbox 1724 756 1951 824; x_wconf 83' lang='lat' dir='ltr'><strong>inquies.</strong></span> <span class='ocrx_word' id='word_1_44' title='bbox 1982 754 2106 809; x_wconf 90' lang='lat' dir='ltr'><strong>Ideo</strong></span> 
     </span>
    </p>
   </div>
   <div class='ocr_carea' id='block_1_7' title="bbox 532 846 2106 925">
    <p class='ocr_par' dir='ltr' id='par_1_7' title="bbox 532 846 2106 925">
     <span class='ocr_line' id='line_1_7' title="bbox 532 846 2106 925; baseline -0.008 -14"><span class='ocrx_word' id='word_1_45' title='bbox 532 857 672 920; x_wconf 85' lang='lat' dir='ltr'><strong>dico,</strong></span> <span class='ocrx_word' id='word_1_46' title='bbox 698 858 842 925; x_wconf 89' lang='lat' dir='ltr'><strong>prius</strong></span> <span class='ocrx_word' id='word_1_47' title='bbox 872 865 925 910; x_wconf 90' lang='lat' dir='ltr'><strong>te</strong></span> <span class='ocrx_word' id='word_1_48' title='bbox 957 855 1136 923; x_wconf 80' lang='lat' dir='ltr'><strong>dilige,</strong></span> <span class='ocrx_word' id='word_1_49' title='bbox 1167 862 1221 907; x_wconf 92' lang='lat' dir='ltr'><strong>et</strong></span> <span class='ocrx_word' id='word_1_50' title='bbox 1245 852 1331 905; x_wconf 93' lang='lat' dir='ltr'><strong>dic</strong></span> <span class='ocrx_word' id='word_1_51' title='bbox 1354 851 1469 905; x_wconf 82' lang='lat' dir='ltr'><strong>libi.</strong></span> <span class='ocrx_word' id='word_1_52' title='bbox 1490 851 1544 905; x_wconf 88' lang='lat' dir='ltr'><strong>Si</strong></span> <span class='ocrx_word' id='word_1_53' title='bbox 1584 858 1757 903; x_wconf 90' lang='lat' dir='ltr'><strong>autem</strong></span> <span class='ocrx_word' id='word_1_54' title='bbox 1782 863 1907 902; x_wconf 85' lang='lat' dir='ltr'><strong>vere</strong></span> <span class='ocrx_word' id='word_1_55' title='bbox 1932 862 1995 901; x_wconf 80' lang='lat' dir='ltr'><strong>ex</strong></span> <span class='ocrx_word' id='word_1_56' title='bbox 2021 846 2106 899; x_wconf 88' lang='lat' dir='ltr'><strong>di-</strong></span> 
     </span>
    </p>
   </div>
   <div class='ocr_carea' id='block_1_8' title="bbox 534 934 2107 1009">
    <p class='ocr_par' dir='ltr' id='par_1_8' title="bbox 534 934 2107 1009">
     <span class='ocr_line' id='line_1_8' title="bbox 534 934 2107 1009; baseline -0.008 -9"><span class='ocrx_word' id='word_1_57' title='bbox 534 945 761 1001; x_wconf 78' lang='lat' dir='ltr'><strong>lectione</strong></span> <span class='ocrx_word' id='word_1_58' title='bbox 797 945 950 1009; x_wconf 92' lang='lat' dir='ltr'><strong>dicis,</strong></span> <span class='ocrx_word' id='word_1_59' title='bbox 982 943 1313 997; x_wconf 87' lang='lat' dir='ltr'><strong>manifestum</strong></span> <span class='ocrx_word' id='word_1_60' title='bbox 1342 949 1423 995; x_wconf 89' lang='lat' dir='ltr'><strong>est</strong></span> <span class='ocrx_word' id='word_1_61' title='bbox 1447 939 1585 1009; x_wconf 91' lang='lat' dir='ltr'><strong>quod</strong></span> <span class='ocrx_word' id='word_1_62' title='bbox 1616 940 1755 992; x_wconf 89' lang='lat' dir='ltr'><strong>intus</strong></span> <span class='ocrx_word' id='word_1_63' title='bbox 1779 938 1885 1006; x_wconf 89' lang='lat' dir='ltr'><strong>egit</strong></span> <span class='ocrx_word' id='word_1_64' title='bbox 1911 934 2107 1005; x_wconf 90' lang='lat' dir='ltr'><strong>aliquid</strong></span> 
     </span>
    </p>
   </div>
   <div class='ocr_carea' id='block_1_9' title="bbox 530 1031 2105 1106">
    <p class='ocr_par' dir='ltr' id='par_1_9' title="bbox 530 1031 2105 1106">
     <span class='ocr_line' id='line_1_9' title="bbox 530 1031 2105 1106; baseline -0.008 -15"><span class='ocrx_word' id='word_1_65' title='bbox 530 1038 751 1093; x_wconf 91' lang='lat' dir='ltr'><strong>verbum</strong></span> <span class='ocrx_word' id='word_1_66' title='bbox 786 1036 925 1106; x_wconf 92' lang='lat' dir='ltr'><strong>quod</strong></span> <span class='ocrx_word' id='word_1_67' title='bbox 962 1034 1219 1105; x_wconf 85' lang='lat' dir='ltr'><strong>procedit.</strong></span> <span class='ocrx_word' id='word_1_68' title='bbox 1248 1032 1353 1088; x_wconf 86' lang='lat' dir='ltr'><strong>Sed</strong></span> <span class='ocrx_word' id='word_1_69' title='bbox 1385 1031 1672 1085; x_wconf 89' lang='lat' dir='ltr'><strong>timendum</strong></span> <span class='ocrx_word' id='word_1_70' title='bbox 1712 1038 1794 1083; x_wconf 90' lang='lat' dir='ltr'><strong>est</strong></span> <span class='ocrx_word' id='word_1_71' title='bbox 1827 1044 1895 1082; x_wconf 92' lang='lat' dir='ltr'><strong>ne</strong></span> <span class='ocrx_word' id='word_1_72' title='bbox 1924 1037 1975 1081; x_wconf 92' lang='lat' dir='ltr'><strong>te</strong></span> <span class='ocrx_word' id='word_1_73' title='bbox 2002 1042 2105 1079; x_wconf 92' lang='lat' dir='ltr'><strong>non</strong></span> 
     </span>
    </p>
   </div>
   <div class='ocr_carea' id='block_1_10' title="bbox 532 1119 2104 1200">
    <p class='ocr_par' dir='ltr' id='par_1_10' title="bbox 532 1119 2104 1200">
     <span class='ocr_line' id='line_1_10' title="bbox 532 1119 2104 1200; baseline -0.008 -18"><span class='ocrx_word' id='word_1_74' title='bbox 532 1129 749 1198; x_wconf 88' lang='lat' dir='ltr'><strong>diligas,</strong></span> <span class='ocrx_word' id='word_1_75' title='bbox 789 1136 843 1182; x_wconf 92' lang='lat' dir='ltr'><strong>et</strong></span> <span class='ocrx_word' id='word_1_76' title='bbox 872 1127 1005 1181; x_wconf 88' lang='lat' dir='ltr'><strong>velis</strong></span> <span class='ocrx_word' id='word_1_77' title='bbox 1034 1126 1195 1178; x_wconf 91' lang='lat' dir='ltr'><strong>alium</strong></span> <span class='ocrx_word' id='word_1_78' title='bbox 1230 1124 1518 1191; x_wconf 85' lang='lat' dir='ltr'><strong>corripere,</strong></span> <span class='ocrx_word' id='word_1_79' title='bbox 1549 1130 1604 1174; x_wconf 91' lang='lat' dir='ltr'><strong>et</strong></span> <span class='ocrx_word' id='word_1_80' title='bbox 1646 1120 1806 1175; x_wconf 90' lang='lat' dir='ltr'><strong>facias</strong></span> <span class='ocrx_word' id='word_1_81' title='bbox 1850 1119 1951 1173; x_wconf 91' lang='lat' dir='ltr'><strong>hoc</strong></span> <span class='ocrx_word' id='word_1_82' title='bbox 1986 1134 2104 1200; x_wconf 85' lang='lat' dir='ltr'><strong>cum</strong></span> 
     </span>
    </p>
   </div>
   <div class='ocr_carea' id='block_1_11' title="bbox 530 1210 2105 1278">
    <p class='ocr_par' dir='ltr' id='par_1_11' title="bbox 530 1210 2105 1278">
     <span class='ocr_line' id='line_1_11' title="bbox 530 1210 2105 1278; baseline -0.006 -7"><span class='ocrx_word' id='word_1_83' title='bbox 530 1218 676 1271; x_wconf 91' lang='lat' dir='ltr'><strong>odio.</strong></span> <span class='ocrx_word' id='word_1_84' title='bbox 718 1217 775 1271; x_wconf 93' lang='lat' dir='ltr'><strong>Si</strong></span> <span class='ocrx_word' id='word_1_85' title='bbox 811 1226 986 1269; x_wconf 89' lang='lat' dir='ltr'><strong>autem</strong></span> <span class='ocrx_word' id='word_1_86' title='bbox 1016 1214 1175 1268; x_wconf 89' lang='lat' dir='ltr'><strong>odisti</strong></span> <span class='ocrx_word' id='word_1_87' title='bbox 1219 1214 1454 1277; x_wconf 81' lang='lat' dir='ltr'><strong>fratrem,</strong></span> <span class='ocrx_word' id='word_1_88' title='bbox 1487 1211 1683 1265; x_wconf 82' lang='lat' dir='ltr'><strong>leviora</strong></span> <span class='ocrx_word' id='word_1_89' title='bbox 1726 1210 1911 1277; x_wconf 90' lang='lat' dir='ltr'><strong>objicis</strong></span> <span class='ocrx_word' id='word_1_90' title='bbox 1950 1224 2105 1278; x_wconf 89' lang='lat' dir='ltr'><strong>quam</strong></span> 
     </span>
    </p>
   </div>
   <div class='ocr_carea' id='block_1_12' title="bbox 531 1301 2103 1373">
    <p class='ocr_par' dir='ltr' id='par_1_12' title="bbox 531 1301 2103 1373">
     <span class='ocr_line' id='line_1_12' title="bbox 531 1301 2103 1373; baseline -0.003 -13"><span class='ocrx_word' id='word_1_91' title='bbox 531 1306 679 1360; x_wconf 87' lang='lat' dir='ltr'><strong>facis.</strong></span> <span class='ocrx_word' id='word_1_92' title='bbox 706 1306 804 1370; x_wconf 86' lang='lat' dir='ltr'><strong>Qui</strong></span> <span class='ocrx_word' id='word_1_93' title='bbox 833 1305 935 1358; x_wconf 88' lang='lat' dir='ltr'><strong>odit</strong></span> <span class='ocrx_word' id='word_1_94' title='bbox 955 1306 1160 1373; x_wconf 81' lang='lat' dir='ltr'><strong>fratrem</strong></span> <span class='ocrx_word' id='word_1_95' title='bbox 1186 1319 1354 1368; x_wconf 85' lang='lat' dir='ltr'><strong>suum,</strong></span> <span class='ocrx_word' id='word_1_96' title='bbox 1386 1303 1633 1355; x_wconf 83' lang='lat' dir='ltr'><strong>homicida</strong></span> <span class='ocrx_word' id='word_1_97' title='bbox 1665 1312 1735 1355; x_wconf 86' lang='lat' dir='ltr'><strong>est</strong></span> <span class='ocrx_word' id='word_1_98' title='bbox 1766 1301 1995 1371; x_wconf 87' lang='lat' dir='ltr'><strong>(lJoan.</strong></span> <span class='ocrx_word' id='word_1_99' title='bbox 2029 1316 2103 1364; x_wconf 88' lang='grc' dir='ltr'>ιιι,</span> 
     </span>
    </p>
   </div>
   <div class='ocr_carea' id='block_1_13' title="bbox 532 1391 2108 1464">
    <p class='ocr_par' dir='ltr' id='par_1_13' title="bbox 532 1391 2108 1464">
     <span class='ocr_line' id='line_1_13' title="bbox 532 1391 2108 1464; baseline -0.003 -15"><span class='ocrx_word' id='word_1_100' title='bbox 532 1398 659 1464; x_wconf 77' lang='grc'><strong>15).</strong></span> <span class='ocrx_word' id='word_1_101' title='bbox 693 1395 947 1459; x_wconf 84' lang='lat' dir='ltr'><strong>Audistis,</strong></span> <span class='ocrx_word' id='word_1_102' title='bbox 972 1392 1127 1447; x_wconf 91' lang='lat' dir='ltr'><strong>hodie</strong></span> <span class='ocrx_word' id='word_1_103' title='bbox 1172 1393 1307 1447; x_wconf 85' lang='lat' dir='ltr'><strong>lecta</strong></span> <span class='ocrx_word' id='word_1_104' title='bbox 1347 1403 1429 1445; x_wconf 89' lang='lat' dir='ltr'><strong>est</strong></span> <span class='ocrx_word' id='word_1_105' title='bbox 1473 1392 1703 1460; x_wconf 83' lang='lat' dir='ltr'><strong>Epistula</strong></span> <span class='ocrx_word' id='word_1_106' title='bbox 1741 1391 1977 1445; x_wconf 82' lang='lat' dir='ltr'><strong>Joannis.</strong></span> <span class='ocrx_word' id='word_1_107' title='bbox 2022 1391 2108 1444; x_wconf 87' lang='lat' dir='ltr'><strong>Ait</strong></span> 
     </span>
    </p>
   </div>
   <div class='ocr_carea' id='block_1_14' title="bbox 530 1478 2105 1552">
    <p class='ocr_par' dir='ltr' id='par_1_14' title="bbox 530 1478 2105 1552">
     <span class='ocr_line' id='line_1_14' title="bbox 530 1478 2105 1552; baseline -0.003 -16"><span class='ocrx_word' id='word_1_108' title='bbox 530 1484 825 1552; x_wconf 89' lang='lat' dir='ltr'><strong>Scriptura,</strong></span> <span class='ocrx_word' id='word_1_109' title='bbox 857 1497 925 1536; x_wconf 90' lang='lat' dir='ltr'><strong>ne</strong></span> <span class='ocrx_word' id='word_1_110' title='bbox 962 1490 1361 1535; x_wconf 86' lang='lat' dir='ltr'><strong>contemnerent</strong></span> <span class='ocrx_word' id='word_1_111' title='bbox 1408 1480 1648 1533; x_wconf 84' lang='lat' dir='ltr'><strong>homines</strong></span> <span class='ocrx_word' id='word_1_112' title='bbox 1688 1494 1805 1547; x_wconf 68' lang='lat' dir='ltr'><strong>qua:</strong></span> <span class='ocrx_word' id='word_1_113' title='bbox 1839 1478 1981 1532; x_wconf 86' lang='lat' dir='ltr'><strong>intus</strong></span> <span class='ocrx_word' id='word_1_114' title='bbox 2009 1478 2105 1531; x_wconf 91' lang='lat' dir='ltr'><strong>ha-</strong></span> 
     </span>
    </p>
   </div>
   <div class='ocr_carea' id='block_1_15' title="bbox 532 1568 2110 1638">
    <p class='ocr_par' dir='ltr' id='par_1_15' title="bbox 532 1568 2110 1638">
     <span class='ocr_line' id='line_1_15' title="bbox 532 1568 2110 1638; baseline -0.004 -11"><span class='ocrx_word' id='word_1_115' title='bbox 532 1574 660 1627; x_wconf 87' lang='lat' dir='ltr'><strong>bent</strong></span> <span class='ocrx_word' id='word_1_116' title='bbox 697 1574 749 1626; x_wconf 93' lang='lat' dir='ltr'><strong>in</strong></span> <span class='ocrx_word' id='word_1_117' title='bbox 792 1572 975 1635; x_wconf 89' lang='lat' dir='ltr'><strong>corde,</strong></span> <span class='ocrx_word' id='word_1_118' title='bbox 1000 1580 1054 1626; x_wconf 92' lang='lat' dir='ltr'><strong>et</strong></span> <span class='ocrx_word' id='word_1_119' title='bbox 1095 1572 1184 1625; x_wconf 88' lang='lat' dir='ltr'><strong>illa</strong></span> <span class='ocrx_word' id='word_1_120' title='bbox 1214 1579 1526 1626; x_wconf 82' lang='lat' dir='ltr'><strong>accusarent</strong></span> <span class='ocrx_word' id='word_1_121' title='bbox 1563 1584 1681 1638; x_wconf 64' lang='lat' dir='ltr'><strong>quae</strong></span> <span class='ocrx_word' id='word_1_122' title='bbox 1725 1568 1854 1621; x_wconf 85' lang='lat' dir='ltr'><strong>fiunt</strong></span> <span class='ocrx_word' id='word_1_123' title='bbox 1879 1583 1971 1637; x_wconf 88' lang='lat' dir='ltr'><strong>per</strong></span> <span class='ocrx_word' id='word_1_124' title='bbox 1991 1582 2110 1621; x_wconf 72' lang='lat' dir='ltr'><strong>cor-</strong></span> 
     </span>
    </p>
   </div>
   <div class='ocr_carea' id='block_1_16' title="bbox 538 1657 2108 1731">
    <p class='ocr_par' dir='ltr' id='par_1_16' title="bbox 538 1657 2108 1731">
     <span class='ocr_line' id='line_1_16' title="bbox 538 1657 2108 1731; baseline -0.003 -16"><span class='ocrx_word' id='word_1_125' title='bbox 538 1678 657 1730; x_wconf 85' lang='lat' dir='ltr'><strong>pus,</strong></span> <span class='ocrx_word' id='word_1_126' title='bbox 673 1663 781 1731; x_wconf 90' lang='lat' dir='ltr'><strong>jam</strong></span> <span class='ocrx_word' id='word_1_127' title='bbox 802 1662 887 1729; x_wconf 85' lang='lat' dir='ltr'><strong>qui</strong></span> <span class='ocrx_word' id='word_1_128' title='bbox 904 1662 1008 1714; x_wconf 88' lang='lat' dir='ltr'><strong>odit</strong></span> <span class='ocrx_word' id='word_1_129' title='bbox 1023 1664 1229 1731; x_wconf 78' lang='lat' dir='ltr'><strong>fratrem</strong></span> <span class='ocrx_word' id='word_1_130' title='bbox 1243 1676 1407 1725; x_wconf 88' lang='lat' dir='ltr'><strong>suum,</strong></span> <span class='ocrx_word' id='word_1_131' title='bbox 1425 1659 1576 1724; x_wconf 75' lang='lat' dir='ltr'><strong>dixit,</strong></span> <span class='ocrx_word' id='word_1_132' title='bbox 1596 1658 1845 1711; x_wconf 79' lang='lat' dir='ltr'><strong>homicida</strong></span> <span class='ocrx_word' id='word_1_133' title='bbox 1860 1667 1950 1711; x_wconf 83' lang='lat' dir='ltr'><strong>est.</strong></span> <span class='ocrx_word' id='word_1_134' title='bbox 1964 1657 2108 1713; x_wconf 86' lang='lat' dir='ltr'><strong>Non-</strong></span> 
     </span>
    </p>
   </div>
   <div class='ocr_carea' id='block_1_17' title="bbox 530 1746 2101 1817">
    <p class='ocr_par' dir='ltr' id='par_1_17' title="bbox 530 1746 2101 1817">
     <span class='ocr_line' id='line_1_17' title="bbox 530 1746 2101 1817; baseline -0.003 -12"><span class='ocrx_word' id='word_1_135' title='bbox 530 1752 656 1805; x_wconf 85' lang='lat' dir='ltr'><strong>dum</strong></span> <span class='ocrx_word' id='word_1_136' title='bbox 683 1764 873 1805; x_wconf 92' lang='lat' dir='ltr'><strong>manus</strong></span> <span class='ocrx_word' id='word_1_137' title='bbox 900 1759 1103 1803; x_wconf 89' lang='lat' dir='ltr'><strong>armata</strong></span> <span class='ocrx_word' id='word_1_138' title='bbox 1136 1757 1239 1813; x_wconf 89' lang='lat' dir='ltr'><strong>est,</strong></span> <span class='ocrx_word' id='word_1_139' title='bbox 1272 1748 1505 1802; x_wconf 92' lang='lat' dir='ltr'><strong>nondum</strong></span> <span class='ocrx_word' id='word_1_140' title='bbox 1533 1749 1734 1801; x_wconf 87' lang='lat' dir='ltr'><strong>faucem</strong></span> <span class='ocrx_word' id='word_1_141' title='bbox 1768 1747 1848 1817; x_wconf 90' lang='lat' dir='ltr'><strong>(a)</strong></span> <span class='ocrx_word' id='word_1_142' title='bbox 1876 1746 2101 1812; x_wconf 81' lang='lat' dir='ltr'><strong>obsedit,</strong></span> 
     </span>
    </p>
   </div>
   <div class='ocr_carea' id='block_1_18' title="bbox 530 1838 2104 1909">
    <p class='ocr_par' dir='ltr' id='par_1_18' title="bbox 530 1838 2104 1909">
     <span class='ocr_line' id='line_1_18' title="bbox 530 1838 2104 1909; baseline -0.003 -14"><span class='ocrx_word' id='word_1_143' title='bbox 530 1841 765 1896; x_wconf 87' lang='lat' dir='ltr'><strong>nondum</strong></span> <span class='ocrx_word' id='word_1_144' title='bbox 793 1840 1009 1895; x_wconf 89' lang='lat' dir='ltr'><strong>insidias</strong></span> <span class='ocrx_word' id='word_1_145' title='bbox 1032 1840 1370 1909; x_wconf 58' lang='lat' dir='ltr'><strong>preparavit,</strong></span> <span class='ocrx_word' id='word_1_146' title='bbox 1412 1838 1645 1893; x_wconf 89' lang='lat' dir='ltr'><strong>nondum</strong></span> <span class='ocrx_word' id='word_1_147' title='bbox 1675 1852 1881 1893; x_wconf 85' lang='lat' dir='ltr'><strong>venena</strong></span> <span class='ocrx_word' id='word_1_148' title='bbox 1907 1838 2104 1907; x_wconf 67' lang='lat' dir='ltr'><strong>quaesi-</strong></span> 
     </span>
    </p>
   </div>
   <div class='ocr_carea' id='block_1_19' title="bbox 527 1928 2102 1998">
    <p class='ocr_par' dir='ltr' id='par_1_19' title="bbox 527 1928 2102 1998">
     <span class='ocr_line' id='line_1_19' title="bbox 527 1928 2102 1998; baseline -0.001 -12"><span class='ocrx_word' id='word_1_149' title='bbox 527 1934 620 1998; x_wconf 87' lang='lat' dir='ltr'><strong>vit,</strong></span> <span class='ocrx_word' id='word_1_150' title='bbox 664 1941 718 1986; x_wconf 89' lang='lat' dir='ltr'><strong>et</strong></span> <span class='ocrx_word' id='word_1_151' title='bbox 751 1947 873 1986; x_wconf 90' lang='lat' dir='ltr'><strong>reus</strong></span> <span class='ocrx_word' id='word_1_152' title='bbox 899 1931 951 1985; x_wconf 92' lang='lat' dir='ltr'><strong>in</strong></span> <span class='ocrx_word' id='word_1_153' title='bbox 986 1930 1156 1985; x_wconf 91' lang='lat' dir='ltr'><strong>oculis</strong></span> <span class='ocrx_word' id='word_1_154' title='bbox 1182 1930 1275 1984; x_wconf 91' lang='lat' dir='ltr'><strong>Dei</strong></span> <span class='ocrx_word' id='word_1_155' title='bbox 1302 1938 1558 1998; x_wconf 91' lang='lat' dir='ltr'><strong>concepto</strong></span> <span class='ocrx_word' id='word_1_156' title='bbox 1586 1928 1709 1983; x_wconf 90' lang='lat' dir='ltr'><strong>odio</strong></span> <span class='ocrx_word' id='word_1_157' title='bbox 1729 1929 1840 1997; x_wconf 89' lang='lat' dir='ltr'><strong>jam</strong></span> <span class='ocrx_word' id='word_1_158' title='bbox 1872 1935 2102 1984; x_wconf 88' lang='lat' dir='ltr'><strong>tenetur.</strong></span> 
     </span>
    </p>
   </div>
   <div class='ocr_carea' id='block_1_20' title="bbox 527 2020 2097 2092">
    <p class='ocr_par' dir='ltr' id='par_1_20' title="bbox 527 2020 2097 2092">
     <span class='ocr_line' id='line_1_20' title="bbox 527 2020 2097 2092; baseline -0.003 -14"><span class='ocrx_word' id='word_1_159' title='bbox 527 2025 715 2079; x_wconf 84' lang='lat' dir='ltr'><strong>Adhuc</strong></span> <span class='ocrx_word' id='word_1_160' title='bbox 744 2024 875 2077; x_wconf 90' lang='lat' dir='ltr'><strong>vivit</strong></span> <span class='ocrx_word' id='word_1_161' title='bbox 918 2038 1074 2092; x_wconf 90' lang='lat' dir='ltr'><strong>quem</strong></span> <span class='ocrx_word' id='word_1_162' title='bbox 1109 2022 1298 2092; x_wconf 61' lang='lat' dir='ltr'><strong>quatrit</strong></span> <span class='ocrx_word' id='word_1_163' title='bbox 1332 2021 1594 2087; x_wconf 91' lang='lat' dir='ltr'><strong>occidere,</strong></span> <span class='ocrx_word' id='word_1_164' title='bbox 1634 2028 1689 2075; x_wconf 91' lang='lat' dir='ltr'><strong>et</strong></span> <span class='ocrx_word' id='word_1_165' title='bbox 1708 2020 1965 2074; x_wconf 86' lang='lat' dir='ltr'><strong>occidisse</strong></span> <span class='ocrx_word' id='word_1_166' title='bbox 1986 2021 2097 2089; x_wconf 88' lang='lat' dir='ltr'><strong>jam</strong></span> 
     </span>
    </p>
   </div>
   <div class='ocr_carea' id='block_1_21' title="bbox 525 2109 2102 2181">
    <p class='ocr_par' dir='ltr' id='par_1_21' title="bbox 525 2109 2102 2181">
     <span class='ocr_line' id='line_1_21' title="bbox 525 2109 2102 2181; baseline -0.001 -16"><span class='ocrx_word' id='word_1_167' title='bbox 525 2112 811 2181; x_wconf 79' lang='lat' dir='ltr'><strong>indicatur.</strong></span> <span class='ocrx_word' id='word_1_168' title='bbox 854 2111 909 2165; x_wconf 92' lang='lat' dir='ltr'><strong>Si</strong></span> <span class='ocrx_word' id='word_1_169' title='bbox 940 2126 1066 2180; x_wconf 87' lang='lat' dir='ltr'><strong>ergo</strong></span> <span class='ocrx_word' id='word_1_170' title='bbox 1090 2125 1210 2165; x_wconf 91' lang='lat' dir='ltr'><strong>cum</strong></span> <span class='ocrx_word' id='word_1_171' title='bbox 1238 2109 1361 2164; x_wconf 92' lang='lat' dir='ltr'><strong>odio</strong></span> <span class='ocrx_word' id='word_1_172' title='bbox 1402 2110 1645 2178; x_wconf 86' lang='lat' dir='ltr'><strong>corripis,</strong></span> <span class='ocrx_word' id='word_1_173' title='bbox 1681 2109 1848 2163; x_wconf 87' lang='lat' dir='ltr'><strong>audes</strong></span> <span class='ocrx_word' id='word_1_174' title='bbox 1874 2109 2102 2178; x_wconf 91' lang='lat' dir='ltr'><strong>aliquem</strong></span> 
     </span>
    </p>
   </div>
   <div class='ocr_carea' id='block_1_22' title="bbox 528 2197 2101 2269">
    <p class='ocr_par' dir='ltr' id='par_1_22' title="bbox 528 2197 2101 2269">
     <span class='ocr_line' id='line_1_22' title="bbox 528 2197 2101 2269; baseline -0.002 -15"><span class='ocrx_word' id='word_1_175' title='bbox 528 2200 789 2256; x_wconf 89' lang='lat' dir='ltr'><strong>homicida</strong></span> <span class='ocrx_word' id='word_1_176' title='bbox 842 2200 1110 2269; x_wconf 90' lang='lat' dir='ltr'><strong>corripere</strong></span> <span class='ocrx_word' id='word_1_177' title='bbox 1137 2198 1262 2253; x_wconf 80' lang='lat' dir='ltr'><strong>‘tAn</strong></span> <span class='ocrx_word' id='word_1_178' title='bbox 1287 2199 1406 2269; x_wconf 88' lang='lat' dir='ltr'><strong>quia</strong></span> <span class='ocrx_word' id='word_1_179' title='bbox 1437 2214 1541 2253; x_wconf 92' lang='lat' dir='ltr'><strong>non</strong></span> <span class='ocrx_word' id='word_1_180' title='bbox 1564 2208 1614 2252; x_wconf 92' lang='lat' dir='ltr'><strong>te</strong></span> <span class='ocrx_word' id='word_1_181' title='bbox 1644 2206 1823 2252; x_wconf 90' lang='lat' dir='ltr'><strong>tenent</strong></span> <span class='ocrx_word' id='word_1_182' title='bbox 1842 2197 2101 2265; x_wconf 82' lang='lat' dir='ltr'><strong>homines,</strong></span> 
     </span>
    </p>
   </div>
   <div class='ocr_carea' id='block_1_23' title="bbox 528 2288 2102 2359">
    <p class='ocr_par' dir='ltr' id='par_1_23' title="bbox 528 2288 2102 2359">
     <span class='ocr_line' id='line_1_23' title="bbox 528 2288 2102 2359; baseline -0.003 -13"><span class='ocrx_word' id='word_1_183' title='bbox 528 2302 583 2347; x_wconf 85' lang='lat' dir='ltr'><strong>et</strong></span> <span class='ocrx_word' id='word_1_184' title='bbox 620 2291 819 2346; x_wconf 89' lang='lat' dir='ltr'><strong>ducunt</strong></span> <span class='ocrx_word' id='word_1_185' title='bbox 861 2301 914 2344; x_wconf 93' lang='lat' dir='ltr'><strong>te</strong></span> <span class='ocrx_word' id='word_1_186' title='bbox 948 2290 1015 2345; x_wconf 92' lang='lat' dir='ltr'><strong>ad</strong></span> <span class='ocrx_word' id='word_1_187' title='bbox 1050 2290 1305 2359; x_wconf 88' lang='lat' dir='ltr'><strong>judicem,</strong></span> <span class='ocrx_word' id='word_1_188' title='bbox 1355 2290 1473 2344; x_wconf 89' lang='lat' dir='ltr'><strong>ideo</strong></span> <span class='ocrx_word' id='word_1_189' title='bbox 1507 2290 1560 2343; x_wconf 91' lang='lat' dir='ltr'><strong>in</strong></span> <span class='ocrx_word' id='word_1_190' title='bbox 1587 2289 1753 2343; x_wconf 90' lang='lat' dir='ltr'><strong>oculis</strong></span> <span class='ocrx_word' id='word_1_191' title='bbox 1791 2289 1982 2342; x_wconf 89' lang='lat' dir='ltr'><strong>summi</strong></span> <span class='ocrx_word' id='word_1_192' title='bbox 2011 2288 2102 2342; x_wconf 90' lang='lat' dir='ltr'><strong>Dei</strong></span> 
     </span>
    </p>
   </div>
   <div class='ocr_carea' id='block_1_24' title="bbox 528 2378 2105 2454">
    <p class='ocr_par' dir='ltr' id='par_1_24' title="bbox 528 2378 2105 2454">
     <span class='ocr_line' id='line_1_24' title="bbox 528 2378 2105 2454; baseline -0.004 -15"><span class='ocrx_word' id='word_1_193' title='bbox 528 2394 584 2439; x_wconf 88' lang='lat' dir='ltr'><strong>et</strong></span> <span class='ocrx_word' id='word_1_194' title='bbox 626 2384 817 2454; x_wconf 90' lang='lat' dir='ltr'><strong>judicis</strong></span> <span class='ocrx_word' id='word_1_195' title='bbox 870 2399 975 2437; x_wconf 90' lang='lat' dir='ltr'><strong>non</strong></span> <span class='ocrx_word' id='word_1_196' title='bbox 1021 2383 1264 2452; x_wconf 88' lang='lat' dir='ltr'><strong>agnoscis</strong></span> <span class='ocrx_word' id='word_1_197' title='bbox 1304 2381 1503 2435; x_wconf 82' lang='lat' dir='ltr'><strong>crimen</strong></span> <span class='ocrx_word' id='word_1_198' title='bbox 1546 2385 1691 2434; x_wconf 85' lang='lat' dir='ltr'><strong>tuum</strong></span> <span class='ocrx_word' id='word_1_199' title='bbox 1724 2380 1748 2433; x_wconf 84' lang='lat'><strong>?</strong></span> <span class='ocrx_word' id='word_1_200' title='bbox 1781 2378 1835 2433; x_wconf 90' lang='lat' dir='ltr'><strong>Si</strong></span> <span class='ocrx_word' id='word_1_201' title='bbox 1886 2393 1989 2431; x_wconf 93' lang='lat' dir='ltr'><strong>non</strong></span> <span class='ocrx_word' id='word_1_202' title='bbox 2027 2379 2105 2433; x_wconf 89' lang='lat' dir='ltr'><strong>vis</strong></span> 
     </span>
    </p>
   </div>
   <div class='ocr_carea' id='block_1_25' title="bbox 526 2475 2101 2547">
    <p class='ocr_par' dir='ltr' id='par_1_25' title="bbox 526 2475 2101 2547">
     <span class='ocr_line' id='line_1_25' title="bbox 526 2475 2101 2547; baseline -0.006 -17"><span class='ocrx_word' id='word_1_203' title='bbox 526 2492 813 2547; x_wconf 84' lang='lat' dir='ltr'><strong>agnoscere</strong></span> <span class='ocrx_word' id='word_1_204' title='bbox 864 2475 1064 2528; x_wconf 88' lang='lat' dir='ltr'><strong>crimen</strong></span> <span class='ocrx_word' id='word_1_205' title='bbox 1120 2481 1301 2533; x_wconf 90' lang='lat' dir='ltr'><strong>tuum,</strong></span> <span class='ocrx_word' id='word_1_206' title='bbox 1358 2485 1613 2539; x_wconf 86' lang='lat' dir='ltr'><strong>agnosces</strong></span> <span class='ocrx_word' id='word_1_207' title='bbox 1664 2483 1874 2538; x_wconf 87' lang='lat' dir='ltr'><strong>poenam</strong></span> <span class='ocrx_word' id='word_1_208' title='bbox 1940 2478 2101 2523; x_wconf 92' lang='lat' dir='ltr'><strong>tuam.</strong></span> 
     </span>
    </p>
   </div>
   <div class='ocr_carea' id='block_1_26' title="bbox 528 2560 2101 2633">
    <p class='ocr_par' dir='ltr' id='par_1_26' title="bbox 528 2560 2101 2633">
     <span class='ocr_line' id='line_1_26' title="bbox 528 2560 2101 2633; baseline -0.004 -12"><span class='ocrx_word' id='word_1_209' title='bbox 528 2568 643 2621; x_wconf 87' lang='lat' dir='ltr'><strong>Non</strong></span> <span class='ocrx_word' id='word_1_210' title='bbox 680 2567 820 2621; x_wconf 91' lang='lat' dir='ltr'><strong>enim</strong></span> <span class='ocrx_word' id='word_1_211' title='bbox 847 2565 935 2618; x_wconf 91' lang='lat' dir='ltr'><strong>ille</strong></span> <span class='ocrx_word' id='word_1_212' title='bbox 970 2563 1139 2633; x_wconf 90' lang='lat' dir='ltr'><strong>parcit</strong></span> <span class='ocrx_word' id='word_1_213' title='bbox 1167 2561 1464 2616; x_wconf 90' lang='lat' dir='ltr'><strong>homicidis.</strong></span> <span class='ocrx_word' id='word_1_214' title='bbox 1493 2560 1600 2616; x_wconf 88' lang='lat' dir='ltr'><strong>Sed</strong></span> <span class='ocrx_word' id='word_1_215' title='bbox 1629 2562 1839 2631; x_wconf 88' lang='lat' dir='ltr'><strong>corrigo</strong></span> <span class='ocrx_word' id='word_1_216' title='bbox 1883 2576 1989 2627; x_wconf 90' lang='lat' dir='ltr'><strong>me,</strong></span> <span class='ocrx_word' id='word_1_217' title='bbox 2017 2562 2101 2615; x_wconf 89' lang='lat' dir='ltr'><strong>in-</strong></span> 
     </span>
    </p>
   </div>
   <div class='ocr_carea' id='block_1_27' title="bbox 527 2651 2107 2727">
    <p class='ocr_par' dir='ltr' id='par_1_27' title="bbox 527 2651 2107 2727">
     <span class='ocr_line' id='line_1_27' title="bbox 527 2651 2107 2727; baseline -0.003 -17"><span class='ocrx_word' id='word_1_218' title='bbox 527 2657 667 2727; x_wconf 91' lang='lat' dir='ltr'><strong>quis,</strong></span> <span class='ocrx_word' id='word_1_219' title='bbox 698 2670 817 2709; x_wconf 91' lang='lat' dir='ltr'><strong>cum</strong></span> <span class='ocrx_word' id='word_1_220' title='bbox 846 2668 962 2708; x_wconf 89' lang='lat' dir='ltr'><strong>sum</strong></span> <span class='ocrx_word' id='word_1_221' title='bbox 990 2652 1042 2706; x_wconf 88' lang='lat' dir='ltr'><strong>in</strong></span> <span class='ocrx_word' id='word_1_222' title='bbox 1076 2652 1182 2706; x_wconf 88' lang='lat' dir='ltr'><strong>via.</strong></span> <span class='ocrx_word' id='word_1_223' title='bbox 1210 2651 1425 2721; x_wconf 89' lang='lat' dir='ltr'><strong>Corrige</strong></span> <span class='ocrx_word' id='word_1_224' title='bbox 1450 2666 1578 2720; x_wconf 86' lang='lat' dir='ltr'><strong>ergo</strong></span> <span class='ocrx_word' id='word_1_225' title='bbox 1601 2659 1670 2715; x_wconf 91' lang='lat' dir='ltr'><strong>te,</strong></span> <span class='ocrx_word' id='word_1_226' title='bbox 1698 2660 1756 2706; x_wconf 91' lang='lat' dir='ltr'><strong>et</strong></span> <span class='ocrx_word' id='word_1_227' title='bbox 1798 2660 1924 2705; x_wconf 90' lang='lat' dir='ltr'><strong>tunc</strong></span> <span class='ocrx_word' id='word_1_228' title='bbox 1960 2660 2107 2721; x_wconf 88' lang='lat' dir='ltr'><strong>pote-</strong></span> 
     </span>
    </p>
   </div>
   <div class='ocr_carea' id='block_1_28' title="bbox 533 2741 2105 2811">
    <p class='ocr_par' dir='ltr' id='par_1_28' title="bbox 533 2741 2105 2811">
     <span class='ocr_line' id='line_1_28' title="bbox 533 2741 2105 2811; baseline -0.003 -12"><span class='ocrx_word' id='word_1_229' title='bbox 533 2747 607 2799; x_wconf 91' lang='lat' dir='ltr'><strong>ris</strong></span> <span class='ocrx_word' id='word_1_230' title='bbox 638 2744 854 2799; x_wconf 82' lang='lat' dir='ltr'><strong>fratrem</strong></span> <span class='ocrx_word' id='word_1_231' title='bbox 884 2743 1173 2811; x_wconf 91' lang='lat' dir='ltr'><strong>corripere.</strong></span> <span class='ocrx_word' id='word_1_232' title='bbox 1203 2742 1423 2796; x_wconf 85' lang='lat' dir='ltr'><strong>Leviora</strong></span> <span class='ocrx_word' id='word_1_233' title='bbox 1458 2741 1663 2810; x_wconf 88' lang='lat' dir='ltr'><strong>objicis,</strong></span> <span class='ocrx_word' id='word_1_234' title='bbox 1695 2742 1931 2811; x_wconf 89' lang='lat' dir='ltr'><strong>graviora</strong></span> <span class='ocrx_word' id='word_1_235' title='bbox 1961 2756 2105 2795; x_wconf 89' lang='lat' dir='ltr'><strong>com-</strong></span> 
     </span>
    </p>
   </div>
   <div class='ocr_carea' id='block_1_29' title="bbox 532 2832 2103 2900">
    <p class='ocr_par' dir='ltr' id='par_1_29' title="bbox 532 2832 2103 2900">
     <span class='ocr_line' id='line_1_29' title="bbox 532 2832 2103 2900; baseline -0.003 -11"><span class='ocrx_word' id='word_1_236' title='bbox 532 2836 717 2889; x_wconf 89' lang='lat' dir='ltr'><strong>mittis.</strong></span> <span class='ocrx_word' id='word_1_237' title='bbox 749 2834 1019 2895; x_wconf 71' lang='lat' dir='ltr'><strong>Festucam</strong></span> <span class='ocrx_word' id='word_1_238' title='bbox 1047 2833 1180 2885; x_wconf 81' lang='lat' dir='ltr'><strong>vides</strong></span> <span class='ocrx_word' id='word_1_239' title='bbox 1210 2833 1263 2885; x_wconf 88' lang='lat' dir='ltr'><strong>in</strong></span> <span class='ocrx_word' id='word_1_240' title='bbox 1287 2833 1429 2885; x_wconf 87' lang='lat' dir='ltr'><strong>oculo</strong></span> <span class='ocrx_word' id='word_1_241' title='bbox 1459 2832 1631 2900; x_wconf 81' lang='lat' dir='ltr'><strong>fratris</strong></span> <span class='ocrx_word' id='word_1_242' title='bbox 1669 2833 1761 2900; x_wconf 90' lang='lat' dir='ltr'><strong>tui,</strong></span> <span class='ocrx_word' id='word_1_243' title='bbox 1797 2834 1984 2885; x_wconf 85' lang='lat' dir='ltr'><strong>trabem</strong></span> <span class='ocrx_word' id='word_1_244' title='bbox 2008 2848 2103 2885; x_wconf 87' lang='lat' dir='ltr'><strong>au—</strong></span> 
     </span>
    </p>
   </div>
   <div class='ocr_carea' id='block_1_30' title="bbox 529 2925 2103 2997">
    <p class='ocr_par' dir='ltr' id='par_1_30' title="bbox 529 2925 2103 2997">
     <span class='ocr_line' id='line_1_30' title="bbox 529 2925 2103 2997; baseline 0.001 -18"><span class='ocrx_word' id='word_1_245' title='bbox 529 2937 629 2980; x_wconf 89' lang='lat' dir='ltr'><strong>tem</strong></span> <span class='ocrx_word' id='word_1_246' title='bbox 653 2928 704 2979; x_wconf 87' lang='lat' dir='ltr'><strong>in</strong></span> <span class='ocrx_word' id='word_1_247' title='bbox 733 2928 877 2980; x_wconf 89' lang='lat' dir='ltr'><strong>oculo</strong></span> <span class='ocrx_word' id='word_1_248' title='bbox 905 2938 987 2981; x_wconf 92' lang='lat' dir='ltr'><strong>tuo</strong></span> <span class='ocrx_word' id='word_1_249' title='bbox 1013 2945 1113 2981; x_wconf 87' lang='lat' dir='ltr'><strong>non</strong></span> <span class='ocrx_word' id='word_1_250' title='bbox 1145 2928 1279 2982; x_wconf 83' lang='lat' dir='ltr'><strong>vides</strong></span> <span class='ocrx_word' id='word_1_251' title='bbox 1309 2926 1535 2997; x_wconf 84' lang='lat' dir='ltr'><strong>(Matth.</strong></span> <span class='ocrx_word' id='word_1_252' title='bbox 1564 2942 1653 2991; x_wconf 89' lang='lat' dir='ltr'><strong>vn,</strong></span> <span class='ocrx_word' id='word_1_253' title='bbox 1678 2925 1773 2997; x_wconf 75' lang='grc' dir='ltr'><strong>ὅ).</strong></span> <span class='ocrx_word' id='word_1_254' title='bbox 1814 2926 1925 2981; x_wconf 86' lang='lat' dir='ltr'><strong>Hoc</strong></span> <span class='ocrx_word' id='word_1_255' title='bbox 1963 2927 2103 2981; x_wconf 89' lang='lat' dir='ltr'><strong>enim</strong></span> 
     </span>
    </p>
   </div>
   <div class='ocr_carea' id='block_1_31' title="bbox 529 3014 2103 3085">
    <p class='ocr_par' dir='ltr' id='par_1_31' title="bbox 529 3014 2103 3085">
     <span class='ocr_line' id='line_1_31' title="bbox 529 3014 2103 3085; baseline 0 -17"><span class='ocrx_word' id='word_1_256' title='bbox 529 3016 661 3069; x_wconf 76' lang='lat' dir='ltr'><strong>dixit</strong></span> <span class='ocrx_word' id='word_1_257' title='bbox 702 3016 956 3070; x_wconf 90' lang='lat' dir='ltr'><strong>Dominus</strong></span> <span class='ocrx_word' id='word_1_258' title='bbox 995 3026 1209 3085; x_wconf 89' lang='lat' dir='ltr'><strong>propter</strong></span> <span class='ocrx_word' id='word_1_259' title='bbox 1238 3015 1479 3070; x_wconf 90' lang='lat' dir='ltr'><strong>homines</strong></span> <span class='ocrx_word' id='word_1_260' title='bbox 1504 3016 1594 3085; x_wconf 90' lang='lat' dir='ltr'><strong>qui</strong></span> <span class='ocrx_word' id='word_1_261' title='bbox 1634 3030 1753 3069; x_wconf 92' lang='lat' dir='ltr'><strong>cum</strong></span> <span class='ocrx_word' id='word_1_262' title='bbox 1781 3014 1905 3069; x_wconf 92' lang='lat' dir='ltr'><strong>odio</strong></span> <span class='ocrx_word' id='word_1_263' title='bbox 1930 3014 2103 3068; x_wconf 86' lang='lat' dir='ltr'><strong>corri-</strong></span> 
     </span>
    </p>
   </div>
   <div class='ocr_carea' id='block_1_32' title="bbox 528 3105 2104 3177">
    <p class='ocr_par' dir='ltr' id='par_1_32' title="bbox 528 3105 2104 3177">
     <span class='ocr_line' id='line_1_32' title="bbox 528 3105 2104 3177; baseline -0.002 -16"><span class='ocrx_word' id='word_1_264' title='bbox 528 3107 698 3175; x_wconf 88' lang='lat' dir='ltr'><strong>piunt.</strong></span> <span class='ocrx_word' id='word_1_265' title='bbox 742 3108 1057 3163; x_wconf 87' lang='lat' dir='ltr'><strong>lrascentem</strong></span> <span class='ocrx_word' id='word_1_266' title='bbox 1091 3108 1335 3177; x_wconf 89' lang='lat' dir='ltr'><strong>corripis,</strong></span> <span class='ocrx_word' id='word_1_267' title='bbox 1374 3115 1428 3161; x_wconf 92' lang='lat' dir='ltr'><strong>et</strong></span> <span class='ocrx_word' id='word_1_268' title='bbox 1466 3115 1521 3160; x_wconf 91' lang='lat' dir='ltr'><strong>tu</strong></span> <span class='ocrx_word' id='word_1_269' title='bbox 1565 3106 1687 3160; x_wconf 93' lang='lat' dir='ltr'><strong>odio</strong></span> <span class='ocrx_word' id='word_1_270' title='bbox 1727 3105 2104 3160; x_wconf 86' lang='lat' dir='ltr'><strong>contabescis?</strong></span> 
     </span>
    </p>
   </div>
   <div class='ocr_carea' id='block_1_33' title="bbox 529 3197 2099 3268">
    <p class='ocr_par' dir='ltr' id='par_1_33' title="bbox 529 3197 2099 3268">
     <span class='ocr_line' id='line_1_33' title="bbox 529 3197 2099 3268; baseline -0.002 -15"><span class='ocrx_word' id='word_1_271' title='bbox 529 3200 783 3268; x_wconf 81' lang='lat' dir='ltr'><strong>Appende</strong></span> <span class='ocrx_word' id='word_1_272' title='bbox 826 3201 877 3253; x_wconf 93' lang='lat' dir='ltr'><strong>in</strong></span> <span class='ocrx_word' id='word_1_273' title='bbox 905 3209 1099 3255; x_wconf 87' lang='lat' dir='ltr'><strong>statera</strong></span> <span class='ocrx_word' id='word_1_274' title='bbox 1138 3199 1578 3254; x_wconf 89' lang='lat' dir='ltr'><strong>considerationis</strong></span> <span class='ocrx_word' id='word_1_275' title='bbox 1622 3200 1755 3253; x_wconf 90' lang='lat' dir='ltr'><strong>iram</strong></span> <span class='ocrx_word' id='word_1_276' title='bbox 1800 3207 1855 3253; x_wconf 90' lang='lat' dir='ltr'><strong>et</strong></span> <span class='ocrx_word' id='word_1_277' title='bbox 1899 3197 2099 3252; x_wconf 93' lang='lat' dir='ltr'><strong>odium.</strong></span> 
     </span>
    </p>
   </div>
   <div class='ocr_carea' id='block_1_34' title="bbox 529 3289 2107 3360">
    <p class='ocr_par' dir='ltr' id='par_1_34' title="bbox 529 3289 2107 3360">
     <span class='ocr_line' id='line_1_34' title="bbox 529 3289 2107 3360; baseline 0 -15"><span class='ocrx_word' id='word_1_278' title='bbox 529 3291 666 3357; x_wconf 85' lang='lat' dir='ltr'><strong>Quid</strong></span> <span class='ocrx_word' id='word_1_279' title='bbox 706 3301 787 3346; x_wconf 87' lang='lat' dir='ltr'><strong>est</strong></span> <span class='ocrx_word' id='word_1_280' title='bbox 810 3291 885 3345; x_wconf 90' lang='lat' dir='ltr'><strong>ira</strong></span> <span class='ocrx_word' id='word_1_281' title='bbox 911 3292 934 3345; x_wconf 91' lang='lat'><strong>?</strong></span> <span class='ocrx_word' id='word_1_282' title='bbox 959 3291 1158 3346; x_wconf 85' lang='lat' dir='ltr'><strong>Fervor</strong></span> <span class='ocrx_word' id='word_1_283' title='bbox 1181 3291 1391 3360; x_wconf 86' lang='lat' dir='ltr'><strong>quidam</strong></span> <span class='ocrx_word' id='word_1_284' title='bbox 1413 3290 1597 3345; x_wconf 90' lang='lat' dir='ltr'><strong>animi.</strong></span> <span class='ocrx_word' id='word_1_285' title='bbox 1632 3291 1712 3345; x_wconf 84' lang='lat' dir='ltr'><strong>Ad</strong></span> <span class='ocrx_word' id='word_1_286' title='bbox 1735 3304 1968 3360; x_wconf 61' lang='lat' dir='ltr'><strong>praesens</strong></span> <span class='ocrx_word' id='word_1_287' title='bbox 1995 3289 2107 3345; x_wconf 87' lang='lat' dir='ltr'><strong>dis-</strong></span> 
     </span>
    </p>
   </div>
   <div class='ocr_carea' id='block_1_35' title="bbox 529 3380 2106 3451">
    <p class='ocr_par' dir='ltr' id='par_1_35' title="bbox 529 3380 2106 3451">
     <span class='ocr_line' id='line_1_35' title="bbox 529 3380 2106 3451; baseline 0.001 -18"><span class='ocrx_word' id='word_1_288' title='bbox 529 3381 689 3451; x_wconf 89' lang='lat' dir='ltr'><strong>plicet</strong></span> <span class='ocrx_word' id='word_1_289' title='bbox 712 3382 823 3436; x_wconf 91' lang='lat' dir='ltr'><strong>tibi.</strong></span> <span class='ocrx_word' id='word_1_290' title='bbox 854 3381 968 3435; x_wconf 85' lang='lat' dir='ltr'><strong>Jam</strong></span> <span class='ocrx_word' id='word_1_291' title='bbox 990 3383 1040 3436; x_wconf 93' lang='lat' dir='ltr'><strong>in</strong></span> <span class='ocrx_word' id='word_1_292' title='bbox 1073 3392 1122 3436; x_wconf 90' lang='lat' dir='ltr'><strong>te</strong></span> <span class='ocrx_word' id='word_1_293' title='bbox 1152 3383 1227 3436; x_wconf 89' lang='lat' dir='ltr'><strong>ira</strong></span> <span class='ocrx_word' id='word_1_294' title='bbox 1252 3383 1350 3436; x_wconf 86' lang='lat' dir='ltr'><strong>ista</strong></span> <span class='ocrx_word' id='word_1_295' title='bbox 1376 3382 1663 3436; x_wconf 88' lang='lat' dir='ltr'><strong>inveterata</strong></span> <span class='ocrx_word' id='word_1_296' title='bbox 1693 3390 1794 3445; x_wconf 88' lang='lat' dir='ltr'><strong>est,</strong></span> <span class='ocrx_word' id='word_1_297' title='bbox 1835 3381 1955 3436; x_wconf 91' lang='lat' dir='ltr'><strong>ideo</strong></span> <span class='ocrx_word' id='word_1_298' title='bbox 1983 3380 2106 3435; x_wconf 88' lang='lat' dir='ltr'><strong>fecit</strong></span> 
     </span>
    </p>
   </div>
   <div class='ocr_carea' id='block_1_36' title="bbox 530 3471 2104 3539">
    <p class='ocr_par' dir='ltr' id='par_1_36' title="bbox 530 3471 2104 3539">
     <span class='ocr_line' id='line_1_36' title="bbox 530 3471 2104 3539; baseline 0 -13"><span class='ocrx_word' id='word_1_299' title='bbox 530 3472 729 3526; x_wconf 91' lang='lat' dir='ltr'><strong>odium.</strong></span> <span class='ocrx_word' id='word_1_300' title='bbox 759 3472 837 3526; x_wconf 92' lang='lat' dir='ltr'><strong>lra</strong></span> <span class='ocrx_word' id='word_1_301' title='bbox 870 3472 1063 3528; x_wconf 83' lang='lat' dir='ltr'><strong>festuca</strong></span> <span class='ocrx_word' id='word_1_302' title='bbox 1107 3483 1207 3539; x_wconf 90' lang='lat' dir='ltr'><strong>est,</strong></span> <span class='ocrx_word' id='word_1_303' title='bbox 1238 3474 1413 3529; x_wconf 84' lang='lat' dir='ltr'><strong>trabes</strong></span> <span class='ocrx_word' id='word_1_304' title='bbox 1442 3473 1614 3527; x_wconf 84' lang='lat' dir='ltr'><strong>futura</strong></span> <span class='ocrx_word' id='word_1_305' title='bbox 1647 3472 1955 3527; x_wconf 89' lang='lat' dir='ltr'><strong>crescendo.</strong></span> <span class='ocrx_word' id='word_1_306' title='bbox 1986 3471 2104 3526; x_wconf 80' lang='lat' dir='ltr'><strong>Sic-</strong></span> 
     </span>
    </p>
   </div>
   <div class='ocr_carea' id='block_1_37' title="bbox 533 3563 2105 3629">
    <p class='ocr_par' dir='ltr' id='par_1_37' title="bbox 533 3563 2105 3629">
     <span class='ocr_line' id='line_1_37' title="bbox 533 3563 2105 3629; baseline -0.001 -11"><span class='ocrx_word' id='word_1_307' title='bbox 533 3573 590 3618; x_wconf 92' lang='lat' dir='ltr'><strong>ut</strong></span> <span class='ocrx_word' id='word_1_308' title='bbox 641 3564 783 3619; x_wconf 90' lang='lat' dir='ltr'><strong>enim</strong></span> <span class='ocrx_word' id='word_1_309' title='bbox 817 3564 1017 3618; x_wconf 89' lang='lat' dir='ltr'><strong>festuca</strong></span> <span class='ocrx_word' id='word_1_310' title='bbox 1050 3566 1242 3619; x_wconf 89' lang='lat' dir='ltr'><strong>crescit</strong></span> <span class='ocrx_word' id='word_1_311' title='bbox 1271 3566 1323 3618; x_wconf 91' lang='lat' dir='ltr'><strong>in</strong></span> <span class='ocrx_word' id='word_1_312' title='bbox 1354 3564 1575 3629; x_wconf 89' lang='lat' dir='ltr'><strong>trabem,</strong></span> <span class='ocrx_word' id='word_1_313' title='bbox 1605 3564 1682 3617; x_wconf 90' lang='lat' dir='ltr'><strong>sic</strong></span> <span class='ocrx_word' id='word_1_314' title='bbox 1710 3564 1786 3617; x_wconf 91' lang='lat' dir='ltr'><strong>ira</strong></span> <span class='ocrx_word' id='word_1_315' title='bbox 1816 3563 2105 3617; x_wconf 85' lang='lat' dir='ltr'><strong>inveterata</strong></span> 
     </span>
    </p>
   </div>
   <div class='ocr_carea' id='block_1_38' title="bbox 532 3654 2105 3724">
    <p class='ocr_par' dir='ltr' id='par_1_38' title="bbox 532 3654 2105 3724">
     <span class='ocr_line' id='line_1_38' title="bbox 532 3654 2105 3724; baseline -0.002 -15"><span class='ocrx_word' id='word_1_316' title='bbox 532 3655 589 3709; x_wconf 82' lang='lat' dir='ltr'><strong>fit</strong></span> <span class='ocrx_word' id='word_1_317' title='bbox 617 3656 817 3710; x_wconf 90' lang='lat' dir='ltr'><strong>odium.</strong></span> <span class='ocrx_word' id='word_1_318' title='bbox 845 3656 959 3711; x_wconf 72' lang='lat' dir='ltr'><strong>iam</strong></span> <span class='ocrx_word' id='word_1_319' title='bbox 991 3664 1045 3709; x_wconf 91' lang='lat' dir='ltr'><strong>tu</strong></span> <span class='ocrx_word' id='word_1_320' title='bbox 1066 3655 1243 3721; x_wconf 84' lang='lat' dir='ltr'><strong>odisti,</strong></span> <span class='ocrx_word' id='word_1_321' title='bbox 1274 3664 1326 3710; x_wconf 90' lang='lat' dir='ltr'><strong>et</strong></span> <span class='ocrx_word' id='word_1_322' title='bbox 1360 3654 1582 3724; x_wconf 91' lang='lat' dir='ltr'><strong>corripis</strong></span> <span class='ocrx_word' id='word_1_323' title='bbox 1610 3655 1922 3708; x_wconf 89' lang='lat' dir='ltr'><strong>irascentem</strong></span> <span class='ocrx_word' id='word_1_324' title='bbox 1953 3670 1967 3705; x_wconf 92' lang='lat'>:</span> <span class='ocrx_word' id='word_1_325' title='bbox 1996 3654 2105 3722; x_wconf 91' lang='lat' dir='ltr'><strong>jam</strong></span> 
     </span>
    </p>
   </div>
   <div class='ocr_carea' id='block_1_39' title="bbox 532 3744 2103 3813">
    <p class='ocr_par' dir='ltr' id='par_1_39' title="bbox 532 3744 2103 3813">
     <span class='ocr_line' id='line_1_39' title="bbox 532 3744 2103 3813; baseline -0.002 -14"><span class='ocrx_word' id='word_1_326' title='bbox 532 3748 584 3800; x_wconf 92' lang='lat' dir='ltr'><strong>in</strong></span> <span class='ocrx_word' id='word_1_327' title='bbox 630 3747 719 3800; x_wconf 90' lang='lat' dir='ltr'><strong>illo</strong></span> <span class='ocrx_word' id='word_1_328' title='bbox 745 3749 941 3800; x_wconf 88' lang='lat' dir='ltr'><strong>festuca</strong></span> <span class='ocrx_word' id='word_1_329' title='bbox 980 3746 1243 3813; x_wconf 79' lang='lat' dir='ltr'><strong>displicet,</strong></span> <span class='ocrx_word' id='word_1_330' title='bbox 1284 3746 1335 3799; x_wconf 92' lang='lat' dir='ltr'><strong>in</strong></span> <span class='ocrx_word' id='word_1_331' title='bbox 1381 3755 1431 3799; x_wconf 90' lang='lat' dir='ltr'><strong>te</strong></span> <span class='ocrx_word' id='word_1_332' title='bbox 1477 3746 1649 3799; x_wconf 90' lang='lat' dir='ltr'><strong>adhuc</strong></span> <span class='ocrx_word' id='word_1_333' title='bbox 1694 3744 1870 3800; x_wconf 91' lang='lat' dir='ltr'><strong>trabes</strong></span> <span class='ocrx_word' id='word_1_334' title='bbox 1915 3744 2103 3813; x_wconf 89' lang='lat' dir='ltr'><strong>placet.</strong></span> 
     </span>
    </p>
   </div>
   <div class='ocr_carea' id='block_1_40' title="bbox 535 3833 2106 3903">
    <p class='ocr_par' dir='ltr' id='par_1_40' title="bbox 535 3833 2106 3903">
     <span class='ocr_line' id='line_1_40' title="bbox 535 3833 2106 3903; baseline -0.001 -14"><span class='ocrx_word' id='word_1_335' title='bbox 535 3836 709 3889; x_wconf 85' lang='lat' dir='ltr'><strong>Vultis</strong></span> <span class='ocrx_word' id='word_1_336' title='bbox 732 3836 869 3888; x_wconf 87' lang='lat' dir='ltr'><strong>scire</strong></span> <span class='ocrx_word' id='word_1_337' title='bbox 894 3845 1147 3903; x_wconf 90' lang='lat' dir='ltr'><strong>quantum</strong></span> <span class='ocrx_word' id='word_1_338' title='bbox 1174 3835 1382 3888; x_wconf 90' lang='lat' dir='ltr'><strong>intersit</strong></span> <span class='ocrx_word' id='word_1_339' title='bbox 1409 3837 1433 3886; x_wconf 73' lang='grc' dir='ltr'><em>Ἰ</em></span> <span class='ocrx_word' id='word_1_340' title='bbox 1456 3835 1607 3903; x_wconf 65' lang='lat' dir='ltr'><strong>Saepe</strong></span> <span class='ocrx_word' id='word_1_341' title='bbox 1634 3835 1928 3889; x_wconf 86' lang='lat' dir='ltr'><strong>invenimus</strong></span> <span class='ocrx_word' id='word_1_342' title='bbox 1950 3833 2106 3888; x_wconf 87' lang='lat' dir='ltr'><strong>irasci</strong></span> 
     </span>
    </p>
   </div>
   <div class='ocr_carea' id='block_1_41' title="bbox 534 3926 2106 3995">
    <p class='ocr_par' dir='ltr' id='par_1_41' title="bbox 534 3926 2106 3995">
     <span class='ocr_line' id='line_1_41' title="bbox 534 3926 2106 3995; baseline 0.001 -17"><span class='ocrx_word' id='word_1_343' title='bbox 534 3934 712 3995; x_wconf 89' lang='lat' dir='ltr'><strong>patres</strong></span> <span class='ocrx_word' id='word_1_344' title='bbox 751 3926 872 3980; x_wconf 85' lang='lat' dir='ltr'><strong>filiis</strong></span> <span class='ocrx_word' id='word_1_345' title='bbox 914 3935 1155 3993; x_wconf 87' lang='lat' dir='ltr'><strong>:patrcm</strong></span> <span class='ocrx_word' id='word_1_346' title='bbox 1192 3926 1369 3980; x_wconf 89' lang='lat' dir='ltr'><strong>odisse</strong></span> <span class='ocrx_word' id='word_1_347' title='bbox 1408 3926 1570 3979; x_wconf 88' lang='lat' dir='ltr'><strong>filium</strong></span> <span class='ocrx_word' id='word_1_348' title='bbox 1600 3926 1812 3981; x_wconf 85' lang='lat' dir='ltr'><strong>difficile</strong></span> <span class='ocrx_word' id='word_1_349' title='bbox 1851 3927 2106 3981; x_wconf 87' lang='lat' dir='ltr'><strong>invenies.</strong></span> 
     </span>
    </p>
   </div>
   <div class='ocr_carea' id='block_1_42' title="bbox 534 4015 2108 4085">
    <p class='ocr_par' dir='ltr' id='par_1_42' title="bbox 534 4015 2108 4085">
     <span class='ocr_line' id='line_1_42' title="bbox 534 4015 2108 4085; baseline -0.001 -16"><span class='ocrx_word' id='word_1_350' title='bbox 534 4015 669 4069; x_wconf 89' lang='lat' dir='ltr'><strong>Filio</strong></span> <span class='ocrx_word' id='word_1_351' title='bbox 710 4031 866 4083; x_wconf 89' lang='lat' dir='ltr'><strong>quem</strong></span> <span class='ocrx_word' id='word_1_352' title='bbox 910 4015 1097 4085; x_wconf 84' lang='lat' dir='ltr'><strong>diligit,</strong></span> <span class='ocrx_word' id='word_1_353' title='bbox 1143 4016 1295 4070; x_wconf 90' lang='lat' dir='ltr'><strong>irasci</strong></span> <span class='ocrx_word' id='word_1_354' title='bbox 1327 4024 1500 4083; x_wconf 86' lang='lat' dir='ltr'><strong>potest</strong></span> <span class='ocrx_word' id='word_1_355' title='bbox 1541 4025 1691 4085; x_wconf 89' lang='lat' dir='ltr'><strong>pater</strong></span> <span class='ocrx_word' id='word_1_356' title='bbox 1734 4033 1745 4067; x_wconf 93' lang='lat'>:</span> <span class='ocrx_word' id='word_1_357' title='bbox 1781 4015 2031 4069; x_wconf 88' lang='lat' dir='ltr'><strong>Irascitur</strong></span> <span class='ocrx_word' id='word_1_358' title='bbox 2054 4024 2108 4069; x_wconf 91' lang='lat' dir='ltr'><strong>et</strong></span> 
     </span>
    </p>
   </div>
   <div class='ocr_carea' id='block_1_43' title="bbox 534 4105 2109 4175">
    <p class='ocr_par' dir='ltr' id='par_1_43' title="bbox 534 4105 2109 4175">
     <span class='ocr_line' id='line_1_43' title="bbox 534 4105 2109 4175; baseline 0.001 -16"><span class='ocrx_word' id='word_1_359' title='bbox 534 4115 697 4173; x_wconf 87' lang='lat' dir='ltr'><strong>amat,</strong></span> <span class='ocrx_word' id='word_1_360' title='bbox 731 4114 902 4175; x_wconf 87' lang='lat' dir='ltr'><strong>potest</strong></span> <span class='ocrx_word' id='word_1_361' title='bbox 928 4105 1030 4160; x_wconf 93' lang='lat' dir='ltr'><strong>dici</strong></span> <span class='ocrx_word' id='word_1_362' title='bbox 1060 4123 1074 4171; x_wconf 90' lang='lat'><strong>;</strong></span> <span class='ocrx_word' id='word_1_363' title='bbox 1101 4105 1225 4160; x_wconf 82' lang='lat' dir='ltr'><strong>Odit</strong></span> <span class='ocrx_word' id='word_1_364' title='bbox 1244 4113 1299 4160; x_wconf 88' lang='lat' dir='ltr'><strong>et</strong></span> <span class='ocrx_word' id='word_1_365' title='bbox 1317 4114 1477 4168; x_wconf 88' lang='lat' dir='ltr'><strong>amat,</strong></span> <span class='ocrx_word' id='word_1_366' title='bbox 1504 4121 1609 4159; x_wconf 92' lang='lat' dir='ltr'><strong>non</strong></span> <span class='ocrx_word' id='word_1_367' title='bbox 1646 4114 1820 4174; x_wconf 90' lang='lat' dir='ltr'><strong>potest</strong></span> <span class='ocrx_word' id='word_1_368' title='bbox 1848 4105 1971 4159; x_wconf 91' lang='lat' dir='ltr'><strong>dici.</strong></span> <span class='ocrx_word' id='word_1_369' title='bbox 1998 4105 2109 4160; x_wconf 84' lang='lat' dir='ltr'><strong>Hoc</strong></span> 
     </span>
    </p>
   </div>
   <div class='ocr_carea' id='block_1_44' title="bbox 535 4196 2108 4267">
    <p class='ocr_par' dir='ltr' id='par_1_44' title="bbox 535 4196 2108 4267">
     <span class='ocr_line' id='line_1_44' title="bbox 535 4196 2108 4267; baseline 0.001 -18"><span class='ocrx_word' id='word_1_370' title='bbox 535 4197 642 4249; x_wconf 85' lang='lat' dir='ltr'><strong>dixi</strong></span> <span class='ocrx_word' id='word_1_371' title='bbox 668 4205 882 4266; x_wconf 82' lang='lat' dir='ltr'><strong>prapter</strong></span> <span class='ocrx_word' id='word_1_372' title='bbox 923 4197 1164 4251; x_wconf 88' lang='lat' dir='ltr'><strong>homines</strong></span> <span class='ocrx_word' id='word_1_373' title='bbox 1190 4197 1278 4267; x_wconf 90' lang='lat' dir='ltr'><strong>qui</strong></span> <span class='ocrx_word' id='word_1_374' title='bbox 1308 4197 1511 4251; x_wconf 89' lang='lat' dir='ltr'><strong>minora</strong></span> <span class='ocrx_word' id='word_1_375' title='bbox 1542 4197 1593 4250; x_wconf 91' lang='lat' dir='ltr'><strong>in</strong></span> <span class='ocrx_word' id='word_1_376' title='bbox 1621 4197 1737 4250; x_wconf 91' lang='lat' dir='ltr'><strong>aliis</strong></span> <span class='ocrx_word' id='word_1_377' title='bbox 1777 4197 2021 4265; x_wconf 89' lang='lat' dir='ltr'><strong>puniunt,</strong></span> <span class='ocrx_word' id='word_1_378' title='bbox 2054 4196 2108 4251; x_wconf 91' lang='lat' dir='ltr'><strong>in</strong></span> 
     </span>
    </p>
   </div>
   <div class='ocr_carea' id='block_1_45' title="bbox 536 4288 1225 4358">
    <p class='ocr_par' dir='ltr' id='par_1_45' title="bbox 536 4288 1225 4358">
     <span class='ocr_line' id='line_1_45' title="bbox 536 4288 1225 4358; baseline -0.001 -16"><span class='ocrx_word' id='word_1_379' title='bbox 536 4302 595 4343; x_wconf 89' lang='lat' dir='ltr'><strong>se</strong></span> <span class='ocrx_word' id='word_1_380' title='bbox 621 4288 819 4358; x_wconf 88' lang='lat' dir='ltr'><strong>majora</strong></span> <span class='ocrx_word' id='word_1_381' title='bbox 845 4303 949 4342; x_wconf 89' lang='lat' dir='ltr'><strong>non</strong></span> <span class='ocrx_word' id='word_1_382' title='bbox 982 4288 1225 4357; x_wconf 87' lang='lat' dir='ltr'><strong>puniunt.</strong></span> 
     </span>
    </p>
   </div>
   <div class='ocr_carea' id='block_1_46' title="bbox 606 4377 2108 4448">
    <p class='ocr_par' dir='ltr' id='par_1_46' title="bbox 606 4377 2108 4448">
     <span class='ocr_line' id='line_1_46' title="bbox 606 4377 2108 4448; baseline 0 -16"><span class='ocrx_word' id='word_1_383' title='bbox 606 4380 659 4432; x_wconf 79' lang='grc'><strong>5.</strong></span> <span class='ocrx_word' id='word_1_384' title='bbox 685 4378 969 4432; x_wconf 84' lang='lat' dir='ltr'><strong>Conclusio.</strong></span> <span class='ocrx_word' id='word_1_385' title='bbox 994 4380 1118 4433; x_wconf 80' lang='lat' dir='ltr'><strong>Haec</strong></span> <span class='ocrx_word' id='word_1_386' title='bbox 1143 4394 1297 4448; x_wconf 85' lang='lat' dir='ltr'><strong>ergo,</strong></span> <span class='ocrx_word' id='word_1_387' title='bbox 1339 4377 1530 4431; x_wconf 88' lang='lat' dir='ltr'><strong>fratres</strong></span> <span class='ocrx_word' id='word_1_388' title='bbox 1576 4377 1871 4433; x_wconf 87' lang='lat' dir='ltr'><strong>charissimi</strong></span> <span class='ocrx_word' id='word_1_389' title='bbox 1902 4419 1917 4443; x_wconf 93' lang='lat'><strong>,</strong></span> <span class='ocrx_word' id='word_1_390' title='bbox 1966 4378 2108 4434; x_wconf 85' lang='lat' dir='ltr'><strong>salu-</strong></span> 
     </span>
    </p>
   </div>
   <div class='ocr_carea' id='block_1_47' title="bbox 540 4467 2109 4537">
    <p class='ocr_par' dir='ltr' id='par_1_47' title="bbox 540 4467 2109 4537">
     <span class='ocr_line' id='line_1_47' title="bbox 540 4467 2109 4537; baseline -0.001 -15"><span class='ocrx_word' id='word_1_391' title='bbox 540 4469 704 4522; x_wconf 85' lang='lat' dir='ltr'><strong>briter</strong></span> <span class='ocrx_word' id='word_1_392' title='bbox 728 4470 1041 4537; x_wconf 85' lang='lat' dir='ltr'><strong>cogitantes,</strong></span> <span class='ocrx_word' id='word_1_393' title='bbox 1070 4468 1323 4521; x_wconf 89' lang='lat' dir='ltr'><strong>faciamus</strong></span> <span class='ocrx_word' id='word_1_394' title='bbox 1347 4467 1606 4521; x_wconf 89' lang='lat' dir='ltr'><strong>amicitias</strong></span> <span class='ocrx_word' id='word_1_395' title='bbox 1643 4483 1764 4521; x_wconf 90' lang='lat' dir='ltr'><strong>cum</strong></span> <span class='ocrx_word' id='word_1_396' title='bbox 1807 4467 2109 4521; x_wconf 89' lang='lat' dir='ltr'><strong>adversario</strong></span> 
     </span>
    </p>
   </div>
   <div class='ocr_carea' id='block_1_48' title="bbox 479 4557 2109 4625">
    <p class='ocr_par' dir='ltr' id='par_1_48' title="bbox 479 4557 2109 4625">
     <span class='ocr_line' id='line_1_48' title="bbox 479 4557 2109 4625; baseline -0.002 -11"><span class='ocrx_word' id='word_1_397' title='bbox 479 4574 482 4577; x_wconf 53' lang='grc' dir='ltr'>λ</span> <span class='ocrx_word' id='word_1_398' title='bbox 539 4569 740 4625; x_wconf 87' lang='lat' dir='ltr'><strong>nostro,</strong></span> <span class='ocrx_word' id='word_1_399' title='bbox 769 4559 893 4613; x_wconf 92' lang='lat' dir='ltr'><strong>dum</strong></span> <span class='ocrx_word' id='word_1_400' title='bbox 923 4573 1107 4612; x_wconf 90' lang='lat' dir='ltr'><strong>sumus</strong></span> <span class='ocrx_word' id='word_1_401' title='bbox 1132 4559 1185 4611; x_wconf 93' lang='lat' dir='ltr'><strong>in</strong></span> <span class='ocrx_word' id='word_1_402' title='bbox 1212 4558 1293 4611; x_wconf 89' lang='lat' dir='ltr'><strong>via</strong></span> <span class='ocrx_word' id='word_1_403' title='bbox 1323 4572 1443 4611; x_wconf 90' lang='lat' dir='ltr'><strong>cum</strong></span> <span class='ocrx_word' id='word_1_404' title='bbox 1470 4557 1590 4623; x_wconf 89' lang='lat' dir='ltr'><strong>illo;</strong></span> <span class='ocrx_word' id='word_1_405' title='bbox 1618 4557 1720 4612; x_wconf 89' lang='lat' dir='ltr'><strong>hoc</strong></span> <span class='ocrx_word' id='word_1_406' title='bbox 1745 4567 1847 4621; x_wconf 91' lang='lat' dir='ltr'><strong>est,</strong></span> <span class='ocrx_word' id='word_1_407' title='bbox 1880 4572 2109 4611; x_wconf 88' lang='lat' dir='ltr'><strong>consen-</strong></span> 
     </span>
    </p>
   </div>
   <div class='ocr_carea' id='block_1_49' title="bbox 540 4647 2112 4717">
    <p class='ocr_par' dir='ltr' id='par_1_49' title="bbox 540 4647 2112 4717">
     <span class='ocr_line' id='line_1_49' title="bbox 540 4647 2112 4717; baseline -0.002 -13"><span class='ocrx_word' id='word_1_408' title='bbox 540 4651 734 4706; x_wconf 84' lang='lat' dir='ltr'><strong>tiamus</strong></span> <span class='ocrx_word' id='word_1_409' title='bbox 754 4652 917 4705; x_wconf 86' lang='lat' dir='ltr'><strong>verbo</strong></span> <span class='ocrx_word' id='word_1_410' title='bbox 940 4650 1051 4713; x_wconf 90' lang='lat' dir='ltr'><strong>Dei,</strong></span> <span class='ocrx_word' id='word_1_411' title='bbox 1066 4649 1190 4704; x_wconf 91' lang='lat' dir='ltr'><strong>dum</strong></span> <span class='ocrx_word' id='word_1_412' title='bbox 1212 4649 1385 4703; x_wconf 90' lang='lat' dir='ltr'><strong>adhuc</strong></span> <span class='ocrx_word' id='word_1_413' title='bbox 1405 4663 1586 4703; x_wconf 89' lang='lat' dir='ltr'><strong>sumus</strong></span> <span class='ocrx_word' id='word_1_414' title='bbox 1611 4650 1663 4703; x_wconf 91' lang='lat' dir='ltr'><strong>in</strong></span> <span class='ocrx_word' id='word_1_415' title='bbox 1700 4649 1799 4703; x_wconf 91' lang='lat' dir='ltr'><strong>hac</strong></span> <span class='ocrx_word' id='word_1_416' title='bbox 1821 4650 1923 4702; x_wconf 86' lang='lat' dir='ltr'><strong>vita</strong></span> <span class='ocrx_word' id='word_1_417' title='bbox 1949 4666 1961 4702; x_wconf 88' lang='lat'><strong>:</strong></span> <span class='ocrx_word' id='word_1_418' title='bbox 1987 4647 2112 4717; x_wconf 87' lang='lat' dir='ltr'><strong>quia</strong></span> 
     </span>
    </p>
   </div>
   <div class='ocr_carea' id='block_1_50' title="bbox 542 4741 2103 4812">
    <p class='ocr_par' dir='ltr' id='par_1_50' title="bbox 542 4741 2103 4812">
     <span class='ocr_line' id='line_1_50' title="bbox 542 4741 2103 4812; baseline -0.002 -16"><span class='ocrx_word' id='word_1_419' title='bbox 542 4753 721 4812; x_wconf 90' lang='lat' dir='ltr'><strong>postea</strong></span> <span class='ocrx_word' id='word_1_420' title='bbox 748 4759 868 4799; x_wconf 91' lang='lat' dir='ltr'><strong>cum</strong></span> <span class='ocrx_word' id='word_1_421' title='bbox 894 4742 961 4797; x_wconf 90' lang='lat' dir='ltr'><strong>de</strong></span> <span class='ocrx_word' id='word_1_422' title='bbox 991 4742 1091 4797; x_wconf 90' lang='lat' dir='ltr'><strong>hoc</strong></span> <span class='ocrx_word' id='word_1_423' title='bbox 1116 4743 1310 4798; x_wconf 67' lang='lat' dir='ltr'><strong>saeculo</strong></span> <span class='ocrx_word' id='word_1_424' title='bbox 1340 4742 1707 4803; x_wconf 85' lang='lat' dir='ltr'><strong>transierimus</strong></span> <span class='ocrx_word' id='word_1_425' title='bbox 1728 4781 1744 4805; x_wconf 92' lang='lat'><strong>,</strong></span> <span class='ocrx_word' id='word_1_426' title='bbox 1781 4741 1921 4794; x_wconf 89' lang='lat' dir='ltr'><strong>nulla</strong></span> <span class='ocrx_word' id='word_1_427' title='bbox 1962 4754 2103 4793; x_wconf 72' lang='lat' dir='ltr'><strong>com~</strong></span> 
     </span>
    </p>
   </div>
   <div class='ocr_carea' id='block_1_51' title="bbox 543 4831 2107 4903">
    <p class='ocr_par' dir='ltr' id='par_1_51' title="bbox 543 4831 2107 4903">
     <span class='ocr_line' id='line_1_51' title="bbox 543 4831 2107 4903; baseline -0.001 -20"><span class='ocrx_word' id='word_1_428' title='bbox 543 4836 734 4902; x_wconf 82' lang='lat' dir='ltr'><strong>positio</strong></span> <span class='ocrx_word' id='word_1_429' title='bbox 760 4835 843 4889; x_wconf 91' lang='lat' dir='ltr'><strong>vel</strong></span> <span class='ocrx_word' id='word_1_430' title='bbox 866 4835 1036 4903; x_wconf 88' lang='lat' dir='ltr'><strong>aliqua</strong></span> <span class='ocrx_word' id='word_1_431' title='bbox 1065 4834 1353 4888; x_wconf 88' lang='lat' dir='ltr'><strong>satisfactio</strong></span> <span class='ocrx_word' id='word_1_432' title='bbox 1381 4832 1692 4887; x_wconf 86' lang='lat' dir='ltr'><strong>remanebit.</strong></span> <span class='ocrx_word' id='word_1_433' title='bbox 1725 4831 1891 4885; x_wconf 83' lang='lat' dir='ltr'><strong>Jndex</strong></span> <span class='ocrx_word' id='word_1_434' title='bbox 1923 4838 2107 4896; x_wconf 90' lang='lat' dir='ltr'><strong>restat,</strong></span> 
     </span>
    </p>
   </div>
   <div class='ocr_carea' id='block_1_52' title="bbox 542 4920 2112 4993">
    <p class='ocr_par' dir='ltr' id='par_1_52' title="bbox 542 4920 2112 4993">
     <span class='ocr_line' id='line_1_52' title="bbox 542 4920 2112 4993; baseline -0.001 -16"><span class='ocrx_word' id='word_1_435' title='bbox 542 4932 596 4977; x_wconf 89' lang='lat' dir='ltr'><strong>et</strong></span> <span class='ocrx_word' id='word_1_436' title='bbox 624 4924 883 4989; x_wconf 80' lang='lat' dir='ltr'><strong>minister,</strong></span> <span class='ocrx_word' id='word_1_437' title='bbox 914 4933 967 4978; x_wconf 91' lang='lat' dir='ltr'><strong>et</strong></span> <span class='ocrx_word' id='word_1_438' title='bbox 991 4939 1194 4979; x_wconf 90' lang='lat' dir='ltr'><strong>carcer.</strong></span> <span class='ocrx_word' id='word_1_439' title='bbox 1240 4923 1309 4979; x_wconf 90' lang='lat' dir='ltr'><strong>Ut</strong></span> <span class='ocrx_word' id='word_1_440' title='bbox 1337 4938 1463 4993; x_wconf 88' lang='lat' dir='ltr'><strong>ergo</strong></span> <span class='ocrx_word' id='word_1_441' title='bbox 1511 4922 1627 4977; x_wconf 64' lang='lat' dir='ltr'><strong>haec</strong></span> <span class='ocrx_word' id='word_1_442' title='bbox 1659 4924 1857 4986; x_wconf 92' lang='lat' dir='ltr'><strong>omnia,</strong></span> <span class='ocrx_word' id='word_1_443' title='bbox 1888 4920 2112 4975; x_wconf 91' lang='lat' dir='ltr'><strong>Domino</strong></span> 
     </span>
    </p>
   </div>
   <div class='ocr_carea' id='block_1_53' title="bbox 543 5009 2112 5083">
    <p class='ocr_par' dir='ltr' id='par_1_53' title="bbox 543 5009 2112 5083">
     <span class='ocr_line' id='line_1_53' title="bbox 543 5009 2112 5083; baseline 0.001 -19"><span class='ocrx_word' id='word_1_444' title='bbox 543 5013 851 5079; x_wconf 81' lang='lat' dir='ltr'><strong>auxiliante,</strong></span> <span class='ocrx_word' id='word_1_445' title='bbox 883 5015 1144 5081; x_wconf 89' lang='lat' dir='ltr'><strong>possimus</strong></span> <span class='ocrx_word' id='word_1_446' title='bbox 1168 5014 1409 5082; x_wconf 91' lang='lat' dir='ltr'><strong>implere,</strong></span> <span class='ocrx_word' id='word_1_447' title='bbox 1464 5012 1743 5083; x_wconf 90' lang='lat' dir='ltr'><strong>diligamus</strong></span> <span class='ocrx_word' id='word_1_448' title='bbox 1800 5019 1913 5065; x_wconf 91' lang='lat' dir='ltr'><strong>toto</strong></span> <span class='ocrx_word' id='word_1_449' title='bbox 1951 5009 2112 5065; x_wconf 91' lang='lat' dir='ltr'><strong>corde</strong></span> 
     </span>
    </p>
   </div>
   <div class='ocr_carea' id='block_1_54' title="bbox 545 5102 2112 5169">
    <p class='ocr_par' dir='ltr' id='par_1_54' title="bbox 545 5102 2112 5169">
     <span class='ocr_line' id='line_1_54' title="bbox 545 5102 2112 5169; baseline 0.001 -14"><span class='ocrx_word' id='word_1_450' title='bbox 545 5117 648 5155; x_wconf 91' lang='lat' dir='ltr'><strong>non</strong></span> <span class='ocrx_word' id='word_1_451' title='bbox 676 5103 845 5155; x_wconf 91' lang='lat' dir='ltr'><strong>solum</strong></span> <span class='ocrx_word' id='word_1_452' title='bbox 876 5105 1072 5157; x_wconf 90' lang='lat' dir='ltr'><strong>amicos</strong></span> <span class='ocrx_word' id='word_1_453' title='bbox 1095 5144 1111 5169; x_wconf 96' lang='lat'><strong>,</strong></span> <span class='ocrx_word' id='word_1_454' title='bbox 1140 5105 1233 5158; x_wconf 90' lang='lat' dir='ltr'><strong>sed</strong></span> <span class='ocrx_word' id='word_1_455' title='bbox 1264 5104 1421 5157; x_wconf 87' lang='lat' dir='ltr'><strong>etiam</strong></span> <span class='ocrx_word' id='word_1_456' title='bbox 1467 5103 1708 5158; x_wconf 91' lang='lat' dir='ltr'><strong>inimicos</strong></span> <span class='ocrx_word' id='word_1_457' title='bbox 1737 5120 1749 5155; x_wconf 92' lang='lat'>:</span> <span class='ocrx_word' id='word_1_458' title='bbox 1782 5111 1842 5157; x_wconf 90' lang='lat' dir='ltr'><strong>ut</strong></span> <span class='ocrx_word' id='word_1_459' title='bbox 1862 5104 1913 5156; x_wconf 92' lang='lat' dir='ltr'><strong>in</strong></span> <span class='ocrx_word' id='word_1_460' title='bbox 1959 5102 2112 5157; x_wconf 82' lang='lat' dir='ltr'><strong>nobis</strong></span> 
     </span>
    </p>
   </div>
   <div class='ocr_carea' id='block_1_55' title="bbox 545 5192 2112 5261">
    <p class='ocr_par' dir='ltr' id='par_1_55' title="bbox 545 5192 2112 5261">
     <span class='ocr_line' id='line_1_55' title="bbox 545 5192 2112 5261; baseline 0 -15"><span class='ocrx_word' id='word_1_461' title='bbox 545 5192 826 5260; x_wconf 88' lang='lat' dir='ltr'><strong>impleatur</strong></span> <span class='ocrx_word' id='word_1_462' title='bbox 856 5192 979 5246; x_wconf 92' lang='lat' dir='ltr'><strong>illud</strong></span> <span class='ocrx_word' id='word_1_463' title='bbox 1006 5194 1143 5261; x_wconf 92' lang='lat' dir='ltr'><strong>quod</strong></span> <span class='ocrx_word' id='word_1_464' title='bbox 1192 5194 1443 5261; x_wconf 91' lang='lat' dir='ltr'><strong>scriptum</strong></span> <span class='ocrx_word' id='word_1_465' title='bbox 1473 5204 1573 5259; x_wconf 89' lang='lat' dir='ltr'><strong>est,</strong></span> <span class='ocrx_word' id='word_1_466' title='bbox 1607 5193 1789 5246; x_wconf 83' lang='lat' dir='ltr'><strong>Omnis</strong></span> <span class='ocrx_word' id='word_1_467' title='bbox 1828 5195 1908 5247; x_wconf 77' lang='lat' dir='ltr'><strong>lca:</strong></span> <span class='ocrx_word' id='word_1_468' title='bbox 1931 5193 1983 5247; x_wconf 90' lang='lat' dir='ltr'><strong>in</strong></span> <span class='ocrx_word' id='word_1_469' title='bbox 2011 5209 2112 5246; x_wconf 89' lang='lat' dir='ltr'><strong>uno</strong></span> 
     </span>
    </p>
   </div>
   <div class='ocr_carea' id='block_1_56' title="bbox 545 5277 2110 5353">
    <p class='ocr_par' dir='ltr' id='par_1_56' title="bbox 545 5277 2110 5353">
     <span class='ocr_line' id='line_1_56' title="bbox 545 5277 2110 5353; baseline 0 -20"><span class='ocrx_word' id='word_1_470' title='bbox 545 5297 773 5342; x_wconf 76' lang='lat' dir='ltr'><strong>sermone</strong></span> <span class='ocrx_word' id='word_1_471' title='bbox 797 5277 1062 5347; x_wconf 81' lang='lat' dir='ltr'><strong>impleatur</strong></span> <span class='ocrx_word' id='word_1_472' title='bbox 1086 5282 1139 5333; x_wconf 87' lang='lat' dir='ltr'><strong>in</strong></span> <span class='ocrx_word' id='word_1_473' title='bbox 1166 5283 1321 5346; x_wconf 82' lang='lat' dir='ltr'><strong>vobis,</strong></span> <span class='ocrx_word' id='word_1_474' title='bbox 1352 5281 1547 5352; x_wconf 86' lang='lat' dir='ltr'><strong>Diliges</strong></span> <span class='ocrx_word' id='word_1_475' title='bbox 1588 5283 1873 5353; x_wconf 75' lang='lat' dir='ltr'><strong>proximum</strong></span> <span class='ocrx_word' id='word_1_476' title='bbox 1929 5291 2067 5334; x_wconf 80' lang='lat' dir='ltr'><strong>tuum</strong></span> <span class='ocrx_word' id='word_1_477' title='bbox 2096 5321 2110 5346; x_wconf 97' lang='lat'><strong>,</strong></span> 
     </span>
    </p>
   </div>
   <div class='ocr_carea' id='block_1_57' title="bbox 544 5366 2114 5441">
    <p class='ocr_par' dir='ltr' id='par_1_57' title="bbox 544 5366 2114 5441">
     <span class='ocr_line' id='line_1_57' title="bbox 544 5366 2114 5441; baseline -0.001 -18"><span class='ocrx_word' id='word_1_478' title='bbox 544 5381 784 5441; x_wconf 87' lang='lat' dir='ltr'><strong>tanquam</strong></span> <span class='ocrx_word' id='word_1_479' title='bbox 811 5378 857 5422; x_wconf 87' lang='lat' dir='ltr'><strong>te</strong></span> <span class='ocrx_word' id='word_1_480' title='bbox 876 5368 1041 5435; x_wconf 84' lang='lat' dir='ltr'><strong>ipsum</strong></span> <span class='ocrx_word' id='word_1_481' title='bbox 1069 5368 1087 5435; x_wconf 98' lang='lat'><strong>(</strong></span> <span class='ocrx_word' id='word_1_482' title='bbox 1112 5366 1281 5420; x_wconf 81' lang='lat' dir='ltr'><strong>Galat.</strong></span> <span class='ocrx_word' id='word_1_483' title='bbox 1314 5384 1367 5435; x_wconf 90' lang='lat' dir='ltr'><strong>v,</strong></span> <span class='ocrx_word' id='word_1_484' title='bbox 1418 5371 1485 5423; x_wconf 69' lang='grc'><strong>14</strong></span> <span class='ocrx_word' id='word_1_485' title='bbox 1509 5371 1526 5439; x_wconf 96' lang='grc'><strong>)</strong></span> <span class='ocrx_word' id='word_1_486' title='bbox 1553 5386 1568 5434; x_wconf 89' lang='grc'><strong>;</strong></span> <span class='ocrx_word' id='word_1_487' title='bbox 1609 5380 1662 5424; x_wconf 91' lang='lat' dir='ltr'><strong>et</strong></span> <span class='ocrx_word' id='word_1_488' title='bbox 1688 5370 1812 5423; x_wconf 90' lang='lat' dir='ltr'><strong>illud</strong></span> <span class='ocrx_word' id='word_1_489' title='bbox 1835 5412 1849 5436; x_wconf 93' lang='lat'><strong>,</strong></span> <span class='ocrx_word' id='word_1_490' title='bbox 1881 5369 2114 5425; x_wconf 80' lang='lat' dir='ltr'><strong>Charitas</strong></span> 
     </span>
    </p>
   </div>
   <div class='ocr_carea' id='block_1_58' title="bbox 547 5457 2113 5531">
    <p class='ocr_par' dir='ltr' id='par_1_58' title="bbox 547 5457 2113 5531">
     <span class='ocr_line' id='line_1_58' title="bbox 547 5457 2113 5531; baseline 0.001 -18"><span class='ocrx_word' id='word_1_491' title='bbox 547 5462 705 5528; x_wconf 83' lang='lat' dir='ltr'><strong>operit</strong></span> <span class='ocrx_word' id='word_1_492' title='bbox 730 5457 1099 5513; x_wconf 81' lang='lat' dir='ltr'><strong>multitudinem</strong></span> <span class='ocrx_word' id='word_1_493' title='bbox 1126 5466 1441 5527; x_wconf 79' lang='lat' dir='ltr'><strong>peccatorum</strong></span> <span class='ocrx_word' id='word_1_494' title='bbox 1473 5460 1524 5529; x_wconf 88' lang='grc' dir='ltr'><strong>(Ι</strong></span> <span class='ocrx_word' id='word_1_495' title='bbox 1555 5459 1695 5516; x_wconf 86' lang='lat' dir='ltr'><strong>Petr.</strong></span> <span class='ocrx_word' id='word_1_496' title='bbox 1727 5476 1800 5529; x_wconf 85' lang='lat' dir='ltr'><strong>tv,</strong></span> <span class='ocrx_word' id='word_1_497' title='bbox 1827 5460 1921 5531; x_wconf 90' lang='lat'><strong>8).</strong></span> <span class='ocrx_word' id='word_1_498' title='bbox 1946 5460 2113 5526; x_wconf 84' lang='lat' dir='ltr'><strong>Quam</strong></span> 
     </span>
    </p>
   </div>
   <div class='ocr_carea' id='block_1_59' title="bbox 610 5634 1593 5697">
    <p class='ocr_par' dir='ltr' id='par_1_59' title="bbox 610 5634 1593 5697">
     <span class='ocr_line' id='line_1_59' title="bbox 610 5634 1593 5697; baseline -0.001 -15"><span class='ocrx_word' id='word_1_499' title='bbox 610 5635 678 5695; x_wconf 81' lang='lat' dir='ltr'><strong>(a)</strong></span> <span class='ocrx_word' id='word_1_500' title='bbox 703 5638 749 5685; x_wconf 83' lang='lat' dir='ltr'><strong>td</strong></span> <span class='ocrx_word' id='word_1_501' title='bbox 776 5643 868 5697; x_wconf 82' lang='lat' dir='ltr'><strong>est,</strong></span> <span class='ocrx_word' id='word_1_502' title='bbox 888 5637 1043 5686; x_wconf 88' lang='lat' dir='ltr'><strong>locum</strong></span> <span class='ocrx_word' id='word_1_503' title='bbox 1061 5634 1242 5684; x_wconf 85' lang='lat' dir='ltr'><strong>insidiis</strong></span> <span class='ocrx_word' id='word_1_504' title='bbox 1260 5642 1593 5695; x_wconf 86' lang='lat' dir='ltr'><strong>opportunum.</strong></span> 
     </span>
    </p>
   </div>
   <div class='ocr_carea' id='block_1_60' title="bbox 1754 266 2567 338">
    <p class='ocr_par' dir='ltr' id='par_1_60' title="bbox 1754 266 2567 338">
     <span class='ocr_line' id='line_1_60' title="bbox 1754 266 2567 338; baseline 0.006 -4"><span class='ocrx_word' id='word_1_505' title='bbox 1754 280 1816 334; x_wconf 88' lang='lat' dir='ltr'><strong>s.</strong></span> <span class='ocrx_word' id='word_1_506' title='bbox 1858 266 2221 335; x_wconf 66' lang='lat' dir='ltr'><strong>Auc&#39;usrtm</strong></span> <span class='ocrx_word' id='word_1_507' title='bbox 2260 267 2567 338; x_wconf 73' lang='lat' dir='ltr'><strong>Episcopi</strong></span> 
     </span>
    </p>
   </div>
   <div class='ocr_carea' id='block_1_61' title="bbox 3652 291 3800 349">
    <p class='ocr_par' dir='ltr' id='par_1_61' title="bbox 3652 291 3800 349">
     <span class='ocr_line' id='line_1_61' title="bbox 3652 291 3800 349; baseline -0.007 -1"><span class='ocrx_word' id='word_1_508' title='bbox 3652 291 3800 349; x_wconf 74' lang='grc' dir='ltr'><strong>ιποο</strong></span> 
     </span>
    </p>
   </div>
   <div class='ocr_carea' id='block_1_62' title="bbox 2216 399 3795 475">
    <p class='ocr_par' dir='ltr' id='par_1_62' title="bbox 2216 399 3795 475">
     <span class='ocr_line' id='line_1_62' title="bbox 2216 399 3795 475; baseline 0.009 -27"><span class='ocrx_word' id='word_1_509' title='bbox 2216 411 2327 449; x_wconf 90' lang='lat' dir='ltr'><strong>rem</strong></span> <span class='ocrx_word' id='word_1_510' title='bbox 2358 399 2469 466; x_wconf 89' lang='lat' dir='ltr'><strong>ipse</strong></span> <span class='ocrx_word' id='word_1_511' title='bbox 2497 400 2584 464; x_wconf 88' lang='lat' dir='ltr'><strong>qui</strong></span> <span class='ocrx_word' id='word_1_512' title='bbox 2617 407 2698 454; x_wconf 82' lang='lat' dir='ltr'><strong>est</strong></span> <span class='ocrx_word' id='word_1_513' title='bbox 2724 414 2848 456; x_wconf 89' lang='lat' dir='ltr'><strong>vera</strong></span> <span class='ocrx_word' id='word_1_514' title='bbox 2868 401 3126 467; x_wconf 89' lang='lat' dir='ltr'><strong>charitas,</strong></span> <span class='ocrx_word' id='word_1_515' title='bbox 3151 403 3303 459; x_wconf 88' lang='lat' dir='ltr'><strong>nobis</strong></span> <span class='ocrx_word' id='word_1_516' title='bbox 3329 416 3583 474; x_wconf 68' lang='lat' dir='ltr'><strong>praestare</strong></span> <span class='ocrx_word' id='word_1_517' title='bbox 3596 407 3795 475; x_wconf 74' lang='lat' dir='ltr'><strong>digne-</strong></span> 
     </span>
    </p>
   </div>
   <div class='ocr_carea' id='block_1_63' title="bbox 2220 488 3797 565">
    <p class='ocr_par' dir='ltr' id='par_1_63' title="bbox 2220 488 3797 565">
     <span class='ocr_line' id='line_1_63' title="bbox 2220 488 3797 565; baseline 0.01 -30"><span class='ocrx_word' id='word_1_518' title='bbox 2220 492 2322 549; x_wconf 89' lang='lat' dir='ltr'><strong>tur,</strong></span> <span class='ocrx_word' id='word_1_519' title='bbox 2354 488 2584 552; x_wconf 88' lang='lat' dir='ltr'><strong>quicum</strong></span> <span class='ocrx_word' id='word_1_520' title='bbox 2616 488 2769 543; x_wconf 87' lang='lat' dir='ltr'><strong>Patre</strong></span> <span class='ocrx_word' id='word_1_521' title='bbox 2789 498 2843 544; x_wconf 90' lang='lat' dir='ltr'><strong>et</strong></span> <span class='ocrx_word' id='word_1_522' title='bbox 2864 490 3065 560; x_wconf 88' lang='lat' dir='ltr'><strong>Spiritu</strong></span> <span class='ocrx_word' id='word_1_523' title='bbox 3112 502 3295 547; x_wconf 85' lang='lat' dir='ltr'><strong>sancto</strong></span> <span class='ocrx_word' id='word_1_524' title='bbox 3332 494 3461 548; x_wconf 86' lang='lat' dir='ltr'><strong>vivit</strong></span> <span class='ocrx_word' id='word_1_525' title='bbox 3504 506 3557 550; x_wconf 91' lang='lat' dir='ltr'><strong>et</strong></span> <span class='ocrx_word' id='word_1_526' title='bbox 3600 506 3797 565; x_wconf 73' lang='lat' dir='ltr'><strong>regnat</strong></span> 
     </span>
    </p>
   </div>
   <div class='ocr_carea' id='block_1_64' title="bbox 2214 572 3534 642">
    <p class='ocr_par' dir='ltr' id='par_1_64' title="bbox 2214 572 3534 642">
     <span class='ocr_line' id='line_1_64' title="bbox 2214 572 3534 642; baseline 0.011 -17"><span class='ocrx_word' id='word_1_527' title='bbox 2214 572 2351 627; x_wconf 88' lang='lat' dir='ltr'><strong>Deus</strong></span> <span class='ocrx_word' id='word_1_528' title='bbox 2381 574 2432 627; x_wconf 93' lang='lat' dir='ltr'><strong>in</strong></span> <span class='ocrx_word' id='word_1_529' title='bbox 2461 577 2675 642; x_wconf 69' lang='lat' dir='ltr'><strong>saacula,</strong></span> <span class='ocrx_word' id='word_1_530' title='bbox 2699 588 2804 632; x_wconf 91' lang='lat' dir='ltr'><strong>etc.</strong></span> <span class='ocrx_word' id='word_1_531' title='bbox 3528 572 3534 578; x_wconf 65' lang='grc'><em>’</em></span> 
     </span>
    </p>
   </div>
   <div class='ocr_carea' id='block_1_65' title="bbox 2579 688 3407 764">
    <p class='ocr_par' dir='ltr' id='par_1_65' title="bbox 2579 688 3407 764">
     <span class='ocr_line' id='line_1_65' title="bbox 2579 688 3407 764; baseline 0.004 -22"><span class='ocrx_word' id='word_1_532' title='bbox 2579 688 2803 744; x_wconf 82' lang='lat' dir='ltr'><strong>SERMO</strong></span> <span class='ocrx_word' id='word_1_533' title='bbox 2838 690 3276 747; x_wconf 78' lang='lat' dir='ltr'><strong>CCCLXXXVIII</strong></span> <span class='ocrx_word' id='word_1_534' title='bbox 3308 692 3407 764; x_wconf 88' lang='lat' dir='ltr'><strong>(a).</strong></span> 
     </span>
    </p>
   </div>
   <div class='ocr_carea' id='block_1_66' title="bbox 2555 778 3440 853">
    <p class='ocr_par' dir='ltr' id='par_1_66' title="bbox 2555 778 3440 853">
     <span class='ocr_line' id='line_1_66' title="bbox 2555 778 3440 853; baseline 0.007 -24"><span class='ocrx_word' id='word_1_535' title='bbox 2555 778 2631 831; x_wconf 87' lang='lat' dir='ltr'><strong>De</strong></span> <span class='ocrx_word' id='word_1_536' title='bbox 2658 781 2901 849; x_wconf 86' lang='lat' dir='ltr'><strong>faciendis</strong></span> <span class='ocrx_word' id='word_1_537' title='bbox 2926 784 3267 852; x_wconf 80' lang='lat' dir='ltr'><strong>eleemosynis,</strong></span> <span class='ocrx_word' id='word_1_538' title='bbox 3298 800 3312 835; x_wconf 90' lang='grc' dir='ltr'><strong>ι</strong></span> <span class='ocrx_word' id='word_1_539' title='bbox 3342 786 3440 853; x_wconf 91' lang='lat' dir='ltr'><strong>(b).</strong></span> 
     </span>
    </p>
   </div>
   <div class='ocr_carea' id='block_1_67' title="bbox 2281 885 3792 964">
    <p class='ocr_par' dir='ltr' id='par_1_67' title="bbox 2281 885 3792 964">
     <span class='ocr_line' id='line_1_67' title="bbox 2281 885 3792 964; baseline 0.006 -25"><span class='ocrx_word' id='word_1_540' title='bbox 2281 886 2332 939; x_wconf 77' lang='lat' dir='ltr'><strong>l.</strong></span> <span class='ocrx_word' id='word_1_541' title='bbox 2365 885 2437 939; x_wconf 89' lang='lat' dir='ltr'><strong>De</strong></span> <span class='ocrx_word' id='word_1_542' title='bbox 2462 888 2583 939; x_wconf 85' lang='lat' dir='ltr'><strong>solis</strong></span> <span class='ocrx_word' id='word_1_543' title='bbox 2621 889 2943 959; x_wconf 82' lang='lat' dir='ltr'><strong>eleemosynis</strong></span> <span class='ocrx_word' id='word_1_544' title='bbox 2984 894 3165 944; x_wconf 85' lang='lat' dir='ltr'><strong>mentio</strong></span> <span class='ocrx_word' id='word_1_545' title='bbox 3194 893 3252 960; x_wconf 85' lang='lat' dir='ltr'><strong>ﬁt</strong></span> <span class='ocrx_word' id='word_1_546' title='bbox 3281 894 3332 945; x_wconf 89' lang='lat' dir='ltr'><strong>in</strong></span> <span class='ocrx_word' id='word_1_547' title='bbox 3362 893 3539 947; x_wconf 88' lang='lat' dir='ltr'><strong>ultimo</strong></span> <span class='ocrx_word' id='word_1_548' title='bbox 3558 896 3792 964; x_wconf 82' lang='lat' dir='ltr'><strong>judicio.</strong></span> 
     </span>
    </p>
   </div>
   <div class='ocr_carea' id='block_1_68' title="bbox 2212 976 3795 1051">
    <p class='ocr_par' dir='ltr' id='par_1_68' title="bbox 2212 976 3795 1051">
     <span class='ocr_line' id='line_1_68' title="bbox 2212 976 3795 1051; baseline 0.009 -22"><span class='ocrx_word' id='word_1_549' title='bbox 2212 976 2391 1031; x_wconf 83' lang='lat' dir='ltr'><strong>Lectio</strong></span> <span class='ocrx_word' id='word_1_550' title='bbox 2418 978 2537 1044; x_wconf 92' lang='lat' dir='ltr'><strong>ista,</strong></span> <span class='ocrx_word' id='word_1_551' title='bbox 2584 979 2794 1045; x_wconf 87' lang='lat' dir='ltr'><strong>fratres,</strong></span> <span class='ocrx_word' id='word_1_552' title='bbox 2825 998 2983 1051; x_wconf 83' lang='lat' dir='ltr'><strong>quam</strong></span> <span class='ocrx_word' id='word_1_553' title='bbox 3029 984 3184 1039; x_wconf 87' lang='lat' dir='ltr'><strong>modo</strong></span> <span class='ocrx_word' id='word_1_554' title='bbox 3223 985 3516 1040; x_wconf 89' lang='lat' dir='ltr'><strong>audivimus</strong></span> <span class='ocrx_word' id='word_1_555' title='bbox 3543 989 3609 1042; x_wconf 89' lang='lat' dir='ltr'><strong>de</strong></span> <span class='ocrx_word' id='word_1_556' title='bbox 3657 1004 3795 1042; x_wconf 87' lang='lat' dir='ltr'><strong>san-</strong></span> 
     </span>
    </p>
   </div>
   <div class='ocr_carea' id='block_1_69' title="bbox 2211 1070 3795 1143">
    <p class='ocr_par' dir='ltr' id='par_1_69' title="bbox 2211 1070 3795 1143">
     <span class='ocr_line' id='line_1_69' title="bbox 2211 1070 3795 1143; baseline 0.006 -22"><span class='ocrx_word' id='word_1_557' title='bbox 2211 1079 2295 1121; x_wconf 91' lang='lat' dir='ltr'><strong>cto</strong></span> <span class='ocrx_word' id='word_1_558' title='bbox 2334 1070 2649 1139; x_wconf 84' lang='lat' dir='ltr'><strong>Evangelio,</strong></span> <span class='ocrx_word' id='word_1_559' title='bbox 2695 1072 2761 1125; x_wconf 91' lang='lat' dir='ltr'><strong>ad</strong></span> <span class='ocrx_word' id='word_1_560' title='bbox 2803 1073 3168 1143; x_wconf 88' lang='lat' dir='ltr'><strong>elcemosynas</strong></span> <span class='ocrx_word' id='word_1_561' title='bbox 3210 1074 3473 1130; x_wconf 81' lang='lat' dir='ltr'><strong>faciendas</strong></span> <span class='ocrx_word' id='word_1_562' title='bbox 3516 1092 3611 1131; x_wconf 92' lang='lat' dir='ltr'><strong>nos</strong></span> <span class='ocrx_word' id='word_1_563' title='bbox 3662 1078 3795 1133; x_wconf 86' lang='lat' dir='ltr'><strong>hor-</strong></span> 
     </span>
    </p>
   </div>
   <div class='ocr_carea' id='block_1_70' title="bbox 2214 1162 3792 1234">
    <p class='ocr_par' dir='ltr' id='par_1_70' title="bbox 2214 1162 3792 1234">
     <span class='ocr_line' id='line_1_70' title="bbox 2214 1162 3792 1234; baseline 0.007 -23"><span class='ocrx_word' id='word_1_564' title='bbox 2214 1168 2395 1213; x_wconf 90' lang='lat' dir='ltr'><strong>tatur:</strong></span> <span class='ocrx_word' id='word_1_565' title='bbox 2434 1171 2487 1215; x_wconf 89' lang='lat' dir='ltr'><strong>et</strong></span> <span class='ocrx_word' id='word_1_566' title='bbox 2530 1162 2607 1216; x_wconf 91' lang='lat' dir='ltr'><strong>sic</strong></span> <span class='ocrx_word' id='word_1_567' title='bbox 2646 1162 2907 1229; x_wconf 88' lang='lat' dir='ltr'><strong>hortatur,</strong></span> <span class='ocrx_word' id='word_1_568' title='bbox 2954 1173 3009 1217; x_wconf 90' lang='lat' dir='ltr'><strong>ut</strong></span> <span class='ocrx_word' id='word_1_569' title='bbox 3053 1166 3103 1218; x_wconf 90' lang='lat' dir='ltr'><strong>in</strong></span> <span class='ocrx_word' id='word_1_570' title='bbox 3149 1166 3347 1234; x_wconf 91' lang='lat' dir='ltr'><strong>judicio</strong></span> <span class='ocrx_word' id='word_1_571' title='bbox 3394 1182 3490 1220; x_wconf 88' lang='lat' dir='ltr'><strong>suo</strong></span> <span class='ocrx_word' id='word_1_572' title='bbox 3529 1169 3792 1223; x_wconf 90' lang='lat' dir='ltr'><strong>Dominus</strong></span> 
     </span>
    </p>
   </div>
   <div class='ocr_carea' id='block_1_71' title="bbox 2212 1250 3789 1323">
    <p class='ocr_par' dir='ltr' id='par_1_71' title="bbox 2212 1250 3789 1323">
     <span class='ocr_line' id='line_1_71' title="bbox 2212 1250 3789 1323; baseline 0.006 -20"><span class='ocrx_word' id='word_1_573' title='bbox 2212 1250 2307 1304; x_wconf 89' lang='lat' dir='ltr'><strong>has</strong></span> <span class='ocrx_word' id='word_1_574' title='bbox 2333 1252 2475 1306; x_wconf 89' lang='lat' dir='ltr'><strong>solas</strong></span> <span class='ocrx_word' id='word_1_575' title='bbox 2519 1253 2677 1307; x_wconf 85' lang='lat' dir='ltr'><strong>factas</strong></span> <span class='ocrx_word' id='word_1_576' title='bbox 2706 1256 2926 1323; x_wconf 90' lang='lat' dir='ltr'><strong>imputet</strong></span> <span class='ocrx_word' id='word_1_577' title='bbox 2972 1255 3210 1322; x_wconf 78' lang='lat' dir='ltr'><strong>dextris,</strong></span> <span class='ocrx_word' id='word_1_578' title='bbox 3265 1257 3359 1311; x_wconf 89' lang='lat' dir='ltr'><strong>has</strong></span> <span class='ocrx_word' id='word_1_579' title='bbox 3389 1258 3529 1312; x_wconf 90' lang='lat' dir='ltr'><strong>solas</strong></span> <span class='ocrx_word' id='word_1_580' title='bbox 3572 1276 3677 1312; x_wconf 92' lang='lat' dir='ltr'><strong>non</strong></span> <span class='ocrx_word' id='word_1_581' title='bbox 3705 1259 3789 1313; x_wconf 85' lang='lat' dir='ltr'><strong>fa—</strong></span> 
     </span>
    </p>
   </div>
   <div class='ocr_carea' id='block_1_72' title="bbox 2210 1343 3789 1420">
    <p class='ocr_par' dir='ltr' id='par_1_72' title="bbox 2210 1343 3789 1420">
     <span class='ocr_line' id='line_1_72' title="bbox 2210 1343 3789 1420; baseline 0.007 -25"><span class='ocrx_word' id='word_1_582' title='bbox 2210 1351 2321 1395; x_wconf 82' lang='lat' dir='ltr'><strong>ctas</strong></span> <span class='ocrx_word' id='word_1_583' title='bbox 2351 1343 2572 1411; x_wconf 87' lang='lat' dir='ltr'><strong>imputet</strong></span> <span class='ocrx_word' id='word_1_584' title='bbox 2613 1345 2837 1400; x_wconf 89' lang='lat' dir='ltr'><strong>sinistris</strong></span> <span class='ocrx_word' id='word_1_585' title='bbox 2869 1346 3083 1414; x_wconf 82' lang='lat' dir='ltr'><strong>(Matth.</strong></span> <span class='ocrx_word' id='word_1_586' title='bbox 3138 1364 3265 1413; x_wconf 80' lang='lat' dir='ltr'><strong>xxv,</strong></span> <span class='ocrx_word' id='word_1_587' title='bbox 3307 1349 3394 1414; x_wconf 79' lang='grc'><strong>51,</strong></span> <span class='ocrx_word' id='word_1_588' title='bbox 3434 1349 3526 1419; x_wconf 71' lang='grc'><strong>46)</strong></span> <span class='ocrx_word' id='word_1_589' title='bbox 3554 1350 3647 1420; x_wconf 83' lang='grc' dir='ltr'><strong>(ε).</strong></span> <span class='ocrx_word' id='word_1_590' title='bbox 3669 1350 3789 1405; x_wconf 88' lang='lat' dir='ltr'><strong>Non</strong></span> 
     </span>
    </p>
   </div>
   <div class='ocr_carea' id='block_1_73' title="bbox 2209 1435 3789 1503">
    <p class='ocr_par' dir='ltr' id='par_1_73' title="bbox 2209 1435 3789 1503">
     <span class='ocr_line' id='line_1_73' title="bbox 2209 1435 3789 1503; baseline 0.005 -17"><span class='ocrx_word' id='word_1_591' title='bbox 2209 1446 2315 1503; x_wconf 89' lang='lat' dir='ltr'><strong>quo</strong></span> <span class='ocrx_word' id='word_1_592' title='bbox 2361 1444 2551 1488; x_wconf 60' lang='lat' dir='ltr'><strong>caetera</strong></span> <span class='ocrx_word' id='word_1_593' title='bbox 2600 1435 2736 1489; x_wconf 87' lang='lat' dir='ltr'><strong>facta</strong></span> <span class='ocrx_word' id='word_1_594' title='bbox 2780 1436 3049 1491; x_wconf 89' lang='lat' dir='ltr'><strong>hominum</strong></span> <span class='ocrx_word' id='word_1_595' title='bbox 3097 1439 3177 1492; x_wconf 90' lang='lat' dir='ltr'><strong>vel</strong></span> <span class='ocrx_word' id='word_1_596' title='bbox 3224 1438 3360 1493; x_wconf 90' lang='lat' dir='ltr'><strong>bona</strong></span> <span class='ocrx_word' id='word_1_597' title='bbox 3386 1441 3470 1494; x_wconf 91' lang='lat' dir='ltr'><strong>vel</strong></span> <span class='ocrx_word' id='word_1_598' title='bbox 3513 1441 3647 1493; x_wconf 87' lang='lat' dir='ltr'><strong>mala</strong></span> <span class='ocrx_word' id='word_1_599' title='bbox 3679 1456 3789 1495; x_wconf 90' lang='lat' dir='ltr'><strong>non</strong></span> 
     </span>
    </p>
   </div>
   <div class='ocr_carea' id='block_1_74' title="bbox 2211 1525 3790 1597">
    <p class='ocr_par' dir='ltr' id='par_1_74' title="bbox 2211 1525 3790 1597">
     <span class='ocr_line' id='line_1_74' title="bbox 2211 1525 3790 1597; baseline 0.005 -21"><span class='ocrx_word' id='word_1_600' title='bbox 2211 1525 2424 1578; x_wconf 85' lang='lat' dir='ltr'><strong>veniant</strong></span> <span class='ocrx_word' id='word_1_601' title='bbox 2486 1525 2537 1578; x_wconf 91' lang='lat' dir='ltr'><strong>in</strong></span> <span class='ocrx_word' id='word_1_602' title='bbox 2597 1525 2896 1593; x_wconf 90' lang='lat' dir='ltr'><strong>judicium;</strong></span> <span class='ocrx_word' id='word_1_603' title='bbox 2958 1528 3210 1597; x_wconf 88' lang='lat' dir='ltr'><strong>scriptum</strong></span> <span class='ocrx_word' id='word_1_604' title='bbox 3260 1538 3340 1583; x_wconf 91' lang='lat' dir='ltr'><strong>est</strong></span> <span class='ocrx_word' id='word_1_605' title='bbox 3390 1530 3564 1594; x_wconf 85' lang='lat' dir='ltr'><strong>enim,</strong></span> <span class='ocrx_word' id='word_1_606' title='bbox 3606 1531 3790 1584; x_wconf 82' lang='lat' dir='ltr'><strong>omnia</strong></span> 
     </span>
    </p>
   </div>
   <div class='ocr_carea' id='block_1_75' title="bbox 2212 1614 3787 1690">
    <p class='ocr_par' dir='ltr' id='par_1_75' title="bbox 2212 1614 3787 1690">
     <span class='ocr_line' id='line_1_75' title="bbox 2212 1614 3787 1690; baseline 0.005 -24"><span class='ocrx_word' id='word_1_607' title='bbox 2212 1623 2430 1667; x_wconf 87' lang='lat' dir='ltr'><strong>ventura</strong></span> <span class='ocrx_word' id='word_1_608' title='bbox 2480 1616 2546 1668; x_wconf 89' lang='lat' dir='ltr'><strong>ad</strong></span> <span class='ocrx_word' id='word_1_609' title='bbox 2594 1615 2850 1684; x_wconf 85' lang='lat' dir='ltr'><strong>judicium</strong></span> <span class='ocrx_word' id='word_1_610' title='bbox 2892 1614 3097 1687; x_wconf 87' lang='lat' dir='ltr'><strong>(Eccle.</strong></span> <span class='ocrx_word' id='word_1_611' title='bbox 3152 1634 3244 1685; x_wconf 79' lang='lat' dir='ltr'><strong>xu,</strong></span> <span class='ocrx_word' id='word_1_612' title='bbox 3301 1618 3455 1690; x_wconf 67' lang='lat' dir='ltr'><strong>il):</strong></span> <span class='ocrx_word' id='word_1_613' title='bbox 3501 1629 3551 1675; x_wconf 89' lang='lat' dir='ltr'><strong>et</strong></span> <span class='ocrx_word' id='word_1_614' title='bbox 3606 1630 3787 1675; x_wconf 87' lang='lat' dir='ltr'><strong>tamen</strong></span> 
     </span>
    </p>
   </div>
   <div class='ocr_carea' id='block_1_76' title="bbox 2211 1703 3787 1778">
    <p class='ocr_par' dir='ltr' id='par_1_76' title="bbox 2211 1703 3787 1778">
     <span class='ocr_line' id='line_1_76' title="bbox 2211 1703 3787 1778; baseline 0.005 -22"><span class='ocrx_word' id='word_1_615' title='bbox 2211 1718 2316 1757; x_wconf 89' lang='lat' dir='ltr'><strong>non</strong></span> <span class='ocrx_word' id='word_1_616' title='bbox 2342 1703 2501 1774; x_wconf 85' lang='lat' dir='ltr'><strong>elegit</strong></span> <span class='ocrx_word' id='word_1_617' title='bbox 2529 1706 2779 1760; x_wconf 89' lang='lat' dir='ltr'><strong>Dominus</strong></span> <span class='ocrx_word' id='word_1_618' title='bbox 2803 1716 2987 1760; x_wconf 90' lang='lat' dir='ltr'><strong>noster</strong></span> <span class='ocrx_word' id='word_1_619' title='bbox 3021 1707 3175 1761; x_wconf 86' lang='lat' dir='ltr'><strong>Jesus</strong></span> <span class='ocrx_word' id='word_1_620' title='bbox 3220 1706 3482 1773; x_wconf 89' lang='lat' dir='ltr'><strong>Christus,</strong></span> <span class='ocrx_word' id='word_1_621' title='bbox 3531 1724 3787 1778; x_wconf 62' lang='lat' dir='ltr'><strong>praenun-</strong></span> 
     </span>
    </p>
   </div>
   <div class='ocr_carea' id='block_1_77' title="bbox 2210 1792 3787 1867">
    <p class='ocr_par' dir='ltr' id='par_1_77' title="bbox 2210 1792 3787 1867">
     <span class='ocr_line' id='line_1_77' title="bbox 2210 1792 3787 1867; baseline 0.004 -21"><span class='ocrx_word' id='word_1_622' title='bbox 2210 1792 2347 1847; x_wconf 89' lang='lat' dir='ltr'><strong>tians</strong></span> <span class='ocrx_word' id='word_1_623' title='bbox 2396 1793 2551 1847; x_wconf 88' lang='lat' dir='ltr'><strong>nobis</strong></span> <span class='ocrx_word' id='word_1_624' title='bbox 2594 1793 2850 1862; x_wconf 89' lang='lat' dir='ltr'><strong>judicium</strong></span> <span class='ocrx_word' id='word_1_625' title='bbox 2906 1809 3057 1848; x_wconf 90' lang='lat' dir='ltr'><strong>suum</strong></span> <span class='ocrx_word' id='word_1_626' title='bbox 3111 1804 3422 1862; x_wconf 89' lang='lat' dir='ltr'><strong>venturum;</strong></span> <span class='ocrx_word' id='word_1_627' title='bbox 3474 1812 3578 1851; x_wconf 91' lang='lat' dir='ltr'><strong>non</strong></span> <span class='ocrx_word' id='word_1_628' title='bbox 3625 1798 3787 1867; x_wconf 82' lang='lat' dir='ltr'><strong>elegit</strong></span> 
     </span>
    </p>
   </div>
   <div class='ocr_carea' id='block_1_78' title="bbox 2212 1883 3789 1958">
    <p class='ocr_par' dir='ltr' id='par_1_78' title="bbox 2212 1883 3789 1958">
     <span class='ocr_line' id='line_1_78' title="bbox 2212 1883 3789 1958; baseline 0.005 -21"><span class='ocrx_word' id='word_1_629' title='bbox 2212 1883 2353 1938; x_wconf 90' lang='lat' dir='ltr'><strong>unde</strong></span> <span class='ocrx_word' id='word_1_630' title='bbox 2376 1899 2473 1938; x_wconf 90' lang='lat' dir='ltr'><strong>nos</strong></span> <span class='ocrx_word' id='word_1_631' title='bbox 2493 1884 2825 1951; x_wconf 89' lang='lat' dir='ltr'><strong>admoneret,</strong></span> <span class='ocrx_word' id='word_1_632' title='bbox 2851 1886 2951 1938; x_wconf 91' lang='lat' dir='ltr'><strong>nisi</strong></span> <span class='ocrx_word' id='word_1_633' title='bbox 3004 1887 3147 1941; x_wconf 89' lang='lat' dir='ltr'><strong>solas</strong></span> <span class='ocrx_word' id='word_1_634' title='bbox 3189 1887 3576 1958; x_wconf 88' lang='lat' dir='ltr'><strong>eleemosynas.</strong></span> <span class='ocrx_word' id='word_1_635' title='bbox 3621 1888 3789 1944; x_wconf 84' lang='lat' dir='ltr'><strong>Num-</strong></span> 
     </span>
    </p>
   </div>
   <div class='ocr_carea' id='block_1_79' title="bbox 2209 1975 3784 2047">
    <p class='ocr_par' dir='ltr' id='par_1_79' title="bbox 2209 1975 3784 2047">
     <span class='ocr_line' id='line_1_79' title="bbox 2209 1975 3784 2047; baseline 0.004 -18"><span class='ocrx_word' id='word_1_636' title='bbox 2209 1975 2333 2045; x_wconf 90' lang='lat' dir='ltr'><strong>quid</strong></span> <span class='ocrx_word' id='word_1_637' title='bbox 2363 1975 2563 2030; x_wconf 82' lang='lat' dir='ltr'><strong>dextris</strong></span> <span class='ocrx_word' id='word_1_638' title='bbox 2605 1990 2712 2029; x_wconf 92' lang='lat' dir='ltr'><strong>non</strong></span> <span class='ocrx_word' id='word_1_639' title='bbox 2739 1976 2840 2030; x_wconf 92' lang='lat' dir='ltr'><strong>erit</strong></span> <span class='ocrx_word' id='word_1_640' title='bbox 2865 1976 3143 2031; x_wconf 92' lang='lat' dir='ltr'><strong>dicendum</strong></span> <span class='ocrx_word' id='word_1_641' title='bbox 3174 1995 3186 2030; x_wconf 92' lang='lat'>:</span> <span class='ocrx_word' id='word_1_642' title='bbox 3210 1977 3343 2043; x_wconf 86' lang='lat' dir='ltr'><strong>Quia</strong></span> <span class='ocrx_word' id='word_1_643' title='bbox 3367 1988 3511 2034; x_wconf 86' lang='lat' dir='ltr'><strong>caste</strong></span> <span class='ocrx_word' id='word_1_644' title='bbox 3540 1980 3744 2036; x_wconf 79' lang='lat' dir='ltr'><strong>vixistis</strong></span> <span class='ocrx_word' id='word_1_645' title='bbox 3766 2022 3784 2047; x_wconf 96' lang='lat'><strong>,</strong></span> 
     </span>
    </p>
   </div>
   <div class='ocr_carea' id='block_1_80' title="bbox 2210 2066 3785 2138">
    <p class='ocr_par' dir='ltr' id='par_1_80' title="bbox 2210 2066 3785 2138">
     <span class='ocr_line' id='line_1_80' title="bbox 2210 2066 3785 2138; baseline 0.006 -20"><span class='ocrx_word' id='word_1_646' title='bbox 2210 2066 2331 2135; x_wconf 87' lang='lat' dir='ltr'><strong>quia</strong></span> <span class='ocrx_word' id='word_1_647' title='bbox 2368 2081 2455 2121; x_wconf 89' lang='lat' dir='ltr'><strong>res</strong></span> <span class='ocrx_word' id='word_1_648' title='bbox 2497 2066 2696 2120; x_wconf 86' lang='lat' dir='ltr'><strong>alienas</strong></span> <span class='ocrx_word' id='word_1_649' title='bbox 2746 2082 2850 2121; x_wconf 92' lang='lat' dir='ltr'><strong>non</strong></span> <span class='ocrx_word' id='word_1_650' title='bbox 2902 2068 3147 2137; x_wconf 90' lang='lat' dir='ltr'><strong>rapuistis</strong></span> <span class='ocrx_word' id='word_1_651' title='bbox 3174 2106 3190 2135; x_wconf 88' lang='lat'><strong>,</strong></span> <span class='ocrx_word' id='word_1_652' title='bbox 3232 2071 3354 2138; x_wconf 88' lang='lat' dir='ltr'><strong>quia</strong></span> <span class='ocrx_word' id='word_1_653' title='bbox 3406 2070 3563 2125; x_wconf 86' lang='lat' dir='ltr'><strong>ﬁdem</strong></span> <span class='ocrx_word' id='word_1_654' title='bbox 3611 2087 3785 2128; x_wconf 87' lang='lat' dir='ltr'><strong>meam</strong></span> 
     </span>
    </p>
   </div>
   <div class='ocr_carea' id='block_1_81' title="bbox 2212 2157 3784 2227">
    <p class='ocr_par' dir='ltr' id='par_1_81' title="bbox 2212 2157 3784 2227">
     <span class='ocr_line' id='line_1_81' title="bbox 2212 2157 3784 2227; baseline 0.006 -18"><span class='ocrx_word' id='word_1_655' title='bbox 2212 2173 2378 2226; x_wconf 87' lang='lat' dir='ltr'><strong>usque</strong></span> <span class='ocrx_word' id='word_1_656' title='bbox 2424 2157 2488 2211; x_wconf 90' lang='lat' dir='ltr'><strong>ad</strong></span> <span class='ocrx_word' id='word_1_657' title='bbox 2538 2159 2848 2227; x_wconf 83' lang='lat' dir='ltr'><strong>sanguinem</strong></span> <span class='ocrx_word' id='word_1_658' title='bbox 2912 2159 3139 2213; x_wconf 87' lang='lat' dir='ltr'><strong>confessi</strong></span> <span class='ocrx_word' id='word_1_659' title='bbox 3210 2161 3362 2214; x_wconf 81' lang='lat' dir='ltr'><strong>estis?</strong></span> <span class='ocrx_word' id='word_1_660' title='bbox 3410 2161 3599 2217; x_wconf 89' lang='lat' dir='ltr'><strong>Omnia</strong></span> <span class='ocrx_word' id='word_1_661' title='bbox 3642 2165 3784 2219; x_wconf 89' lang='lat' dir='ltr'><strong>enim</strong></span> 
     </span>
    </p>
   </div>
   <div class='ocr_carea' id='block_1_82' title="bbox 2209 2245 3785 2320">
    <p class='ocr_par' dir='ltr' id='par_1_82' title="bbox 2209 2245 3785 2320">
     <span class='ocr_line' id='line_1_82' title="bbox 2209 2245 3785 2320; baseline 0.006 -21"><span class='ocrx_word' id='word_1_662' title='bbox 2209 2245 2344 2300; x_wconf 88' lang='lat' dir='ltr'><strong>facta</strong></span> <span class='ocrx_word' id='word_1_663' title='bbox 2377 2247 2474 2300; x_wconf 89' lang='lat' dir='ltr'><strong>ista</strong></span> <span class='ocrx_word' id='word_1_664' title='bbox 2505 2247 2644 2300; x_wconf 90' lang='lat' dir='ltr'><strong>bona</strong></span> <span class='ocrx_word' id='word_1_665' title='bbox 2680 2262 2898 2301; x_wconf 87' lang='lat' dir='ltr'><strong>necesse</strong></span> <span class='ocrx_word' id='word_1_666' title='bbox 2918 2256 3002 2302; x_wconf 91' lang='lat' dir='ltr'><strong>est</strong></span> <span class='ocrx_word' id='word_1_667' title='bbox 3031 2247 3281 2303; x_wconf 89' lang='lat' dir='ltr'><strong>honorari</strong></span> <span class='ocrx_word' id='word_1_668' title='bbox 3312 2250 3364 2303; x_wconf 91' lang='lat' dir='ltr'><strong>in</strong></span> <span class='ocrx_word' id='word_1_669' title='bbox 3406 2251 3607 2320; x_wconf 90' lang='lat' dir='ltr'><strong>judicio</strong></span> <span class='ocrx_word' id='word_1_670' title='bbox 3658 2253 3785 2309; x_wconf 82' lang='lat' dir='ltr'><strong>Jesu</strong></span> 
     </span>
    </p>
   </div>
   <div class='ocr_carea' id='block_1_83' title="bbox 2212 2336 3780 2406">
    <p class='ocr_par' dir='ltr' id='par_1_83' title="bbox 2212 2336 3780 2406">
     <span class='ocr_line' id='line_1_83' title="bbox 2212 2336 3780 2406; baseline 0.004 -15"><span class='ocrx_word' id='word_1_671' title='bbox 2212 2336 2429 2391; x_wconf 89' lang='lat' dir='ltr'><strong>Christi.</strong></span> <span class='ocrx_word' id='word_1_672' title='bbox 2458 2336 2662 2391; x_wconf 82' lang='lat' dir='ltr'><strong>Rursus</strong></span> <span class='ocrx_word' id='word_1_673' title='bbox 2689 2338 2884 2406; x_wconf 89' lang='lat' dir='ltr'><strong>putatis</strong></span> <span class='ocrx_word' id='word_1_674' title='bbox 2904 2353 3009 2392; x_wconf 91' lang='lat' dir='ltr'><strong>non</strong></span> <span class='ocrx_word' id='word_1_675' title='bbox 3036 2353 3156 2393; x_wconf 90' lang='lat' dir='ltr'><strong>esse</strong></span> <span class='ocrx_word' id='word_1_676' title='bbox 3190 2338 3473 2395; x_wconf 90' lang='lat' dir='ltr'><strong>dicendum</strong></span> <span class='ocrx_word' id='word_1_677' title='bbox 3506 2344 3735 2398; x_wconf 90' lang='lat' dir='ltr'><strong>sinistris</strong></span> <span class='ocrx_word' id='word_1_678' title='bbox 3766 2362 3780 2397; x_wconf 92' lang='lat'><strong>:</strong></span> 
     </span>
    </p>
   </div>
   <div class='ocr_carea' id='block_1_84' title="bbox 2210 2425 3783 2504">
    <p class='ocr_par' dir='ltr' id='par_1_84' title="bbox 2210 2425 3783 2504">
     <span class='ocr_line' id='line_1_84' title="bbox 2210 2425 3783 2504; baseline 0.007 -25"><span class='ocrx_word' id='word_1_679' title='bbox 2210 2425 2340 2492; x_wconf 86' lang='lat' dir='ltr'><strong>Quia</strong></span> <span class='ocrx_word' id='word_1_680' title='bbox 2366 2426 2534 2481; x_wconf 84' lang='lat' dir='ltr'><strong>fuistis</strong></span> <span class='ocrx_word' id='word_1_681' title='bbox 2577 2428 2862 2497; x_wconf 88' lang='lat' dir='ltr'><strong>impudici,</strong></span> <span class='ocrx_word' id='word_1_682' title='bbox 2895 2429 3017 2498; x_wconf 88' lang='lat' dir='ltr'><strong>quia</strong></span> <span class='ocrx_word' id='word_1_683' title='bbox 3066 2429 3306 2485; x_wconf 87' lang='lat' dir='ltr'><strong>fornicati</strong></span> <span class='ocrx_word' id='word_1_684' title='bbox 3335 2433 3465 2487; x_wconf 88' lang='lat' dir='ltr'><strong>estis</strong></span> <span class='ocrx_word' id='word_1_685' title='bbox 3488 2475 3501 2499; x_wconf 94' lang='lat'><strong>,</strong></span> <span class='ocrx_word' id='word_1_686' title='bbox 3542 2436 3667 2504; x_wconf 87' lang='lat' dir='ltr'><strong>quia</strong></span> <span class='ocrx_word' id='word_1_687' title='bbox 3697 2451 3783 2490; x_wconf 86' lang='lat' dir='ltr'><strong>res</strong></span> 
     </span>
    </p>
   </div>
   <div class='ocr_carea' id='block_1_85' title="bbox 2210 2518 3781 2589">
    <p class='ocr_par' dir='ltr' id='par_1_85' title="bbox 2210 2518 3781 2589">
     <span class='ocr_line' id='line_1_85' title="bbox 2210 2518 3781 2589; baseline 0.006 -18"><span class='ocrx_word' id='word_1_688' title='bbox 2210 2518 2410 2573; x_wconf 89' lang='lat' dir='ltr'><strong>alienas</strong></span> <span class='ocrx_word' id='word_1_689' title='bbox 2436 2518 2683 2588; x_wconf 81' lang='lat' dir='ltr'><strong>rapuistis</strong></span> <span class='ocrx_word' id='word_1_690' title='bbox 2704 2560 2718 2586; x_wconf 92' lang='lat'><strong>,</strong></span> <span class='ocrx_word' id='word_1_691' title='bbox 2752 2521 2871 2588; x_wconf 88' lang='lat' dir='ltr'><strong>quia</strong></span> <span class='ocrx_word' id='word_1_692' title='bbox 2898 2522 3144 2589; x_wconf 87' lang='lat' dir='ltr'><strong>superbia</strong></span> <span class='ocrx_word' id='word_1_693' title='bbox 3175 2531 3349 2577; x_wconf 89' lang='lat' dir='ltr'><strong>vestra</strong></span> <span class='ocrx_word' id='word_1_694' title='bbox 3398 2534 3453 2579; x_wconf 90' lang='lat' dir='ltr'><strong>et</strong></span> <span class='ocrx_word' id='word_1_695' title='bbox 3481 2526 3632 2580; x_wconf 88' lang='lat' dir='ltr'><strong>malis</strong></span> <span class='ocrx_word' id='word_1_696' title='bbox 3662 2543 3781 2581; x_wconf 88' lang='lat' dir='ltr'><strong>mo-</strong></span> 
     </span>
    </p>
   </div>
   <div class='ocr_carea' id='block_1_86' title="bbox 2209 2608 3781 2681">
    <p class='ocr_par' dir='ltr' id='par_1_86' title="bbox 2209 2608 3781 2681">
     <span class='ocr_line' id='line_1_86' title="bbox 2209 2608 3781 2681; baseline 0.006 -19"><span class='ocrx_word' id='word_1_697' title='bbox 2209 2608 2354 2662; x_wconf 90' lang='lat' dir='ltr'><strong>ribus</strong></span> <span class='ocrx_word' id='word_1_698' title='bbox 2384 2624 2573 2663; x_wconf 90' lang='lat' dir='ltr'><strong>nomen</strong></span> <span class='ocrx_word' id='word_1_699' title='bbox 2619 2626 2792 2664; x_wconf 85' lang='lat' dir='ltr'><strong>meum</strong></span> <span class='ocrx_word' id='word_1_700' title='bbox 2838 2611 3191 2681; x_wconf 78' lang='lat' dir='ltr'><strong>blasphemari</strong></span> <span class='ocrx_word' id='word_1_701' title='bbox 3226 2612 3456 2681; x_wconf 85' lang='lat' dir='ltr'><strong>fecistis,</strong></span> <span class='ocrx_word' id='word_1_702' title='bbox 3500 2624 3555 2671; x_wconf 89' lang='lat' dir='ltr'><strong>et</strong></span> <span class='ocrx_word' id='word_1_703' title='bbox 3590 2625 3781 2672; x_wconf 64' lang='lat' dir='ltr'><strong>caetera</strong></span> 
     </span>
    </p>
   </div>
   <div class='ocr_carea' id='block_1_87' title="bbox 2210 2701 3780 2777">
    <p class='ocr_par' dir='ltr' id='par_1_87' title="bbox 2210 2701 3780 2777">
     <span class='ocr_line' id='line_1_87' title="bbox 2210 2701 3780 2777; baseline 0.008 -26"><span class='ocrx_word' id='word_1_704' title='bbox 2210 2714 2433 2769; x_wconf 66' lang='lat' dir='ltr'><strong>quaeque</strong></span> <span class='ocrx_word' id='word_1_705' title='bbox 2488 2701 2788 2754; x_wconf 88' lang='lat' dir='ltr'><strong>enumerat?</strong></span> <span class='ocrx_word' id='word_1_706' title='bbox 2834 2701 2994 2756; x_wconf 89' lang='lat' dir='ltr'><strong>Tacet</strong></span> <span class='ocrx_word' id='word_1_707' title='bbox 3049 2713 3224 2757; x_wconf 88' lang='lat' dir='ltr'><strong>tamen</strong></span> <span class='ocrx_word' id='word_1_708' title='bbox 3280 2705 3534 2761; x_wconf 90' lang='lat' dir='ltr'><strong>Dominus</strong></span> <span class='ocrx_word' id='word_1_709' title='bbox 3579 2717 3780 2777; x_wconf 87' lang='lat' dir='ltr'><strong>noster,</strong></span> 
     </span>
    </p>
   </div>
   <div class='ocr_carea' id='block_1_88' title="bbox 2208 2790 3783 2862">
    <p class='ocr_par' dir='ltr' id='par_1_88' title="bbox 2208 2790 3783 2862">
     <span class='ocr_line' id='line_1_88' title="bbox 2208 2790 3783 2862; baseline 0.008 -20"><span class='ocrx_word' id='word_1_710' title='bbox 2208 2790 2571 2858; x_wconf 65' lang='lat' dir='ltr'><strong>praenuntians</strong></span> <span class='ocrx_word' id='word_1_711' title='bbox 2625 2792 2776 2845; x_wconf 88' lang='lat' dir='ltr'><strong>nobis</strong></span> <span class='ocrx_word' id='word_1_712' title='bbox 2819 2791 3074 2860; x_wconf 91' lang='lat' dir='ltr'><strong>judicium</strong></span> <span class='ocrx_word' id='word_1_713' title='bbox 3135 2809 3326 2862; x_wconf 90' lang='lat' dir='ltr'><strong>suum,</strong></span> <span class='ocrx_word' id='word_1_714' title='bbox 3376 2798 3551 2851; x_wconf 89' lang='lat' dir='ltr'><strong>omnia</strong></span> <span class='ocrx_word' id='word_1_715' title='bbox 3589 2810 3783 2854; x_wconf 66' lang='lat' dir='ltr'><strong>caetera</strong></span> 
     </span>
    </p>
   </div>
   <div class='ocr_carea' id='block_1_89' title="bbox 2209 2879 3780 2955">
    <p class='ocr_par' dir='ltr' id='par_1_89' title="bbox 2209 2879 3780 2955">
     <span class='ocr_line' id='line_1_89' title="bbox 2209 2879 3780 2955; baseline 0.007 -22"><span class='ocrx_word' id='word_1_716' title='bbox 2209 2890 2352 2933; x_wconf 87' lang='lat' dir='ltr'><strong>recta</strong></span> <span class='ocrx_word' id='word_1_717' title='bbox 2370 2879 2501 2935; x_wconf 88' lang='lat' dir='ltr'><strong>facta</strong></span> <span class='ocrx_word' id='word_1_718' title='bbox 2528 2881 2813 2949; x_wconf 89' lang='lat' dir='ltr'><strong>justorum,</strong></span> <span class='ocrx_word' id='word_1_719' title='bbox 2830 2892 2883 2936; x_wconf 78' lang='lat' dir='ltr'><strong>et</strong></span> <span class='ocrx_word' id='word_1_720' title='bbox 2906 2884 3045 2936; x_wconf 90' lang='lat' dir='ltr'><strong>solas</strong></span> <span class='ocrx_word' id='word_1_721' title='bbox 3062 2883 3427 2955; x_wconf 88' lang='lat' dir='ltr'><strong>eleemosynas</strong></span> <span class='ocrx_word' id='word_1_722' title='bbox 3445 2901 3780 2944; x_wconf 86' lang='lat' dir='ltr'><strong>commemo-</strong></span> 
     </span>
    </p>
   </div>
   <div class='ocr_carea' id='block_1_90' title="bbox 2209 2971 3783 3049">
    <p class='ocr_par' dir='ltr' id='par_1_90' title="bbox 2209 2971 3783 3049">
     <span class='ocr_line' id='line_1_90' title="bbox 2209 2971 3783 3049; baseline 0.006 -24"><span class='ocrx_word' id='word_1_723' title='bbox 2209 2971 2587 3041; x_wconf 84' lang='lat' dir='ltr'><strong>raredignatus</strong></span> <span class='ocrx_word' id='word_1_724' title='bbox 2608 2981 2707 3026; x_wconf 90' lang='lat' dir='ltr'><strong>est.</strong></span> <span class='ocrx_word' id='word_1_725' title='bbox 2747 2973 2933 3026; x_wconf 88' lang='lat' dir='ltr'><strong>Tacuit</strong></span> <span class='ocrx_word' id='word_1_726' title='bbox 2984 2975 3160 3028; x_wconf 86' lang='lat' dir='ltr'><strong>omnia</strong></span> <span class='ocrx_word' id='word_1_727' title='bbox 3207 2977 3343 3029; x_wconf 90' lang='lat' dir='ltr'><strong>mala</strong></span> <span class='ocrx_word' id='word_1_728' title='bbox 3397 2977 3533 3031; x_wconf 88' lang='lat' dir='ltr'><strong>facta</strong></span> <span class='ocrx_word' id='word_1_729' title='bbox 3573 2980 3783 3049; x_wconf 87' lang='lat' dir='ltr'><strong>iniquo-</strong></span> 
     </span>
    </p>
   </div>
   <div class='ocr_carea' id='block_1_91' title="bbox 2215 3062 3782 3138">
    <p class='ocr_par' dir='ltr' id='par_1_91' title="bbox 2215 3062 3782 3138">
     <span class='ocr_line' id='line_1_91' title="bbox 2215 3062 3782 3138; baseline 0.004 -23"><span class='ocrx_word' id='word_1_730' title='bbox 2215 3075 2352 3127; x_wconf 79' lang='lat' dir='ltr'><strong>rum,</strong></span> <span class='ocrx_word' id='word_1_731' title='bbox 2376 3070 2429 3116; x_wconf 91' lang='lat' dir='ltr'><strong>et</strong></span> <span class='ocrx_word' id='word_1_732' title='bbox 2453 3062 2619 3116; x_wconf 90' lang='lat' dir='ltr'><strong>solam</strong></span> <span class='ocrx_word' id='word_1_733' title='bbox 2650 3063 2979 3117; x_wconf 88' lang='lat' dir='ltr'><strong>sterilitatem</strong></span> <span class='ocrx_word' id='word_1_734' title='bbox 3023 3065 3377 3135; x_wconf 75' lang='lat' dir='ltr'><strong>eleemosynre</strong></span> <span class='ocrx_word' id='word_1_735' title='bbox 3406 3067 3782 3138; x_wconf 89' lang='lat' dir='ltr'><strong>increpandam</strong></span> 
     </span>
    </p>
   </div>
   <div class='ocr_carea' id='block_1_92' title="bbox 2209 3152 3786 3229">
    <p class='ocr_par' dir='ltr' id='par_1_92' title="bbox 2209 3152 3786 3229">
     <span class='ocr_line' id='line_1_92' title="bbox 2209 3152 3786 3229; baseline 0.004 -22"><span class='ocrx_word' id='word_1_736' title='bbox 2209 3166 2327 3207; x_wconf 90' lang='lat' dir='ltr'><strong>esse</strong></span> <span class='ocrx_word' id='word_1_737' title='bbox 2350 3152 2625 3221; x_wconf 87' lang='lat' dir='ltr'><strong>judicavit,</strong></span> <span class='ocrx_word' id='word_1_738' title='bbox 2648 3153 2859 3229; x_wconf 75' lang='lat' dir='ltr'><strong>nonnisi</strong></span> <span class='ocrx_word' id='word_1_739' title='bbox 2899 3154 2963 3206; x_wconf 90' lang='lat' dir='ltr'><strong>ad</strong></span> <span class='ocrx_word' id='word_1_740' title='bbox 2991 3169 3087 3209; x_wconf 91' lang='lat' dir='ltr'><strong>nos</strong></span> <span class='ocrx_word' id='word_1_741' title='bbox 3121 3157 3554 3210; x_wconf 89' lang='lat' dir='ltr'><strong>commonendos.</strong></span> <span class='ocrx_word' id='word_1_742' title='bbox 3610 3158 3786 3224; x_wconf 87' lang='lat' dir='ltr'><strong>Quare</strong></span> 
     </span>
    </p>
   </div>
   <div class='ocr_carea' id='block_1_93' title="bbox 2212 3244 3783 3316">
    <p class='ocr_par' dir='ltr' id='par_1_93' title="bbox 2212 3244 3783 3316">
     <span class='ocr_line' id='line_1_93' title="bbox 2212 3244 3783 3316; baseline 0.003 -19"><span class='ocrx_word' id='word_1_743' title='bbox 2212 3245 2350 3299; x_wconf 88' lang='lat' dir='ltr'><strong>hoc?</strong></span> <span class='ocrx_word' id='word_1_744' title='bbox 2379 3244 2511 3312; x_wconf 90' lang='lat' dir='ltr'><strong>Quia</strong></span> <span class='ocrx_word' id='word_1_745' title='bbox 2540 3247 2716 3300; x_wconf 90' lang='lat' dir='ltr'><strong>omnia</strong></span> <span class='ocrx_word' id='word_1_746' title='bbox 2765 3246 2984 3299; x_wconf 86' lang='lat' dir='ltr'><strong>crimina</strong></span> <span class='ocrx_word' id='word_1_747' title='bbox 3029 3246 3383 3316; x_wconf 82' lang='lat' dir='ltr'><strong>eleemosynis</strong></span> <span class='ocrx_word' id='word_1_748' title='bbox 3429 3248 3783 3303; x_wconf 90' lang='lat' dir='ltr'><strong>redimuntur.</strong></span> 
     </span>
    </p>
   </div>
   <div class='ocr_carea' id='block_1_94' title="bbox 2210 3333 3787 3405">
    <p class='ocr_par' dir='ltr' id='par_1_94' title="bbox 2210 3333 3787 3405">
     <span class='ocr_line' id='line_1_94' title="bbox 2210 3333 3787 3405; baseline 0.003 -18"><span class='ocrx_word' id='word_1_749' title='bbox 2210 3333 2333 3389; x_wconf 88' lang='lat' dir='ltr'><strong>ldeo</strong></span> <span class='ocrx_word' id='word_1_750' title='bbox 2350 3334 2492 3387; x_wconf 89' lang='lat' dir='ltr'><strong>illam</strong></span> <span class='ocrx_word' id='word_1_751' title='bbox 2516 3333 2750 3387; x_wconf 89' lang='lat' dir='ltr'><strong>laudavit</strong></span> <span class='ocrx_word' id='word_1_752' title='bbox 2796 3334 3207 3400; x_wconf 86' lang='lat' dir='ltr'><strong>fecunditatem,</strong></span> <span class='ocrx_word' id='word_1_753' title='bbox 3256 3336 3408 3389; x_wconf 82' lang='lat' dir='ltr'><strong>istam</strong></span> <span class='ocrx_word' id='word_1_754' title='bbox 3455 3337 3686 3405; x_wconf 87' lang='lat' dir='ltr'><strong>culpavit</strong></span> <span class='ocrx_word' id='word_1_755' title='bbox 3729 3347 3787 3393; x_wconf 84' lang='lat' dir='ltr'><strong>et</strong></span> 
     </span>
    </p>
   </div>
   <div class='ocr_carea' id='block_1_95' title="bbox 2210 3424 2831 3479">
    <p class='ocr_par' dir='ltr' id='par_1_95' title="bbox 2210 3424 2831 3479">
     <span class='ocr_line' id='line_1_95' title="bbox 2210 3424 2831 3479; baseline -0.003 -1"><span class='ocrx_word' id='word_1_756' title='bbox 2210 3425 2482 3479; x_wconf 89' lang='lat' dir='ltr'><strong>damnavit</strong></span> <span class='ocrx_word' id='word_1_757' title='bbox 2509 3424 2831 3478; x_wconf 90' lang='lat' dir='ltr'><strong>ariditatem.</strong></span> 
     </span>
    </p>
   </div>
   <div class='ocr_carea' id='block_1_96' title="bbox 2281 3513 3787 3587">
    <p class='ocr_par' dir='ltr' id='par_1_96' title="bbox 2281 3513 3787 3587">
     <span class='ocr_line' id='line_1_96' title="bbox 2281 3513 3787 3587; baseline 0.003 -20"><span class='ocrx_word' id='word_1_758' title='bbox 2281 3514 2336 3567; x_wconf 74' lang='grc'><strong>2.</strong></span> <span class='ocrx_word' id='word_1_759' title='bbox 2371 3513 2719 3584; x_wconf 76' lang='lat' dir='ltr'><strong>Eleemosynte</strong></span> <span class='ocrx_word' id='word_1_760' title='bbox 2769 3529 2861 3583; x_wconf 84' lang='lat' dir='ltr'><strong>pro</strong></span> <span class='ocrx_word' id='word_1_761' title='bbox 2909 3514 3218 3583; x_wconf 85' lang='lat' dir='ltr'><strong>gravioribus</strong></span> <span class='ocrx_word' id='word_1_762' title='bbox 3263 3517 3475 3583; x_wconf 80' lang='lat' dir='ltr'><strong>peccatis</strong></span> <span class='ocrx_word' id='word_1_763' title='bbox 3517 3533 3616 3569; x_wconf 90' lang='lat' dir='ltr'><strong>non</strong></span> <span class='ocrx_word' id='word_1_764' title='bbox 3668 3534 3787 3587; x_wconf 84' lang='lat' dir='ltr'><strong>pro-</strong></span> 
     </span>
    </p>
   </div>
   <div class='ocr_carea' id='block_1_97' title="bbox 2210 3602 3785 3676">
    <p class='ocr_par' dir='ltr' id='par_1_97' title="bbox 2210 3602 3785 3676">
     <span class='ocr_line' id='line_1_97' title="bbox 2210 3602 3785 3676; baseline 0.003 -17"><span class='ocrx_word' id='word_1_765' title='bbox 2210 3612 2347 3668; x_wconf 82' lang='lat' dir='ltr'><strong>sunt,</strong></span> <span class='ocrx_word' id='word_1_766' title='bbox 2377 3604 2473 3657; x_wconf 86' lang='lat' dir='ltr'><strong>nisi</strong></span> <span class='ocrx_word' id='word_1_767' title='bbox 2500 3620 2661 3657; x_wconf 84' lang='lat' dir='ltr'><strong>mores</strong></span> <span class='ocrx_word' id='word_1_768' title='bbox 2686 3613 2958 3658; x_wconf 85' lang='lat' dir='ltr'><strong>mutentur.</strong></span> <span class='ocrx_word' id='word_1_769' title='bbox 2984 3602 3144 3658; x_wconf 84' lang='lat' dir='ltr'><strong>Nemo</strong></span> <span class='ocrx_word' id='word_1_770' title='bbox 3186 3604 3265 3657; x_wconf 86' lang='lat' dir='ltr'><strong>hic</strong></span> <span class='ocrx_word' id='word_1_771' title='bbox 3292 3606 3399 3658; x_wconf 89' lang='lat' dir='ltr'><strong>sine</strong></span> <span class='ocrx_word' id='word_1_772' title='bbox 3428 3617 3648 3676; x_wconf 86' lang='lat' dir='ltr'><strong>peccato.</strong></span> <span class='ocrx_word' id='word_1_773' title='bbox 3677 3607 3785 3663; x_wconf 89' lang='lat' dir='ltr'><strong>Sed</strong></span> 
     </span>
    </p>
   </div>
   <div class='ocr_carea' id='block_1_98' title="bbox 2211 3693 3783 3766">
    <p class='ocr_par' dir='ltr' id='par_1_98' title="bbox 2211 3693 3783 3766">
     <span class='ocr_line' id='line_1_98' title="bbox 2211 3693 3783 3766; baseline 0.004 -20"><span class='ocrx_word' id='word_1_774' title='bbox 2211 3694 2351 3764; x_wconf 91' lang='lat' dir='ltr'><strong>quod</strong></span> <span class='ocrx_word' id='word_1_775' title='bbox 2371 3693 2595 3747; x_wconf 90' lang='lat' dir='ltr'><strong>audistis</strong></span> <span class='ocrx_word' id='word_1_776' title='bbox 2614 3734 2628 3757; x_wconf 93' lang='lat'><strong>,</strong></span> <span class='ocrx_word' id='word_1_777' title='bbox 2657 3694 2833 3748; x_wconf 90' lang='lat' dir='ltr'><strong>omnia</strong></span> <span class='ocrx_word' id='word_1_778' title='bbox 2864 3694 3002 3747; x_wconf 89' lang='lat' dir='ltr'><strong>male</strong></span> <span class='ocrx_word' id='word_1_779' title='bbox 3022 3693 3158 3748; x_wconf 88' lang='lat' dir='ltr'><strong>facta</strong></span> <span class='ocrx_word' id='word_1_780' title='bbox 3183 3694 3538 3766; x_wconf 81' lang='lat' dir='ltr'><strong>eleemosynis</strong></span> <span class='ocrx_word' id='word_1_781' title='bbox 3572 3697 3783 3763; x_wconf 89' lang='lat' dir='ltr'><strong>redimi,</strong></span> 
     </span>
    </p>
   </div>
   <div class='ocr_carea' id='block_1_99' title="bbox 2212 3784 3782 3856">
    <p class='ocr_par' dir='ltr' id='par_1_99' title="bbox 2212 3784 3782 3856">
     <span class='ocr_line' id='line_1_99' title="bbox 2212 3784 3782 3856; baseline 0.003 -17"><span class='ocrx_word' id='word_1_782' title='bbox 2212 3785 2377 3841; x_wconf 90' lang='lat' dir='ltr'><strong>nolite</strong></span> <span class='ocrx_word' id='word_1_783' title='bbox 2400 3785 2479 3839; x_wconf 90' lang='lat' dir='ltr'><strong>sic</strong></span> <span class='ocrx_word' id='word_1_784' title='bbox 2499 3784 2813 3854; x_wconf 89' lang='lat' dir='ltr'><strong>intelligere,</strong></span> <span class='ocrx_word' id='word_1_785' title='bbox 2842 3792 2900 3838; x_wconf 89' lang='lat' dir='ltr'><strong>ut</strong></span> <span class='ocrx_word' id='word_1_786' title='bbox 2922 3785 3219 3852; x_wconf 86' lang='lat' dir='ltr'><strong>intelligunt</strong></span> <span class='ocrx_word' id='word_1_787' title='bbox 3259 3786 3470 3854; x_wconf 87' lang='lat' dir='ltr'><strong>quidam</strong></span> <span class='ocrx_word' id='word_1_788' title='bbox 3528 3790 3782 3856; x_wconf 86' lang='lat' dir='ltr'><strong>perversi.</strong></span> 
     </span>
    </p>
   </div>
   <div class='ocr_carea' id='block_1_100' title="bbox 2215 3877 3784 3947">
    <p class='ocr_par' dir='ltr' id='par_1_100' title="bbox 2215 3877 3784 3947">
     <span class='ocr_line' id='line_1_100' title="bbox 2215 3877 3784 3947; baseline 0.003 -16"><span class='ocrx_word' id='word_1_789' title='bbox 2215 3878 2581 3947; x_wconf 66' lang='lat' dir='ltr'><strong>Eleemosyna:</strong></span> <span class='ocrx_word' id='word_1_790' title='bbox 2601 3877 2740 3931; x_wconf 91' lang='lat' dir='ltr'><strong>enim</strong></span> <span class='ocrx_word' id='word_1_791' title='bbox 2770 3886 2990 3944; x_wconf 89' lang='lat' dir='ltr'><strong>possunt</strong></span> <span class='ocrx_word' id='word_1_792' title='bbox 3029 3877 3122 3932; x_wconf 88' lang='lat' dir='ltr'><strong>tibi</strong></span> <span class='ocrx_word' id='word_1_793' title='bbox 3160 3878 3413 3946; x_wconf 87' lang='lat' dir='ltr'><strong>prodesse</strong></span> <span class='ocrx_word' id='word_1_794' title='bbox 3457 3880 3522 3934; x_wconf 91' lang='lat' dir='ltr'><strong>ad</strong></span> <span class='ocrx_word' id='word_1_795' title='bbox 3563 3880 3784 3936; x_wconf 86' lang='lat' dir='ltr'><strong>delenda</strong></span> 
     </span>
    </p>
   </div>
   <div class='ocr_carea' id='block_1_101' title="bbox 2212 3967 3781 4036">
    <p class='ocr_par' dir='ltr' id='par_1_101' title="bbox 2212 3967 3781 4036">
     <span class='ocr_line' id='line_1_101' title="bbox 2212 3967 3781 4036; baseline 0.002 -14"><span class='ocrx_word' id='word_1_796' title='bbox 2212 3976 2426 4036; x_wconf 87' lang='lat' dir='ltr'><strong>peccata</strong></span> <span class='ocrx_word' id='word_1_797' title='bbox 2467 3967 2754 4036; x_wconf 72' lang='lat' dir='ltr'><strong>praeterita,</strong></span> <span class='ocrx_word' id='word_1_798' title='bbox 2787 3968 2829 4020; x_wconf 90' lang='lat' dir='ltr'><strong>si</strong></span> <span class='ocrx_word' id='word_1_799' title='bbox 2874 3982 3051 4022; x_wconf 88' lang='lat' dir='ltr'><strong>mores</strong></span> <span class='ocrx_word' id='word_1_800' title='bbox 3098 3970 3402 4023; x_wconf 87' lang='lat' dir='ltr'><strong>mutaveris.</strong></span> <span class='ocrx_word' id='word_1_801' title='bbox 3432 3970 3486 4024; x_wconf 87' lang='lat' dir='ltr'><strong>Si</strong></span> <span class='ocrx_word' id='word_1_802' title='bbox 3508 3978 3684 4025; x_wconf 89' lang='lat' dir='ltr'><strong>autem</strong></span> <span class='ocrx_word' id='word_1_803' title='bbox 3730 3974 3781 4025; x_wconf 92' lang='lat' dir='ltr'><strong>in</strong></span> 
     </span>
    </p>
   </div>
   <div class='ocr_carea' id='block_1_102' title="bbox 2214 4056 3787 4127">
    <p class='ocr_par' dir='ltr' id='par_1_102' title="bbox 2214 4056 3787 4127">
     <span class='ocr_line' id='line_1_102' title="bbox 2214 4056 3787 4127; baseline 0.001 -16"><span class='ocrx_word' id='word_1_804' title='bbox 2214 4056 2413 4111; x_wconf 89' lang='lat' dir='ltr'><strong>eisdem</strong></span> <span class='ocrx_word' id='word_1_805' title='bbox 2444 4057 2596 4110; x_wconf 89' lang='lat' dir='ltr'><strong>malis</strong></span> <span class='ocrx_word' id='word_1_806' title='bbox 2624 4071 2956 4124; x_wconf 88' lang='lat' dir='ltr'><strong>perseveras,</strong></span> <span class='ocrx_word' id='word_1_807' title='bbox 2976 4057 3330 4127; x_wconf 81' lang='lat' dir='ltr'><strong>cleemosynis</strong></span> <span class='ocrx_word' id='word_1_808' title='bbox 3379 4058 3482 4113; x_wconf 93' lang='lat' dir='ltr'><strong>tuis</strong></span> <span class='ocrx_word' id='word_1_809' title='bbox 3517 4075 3620 4113; x_wconf 92' lang='lat' dir='ltr'><strong>non</strong></span> <span class='ocrx_word' id='word_1_810' title='bbox 3666 4074 3787 4114; x_wconf 89' lang='lat' dir='ltr'><strong>cor-</strong></span> 
     </span>
    </p>
   </div>
   <div class='ocr_carea' id='block_1_103' title="bbox 2212 4145 3789 4215">
    <p class='ocr_par' dir='ltr' id='par_1_103' title="bbox 2212 4145 3789 4215">
     <span class='ocr_line' id='line_1_103' title="bbox 2212 4145 3789 4215; baseline 0.001 -14"><span class='ocrx_word' id='word_1_811' title='bbox 2212 4147 2416 4215; x_wconf 84' lang='lat' dir='ltr'><strong>rumpis</strong></span> <span class='ocrx_word' id='word_1_812' title='bbox 2437 4145 2690 4215; x_wconf 88' lang='lat' dir='ltr'><strong>judicem.</strong></span> <span class='ocrx_word' id='word_1_813' title='bbox 2723 4147 2833 4215; x_wconf 86' lang='lat' dir='ltr'><strong>Ego</strong></span> <span class='ocrx_word' id='word_1_814' title='bbox 2853 4146 2972 4200; x_wconf 90' lang='lat' dir='ltr'><strong>dico</strong></span> <span class='ocrx_word' id='word_1_815' title='bbox 3002 4155 3219 4215; x_wconf 87' lang='lat' dir='ltr'><strong>propter</strong></span> <span class='ocrx_word' id='word_1_816' title='bbox 3248 4148 3335 4200; x_wconf 91' lang='lat' dir='ltr'><strong>illa</strong></span> <span class='ocrx_word' id='word_1_817' title='bbox 3360 4149 3562 4203; x_wconf 88' lang='lat' dir='ltr'><strong>scelera</strong></span> <span class='ocrx_word' id='word_1_818' title='bbox 3604 4158 3658 4203; x_wconf 87' lang='lat' dir='ltr'><strong>ct</strong></span> <span class='ocrx_word' id='word_1_819' title='bbox 3682 4149 3789 4203; x_wconf 60' lang='lat' dir='ltr'><strong>crio</strong></span> 
     </span>
    </p>
   </div>
   <div class='ocr_carea' id='block_1_104' title="bbox 2214 4236 3785 4307">
    <p class='ocr_par' dir='ltr' id='par_1_104' title="bbox 2214 4236 3785 4307">
     <span class='ocr_line' id='line_1_104' title="bbox 2214 4236 3785 4307; baseline 0.001 -17"><span class='ocrx_word' id='word_1_820' title='bbox 2214 4237 2376 4301; x_wconf 89' lang='lat' dir='ltr'><strong>mina,</strong></span> <span class='ocrx_word' id='word_1_821' title='bbox 2401 4251 2518 4305; x_wconf 81' lang='lat' dir='ltr'><strong>quae</strong></span> <span class='ocrx_word' id='word_1_822' title='bbox 2543 4251 2727 4290; x_wconf 90' lang='lat' dir='ltr'><strong>omnes</strong></span> <span class='ocrx_word' id='word_1_823' title='bbox 2751 4236 2909 4291; x_wconf 91' lang='lat' dir='ltr'><strong>modo</strong></span> <span class='ocrx_word' id='word_1_824' title='bbox 2925 4236 3092 4291; x_wconf 90' lang='lat' dir='ltr'><strong>vitare</strong></span> <span class='ocrx_word' id='word_1_825' title='bbox 3110 4236 3342 4303; x_wconf 89' lang='lat' dir='ltr'><strong>debent,</strong></span> <span class='ocrx_word' id='word_1_826' title='bbox 3385 4239 3474 4307; x_wconf 89' lang='lat' dir='ltr'><strong>qui</strong></span> <span class='ocrx_word' id='word_1_827' title='bbox 3520 4238 3785 4307; x_wconf 90' lang='lat' dir='ltr'><strong>accipiunt</strong></span> 
     </span>
    </p>
   </div>
   <div class='ocr_carea' id='block_1_105' title="bbox 2213 4325 3785 4396">
    <p class='ocr_par' dir='ltr' id='par_1_105' title="bbox 2213 4325 3785 4396">
     <span class='ocr_line' id='line_1_105' title="bbox 2213 4325 3785 4396; baseline 0.001 -16"><span class='ocrx_word' id='word_1_828' title='bbox 2213 4340 2408 4396; x_wconf 89' lang='lat' dir='ltr'><strong>corpus</strong></span> <span class='ocrx_word' id='word_1_829' title='bbox 2433 4325 2631 4380; x_wconf 91' lang='lat' dir='ltr'><strong>Christi</strong></span> <span class='ocrx_word' id='word_1_830' title='bbox 2658 4335 2713 4380; x_wconf 91' lang='lat' dir='ltr'><strong>et</strong></span> <span class='ocrx_word' id='word_1_831' title='bbox 2736 4326 3066 4395; x_wconf 86' lang='lat' dir='ltr'><strong>sanguinem.</strong></span> <span class='ocrx_word' id='word_1_832' title='bbox 3115 4327 3377 4383; x_wconf 62' lang='lat' dir='ltr'><strong>Caeterum</strong></span> <span class='ocrx_word' id='word_1_833' title='bbox 3432 4342 3536 4381; x_wconf 91' lang='lat' dir='ltr'><strong>non</strong></span> <span class='ocrx_word' id='word_1_834' title='bbox 3584 4344 3669 4382; x_wconf 89' lang='lat' dir='ltr'><strong>me</strong></span> <span class='ocrx_word' id='word_1_835' title='bbox 3706 4328 3785 4382; x_wconf 83' lang='lat' dir='ltr'><strong>la-</strong></span> 
     </span>
    </p>
   </div>
   <div class='ocr_carea' id='block_1_106' title="bbox 2215 4415 3783 4485">
    <p class='ocr_par' dir='ltr' id='par_1_106' title="bbox 2215 4415 3783 4485">
     <span class='ocr_line' id='line_1_106' title="bbox 2215 4415 3783 4485; baseline 0.001 -14"><span class='ocrx_word' id='word_1_836' title='bbox 2215 4423 2311 4480; x_wconf 85' lang='lat' dir='ltr'><strong>tet,</strong></span> <span class='ocrx_word' id='word_1_837' title='bbox 2349 4418 2509 4470; x_wconf 92' lang='lat' dir='ltr'><strong>vitam</strong></span> <span class='ocrx_word' id='word_1_838' title='bbox 2536 4417 2687 4469; x_wconf 88' lang='lat' dir='ltr'><strong>istam</strong></span> <span class='ocrx_word' id='word_1_839' title='bbox 2732 4415 3009 4469; x_wconf 89' lang='lat' dir='ltr'><strong>mortalem</strong></span> <span class='ocrx_word' id='word_1_840' title='bbox 3049 4424 3103 4469; x_wconf 92' lang='lat' dir='ltr'><strong>et</strong></span> <span class='ocrx_word' id='word_1_841' title='bbox 3150 4415 3201 4469; x_wconf 92' lang='lat' dir='ltr'><strong>in</strong></span> <span class='ocrx_word' id='word_1_842' title='bbox 3243 4431 3403 4472; x_wconf 89' lang='lat' dir='ltr'><strong>carne</strong></span> <span class='ocrx_word' id='word_1_843' title='bbox 3456 4418 3783 4485; x_wconf 91' lang='lat' dir='ltr'><strong>corruptibili</strong></span> 
     </span>
    </p>
   </div>
   <div class='ocr_carea' id='block_1_107' title="bbox 2214 4505 3785 4575">
    <p class='ocr_par' dir='ltr' id='par_1_107' title="bbox 2214 4505 3785 4575">
     <span class='ocr_line' id='line_1_107' title="bbox 2214 4505 3785 4575; baseline 0 -14"><span class='ocrx_word' id='word_1_844' title='bbox 2214 4506 2577 4569; x_wconf 87' lang='lat' dir='ltr'><strong>constitutam,</strong></span> <span class='ocrx_word' id='word_1_845' title='bbox 2604 4505 2719 4558; x_wconf 90' lang='lat' dir='ltr'><strong>sine</strong></span> <span class='ocrx_word' id='word_1_846' title='bbox 2746 4505 2978 4573; x_wconf 82' lang='lat' dir='ltr'><strong>peceatis</strong></span> <span class='ocrx_word' id='word_1_847' title='bbox 3023 4518 3143 4559; x_wconf 88' lang='lat' dir='ltr'><strong>esse</strong></span> <span class='ocrx_word' id='word_1_848' title='bbox 3170 4522 3274 4561; x_wconf 92' lang='lat' dir='ltr'><strong>non</strong></span> <span class='ocrx_word' id='word_1_849' title='bbox 3322 4522 3478 4575; x_wconf 91' lang='lat' dir='ltr'><strong>posse</strong></span> <span class='ocrx_word' id='word_1_850' title='bbox 3504 4524 3517 4560; x_wconf 90' lang='lat'><strong>:</strong></span> <span class='ocrx_word' id='word_1_851' title='bbox 3548 4507 3642 4563; x_wconf 86' lang='lat' dir='ltr'><strong>sed</strong></span> <span class='ocrx_word' id='word_1_852' title='bbox 3695 4509 3785 4562; x_wconf 88' lang='lat' dir='ltr'><strong>illa</strong></span> 
     </span>
    </p>
   </div>
   <div class='ocr_carea' id='block_1_108' title="bbox 2216 4594 3785 4666">
    <p class='ocr_par' dir='ltr' id='par_1_108' title="bbox 2216 4594 3785 4666">
     <span class='ocr_line' id='line_1_108' title="bbox 2216 4594 3785 4666; baseline 0.001 -16"><span class='ocrx_word' id='word_1_853' title='bbox 2216 4594 2519 4664; x_wconf 86' lang='lat' dir='ltr'><strong>quotidiana</strong></span> <span class='ocrx_word' id='word_1_854' title='bbox 2544 4602 2599 4648; x_wconf 88' lang='lat' dir='ltr'><strong>et</strong></span> <span class='ocrx_word' id='word_1_855' title='bbox 2624 4594 2759 4648; x_wconf 90' lang='lat' dir='ltr'><strong>levia</strong></span> <span class='ocrx_word' id='word_1_856' title='bbox 2803 4595 2999 4649; x_wconf 89' lang='lat' dir='ltr'><strong>habent</strong></span> <span class='ocrx_word' id='word_1_857' title='bbox 3046 4596 3207 4653; x_wconf 86' lang='lat' dir='ltr'><strong>etiam</strong></span> <span class='ocrx_word' id='word_1_858' title='bbox 3234 4612 3327 4651; x_wconf 89' lang='lat' dir='ltr'><strong>sua</strong></span> <span class='ocrx_word' id='word_1_859' title='bbox 3371 4598 3576 4652; x_wconf 82' lang='lat' dir='ltr'><strong>lavacra</strong></span> <span class='ocrx_word' id='word_1_860' title='bbox 3606 4599 3785 4666; x_wconf 84' lang='lat' dir='ltr'><strong>quoti-</strong></span> 
     </span>
    </p>
   </div>
   <div class='ocr_carea' id='block_1_109' title="bbox 2216 4683 3785 4752">
    <p class='ocr_par' dir='ltr' id='par_1_109' title="bbox 2216 4683 3785 4752">
     <span class='ocr_line' id='line_1_109' title="bbox 2216 4683 3785 4752; baseline 0.001 -12"><span class='ocrx_word' id='word_1_861' title='bbox 2216 4686 2390 4740; x_wconf 89' lang='lat' dir='ltr'><strong>diana.</strong></span> <span class='ocrx_word' id='word_1_862' title='bbox 2420 4684 2533 4737; x_wconf 87' lang='lat' dir='ltr'><strong>Hoc</strong></span> <span class='ocrx_word' id='word_1_863' title='bbox 2552 4683 2789 4752; x_wconf 89' lang='lat' dir='ltr'><strong>estquod</strong></span> <span class='ocrx_word' id='word_1_864' title='bbox 2817 4692 2999 4752; x_wconf 87' lang='lat' dir='ltr'><strong>pectus</strong></span> <span class='ocrx_word' id='word_1_865' title='bbox 3026 4684 3295 4739; x_wconf 88' lang='lat' dir='ltr'><strong>tundimus</strong></span> <span class='ocrx_word' id='word_1_866' title='bbox 3317 4728 3330 4749; x_wconf 93' lang='lat'><strong>,</strong></span> <span class='ocrx_word' id='word_1_867' title='bbox 3376 4692 3432 4741; x_wconf 86' lang='lat' dir='ltr'><strong>et</strong></span> <span class='ocrx_word' id='word_1_868' title='bbox 3458 4686 3682 4741; x_wconf 87' lang='lat' dir='ltr'><strong>dicimus</strong></span> <span class='ocrx_word' id='word_1_869' title='bbox 3732 4688 3785 4741; x_wconf 90' lang='lat' dir='ltr'><strong>in</strong></span> 
     </span>
    </p>
   </div>
   <div class='ocr_carea' id='block_1_110' title="bbox 2217 4776 3787 4839">
    <p class='ocr_par' dir='ltr' id='par_1_110' title="bbox 2217 4776 3787 4839">
     <span class='ocr_line' id='line_1_110' title="bbox 2217 4776 3787 4839; baseline 0.002 -9"><span class='ocrx_word' id='word_1_870' title='bbox 2217 4777 2456 4831; x_wconf 85' lang='lat' dir='ltr'><strong>oratione</strong></span> <span class='ocrx_word' id='word_1_871' title='bbox 2483 4776 2706 4829; x_wconf 88' lang='lat' dir='ltr'><strong>Domino</strong></span> <span class='ocrx_word' id='word_1_872' title='bbox 2740 4776 2847 4830; x_wconf 91' lang='lat' dir='ltr'><strong>Deo</strong></span> <span class='ocrx_word' id='word_1_873' title='bbox 2876 4785 3077 4839; x_wconf 89' lang='lat' dir='ltr'><strong>nostro,</strong></span> <span class='ocrx_word' id='word_1_874' title='bbox 3108 4776 3318 4830; x_wconf 86' lang='lat' dir='ltr'><strong>Dimitte</strong></span> <span class='ocrx_word' id='word_1_875' title='bbox 3344 4778 3484 4832; x_wconf 85' lang='lat' dir='ltr'><strong>nobis</strong></span> <span class='ocrx_word' id='word_1_876' title='bbox 3513 4778 3676 4831; x_wconf 88' lang='lat' dir='ltr'><strong>debita</strong></span> <span class='ocrx_word' id='word_1_877' title='bbox 3696 4794 3787 4833; x_wconf 83' lang='lat' dir='ltr'><strong>no-</strong></span> 
     </span>
    </p>
   </div>
   <div class='ocr_carea' id='block_1_111' title="bbox 2216 4867 3781 4939">
    <p class='ocr_par' dir='ltr' id='par_1_111' title="bbox 2216 4867 3781 4939">
     <span class='ocr_line' id='line_1_111' title="bbox 2216 4867 3781 4939; baseline -0.002 -16"><span class='ocrx_word' id='word_1_878' title='bbox 2216 4880 2341 4935; x_wconf 87' lang='lat' dir='ltr'><strong>stra,</strong></span> <span class='ocrx_word' id='word_1_879' title='bbox 2367 4868 2495 4921; x_wconf 82' lang='lat' dir='ltr'><strong>sicut</strong></span> <span class='ocrx_word' id='word_1_880' title='bbox 2522 4877 2567 4921; x_wconf 85' lang='lat' dir='ltr'><strong>et</strong></span> <span class='ocrx_word' id='word_1_881' title='bbox 2598 4883 2688 4922; x_wconf 84' lang='lat' dir='ltr'><strong>nos</strong></span> <span class='ocrx_word' id='word_1_882' title='bbox 2714 4867 3009 4922; x_wconf 82' lang='lat' dir='ltr'><strong>dimittimus</strong></span> <span class='ocrx_word' id='word_1_883' title='bbox 3037 4868 3339 4922; x_wconf 84' lang='lat' dir='ltr'><strong>debitoribus</strong></span> <span class='ocrx_word' id='word_1_884' title='bbox 3366 4871 3548 4923; x_wconf 83' lang='lat' dir='ltr'><strong>nostris</strong></span> <span class='ocrx_word' id='word_1_885' title='bbox 3570 4868 3781 4939; x_wconf 74' lang='lat' dir='ltr'><strong>(Matth.</strong></span> 
     </span>
    </p>
   </div>
   <div class='ocr_carea' id='block_1_112' title="bbox 2280 5022 3785 5087">
    <p class='ocr_par' dir='ltr' id='par_1_112' title="bbox 2280 5022 3785 5087">
     <span class='ocr_line' id='line_1_112' title="bbox 2280 5022 3785 5087; baseline -0.004 -11"><span class='ocrx_word' id='word_1_886' title='bbox 2280 5030 2299 5049; x_wconf 81' lang='grc'><strong><em>⁶</em></strong></span> <span class='ocrx_word' id='word_1_887' title='bbox 2322 5026 2606 5077; x_wconf 88' lang='lat' dir='ltr'><strong>Emendatus</strong></span> <span class='ocrx_word' id='word_1_888' title='bbox 2626 5025 2685 5075; x_wconf 85' lang='lat' dir='ltr'><strong>ad</strong></span> <span class='ocrx_word' id='word_1_889' title='bbox 2723 5028 2844 5075; x_wconf 90' lang='lat' dir='ltr'><strong>duos</strong></span> <span class='ocrx_word' id='word_1_890' title='bbox 2872 5025 2934 5075; x_wconf 92' lang='lat' dir='ltr'><strong>cl.</strong></span> <span class='ocrx_word' id='word_1_891' title='bbox 2967 5024 3025 5074; x_wconf 90' lang='lat' dir='ltr'><strong>ad</strong></span> <span class='ocrx_word' id='word_1_892' title='bbox 3047 5038 3122 5087; x_wconf 89' lang='lat' dir='ltr'><strong>gr.</strong></span> <span class='ocrx_word' id='word_1_893' title='bbox 3146 5037 3189 5072; x_wconf 91' lang='lat' dir='ltr'><strong>r.</strong></span> <span class='ocrx_word' id='word_1_894' title='bbox 3222 5036 3315 5072; x_wconf 86' lang='lat' dir='ltr'><strong>rm.</strong></span> <span class='ocrx_word' id='word_1_895' title='bbox 3332 5038 3376 5072; x_wconf 76' lang='grc' dir='ltr'><strong>ιν.</strong></span> <span class='ocrx_word' id='word_1_896' title='bbox 3397 5027 3449 5073; x_wconf 91' lang='lat' dir='ltr'><strong>et</strong></span> <span class='ocrx_word' id='word_1_897' title='bbox 3472 5022 3528 5071; x_wconf 89' lang='lat' dir='ltr'><strong>ad</strong></span> <span class='ocrx_word' id='word_1_898' title='bbox 3573 5031 3673 5071; x_wconf 81' lang='lat' dir='ltr'><strong>Am.</strong></span> <span class='ocrx_word' id='word_1_899' title='bbox 3710 5029 3785 5071; x_wconf 75' lang='lat' dir='ltr'><strong>Er.</strong></span> 
     </span>
    </p>
   </div>
   <div class='ocr_carea' id='block_1_113' title="bbox 2219 5097 2446 5139">
    <p class='ocr_par' dir='ltr' id='par_1_113' title="bbox 2219 5097 2446 5139">
     <span class='ocr_line' id='line_1_113' title="bbox 2219 5097 2446 5139; baseline -0.018 0"><span class='ocrx_word' id='word_1_900' title='bbox 2219 5098 2321 5139; x_wconf 81' lang='lat' dir='ltr'><strong>Par.</strong></span> <span class='ocrx_word' id='word_1_901' title='bbox 2339 5097 2446 5137; x_wconf 62' lang='grc' dir='ltr'><strong>[ιον.</strong></span> 
     </span>
    </p>
   </div>
   <div class='ocr_carea' id='block_1_114' title="bbox 2281 5145 3460 5213">
    <p class='ocr_par' dir='ltr' id='par_1_114' title="bbox 2281 5145 3460 5213">
     <span class='ocr_line' id='line_1_114' title="bbox 2281 5145 3460 5213; baseline -0.004 -16"><span class='ocrx_word' id='word_1_902' title='bbox 2281 5152 2352 5213; x_wconf 85' lang='lat' dir='ltr'><strong>(a)</strong></span> <span class='ocrx_word' id='word_1_903' title='bbox 2378 5148 2518 5206; x_wconf 78' lang='lat' dir='ltr'><strong>Alias,</strong></span> <span class='ocrx_word' id='word_1_904' title='bbox 2543 5148 2607 5213; x_wconf 74' lang='lat'><strong>19_</strong></span> <span class='ocrx_word' id='word_1_905' title='bbox 2622 5150 2751 5213; x_wconf 82' lang='lat' dir='ltr'><strong>inter</strong></span> <span class='ocrx_word' id='word_1_906' title='bbox 2774 5145 3086 5213; x_wconf 65' lang='lat' dir='ltr'><strong>Homiliasiit).</strong></span> <span class='ocrx_word' id='word_1_907' title='bbox 3212 5204 3241 5213; x_wconf 45' lang='grc' dir='ltr'>η</span> <span class='ocrx_word' id='word_1_908' title='bbox 3326 5152 3327 5155; x_wconf 78' lang='lat'>‘</span> <span class='ocrx_word' id='word_1_909' title='bbox 3450 5204 3460 5213; x_wconf 37' lang='grc' dir='ltr'><strong><em>ο</em></strong></span> 
     </span>
    </p>
   </div>
   <div class='ocr_carea' id='block_1_115' title="bbox 2285 5152 3786 5272">
    <p class='ocr_par' dir='ltr' id='par_1_115' title="bbox 2285 5152 3786 5272">
     <span class='ocr_line' id='line_1_115' title="bbox 2285 5152 3327 5211; baseline -0.009 -12"><span class='ocrx_word' id='word_1_910' title='bbox 2285 5152 2332 5211; x_wconf 87' lang='lat' dir='ltr'><strong>(a</strong></span> <span class='ocrx_word' id='word_1_911' title='bbox 2378 5152 2518 5206; x_wconf 78' lang='lat' dir='ltr'><strong>Alias,</strong></span> <span class='ocrx_word' id='word_1_912' title='bbox 2543 5152 2601 5197; x_wconf 79' lang='grc'><strong>19</strong></span> <span class='ocrx_word' id='word_1_913' title='bbox 2622 5152 2751 5198; x_wconf 88' lang='lat' dir='ltr'><strong>inter</strong></span> <span class='ocrx_word' id='word_1_914' title='bbox 2774 5152 2996 5197; x_wconf 74' lang='lat' dir='ltr'><strong>Homilies</strong></span> <span class='ocrx_word' id='word_1_915' title='bbox 3008 5152 3086 5193; x_wconf 79' lang='grc'><strong>50.</strong></span> <span class='ocrx_word' id='word_1_916' title='bbox 3326 5152 3327 5155; x_wconf 79' lang='lat'>‘</span> 
     </span>
     <span class='ocr_line' id='line_1_116' title="bbox 2285 5152 3786 5272; baseline -0.006 -12"><span class='ocrx_word' id='word_1_917' title='bbox 2285 5152 2352 5272; x_wconf 51' lang='lat' dir='ltr'><strong>(b3</strong></span> <span class='ocrx_word' id='word_1_918' title='bbox 2387 5212 2566 5259; x_wconf 84' lang='lat' dir='ltr'><strong>Dubius</strong></span> <span class='ocrx_word' id='word_1_919' title='bbox 2587 5210 2693 5272; x_wconf 83' lang='lat' dir='ltr'><strong>fuit</strong></span> <span class='ocrx_word' id='word_1_920' title='bbox 2712 5208 3099 5272; x_wconf 77' lang='lat' dir='ltr'><strong>lovanicnsibns,</strong></span> <span class='ocrx_word' id='word_1_921' title='bbox 3119 5204 3309 5272; x_wconf 77' lang='lat' dir='ltr'><strong>verlino</strong></span> <span class='ocrx_word' id='word_1_922' title='bbox 3333 5204 3526 5272; x_wconf 61' lang='lat' dir='ltr'><strong>sturius</strong></span> <span class='ocrx_word' id='word_1_923' title='bbox 3547 5205 3677 5253; x_wconf 85' lang='lat' dir='ltr'><strong>visus</strong></span> <span class='ocrx_word' id='word_1_924' title='bbox 3688 5213 3786 5272; x_wconf 71' lang='lat' dir='ltr'><strong>est.</strong></span> 
     </span>
    </p>
   </div>
   <div class='ocr_carea' id='block_1_116' title="bbox 2222 5263 3783 5333">
    <p class='ocr_par' dir='ltr' id='par_1_116' title="bbox 2222 5263 3783 5333">
     <span class='ocr_line' id='line_1_117' title="bbox 2222 5263 3783 5333; baseline -0.004 -15"><span class='ocrx_word' id='word_1_925' title='bbox 2222 5263 2454 5333; x_wconf 78' lang='lat' dir='ltr'><strong>viridingo</strong></span> <span class='ocrx_word' id='word_1_926' title='bbox 2486 5278 2648 5318; x_wconf 88' lang='lat' dir='ltr'><strong>autem</strong></span> <span class='ocrx_word' id='word_1_927' title='bbox 2683 5268 2999 5333; x_wconf 77' lang='lat' dir='ltr'><strong>interpolatus</strong></span> <span class='ocrx_word' id='word_1_928' title='bbox 3022 5275 3073 5314; x_wconf 85' lang='lat' dir='ltr'><strong>et</strong></span> <span class='ocrx_word' id='word_1_929' title='bbox 3117 5267 3324 5333; x_wconf 77' lang='lat' dir='ltr'><strong>vitiatus.</strong></span> <span class='ocrx_word' id='word_1_930' title='bbox 3361 5263 3521 5333; x_wconf 60' lang='lat' dir='ltr'><strong>Verba</strong></span> <span class='ocrx_word' id='word_1_931' title='bbox 3562 5263 3783 5333; x_wconf 71' lang='lat' dir='ltr'><strong>nonnulla</strong></span> 
     </span>
    </p>
   </div>
   <div class='ocr_carea' id='block_1_117' title="bbox 2222 5325 3788 5393">
    <p class='ocr_par' dir='ltr' id='par_1_117' title="bbox 2222 5325 3788 5393">
     <span class='ocr_line' id='line_1_118' title="bbox 2222 5325 3788 5393; baseline -0.006 -11"><span class='ocrx_word' id='word_1_932' title='bbox 2222 5325 2478 5393; x_wconf 58' lang='lat' dir='ltr'><strong>improprie</strong></span> <span class='ocrx_word' id='word_1_933' title='bbox 2520 5338 2765 5392; x_wconf 84' lang='lat' dir='ltr'><strong>usurpata,</strong></span> <span class='ocrx_word' id='word_1_934' title='bbox 2808 5325 2959 5393; x_wconf 67' lang='lat' dir='ltr'><strong>veluti</strong></span> <span class='ocrx_word' id='word_1_935' title='bbox 2995 5340 3103 5374; x_wconf 90' lang='lat' dir='ltr'><strong>cum</strong></span> <span class='ocrx_word' id='word_1_936' title='bbox 3147 5327 3317 5393; x_wconf 71' lang='lat' dir='ltr'><strong>dicitur</strong></span> <span class='ocrx_word' id='word_1_937' title='bbox 3340 5340 3389 5374; x_wconf 90' lang='lat' dir='ltr'><strong>n.</strong></span> <span class='ocrx_word' id='word_1_938' title='bbox 3424 5325 3480 5385; x_wconf 76' lang='lat'><strong>2,</strong></span> <span class='ocrx_word' id='word_1_939' title='bbox 3511 5344 3533 5371; x_wconf 76' lang='grc' dir='ltr'><strong>ι</strong></span> <span class='ocrx_word' id='word_1_940' title='bbox 3559 5327 3788 5393; x_wconf 79' lang='lat' dir='ltr'><strong>extinguo</strong></span> 
     </span>
    </p>
   </div>
   <div class='ocr_carea' id='block_1_118' title="bbox 2229 5388 3791 5452">
    <p class='ocr_par' dir='ltr' id='par_1_118' title="bbox 2229 5388 3791 5452">
     <span class='ocr_line' id='line_1_119' title="bbox 2229 5388 3791 5452; baseline -0.005 -13"><span class='ocrx_word' id='word_1_941' title='bbox 2229 5388 2426 5442; x_wconf 59' lang='lat' dir='ltr'><strong>«omnia</strong></span> <span class='ocrx_word' id='word_1_942' title='bbox 2451 5388 2672 5452; x_wconf 75' lang='lat' dir='ltr'><strong>peccata,</strong></span> <span class='ocrx_word' id='word_1_943' title='bbox 2699 5406 2721 5433; x_wconf 64' lang='grc' dir='ltr'><strong>ν</strong></span> <span class='ocrx_word' id='word_1_944' title='bbox 2754 5402 2837 5449; x_wconf 71' lang='lat' dir='ltr'><strong>pro</strong></span> <span class='ocrx_word' id='word_1_945' title='bbox 2859 5389 3044 5452; x_wconf 83' lang='lat' dir='ltr'><strong>redimo</strong></span> <span class='ocrx_word' id='word_1_946' title='bbox 3078 5396 3129 5435; x_wconf 89' lang='lat' dir='ltr'><strong>et</strong></span> <span class='ocrx_word' id='word_1_947' title='bbox 3162 5388 3361 5446; x_wconf 88' lang='lat' dir='ltr'><strong>aboleo;</strong></span> <span class='ocrx_word' id='word_1_948' title='bbox 3406 5399 3643 5452; x_wconf 79' lang='lat' dir='ltr'><strong>moxque,</strong></span> <span class='ocrx_word' id='word_1_949' title='bbox 3672 5402 3698 5452; x_wconf 57' lang='grc' dir='ltr'>ει</span> <span class='ocrx_word' id='word_1_950' title='bbox 3721 5392 3791 5452; x_wconf 78' lang='lat' dir='ltr'><strong>ta-</strong></span> 
     </span>
    </p>
   </div>
   <div class='ocr_carea' id='block_1_119' title="bbox 2229 5446 3786 5521">
    <p class='ocr_par' dir='ltr' id='par_1_119' title="bbox 2229 5446 3786 5521">
     <span class='ocr_line' id='line_1_120' title="bbox 2229 5446 3786 5521; baseline -0.006 -19"><span class='ocrx_word' id='word_1_951' title='bbox 2229 5473 2251 5502; x_wconf 76' lang='grc' dir='ltr'><strong>α</strong></span> <span class='ocrx_word' id='word_1_952' title='bbox 2274 5467 2386 5521; x_wconf 81' lang='lat' dir='ltr'><strong>men</strong></span> <span class='ocrx_word' id='word_1_953' title='bbox 2412 5446 2697 5521; x_wconf 63' lang='lat' dir='ltr'><strong>eisiinguis,</strong></span> <span class='ocrx_word' id='word_1_954' title='bbox 2722 5446 2980 5521; x_wconf 48' lang='lat' dir='ltr'><strong>{prolixus</strong></span> <span class='ocrx_word' id='word_1_955' title='bbox 3002 5457 3196 5509; x_wconf 80' lang='lat' dir='ltr'><strong>peccata</strong></span> <span class='ocrx_word' id='word_1_956' title='bbox 3211 5482 3224 5504; x_wconf 94' lang='lat'><strong>,</strong></span> <span class='ocrx_word' id='word_1_957' title='bbox 3250 5460 3339 5496; x_wconf 90' lang='lat' dir='ltr'><strong>seu</strong></span> <span class='ocrx_word' id='word_1_958' title='bbox 3356 5446 3557 5519; x_wconf 73' lang='lat' dir='ltr'><strong>peccare</strong></span> <span class='ocrx_word' id='word_1_959' title='bbox 3579 5446 3786 5521; x_wconf 60' lang='lat' dir='ltr'><strong>desinis:</strong></span> 
     </span>
    </p>
   </div>
   <div class='ocr_carea' id='block_1_120' title="bbox 2224 5510 3791 5568">
    <p class='ocr_par' dir='ltr' id='par_1_120' title="bbox 2224 5510 3791 5568">
     <span class='ocr_line' id='line_1_121' title="bbox 2224 5510 3791 5568; baseline -0.006 -5"><span class='ocrx_word' id='word_1_960' title='bbox 2224 5524 2275 5565; x_wconf 88' lang='lat' dir='ltr'><strong>et</strong></span> <span class='ocrx_word' id='word_1_961' title='bbox 2306 5510 2733 5562; x_wconf 65' lang='lat' dir='ltr'><strong>universim&#39;stilus</strong></span> <span class='ocrx_word' id='word_1_962' title='bbox 2776 5510 2951 5557; x_wconf 87' lang='lat' dir='ltr'><strong>indicat</strong></span> <span class='ocrx_word' id='word_1_963' title='bbox 2988 5522 3262 5557; x_wconf 82' lang='lat' dir='ltr'><strong>sermonem</strong></span> <span class='ocrx_word' id='word_1_964' title='bbox 3285 5522 3380 5557; x_wconf 88' lang='lat' dir='ltr'><strong>non</strong></span> <span class='ocrx_word' id='word_1_965' title='bbox 3411 5510 3537 5557; x_wconf 87' lang='lat' dir='ltr'><strong>omni</strong></span> <span class='ocrx_word' id='word_1_966' title='bbox 3564 5522 3627 5557; x_wconf 78' lang='lat' dir='ltr'><strong>ex</strong></span> <span class='ocrx_word' id='word_1_967' title='bbox 3653 5511 3791 5568; x_wconf 73' lang='lat' dir='ltr'><strong>parte</strong></span> 
     </span>
    </p>
   </div>
   <div class='ocr_carea' id='block_1_121' title="bbox 2225 5569 3789 5631">
    <p class='ocr_par' dir='ltr' id='par_1_121' title="bbox 2225 5569 3789 5631">
     <span class='ocr_line' id='line_1_122' title="bbox 2225 5569 3789 5631; baseline -0.006 -7"><span class='ocrx_word' id='word_1_968' title='bbox 2225 5589 2337 5624; x_wconf 78' lang='lat' dir='ltr'><strong>esse</strong></span> <span class='ocrx_word' id='word_1_969' title='bbox 2363 5572 2767 5631; x_wconf 74' lang='lat' dir='ltr'><strong>Augustiniantun.</strong></span> <span class='ocrx_word' id='word_1_970' title='bbox 2786 5569 3054 5619; x_wconf 74' lang='lat' dir='ltr'><strong>simillimus</strong></span> <span class='ocrx_word' id='word_1_971' title='bbox 3074 5583 3190 5618; x_wconf 86' lang='lat' dir='ltr'><strong>vero</strong></span> <span class='ocrx_word' id='word_1_972' title='bbox 3209 5578 3284 5619; x_wconf 85' lang='lat' dir='ltr'><strong>est</strong></span> <span class='ocrx_word' id='word_1_973' title='bbox 3301 5572 3444 5619; x_wconf 87' lang='lat' dir='ltr'><strong>trium</strong></span> <span class='ocrx_word' id='word_1_974' title='bbox 3466 5569 3789 5631; x_wconf 83' lang='lat' dir='ltr'><strong>superiorum.</strong></span> 
     </span>
    </p>
   </div>
   <div class='ocr_carea' id='block_1_122' title="bbox 2291 5631 2919 5697">
    <p class='ocr_par' dir='ltr' id='par_1_122' title="bbox 2291 5631 2919 5697">
     <span class='ocr_line' id='line_1_123' title="bbox 2291 5631 2919 5697; baseline -0.006 -13"><span class='ocrx_word' id='word_1_975' title='bbox 2291 5637 2357 5697; x_wconf 79' lang='grc' dir='ltr'><strong>(ε)</strong></span> <span class='ocrx_word' id='word_1_976' title='bbox 2395 5631 2507 5682; x_wconf 73' lang='lat' dir='ltr'><strong>Vide</strong></span> <span class='ocrx_word' id='word_1_977' title='bbox 2529 5646 2676 5681; x_wconf 85' lang='lat' dir='ltr'><strong>scrm.</strong></span> <span class='ocrx_word' id='word_1_978' title='bbox 2701 5631 2779 5691; x_wconf 86' lang='lat'><strong>60,</strong></span> <span class='ocrx_word' id='word_1_979' title='bbox 2803 5646 2850 5679; x_wconf 86' lang='grc' dir='ltr'>ιι.</span> <span class='ocrx_word' id='word_1_980' title='bbox 2871 5631 2919 5680; x_wconf 90' lang='lat'><strong>9.</strong></span> 
     </span>
    </p>
   </div>
  </div>
