4006 6448
257 309 382 366 ΠΜ

257 445 328 494 vi,
359 427 468 497 l2).
498 425 614 482 Non
640 425 781 482 enim
811 425 926 480 sine
947 437 1107 480 causa
1147 423 1248 479 hoc
1285 421 1532 482 dicimus,
1562 429 1653 474 aut
1703 424 1836 468 vero

258 521 372 586 ipse
395 516 626 572 caelestis
653 515 902 586 magister
921 515 1140 570 doceret
1161 514 1316 568 istam
1367 513 1659 568 orationem
1683 553 1698 578 ,
1731 510 1832 564 nisi

256 605 355 662 iios
379 616 683 677 peccatores
713 621 830 662 esse
852 607 1185 676 prrevideret.
1218 604 1364 659 Vidit
1391 603 1532 659 enim
1580 619 1698 673 quae
1741 617 1834 657 ca-

253 711 385 753 vere
413 697 718 762 debeamus,
745 707 796 751 ct
824 697 1086 766 viditqum
1109 711 1304 752 cavere
1333 693 1550 749 difﬁcile
1579 694 1666 749 sit.
1697 693 1831 747 0m-

255 789 348 843 nia
383 796 556 843 autem
601 803 791 844 cavere
835 787 1162 857 impossibile
1207 801 1326 841 esse
1374 784 1687 855 judicavit',
1746 783 1838 853 qui

259 878 415 935 istam
444 880 738 934 orationem
765 878 1121 950 quotidianam
1151 919 1164 942 ,
1221 891 1325 931 non
1377 873 1640 945 quoslibet
1677 871 1835 928 Chri-

257 969 484 1036 stianos,
513 969 608 1025 sed
636 970 778 1040 ipsos
820 971 1015 1024 arietes
1054 971 1330 1040 Apostolus
1357 967 1554 1022 docuit.
1585 965 1686 1022 Ubi
1735 981 1832 1020 au-

261 1069 368 1116 tem
395 1061 630 1130 Apostoli
654 1071 833 1129 peetus
861 1061 1102 1126 tundunt,
1127 1069 1180 1114 et
1204 1059 1404 1120 dicunt,
1437 1059 1647 1112 Dimitte
1693 1059 1836 1112 nobis

259 1151 426 1204 debita
450 1162 638 1216 nostra,
663 1151 764 1206 hoc
814 1161 914 1216 est,
967 1157 1186 1220 peccata
1235 1159 1414 1205 nostra
1436 1191 1451 1216 ,
1481 1149 1636 1204 audet
1664 1150 1836 1218 aliqua

259 1240 468 1294 ovicnla
511 1241 788 1309 superbire
839 1240 905 1294 de
953 1239 1196 1308 iustitia?
1223 1239 1409 1294 Videte
1459 1239 1628 1308 qualis
1680 1239 1840 1292 fuerit

259 1329 496 1384 Joannes
517 1331 787 1399 apostolus
821 1347 834 1382 :
867 1345 1024 1398 supra
1057 1337 1240 1398 pectus
1287 1317 1492 1382 Domini
1538 1329 1839 1383 discumbe—

261 1419 374 1486 bat,
402 1420 468 1475 de
488 1423 594 1474 alto
623 1419 866 1474 illoionte
889 1419 1162 1490 sapientia:
1209 1431 1411 1476 secreta
1447 1421 1681 1476 bibebat.
1709 1419 1838 1477 Inde

260 1511 404 1566 enim
433 1511 564 1566 bibit
588 1509 726 1581 quod
770 1511 822 1564 in
856 1511 1140 1580 Evangelio
1180 1511 1460 1578 eructavit,
1494 1510 1560 1565 In
1592 1511 1839 1582 principio

260 1613 368 1658 erat
408 1603 637 1668 Verbum,
667 1614 714 1658 et
749 1601 964 1658 Verbum
988 1613 1094 1658 erat
1121 1603 1262 1674 apud
1290 1601 1480 1666 Deum,
1513 1613 1558 1657 et
1575 1603 1710 1658 Deus
1735 1613 1842 1657 erat

273 1695 490 1751 Verbum
536 1695 725 1768 (Joan.
755 1712 794 1762 ι,
824 1697 846 1750 l
871 1694 913 1766 ).
969 1695 1038 1750 Et
1084 1696 1296 1751 assidue
1339 1703 1561 1750 testatur
1603 1696 1843 1766 Evange-

261 1787 413 1854 lium,
443 1786 582 1858 quod
613 1787 865 1841 Dominus
892 1786 1154 1856 prmcipue
1195 1785 1370 1856 ipsum
1420 1785 1670 1856 diligebat
1715 1785 1836 1854 (Id.

261 1893 379 1942 xm,
401 1877 474 1933 25
500 1887 546 1931 et
568 1893 685 1944 xm,
712 1876 827 1946 20).
859 1877 924 1932 Et
970 1887 1146 1931 tamen
1175 1877 1278 1944 ait,
1327 1875 1388 1932 Si
1422 1877 1695 1931 dixerimus
1723 1875 1842 1944 quia

261 1979 524 2042 peccatum
567 1985 668 2023 non
711 1967 947 2022 habemus
966 2008 982 2032 ,
1031 1984 1124 2022 nos
1150 1970 1286 2038 ipsos
1315 1967 1612 2037 decipimus,
1640 1977 1686 2021 et
1715 1967 1842 2020 ueri-

259 2072 340 2119 tas
368 2063 419 2118 in
456 2062 596 2116 nobis
625 2079 726 2116 non
757 2071 829 2116 est
883 2060 934 2132 (1
958 2059 1114 2114 Joan.
1151 2077 1187 2124 ι,
1210 2060 1289 2130 8).
1341 2059 1449 2114 Nec
1492 2069 1669 2114 tamen
1717 2059 1838 2135 quia

261 2155 363 2208 ista
386 2153 653 2219 dicuntur,
675 2151 835 2207 debet
859 2152 1136 2222 quisquam
1159 2167 1378 2206 securus
1401 2167 1524 2212 esse
1551 2149 1834 2221 homicida,

261 2245 308 2296 si
341 2253 556 2312 propter
583 2240 920 2311 quotidianas
944 2241 1320 2301 fornicationes
1355 2253 1408 2300 et
1426 2244 1700 2300 latrocinia
1743 2259 1838 2299 sua

259 2331 470 2385 venerit
493 2329 692 2396 dicere,
719 2329 928 2389 Dimitte
946 2329 1086 2388 nobis
1113 2333 1277 2390 debita
1305 2343 1496 2387 nostra.
1519 2334 1668 2400 Quod
1701 2335 1841 2390 enim

263 2421 408 2475 Deus
436 2421 620 2480 statuit
649 2426 882 2496 quotidie
905 2425 1010 2480 dici
1053 2435 1268 2496 propter
1313 2425 1448 2480 levia
1477 2433 1724 2494 peccata,
1754 2427 1844 2481 ille

264 2524 418 2585 putat
442 2515 508 2570 ad
536 2514 623 2570 illa
653 2516 832 2586 gravia
855 2516 955 2570 sibi
979 2530 1136 2584 posse
1163 2515 1408 2584 epilulari
1429 2557 1443 2578 ,
1466 2530 1494 2568 a
1518 2516 1708 2584 quibus
1733 2531 1841 2572 non

261 2606 378 2659 vult
397 2603 693 2668 discedere,
721 2605 816 2659 sed
844 2606 894 2659 in
924 2604 1008 2660 his
1044 2605 1189 2673 cupit
1215 2614 1474 2675 perpetuo
1503 2621 1838 2675 permanere.

266 2693 480 2748 'l‘undat
503 2703 556 2750 et
582 2693 649 2750 de
679 2695 759 2749 bis
786 2703 991 2764 pectus,
1024 2693 1180 2750 faciat
1203 2704 1257 2749 et
1283 2710 1381 2765 pro
1425 2695 1507 2749 his
1545 2695 1841 2767 eleemosy-

265 2799 385 2850 nas,
413 2783 504 2838 sed
534 2783 640 2838 vita
669 2792 867 2838 mutata
902 2807 914 2836 :
946 2783 1068 2838 inde
1105 2783 1340 2852 recedat,
1381 2794 1434 2840 et
1474 2785 1577 2840 huc
1601 2787 1840 2841 accedat.

265 2875 323 2932 Si
355 2887 531 2932 autem
558 2877 752 2932 dixerit
771 2878 823 2932 in
845 2878 1026 2934 animo
1053 2893 1172 2946 suo,
1203 2879 1260 2935 Si
1295 2880 1598 2949 quotidiana
1655 2879 1842 2936 iaciam

267 2966 568 3032 latrocinia,
587 2975 643 3022 et
665 2968 708 3022 si
734 2968 1054 3037 quotidianis
1085 2970 1508 3038 corruptionibus
1533 2969 1844 3026 adulterinis

265 3073 355 3113 me
383 3059 758 3124 contaminem,
787 3071 841 3114 et
868 3061 910 3113 si
938 3060 1216 3130 sortilegos
1248 3077 1482 3131 qumram
1507 3103 1522 3126 ,
1567 3061 1725 3118 idolis
1755 3077 1844 3118 sa-

267 3148 532 3211 criﬁcam,
562 3147 970 3204 mathematicos
997 3151 1290 3216 consulam,
1329 3159 1383 3206 et
1403 3167 1430 3203 a
1456 3152 1544 3204 tali
1580 3154 1684 3208 vita
1726 3168 1845 3208 om-

268 3239 398 3293 nino
425 3253 532 3292 non
558 3239 802 3294 recedam
829 3281 844 3306 ,
873 3239 1072 3294 faciens
1113 3249 1288 3294 tamen
1327 3241 1656 3310 quotidianus
1697 3243 1845 3300 elec-

268 3344 521 3401 mosyuas
544 3328 828 3399 exstinguo
846 3331 1018 3384 omnia
1049 3339 1262 3402 peccata
1293 3349 1306 3384 :
1339 3339 1512 3388 tamen
1530 3333 1844 3404 exstinguis,

267 3420 364 3474 sed
391 3435 511 3474 cum
539 3420 911 3490 cxstingueris.
943 3421 1032 3474 Sic
1085 3422 1224 3475 enim
1275 3421 1366 3476 tibi
1403 3423 1502 3476 erit
1551 3423 1650 3476 ista
1694 3437 1846 3478 com-

269 3511 493 3566 mutatio
515 3520 600 3566 tua
635 3511 800 3574 mala,
834 3519 892 3564 ut
919 3527 1024 3564 non
1046 3511 1184 3566 desit
1223 3512 1310 3581 qui
1355 3511 1422 3566 de
1475 3523 1526 3568 te
1569 3513 1732 3576 dicat,
1778 3515 1846 3569 Et

267 3601 438 3654 adhuc
463 3601 722 3671 pusillum,
746 3611 910 3654 etnon
935 3602 1026 3654 erit
1055 3615 1317 3670 peccator;
1367 3611 1411 3654 et
1441 3619 1634 3672 quau-cs
1681 3607 1846 3659 locum

269 3692 400 3762 ejus,
428 3701 474 3743 et
503 3707 603 3744 non
623 3692 860 3746 invenies.
905 3691 1016 3744 Vidi
1045 3693 1256 3762 impium
1285 3710 1437 3760 super
1462 3695 1636 3748 cedi-os
1667 3695 1846 3750 Libani

270 3781 587 3834 exultat-imi
631 3781 860 3847 transivi,
890 3791 934 3834 et
964 3798 1073 3835 ecce
1105 3799 1204 3836 non
1234 3793 1380 3846 erat;
1419 3793 1464 3838 et
1512 3786 1714 3854 qmesivi
1734 3826 1747 3844 ,
1800 3795 1846 3839 et

270 3889 373 3925 non
403 3881 473 3926 est
501 3873 728 3925 inventus
757 3871 894 3924 locus
919 3873 1028 3939 ejus
1055 3871 1071 3940 (
1095 3871 1236 3926 l’sal.
1259 3889 1442 3937 xxxvr,
1471 3874 1536 3927 10
1555 3915 1570 3937 ,
1599 3876 1688 3939 55,
1714 3875 1842 3946 56).

271 3962 506 4017 Pereunt
543 3976 668 4033 ergo
717 3971 930 4031 peccata
971 3971 1078 4027 tua,
1109 3962 1201 4016 sed
1243 3972 1436 4018 tecum.
1487 3965 1600 4019 Non
1625 3967 1764 4022 enim
1795 3968 1846 4022 in

271 4052 516 4122 gehenna
539 4065 762 4122 peccare
790 4051 1129 4121 permitteris,
1157 4061 1248 4106 aut
1270 4067 1390 4108 cum
1419 4063 1469 4108 te
1499 4057 1720 4124 cmperit
1742 4065 1852 4112 tor-

271 4156 440 4212 quere
460 4141 596 4212 ignis
611 4151 860 4208 aeternus,
889 4141 956 4196 de
999 4142 1252 4197 satiandis
1299 4143 1606 4200 libidinibus
1647 4147 1848 4217 cogita-

275 4233 378 4288 bis.
412 4233 640 4288 Pereunt
655 4247 784 4303 ergo
807 4241 1041 4302 peccata,
1073 4233 1169 4288 sed
1221 4243 1415 4290 tecum.
1457 4235 1510 4290 Si
1563 4245 1741 4292 autem
1772 4240 1851 4292 vi-

276 4333 386 4378 tam
414 4323 724 4390 mutaveris,
753 4323 840 4376 illa
869 4332 1112 4391 pereunt,
1147 4333 1200 4378 tu
1227 4325 1531 4392 invenieris,
1563 4335 1620 4381 et
1645 4327 1852 4382 dicetur

275 4415 345 4470 de
377 4423 426 4468 te
459 4433 473 4468 :
506 4413 740 4468 Mortuus
759 4423 900 4482 erat,
931 4425 978 4469 et
1023 4415 1233 4480 reuixit;
1281 4418 1517 4486 perierat,
1552 4429 1600 4474 et
1623 4419 1853 4475 iuventus

275 4515 353 4560 est
379 4512 390 4572 ι
411 4505 536 4560 Luc.
572 4521 665 4572 xv,
689 4505 806 4574 2i).

658 4615 890 4670 SERMO
926 4613 1320 4672 CCCLXXXIX
1349 4621 1362 4640 ‘
1389 4616 1485 4690 (a).

607 4729 682 4783 De
705 4729 950 4800 faciendis
979 4731 1326 4804 eleemosynis,
1355 4749 1408 4787 ιιι
1437 4731 1534 4804 (b).

353 4845 404 4898 1,
453 4841 610 4897 Panis
672 4843 880 4897 caelestis
926 4853 972 4897 et
1035 4845 1180 4914 panis
1254 4859 1496 4900 terrenus.
1577 4845 1854 4900 Consilium

281 4933 436 4986 dandi
515 4949 698 5001 panem
773 4944 1024 4986 terrenum
1059 4975 1075 5000 ,
1141 4944 1193 4986 ut
1271 4935 1479 4989 caelestis
1544 4936 1854 5005 impetretur.

283 5023 548 5076 Admouet
611 5037 708 5076 nos
780 5022 1032 5078 Dominus
1098 5022 1164 5076 de
1221 5023 1448 5078 lectione
1513 5025 1854 5094 evangelica,

283 5123 340 5164 nt
397 5111 676 5180 loquamur
729 5111 878 5166 vobis
923 5111 988 5168 de
1033 5112 1368 5181 impetrando
1429 5128 1566 5182 pane
1632 5115 1854 5170 caelesti.

283 5203 384 5257 Iste
426 5204 568 5258 enim
621 5203 771 5272 panis
818 5212 1062 5259 terrenus
1111 5215 1265 5259 terra:
1312 5205 1643 5262 necessarius
1675 5246 1690 5273 ,
1735 5207 1857 5276 quia

347 5339 364 5369 ¹
391 5343 549 5396 Forte,
574 5338 820 5390 iudicavit.

345 5404 362 5418 "
391 5401 678 5448 t-tmendatus
692 5401 749 5449 ad
773 5413 838 5449 ιιι.
863 5413 904 5448 r.
929 5415 976 5450 v.
1001 5408 1053 5450 et
1074 5401 1132 5450 ad
1155 5403 1290 5451 sirm.

343 5459 418 5580 ξπ)
455 5460 594 5520 Alias,
615 5463 744 5510 inter
765 5463 1113 5511 sirmondianos
1135 5463 1212 5512 40.

370 5521 418 5580 b)
453 5529 616 5570 Sermo
640 5523 800 5580 lrobu:
823 5529 950 5572 nota:
975 5531 1026 5571 et
1069 5533 1212 5580 augur

370 5521 418 5582 b)
453 5529 621 5588 Sermo
640 5523 800 5582 [robur
823 5529 950 5572 nota:
975 5531 1026 5571 et
1069 5525 1330 5588 Augustino
1349 5524 1530 5587 dignus
1554 5539 1565 5572 :
1592 5525 1680 5588 sed
1702 5533 1862 5586 poste-

283 5583 380 5630 rior
401 5595 511 5648 pars
535 5585 706 5648 eadem
729 5589 803 5632 est
823 5596 932 5632 cum
948 5583 1216 5648 posteriore
1241 5595 1376 5647 parte
1400 5583 1637 5636 sermonis
1653 5583 1744 5648 60;
1769 5589 1858 5638 nisi

279 5643 416 5712 quod
435 5643 496 5691 ibi
520 5646 692 5712 omissa
717 5653 791 5694 est
815 5651 915 5694 tota
937 5643 1144 5696 narratio
1179 5643 1460 5698 de'bomine
1497 5649 1580 5711 qui
1617 5649 1680 5699 de
1703 5643 1860 5712 pretio

281 5705 416 5754 solidi
439 5707 734 5768 pauperibus
756 5713 994 5769 eregarat.

1563 292 1794 351 8εῆΜο
1829 289 2246 351 CCCLXXXIX.

3381 307 3520 376 i702

1943 427 2069 469 caro
2098 425 2276 470 nostra
2299 423 2438 472 terra
2453 427 2554 474 est.
2579 413 2720 478 Fieri
2747 427 3053 483 autemnon
3091 433 3264 500 potest
3305 439 3364 490 ut
3411 452 3510 506 pa-

1943 521 2064 562 nem
2093 521 2246 562 suum
2276 523 2402 564 caro
2429 521 2609 567 nostra
2641 515 2877 582 haberet,
2901 528 2955 574 et
2984 533 3172 590 panem
3217 535 3370 579 suum
3401 529 3518 582 ani—

1946 611 2030 650 ma
2055 613 2159 651 non
2189 599 2429 655 haberet.
2461 601 2670 658 Etenim
2701 617 2754 661 et
2779 609 2952 662 anima
2983 621 3164 666 nostra
3202 615 3253 668 in
3292 618 3520 686 Quadam

1944 699 2179 760 egestate
2205 691 2256 745 in
2283 691 2384 747 huc
2411 696 2605 749 saeculo
2629 707 2748 766 eget
2771 715 2906 768 pane
2938 718 3055 769 suo,
3089 705 3225 760 sicut
3243 723 3370 762 caro
3398 725 3518 764 suo.

1943 781 2074 835 Nam
2104 784 2190 852 qui
2209 799 2312 838 non
2337 795 2455 854 eget
2481 799 2636 855 pane,
2667 787 2806 844 Dens
2851 801 2951 846 est.
3003 794 3144 865 Ergo
3177 797 3323 853 solus
3368 803 3522 869 panis

1946 889 2048 926 non
2077 883 2194 944 eget
2222 875 2520 945 pane.lpse
2553 887 2635 934 est
2661 881 2800 934 enim
2851 885 3000 950 panis
3049 888 3238 941 animae
3289 899 3516 958 nostrae,

1945 966 2034 1032 qui
2057 979 2192 1034 pane
2219 967 2386 1020 altero
2411 981 2516 1020 non
2543 977 2682 1038 eget,
2705 970 2798 1024 sed
2845 972 2944 1026 sibi
2975 973 3245 1030 sufficiens
3279 979 3441 1032 nutrit
3465 989 3518 1035 et

1945 1069 2062 1108 nos.
2093 1055 2397 1136 Manifestus
2417 1065 2498 1111 est
2537 1057 2712 1128 itaque
2749 1062 2900 1130 panis
2939 1065 3190 1131 cmlestis,
3218 1083 3324 1136 quo
3347 1070 3518 1138 pasci‘

1945 1153 2029 1198 tur
2056 1147 2230 1199 anima
2259 1157 2462 1202 nostra.
2487 1148 2594 1204 Sed
2623 1150 2886 1220 quomodo
2913 1153 2978 1206 ad
3009 1170 3128 1209 eum
3157 1160 3515 1227 perveniatur,

1945 1241 2002 1287 ut
2025 1249 2090 1289 eo
2119 1237 2442 1306 saginemur,
2471 1238 2610 1294 unde
2631 1239 2788 1295 modo
2823 1243 2908 1296 vix
2957 1245 3127 1299 micas
3179 1247 3477 1318 colligimus
3498 1293 3514 1318 ,

1945 1339 2012 1378 ne
2039 1324 2090 1378 in
2124 1325 2221 1379 ista
2247 1325 2491 1382 famelica
2521 1345 2702 1384 eremo
2729 1345 3044 1399 pereamus;
3077 1338 3342 1404 quomodo
3387 1355 3516 1410 ergo

1943 1415 2286 1482 perveniatur
2313 1417 2378 1470 ad
2403 1419 2638 1488 saginam
2659 1421 2816 1489 hujus
2838 1424 3006 1492 panis,
3039 1425 3105 1480 de
3133 1441 3237 1495 quo
3263 1427 3518 1486 Dominus

1945 1505 2037 1570 ait,
2069 1503 2266 1559 Panem
2289 1507 2422 1561 hunc
2445 1509 2530 1578 qui
2559 1510 2954 1576 manducauerit,
2983 1530 3082 1567 non
3107 1517 3328 1581 esuriet;
3354 1527 3398 1570 et
3415 1535 3516 1589 po-

1946 1605 2052 1648 tum
2079 1614 2224 1666 quem
2249 1613 2340 1668 ego
2366 1599 2549 1654 dedero
2576 1601 2661 1670 qui
2686 1601 2998 1665 biberit,aou
3035 1605 3164 1658 sitiet
3200 1607 3253 1658 in
3279 1617 3520 1661 wteruum

1947 1684 2136 1754 (Joan.
2161 1703 2234 1754 vi,
2268 1689 2380 1758 5t),
2404 1691 2638 1758 saginam
2665 1692 2947 1760 quamdam
2971 1695 3284 1762 promittens
3339 1706 3392 1753 et
3434 1711 3520 1755 sa-

1945 1777 2180 1832 tietatem
2231 1779 2346 1834 sine
2373 1777 2588 1834 fastidio
2623 1799 2635 1834 :
2669 1781 2936 1851 quomodo
2977 1798 3108 1858 ergo
3143 1791 3519 1858 perveniamus

1945 1868 2012 1923 ad
2065 1869 2202 1925 hanc
2250 1871 2550 1928 satietatem
2581 1872 2766 1946 panis,
2803 1877 2961 1948 longe
2990 1877 3058 1932 ab
3103 1894 3166 1934 ea
3195 1881 3438 1937 satietate
3466 1882 3518 1937 in

1945 1959 2044 2016 hac
2069 1960 2209 2020 fame
2228 1963 2406 2037 positi,
2434 1967 2661 2022 consilio
2689 1983 2824 2038 opus
2857 1978 2958 2024 est.
2991 1970 3142 2037 Quod
3177 1973 3454 2028 consilium
3476 1975 3520 2030 si

1945 2055 2356 2126 neglexerimus,
2386 2057 2451 2111 ad
2469 2071 2659 2128 panem
2691 2058 2836 2112 illum
2865 2061 2982 2114 sine
3028 2075 3187 2116 causa
3223 2061 3520 2131 pulsamus.

1945 2145 2058 2200 lmo
2083 2163 2209 2202 vero
2233 2149 2508 2203 consilium
2539 2149 2640 2204 hoc
2665 2149 2804 2219 quod
2826 2150 3042 2205 daturus
3075 2153 3314 2216 sum,vel
3345 2153 3520 2223 potius

1945 2236 2086 2305 quod
2131 2248 2642 2293 commemoraturus
2669 2259 2680 2294 :
2710 2255 2814 2292 non
2833 2239 2978 2294 enim
3005 2255 3035 2293 a
3063 2255 3150 2295 me
3173 2240 3344 2295 dicam
3381 2241 3524 2312 quod

1944 2329 2215 2384 vobiscum
2229 2329 2386 2383 didici
2405 2347 2417 2382 :
2434 2331 2710 2384 consilium
2723 2345 2849 2399 ergo
2863 2330 2964 2384 hoc
2977 2331 3117 2400 quod
3133 2331 3368 2386 dicturus
3379 2349 3521 2401 sum,

1947 2435 2051 2473 non
2079 2419 2198 2473 dico
2223 2421 2462 2488 quisquis
2483 2421 2863 2489 contempserit
2890 2461 2904 2484 ,
2933 2405 3058 2474 Isine
3102 2435 3260 2475 causa
3311 2422 3520 2490 pulsat;

1947 2508 2040 2564 sed
2092 2509 2331 2579 quisquis
2359 2509 2760 2578 contempserit,
2792 2509 3008 2563 omnino
3038 2523 3142 2564 non
3171 2511 3363 2580 pulsat.
3413 2513 3526 2567 iloc

1947 2599 2088 2655 enim
2139 2597 2418 2653 consilium
2443 2599 2589 2666 sequi
2638 2608 2692 2653 et
2755 2613 2951 2669 agere,
3007 2599 3106 2654 hoc
3154 2609 3235 2656 est
3290 2603 3520 2670 pulsare.

1947 2689 2083 2758 Quid
2105 2691 2246 2746 enim
2273 2691 2490 2758 putatis,
2521 2689 2710 2744 fratres
2738 2689 2863 2754 mei,
2897 2691 3016 2760 quia
3058 2705 3182 2745 vere
3210 2695 3360 2761 quasi
3404 2708 3526 2747 cor-

1947 2780 2200 2852 poraliter
2225 2779 2384 2835 habet
2417 2781 2553 2834 Deus
2576 2780 2856 2850 quamdam
2883 2781 3100 2850 januam
3123 2781 3332 2844 duram,
3367 2799 3524 2852 quam

1949 2871 2158 2926 claudat
2178 2879 2362 2926 contra
2391 2871 2635 2926 homines
2655 2914 2668 2936 ,
2701 2880 2756 2926 et
2782 2872 2900 2926 ideo
2921 2873 3073 2926 nobis
3099 2873 3264 2938 dixit,
3291 2873 3522 2942 I’utsate,

1949 2971 2006 3018 ut
2041 2965 2313 3018 veniamus
2353 2973 2407 3018 et
2433 2963 2716 3016 tundamus
2751 2964 2967 3029 ostium,
3001 2979 3274 3034 quouSque
3305 2966 3521 3034 pulsan-

1949 3056 2017 3111 do
2047 3057 2318 3126 perveniat
2343 3056 2408 3110 ad
2430 3070 2586 3110 aures
2623 3054 3015 3124 patrisfamilias
3059 3057 3112 3110 in
3159 3067 3363 3110 secreto
3393 3073 3526 3126 quo-

1951 3147 2070 3202 dam
2099 3149 2218 3202 loeo
2243 3147 2536 3210 constituti,
2568 3155 2622 3202 et
2641 3147 2819 3216 jubeat
2849 3145 3000 3200 nobis
3021 3147 3236 3214 aperiri,
3268 3147 3522 3215 dicendo,

1950 3239 2078 3308 Quis
2098 3247 2179 3293 est
2204 3239 2290 3308 qui
2315 3238 2521 3307 pulsat?
2552 3239 2669 3308 quis
2690 3247 2771 3292 est
2796 3237 2884 3307 qui
2914 3238 3132 3291 auribus
3159 3238 3291 3292 meis
3311 3239 3521 3293 tmdium

1949 3330 2112 3385 facit?
2131 3331 2258 3386 Date
2289 3329 2359 3384 illi
2382 3329 2522 3400 quod
2545 3330 2696 3398 petit,
2717 3330 2932 3384 recedat
2969 3328 3128 3383 hinc?
3165 3329 3279 3384 Non
3325 3331 3395 3384 ita
3421 3341 3526 3386 est.

1953 3422 2328 3476 Verumtamen
2351 3427 2435 3474 est
2462 3419 2659 3488 aliquid
2689 3419 2884 3472 simile.
2915 3420 3067 3472 Certe
3094 3420 3305 3488 quando
3349 3423 3530 3489 pulsas

1951 3511 2016 3566 ad
2047 3512 2296 3580 aliquem,
2331 3511 2574 3564 manibus
2602 3511 2732 3579 agis.
2761 3510 2854 3566 Est
2902 3509 3040 3578 quod
3068 3525 3191 3578 agas
3237 3511 3481 3566 manibus
3510 3553 3526 3578 ,

1951 3602 2162 3672 quando
2197 3603 2376 3670 pulsas
2395 3600 2460 3654 ad
2507 3601 2810 3654 Dominum.
2849 3599 3073 3652 Prorsus
3119 3601 3364 3654 manibus
3388 3617 3484 3672 age
3508 3643 3525 3668 ,

1953 3691 2196 3744 manibus
2225 3691 2389 3758 pulsa.
2423 3689 2474 3742 Si
2495 3689 2594 3742 hoc
2623 3703 2726 3742 non
2772 3689 2964 3758 egeris,
2991 3703 3095 3741 non
3141 3688 3261 3743 dico
3282 3731 3296 3756 ,
3333 3690 3530 3747 frustra

1955 3781 2166 3850 pulsas;
2201 3780 2292 3832 sed
2336 3778 2476 3844 dico,
2508 3793 2609 3831 non
2657 3779 2856 3848 pulsas.
2897 3777 3019 3830 ideo
3059 3793 3164 3831 non
3213 3783 3522 3848 merebcris,

1955 3874 2074 3928 ideo
2101 3889 2204 3928 non
2227 3873 2453 3940 accipies
2477 3913 2490 3938 ,
2542 3871 2662 3940 quia
2701 3887 2804 3924 non
2847 3871 3046 3942 pulsas.
3079 3873 3355 3938 Quomodo
3386 3916 3400 3940 ,
3448 3875 3530 3929 in-

1953 3965 2086 4034 quit,
2115 3963 2195 4018 vis
2221 3963 2541 4031 utpulsem?
2569 3978 2692 4016 ecce
2745 3961 2982 4030 quotidie
3025 3977 3174 4032 rogo.
3205 3964 3346 4018 Bene
3379 3965 3528 4020 iacis.

1955 4057 2086 4110 Nam
2108 4055 2283 4111 ethoc
2311 4055 2508 4109 dictum
2527 4061 2632 4116 est,
2661 4051 2848 4118 Petite,
2877 4063 2924 4106 et
2953 4052 3152 4106 dabitur
3177 4055 3350 4120 vobis;
3387 4071 3528 4125 qua:-

1955 4149 2070 4214 rite,
2088 4158 2132 4201 et
2151 4148 2442 4212 invenietis;
2474 4146 2688 4216 pulsate,
2726 4155 2772 4200 et
2820 4147 3075 4216 aperietur
3121 4147 3254 4200 vobis
3303 4145 3528 4219 (Matth.

1957 4254 2048 4303 vn,
2083 4239 2158 4308 7).
2183 4237 2368 4291 Omnia
2399 4237 2535 4291 dicta
2560 4245 2702 4302 sunt,
2736 4235 2864 4290 Pete
2888 4277 2903 4302 ,
2949 4251 3149 4304 quaere,
3182 4237 3352 4306 pulsa.
3388 4236 3531 4292 Petis

1957 4329 2179 4396 orando,
2231 4330 2426 4399 qumris
2475 4327 2811 4397 disputando,
2865 4327 3041 4396 pulsas
3079 4327 3366 4396 crogando.
3415 4327 3532 4382 Non

1958 4437 2087 4492 ergo
2107 4422 2344 4492 quiescat
2371 4435 2577 4474 n'tanus.
2605 4417 2914 4488 Apostolus,
2939 4435 3058 4473 cum
3085 4419 3153 4473 de
3177 4419 3533 4491 elcemosynis

1959 4515 2168 4582 plebem
2188 4521 2429 4567 moneret
2458 4530 2468 4563 :
2499 4511 2810 4576 Consilium,
2836 4509 3002 4579 inquit
3020 4549 3035 4576 ,
3081 4510 3131 4562 in
3176 4509 3269 4564 hoc
3295 4510 3359 4563 do
3391 4526 3410 4564 :
3439 4511 3534 4564 hoc

1960 4609 2093 4662 enim
2135 4607 2270 4662 vobis
2319 4605 2560 4677 prodest,
2601 4604 2686 4673 qui
2713 4619 2812 4655 non
2838 4603 3000 4655 solani
3027 4617 3223 4671 sapere,
3251 4603 3340 4654 sed
3385 4603 3532 4656 etiam

1857 4707 1866 4718 “
1961 4698 2085 4752 velle
2102 4697 2318 4767 carpistis
2346 4697 2406 4748 ab
2425 4711 2555 4747 anno
2577 4693 2743 4764 priore
2791 4691 2871 4762 (11
2895 4690 3012 4746 Cor.
3044 4707 3132 4744 \‘tn
3150 4732 3162 4756 ,
3199 4693 3304 4762 10).
3342 4693 3408 4745 Ει
3435 4693 3536 4746 Da-

1961 4789 2068 4844 niel
2089 4789 2198 4858 regi
2227 4786 2717 4842 Nabuchodonosor
2745 4785 2820 4840 sic
2850 4785 2983 4838 dixit
3017 4802 3030 4838 :
3059 4783 3337 4840 Consilium
3365 4800 3530 4836 meum

1963 4881 2133 4950 accipe
2166 4920 2178 4944 ,
2228 4895 2318 4932 rex
2343 4919 2358 4942 ,
2415 4887 2460 4930 et
2511 4885 2714 4946 peccata
2794 4886 2882 4930 tua
2954 4877 3277 4947 eleemosyuis
3345 4877 3536 4931 redime

1935 5025 1940 5032 ,
1964 4969 2140 5043 (Dan.
2173 4985 2244 5030 tv,
2274 4967 2344 5022 9.5
2363 4969 2402 5038 ).

2031 5060 2086 5113 ‘2.
2120 5058 2204 5112 Ne
2230 5075 2283 5112 se
2305 5057 2508 5111 extollat
2536 5057 2622 5128 qui
2645 5056 2732 5109 dat
2759 5055 2988 5126 pauperi.
3017 5053 3222 5126 Pauper
3247 5059 3538 5129 accipiendo

1964 5151 2077 5221 plus
2103 5149 2240 5203 diviti
2261 5157 2484 5218 prwstat,
2503 5163 2651 5212 quam
2680 5147 2764 5199 ille
2782 5147 2879 5216 ipsi
2898 5147 3171 5217 eroganda.
3190 5147 3245 5202 Si
3271 5163 3398 5217 ergo
3413 5163 3538 5204 con-

1964 5241 2138 5298 silium
2169 5241 2415 5310 estquod
2464 5238 2790 5308 accipimus,
2837 5239 3050 5308 quando
3093 5241 3244 5294 nobis
3281 5240 3533 5309 jubctur,

1965 5333 2048 5388 vel
2073 5331 2283 5402 quando
2319 5345 2600 5384 monemur
2627 5338 2681 5384 nt
2705 5329 2899 5400 aliquid
2928 5345 2995 5385 ex
3020 5345 3086 5386 eo
3114 5329 3253 5400 quod
3282 5331 3536 5385 habemus

1965 5423 2320 5493 indigentibus
2362 5419 2726 5490 prmbcamns,
2777 5435 2881 5474 non
2925 5422 3289 5490 superbiamus
3326 5419 3536 5489 quando

1964 5517 2171 5571 damus.
2193 5515 2250 5570 Si
2271 5516 2410 5570 enim
2438 5515 2715 5569 consilium
2741 5523 2822 5570 est
2843 5515 2984 5584 quod
3005 5511 3271 5581 accepisti,
3297 5511 3386 5565 tibi
3415 5525 3534 5580 pro-

1963 5609 2085 5665 dest
2105 5609 2221 5680 plus
2249 5623 2402 5678 quam
2428 5607 2498 5661 illi
2525 5609 2608 5662 cui
2639 5607 2849 5662 dedisti.
2881 5607 2996 5660 Non
3022 5622 3146 5676 ergo
3177 5619 3274 5660 nos
3311 5605 3538 5660 extolla-

1969 5717 2084 5758 mus
2113 5715 2273 5772 super
2316 5715 2476 5771 opera
2519 5709 2730 5766 nostra,
2769 5707 2820 5755 ct
2848 5699 2994 5769 quasi
3041 5697 3339 5766 placeamus
3385 5695 3535 5751 nobis
