4006 6446
556 297 696 354 ΓΙθό

547 405 690 478 quod
727 401 980 459 beneﬁcia
1025 403 1333 468 pratstamus
1357 391 1548 462 quibus
1576 389 1780 443 damus.
1819 386 2108 442 Consilium

552 497 642 568 qui
662 494 772 550 vult
802 492 1040 560 accpere
1062 528 1078 555 ,
1105 490 1203 541 hoc
1231 486 1340 538 vult
1363 483 1603 552 accipere
1625 481 1763 551 quod
1783 481 1882 535 sibi
1911 479 2114 548 prosit;

551 597 605 642 et
629 583 905 640 consilium
925 581 1014 650 qui
1034 579 1124 633 dat
1147 617 1162 640 ,
1189 575 1434 630 consulit.
1460 575 1514 628 Si
1537 573 1764 628 consulit
1787 612 1800 636 ,
1824 571 1872 625 ei
1903 569 2118 640 prodest

551 677 634 731 cui
655 673 900 730 consulit.
922 669 1129 739 Accipit
1146 668 1364 737 quisque
1383 682 1412 720 a
1437 676 1488 722 te
1512 666 1732 736 supplex
1755 679 1972 733 pauper;
1996 663 2118 732 quia

552 768 596 821 si
625 777 675 821 te
703 764 930 834 superbe
954 761 1080 816 dare
1107 774 1210 814 non
1237 758 1408 821 decet,
1438 765 1634 827 quanto
1661 755 1826 824 magis
1855 754 1999 808 illum
2031 768 2119 806 su-

556 856 715 926 perbe
742 869 846 908 non
867 849 1055 908 deceat
1075 850 1314 918 accipere
1339 851 1352 901 Ξ
1385 847 1590 915 Accipit
1609 845 1898 909 humiliter,
1929 843 2121 911 accipit

553 947 748 1017 gratias
773 957 956 1014 agens.
980 942 1057 996 Tu
1088 951 1264 995 tamen
1293 938 1426 993 scito
1445 945 1499 991 et
1523 936 1882 999 reminiscere,
1906 949 2013 987 non
2034 948 2121 988 so-

557 1040 664 1093 lum
690 1036 816 1107 quid
841 1035 964 1101 des,
993 1033 1084 1087 sed
1111 1033 1267 1086 etiam
1291 1029 1415 1099 quid
1444 1027 1692 1096 accipias.
1723 1026 1778 1081 Si
1804 1026 1947 1079 enim
1976 1024 2118 1078 acci-

558 1130 666 1198 piat
700 1129 796 1181 iste
821 1140 1018 1195 panper
1051 1122 1346 1177 libertatem
1367 1118 1721 1188 reSpondendi
1750 1116 1882 1182 tibi,
1913 1117 1956 1170 si
1989 1115 2120 1169 forte

545 1218 781 1273 'senserit
802 1225 852 1269 te
872 1212 1260 1282 superbientem
1285 1223 1444 1278 super
1471 1223 1550 1273 se,
1581 1217 1635 1261 et
1659 1205 1800 1260 dicat
1829 1205 1938 1266 tibi,
1973 1201 2122 1259 Unde

555 1303 840 1376 superbis?
869 1301 1007 1356 unde
1051 1297 1319 1355 extolleris
1343 1338 1359 1365 ,
1389 1298 1511 1368 quia
1557 1296 1748 1351 dedisti
1787 1293 1957 1348 mihi?
1983 1292 2121 1360 Quid

557 1396 684 1450 mihi
706 1392 937 1448 dedisti?
968 1391 1184 1444 Panem.
1209 1389 1357 1442 llunc
1380 1401 1568 1456 panem
1589 1385 1634 1440 si
1666 1385 1718 1439 in
1739 1383 1895 1438 domo
1923 1392 2008 1435 tua
2031 1396 2123 1446 po.

557 1501 712 1541 neres
737 1493 791 1540 et
811 1493 1178 1538 contemneres
1202 1520 1216 1543 ,
1246 1481 1344 1534 iret
1366 1479 1417 1531 in
1439 1476 1724 1544 mruginem
1751 1515 1766 1539 ,
1795 1489 1862 1529 ex
1891 1473 2122 1541 azruginc

557 1575 608 1630 in
639 1573 966 1644 putrediuem
997 1613 1008 1634 ,
1031 1585 1092 1624 ex
1120 1567 1400 1637 putredine
1427 1567 1478 1619 in
1505 1574 1702 1618 terram
1728 1604 1742 1628 ,
1776 1571 1913 1615 terra
1937 1573 2120 1613 rever-

558 1675 757 1719 teretur
783 1663 833 1716 in
863 1672 1080 1715 terram.
1109 1659 1173 1712 Et
1199 1665 1253 1711 tu
1278 1655 1486 1726 quidem
1509 1662 1763 1723 porrecta:
1793 1649 1968 1702 manui
1992 1661 2122 1700 mea:

556 1766 614 1809 ut
653 1755 953 1822 acciperet,
987 1749 1261 1819 porrexisti
1293 1761 1503 1800 manum
1546 1752 1688 1796 tuam
1719 1752 1775 1795 ut
1802 1741 1977 1794 dares.
2008 1737 2120 1791 Me-

556 1856 734 1902 mento
759 1843 899 1900 unde
928 1842 1082 1895 fuerit
1105 1839 1239 1893 facta
1270 1850 1456 1890 manus
1485 1845 1592 1897 tua,
1624 1843 1676 1887 et
1707 1823 1844 1886 unde
1871 1832 1922 1884 in
1951 1843 2120 1882 meum

554 1933 841 2006 apposuisti
867 1950 881 1988 :
914 1940 1130 1993 terram,
1164 1927 1228 1981 de
1256 1937 1411 1990 terra,
1448 1926 1501 1978 in
1533 1933 1746 1977 terram.
1778 1918 1976 1974 Deinde
1996 1915 2122 1988 quid

556 2025 687 2080 facio
724 2023 791 2077 de
829 2037 962 2091 pane
989 2021 1120 2075 tuo?
1149 2017 1380 2072 Comedo
1405 2056 1420 2082 ,
1453 2015 1746 2068 molestiam
1791 2011 1942 2065 lamis
1970 2023 2120 2064 com-

556 2131 714 2186 pesco
747 2133 759 2168 :
791 2113 1104 2167 beneﬁcium
1149 2110 1387 2177 accipio;
1433 2123 1539 2161 non
1570 2121 1685 2160 sum
1717 2105 1969 2173 ingratus.
2013 2100 2120 2154 Ve-

555 2213 850 2258 rumtamen
882 2211 938 2256 tu
982 2201 1152 2270 cogita
1182 2199 1305 2268 quid
1351 2206 1401 2252 te
1445 2196 1700 2250 Dominus
1742 2194 1852 2262 ipse
1881 2190 2122 2246 Salvator

553 2292 937 2349 commonuerit
969 2308 982 2342 :
1015 2291 1134 2360 quia
1163 2305 1306 2342 omne
1341 2287 1473 2358 quod
1511 2289 1562 2338 in
1604 2302 1660 2338 os
1695 2284 1882 2364 intrat,
1911 2282 1962 2333 in
2001 2295 2121 2332 vcn-

554 2395 678 2437 trem
718 2381 890 2448 cadit,
918 2390 962 2434 ct
991 2381 1042 2433 in
1083 2395 1328 2432 secessum
1354 2375 1587 2430 emittitur
1627 2371 1836 2444 (Matth.
1871 2387 1938 2424 xv
1962 2411 1976 2435 ,
2009 2365 2118 2438 l7).

553 2476 860 2542 Rursusque
907 2470 1176 2540 apostolus
1205 2467 1399 2521 Paulus
1430 2463 1562 2532 ‘quid
1596 2462 1687 2515 tibi
1717 2461 1907 2514 dixerit
1941 2477 1953 2511 :
1990 2458 2122 2511 Esca

552 2566 707 2619 ventri
731 2606 745 2628 ,
777 2573 824 2616 et
857 2570 1019 2614 venter
1052 2559 1173 2612 escis
1195 2575 1214 2622 ;
1248 2557 1381 2608 Deus
1407 2564 1570 2606 autem
1599 2561 1642 2606 ct
1669 2553 1800 2604 hunc
1826 2559 1870 2604 et
1895 2567 1979 2604 cas
2005 2566 2120 2603 cva-

552 2655 717 2708 cuabit
769 2653 808 2723 (ι
840 2650 956 2705 Cor.
1002 2666 1050 2702 vi
1075 2688 1090 2714 ,
1125 2649 1236 2717 15).
1268 2646 1426 2700 Panis
1455 2659 1580 2714 ergo
1605 2685 1619 2709 ,
1652 2651 1709 2697 ut
1753 2641 1905 2705 dixi,
1941 2651 2077 2694 terra
2103 2681 2118 2705 ,

553 2747 619 2800 de
646 2754 782 2798 terra
806 2785 818 2807 ,
856 2743 906 2796 in
937 2751 1130 2795 terram
1157 2757 1170 2804 ;
1203 2749 1258 2791 ut
1299 2737 1540 2790 fulciatur
1566 2745 1704 2789 terra
1727 2775 1742 2797 ,
1769 2741 1824 2788 et
1856 2732 2123 2786 reﬁcietur

554 2843 714 2888 terra.
742 2832 876 2899 Quid
906 2830 1096 2886 dedisti
1136 2828 1336 2898 cogitas
1359 2866 1374 2893 ,
1407 2824 1530 2895 quid
1575 2832 1887 2894 accepturus
1930 2837 1988 2876 es
2015 2835 2120 2874 non

551 2924 770 2992 cogitas.
803 2921 931 2975 Vide
968 2935 1095 2989 ergo
1125 2935 1188 2972 ne
1219 2917 1334 2986 plus
1363 2915 1453 2968 tibi
1487 2922 1729 2983 prmstem
1770 2909 2075 2980 accipiendo
2100 2950 2118 2975 ,

550 3030 706 3086 quam
737 3024 788 3068 tu
810 3012 938 3067 milii
967 3009 1160 3064 dando.
1191 3008 1245 3063 Si
1272 3006 1412 3062 enim
1441 3021 1543 3058 non
1572 3012 1712 3058 esset
1737 3003 1820 3072 qui
1851 3017 1880 3055 a
1912 3009 1961 3055 te
1983 2998 2123 3055 acci-

553 3115 720 3178 peret,
754 3120 858 3159 non
880 3116 1126 3172 crogares
1157 3108 1370 3163 terram,
1402 3106 1455 3150 et
1483 3111 1584 3148 non
1613 3095 1881 3162 acciperes
1905 3091 2118 3146 caelum.

553 3198 711 3252 Pulso
736 3195 800 3248 ad
833 3195 1048 3262 jauuam
1081 3199 1242 3253 tuam,
1274 3197 1327 3243 et
1351 3186 1500 3240 audis
1526 3201 1629 3247 me,
1658 3183 1812 3252 jubes
1837 3181 1964 3235 mihi
1995 3195 2120 3249 por-

552 3287 649 3356 rigi
688 3284 826 3338 unde
853 3283 1019 3336 fames
1042 3295 1156 3334 mea
1184 3285 1504 3354 sustentetur
1526 3315 1541 3338 ,
1575 3282 1628 3327 et
1665 3273 1732 3326 ab
1758 3273 1856 3324 hac
1882 3267 2123 3324 molestia

553 3391 712 3446 quam
753 3373 879 3427 mihi
921 3371 1146 3440 ingerit,
1177 3375 1561 3437 compescatur.
1606 3364 1746 3417 Bene
1791 3362 1977 3415 fecisti.
2010 3361 2122 3413 Au-

553 3466 670 3522 dire
709 3479 792 3519 me
822 3463 1116 3533 pulsantem
1145 3459 1251 3512 noli
1278 3500 1291 3523 ,
1335 3457 1376 3509 si
1417 3455 1600 3508 audes.
1627 3454 1683 3508 Si
1710 3461 1986 3521 rogaturus
2017 3463 2122 3502 non

553 3574 613 3614 es
637 3599 652 3624 ,
683 3565 963 3612 contemne
990 3561 1282 3622 rogantem.
1315 3549 1608 3602 Contemne
1639 3560 1723 3598 me
1747 3585 1760 3608 ,
1789 3543 1832 3597 si
1869 3542 1998 3596 nihil
2026 3555 2120 3610 pe-

553 3649 620 3702 tis
657 3647 723 3700 ab
749 3661 815 3701 eo
852 3645 940 3716 qui
973 3643 1093 3698 fecit
1115 3651 1165 3695 et
1195 3656 1279 3694 me
1305 3647 1360 3694 et
1387 3648 1456 3692 te.
1485 3637 1537 3690 Si
1579 3644 1753 3689 autem
1783 3634 2038 3702 petiturus
2063 3645 2122 3685 es

553 3737 682 3791 illud
710 3735 851 3806 quod
876 3734 1004 3789 mihi
1030 3733 1124 3786 das
1149 3750 1162 3797 ;
1195 3732 1316 3800 quia
1347 3745 1432 3783 me
1455 3726 1712 3782 cxaudisti
1737 3767 1751 3791 ,
1783 3725 1875 3778 tibi
1902 3733 2124 3792 praestas

555 3837 614 3881 ut
649 3825 970 3881 exaudiaris.
1015 3825 1125 3892 Age
1151 3823 1222 3874 illi
1248 3822 1441 3890 gratias
1466 3861 1479 3883 ,
1510 3819 1598 3888 qui
1643 3834 1752 3872 rem
1784 3827 1886 3870 tam
1924 3816 2123 3885 pretio—

555 3933 668 3972 sam
700 3927 803 3970 tam
831 3916 920 3968 vili
949 3914 1117 3983 pretio
1145 3924 1195 3966 tc
1225 3911 1349 3966 facit
1386 3897 1584 3965 emere.
1614 3910 1716 3963 Das
1743 3909 1883 3978 quod
1907 3911 1955 3962 in
1986 3918 2123 3963 tem-

556 4022 682 4077 pore
705 4004 873 4073 perit:
899 4003 1094 4071 accipis
1115 4001 1252 4070 quod
1275 4011 1452 4054 manet
1479 4001 1528 4052 in
1557 4007 1831 4052 aeternum.
1858 3998 1962 4052 Das
1981 3997 2124 4066 quod

553 4099 598 4151 si
630 4111 732 4150 non
762 4095 915 4148 dares
940 4135 953 4158 ,
987 4102 1105 4162 post
1130 4091 1396 4161 paululum
1431 4090 1714 4159 projiceres
1747 4107 1758 4141 :
1793 4089 1990 4156 accipis
2019 4105 2123 4158 quo

553 4190 608 4245 in
653 4199 908 4243 aeternum
937 4185 1238 4256 perfruaris.
1285 4185 1387 4237 Das
1429 4182 1568 4235 unde
1597 4188 1919 4235 sustentetur
1956 4180 2124 4234 fames

553 4283 828 4338 hominum
863 4299 875 4334 :
908 4280 1102 4350 accipis
1142 4278 1283 4333 unde
1309 4277 1382 4330 sis
1429 4277 1604 4331 socius
1629 4276 1972 4346 Angelorum.
2020 4276 2124 4330 Das

553 4373 694 4427 unde
721 4388 822 4425 non
849 4371 1047 4425 esuriat
1073 4370 1232 4422 homo
1272 4376 1389 4436 post
1414 4367 1682 4436 paululum
1711 4366 1903 4420 famem
1932 4366 2123 4420 iterum

555 4477 808 4536 passurus
832 4479 844 4513 :
868 4460 1064 4528 accipis
1090 4459 1228 4512 unde
1257 4458 1447 4512 famem
1470 4471 1736 4526 nunquam
1764 4457 2013 4526 sitimque
2034 4472 2124 4524 pa-

556 4551 721 4607 tiaris.
750 4551 880 4604 Cum
909 4565 1035 4619 ergo
1057 4548 1204 4602 vides
1223 4548 1346 4618 quid
1369 4548 1482 4613 des,
1508 4556 1561 4602 et
1590 4547 1713 4616 quid
1743 4547 1991 4616 accipias,
2017 4547 2124 4601 noli

552 4641 701 4707 dare,
726 4640 768 4693 si
791 4639 974 4694 audes.
999 4637 1285 4693 Videamus
1305 4637 1643 4707 quismajore
1662 4637 1856 4691 damno
1885 4636 2120 4704 feriatur,

551 4745 670 4800 ego,
695 4730 778 4784 cui
803 4746 906 4785 non
927 4729 1022 4783 das
1044 4739 1267 4793 terram;
1291 4737 1380 4782 aut
1411 4737 1490 4792 tu,
1515 4728 1602 4798 qui
1633 4743 1736 4782 non
1760 4728 2037 4798 pervenies
2057 4727 2124 4782 ad

553 4837 673 4875 eum
701 4823 788 4890 qui
822 4821 943 4876 fecit
970 4819 1161 4881 coelum
1192 4827 1245 4872 et
1275 4829 1486 4873 terram.

624 4923 677 4974 3.
711 4921 985 4975 Consilium
1010 4920 1197 4976 Christi
1221 4919 1282 4973 de
1309 4921 1573 4990 erogandis
1599 4921 1802 4986 divitiis,
1827 4938 1888 4975 ne
1913 4922 1992 4974 hic
2009 4939 2124 4992 per-

560 5021 691 5066 eant.
728 5011 782 5066 Si
819 5029 944 5081 ergo
969 5013 1244 5067 consilium
1271 5013 1559 5080 accipimus
1581 5053 1597 5078 ,
1627 5012 1879 5066 faciamus
1906 5022 2124 5082 prepter

559 5117 690 5165 nos;
721 5109 774 5155 et
798 5117 954 5155 nemo
995 5103 1134 5156 dicat
1168 5102 1288 5171 quia
1322 5111 1533 5170 prmstat
1573 5104 1806 5171 pauperi.
1840 5103 1951 5156 Sibi
1981 5104 2122 5157 enim

559 5193 672 5262 plus
702 5201 916 5260 prmstat
940 5231 955 5256 ,
999 5208 1155 5260 quam
1201 5193 1438 5262 pauperi.
1471 5192 1526 5248 Si
1569 5209 1749 5247 verum
1789 5195 2082 5263 cogitemus
2106 5235 2120 5259 ,

559 5283 748 5337 fratres
773 5283 874 5336 mei
899 5324 913 5343 ,
945 5291 998 5336 ct
1024 5285 1311 5337 secundum
1343 5285 1500 5338 verba
1530 5286 1735 5338 Domini
1767 5286 1929 5338 nostri
1952 5287 2126 5356 sapia-

561 5389 672 5427 mus
697 5389 711 5437 ;
743 5372 896 5426 aliter
923 5371 1059 5425 enim
1087 5373 1129 5425 si
1156 5373 1484 5438 sapuerimus
1507 5416 1520 5436 ,
1551 5375 1783 5444 perimus
1814 5393 1826 5428 :
1859 5377 1901 5428 si
1931 5391 2034 5429 non
2057 5392 2124 5430 ex

560 5471 738 5516 nostro
768 5461 1008 5525 consilio,
1038 5461 1131 5514 sed
1169 5477 1234 5514 ex
1263 5461 1423 5529 ipsius
1446 5465 1703 5532 vivamus,
1732 5475 1857 5520 tunc
1883 5480 2009 5519 vere
2047 5465 2125 5520 vi-

563 5551 746 5606 vimus.
777 5551 831 5607 Si
873 5551 1127 5605 habemus
1165 5551 1358 5620 aliquid
1385 5553 1523 5621 quod
1551 5556 1869 5623 pauperibus
1897 5555 2084 5610 demus
2105 5598 2120 5622 ,

557 5641 600 5693 si
630 5657 733 5696 non
760 5643 1058 5698 dederimus
1087 5685 1100 5710 ,
1133 5642 1218 5696 hic
1244 5643 1552 5699 dimittimus
1577 5663 1589 5712 ;
1618 5658 1707 5702 aut
1742 5647 1876 5703 forte
1905 5663 2024 5702 cum
2051 5648 2127 5701 vi.

1776 277 1836 330 S.
1875 271 2234 330 AUGUSTINI
2278 269 2575 327 EPISCOPI

3657 271 3797 327 I705

2220 383 2393 438 vimus
2414 423 2429 447 ,
2460 382 2544 436 hic
2563 380 2872 436 amittimus.
2901 379 3070 449 Quam
3099 383 3247 439 multi
3276 385 3416 441 enim
3455 383 3631 443 subito
3653 388 3798 445 bona

2220 474 2395 527 omnia
2420 472 2797 541 perdiderunt,
2830 487 2950 541 quae
2974 472 3360 532 studiosissime
3387 479 3752 535 recondebant
3773 485 3801 532 7

2221 561 2339 617 Uno
2383 563 2578 631 impetu
2606 561 2782 615 hostili
2824 562 3056 616 universi
3087 562 3317 620 thesauri
3354 566 3574 622 divitum
3615 569 3797 637 perie-

2221 661 2364 706 runt.
2392 651 2558 706 Nemo
2583 653 2719 705 dixit
2758 651 2894 707 hosti
2925 670 2938 705 :
2971 653 3117 708 Filiis
3139 656 3274 709 meis
3297 670 3478 712 servo.
3519 659 3677 714 Certe
3715 661 3805 714 vi-

2223 739 2360 795 detis
2385 742 2505 810 quia
2531 743 2546 772 ¹
2575 742 2618 795 si
2646 751 2726 796 est
2755 741 2942 796 inillis
2966 742 3138 812 aliqua
3174 743 3324 800 fides.
3354 747 3430 801 De
3455 747 3521 803 iis
3548 749 3692 805 enim
3721 749 3803 804 lo-

2223 830 2488 898 quendum
2518 839 2599 885 est
2621 873 2634 895 ,
2666 831 2754 900 qui
2780 830 3053 886 christiani
3093 833 3193 886 hoc
3231 837 3366 903 passi
3394 846 3532 891 sunt.
3568 838 3702 892 Nam
3731 824 3822 894 de.

2223 917 2583 988 ignorantibus
2610 921 2774 974 Deum
2807 921 2947 974 nulla
2977 924 3174 976 mentio
3201 933 3302 978 est.
3331 925 3407 980 llli
3431 927 3571 980 enim
3612 927 3666 981 in
3698 929 3804 984 hac

2223 1009 2328 1062 vita
2348 1009 2487 1079 quod
2512 1024 2605 1079 pro
2630 1026 2820 1080 magno
2847 1010 3109 1066 habebant
3134 1013 3473 1080 perdiderunt
3496 1058 3511 1081 ,
3541 1017 3699 1070 aliam
3722 1019 3804 1071 vi-

2225 1107 2329 1151 tam
2353 1113 2455 1152 non
2487 1109 2850 1167 speraverant.
2878 1099 3134 1154 Tenebrze
3162 1101 3286 1156 foris
3311 1144 3324 1167 ,
3357 1105 3586 1158 tenebrae
3614 1107 3761 1160 intus
3784 1123 3799 1158 :

2226 1200 2505 1258 paupertas
2547 1189 2598 1242 in
2627 1204 2746 1243 arca
2773 1231 2787 1255 ,
2818 1190 2986 1259 major
3013 1201 3223 1260 egestas
3265 1193 3318 1246 in
3345 1195 3687 1249 conscientia.
3724 1197 3803 1251 De

2225 1277 2306 1332 bis
2327 1294 2452 1348 ergo
2475 1321 2489 1344 ,
2521 1287 2578 1333 ut
2601 1279 2706 1332 dixi
2734 1319 2748 1344 ,
2780 1295 2989 1350 quoquo
3011 1282 3170 1336 modo
3196 1298 3299 1336 non
3326 1294 3407 1337 est
3432 1283 3759 1352 loquendum
3783 1303 3799 1349 ;

2225 1367 2318 1421 sed
2343 1368 2410 1422 de
2437 1369 2498 1422 iis
2524 1369 2716 1437 potius,
2742 1370 2792 1422 in
2818 1371 3005 1439 quibus
3026 1381 3106 1426 est
3130 1372 3259 1427 ﬁdes
3277 1373 3449 1444 aliqua
3479 1375 3798 1430 christiana.

2226 1456 2347 1511 ldeo
2375 1457 2520 1524 dixi,
2552 1459 2723 1528 aliqua
2749 1500 2764 1525 ,
2799 1476 2903 1514 non
2933 1461 3144 1515 robusta
3172 1501 3185 1524 ,
3217 1479 3321 1516 non
3360 1465 3552 1534 plena;
3586 1468 3709 1535 quia
3753 1469 3802 1522 si

2224 1545 2438 1599 robusta
2477 1556 2530 1600 et
2557 1547 2706 1615 plena
2748 1559 2928 1613 esset,
2959 1551 3238 1604 consilium
3269 1552 3471 1606 Domini
3507 1569 3612 1608 non
3640 1569 3800 1624 Spre-

2226 1635 2442 1688 vissent.
2470 1635 2623 1690 Certe
2665 1648 2836 1691 tamen
2863 1673 2878 1703 ,
2911 1639 3209 1693 cbarissimi
3234 1682 3249 1706 ,
3282 1657 3400 1695 cum
3437 1643 3678 1698 viderent
3700 1644 3803 1698 do-

2225 1741 2341 1781 mos
2365 1743 2489 1782 suas
2517 1729 2698 1781 inanes
2725 1770 2740 1795 ,
2773 1739 2864 1782 aut
2888 1729 3021 1784 forte
3045 1747 3142 1784 nec
3167 1732 3332 1800 ipsam
3364 1733 3666 1788 inanitatem
3695 1733 3799 1789 do-

2225 1831 2433 1868 morum
2459 1831 2672 1870 suarum
2700 1816 2878 1871 videre
2908 1819 3148 1886 permissi
3189 1831 3349 1885 sunt,
3383 1836 3502 1875 cum
3548 1823 3671 1877 inde
3702 1839 3799 1878 ca-

2227 1908 2352 1976 ptivi
2380 1908 2520 1960 ducti
2562 1916 2718 1971 sunt,
2753 1923 2872 1962 cum
2899 1909 2975 1962 eis
3001 1908 3390 1965 discedentibus
3417 1912 3628 1966 ﬂamma
3677 1930 3800 1969 suc-

2224 1996 2384 2051 cessit
2409 2015 2420 2049 :
2444 2012 2563 2050 cum
2585 2012 2710 2066 ergo
2739 2012 2797 2051 se
2821 1998 3152 2052 attenderent
3177 2000 3382 2065 inanes,
3414 2002 3681 2068 quomodo
3701 2019 3799 2058 eas

2225 2089 2488 2156 paenituit,
2511 2089 2628 2156 quia
2657 2103 2761 2142 non
2790 2089 3062 2142 audierant
3084 2091 3290 2144 Domini
3313 2089 3632 2146 consilium?
3661 2093 3798 2161 Quid

2226 2180 2368 2233 enim
2403 2179 2654 2232 Dominus
2684 2188 2864 2232 noster
2900 2178 3054 2232 Jesus
3092 2179 3331 2234 Christus
3356 2221 3370 2244 ,
3405 2179 3591 2236 fratres
3617 2224 3629 2246 ,
3663 2183 3799 2237 dixit

2224 2269 2372 2322 diviti
2395 2269 2467 2322 illi
2490 2269 2742 2337 quaerenti
2765 2269 3039 2322 consilium
3070 2267 3136 2323 de
3159 2270 3480 2341 capessenda
3507 2274 3608 2325 vita
3637 2283 3799 2326 mlef-

2225 2363 2324 2416 na?
2350 2361 2481 2428 Quid
2506 2361 2554 2414 ei
2580 2360 2740 2413 dixit?
2771 2360 2908 2413 Dixit
2933 2359 3002 2424 ei,
3030 2361 3197 2415 Perde
3223 2361 3360 2430 quod
3385 2360 3579 2416 babes?
3609 2364 3794 2425 Plane,

2223 2451 2428 2504 etiamsi
2460 2449 2560 2502 hoc
2582 2449 2801 2514 diceret,
2835 2449 3002 2503 Perde
3023 2453 3352 2519 temporalia,
3383 2453 3581 2508 diceret
3612 2465 3670 2508 ut
3707 2473 3796 2508 ae-

2223 2540 2400 2608 quiras
2438 2547 2634 2592 aeterna
2654 2539 2694 2592 '.
2723 2538 2836 2591 Non
2859 2539 2905 2592 ei
2935 2548 3112 2593 tamen
3141 2540 3272 2593 dixit
3296 2583 3309 2604 ,
3346 2542 3510 2598 Perde
3534 2545 3673 2612 quod
3703 2546 3798 2598 lia-

2223 2627 2335 2684 bes.
2357 2628 2579 2683 Videbat
2599 2630 2739 2684 enim
2760 2630 2903 2683 illum
2923 2639 3210 2685 amatorem
3229 2637 3403 2685 rerum
3425 2650 3656 2688 suarum.
3677 2636 3795 2690 Non

2221 2719 2317 2783 ait,
2345 2716 2512 2773 Perde
2537 2735 2550 2783 ;
2583 2719 2674 2772 sed
2702 2720 2792 2783 ait,
2822 2719 2983 2789 Migra
3012 2720 3098 2774 ubi
3121 2735 3224 2774 non
3255 2723 3463 2790 perdas.
3496 2725 3655 2780 Amas
3679 2726 3795 2781 the-

2221 2820 2407 2862 sauros
2431 2809 2579 2862 tuos?
2597 2824 2744 2863 amas
2765 2809 3038 2878 pecuniam
3065 2812 3238 2864 tuam?
3258 2827 3404 2866 amas
3423 2813 3631 2868 divitias
3653 2819 3796 2870 tuas?

2223 2912 2370 2953 amas
2393 2900 2587 2968 praedia
2615 2902 2744 2954 tua?
2772 2901 3041 2970 Quidquid
3065 2918 3232 2968 amas,
3265 2904 3316 2956 in
3346 2913 3482 2958 terra
3507 2905 3689 2962 babes.
3722 2909 3794 2963 lbi

2225 2991 2388 3046 habes
2415 2991 2554 3060 quod
2575 3007 2741 3058 amas,
2766 2993 2850 3046 ubi
2875 2993 3062 3060 perdas
3087 3001 3140 3047 ct
3163 3009 3362 3062 pereas.
3392 2996 3680 3051 Consilium
3702 2999 3792 3065 do,

2223 3079 2388 3150 migra
2410 3080 2463 3133 in
2480 3081 2692 3134 coelum.
2720 3081 2813 3134 llic
2830 3081 2872 3133 si
2891 3080 3072 3144 habes,
3098 3083 3285 3150 perdes
3305 3084 3445 3151 quod
3471 3086 3652 3151 habes,
3676 3103 3799 3157 per-

2224 3169 2325 3223 ibis
2351 3185 2469 3222 cum
2511 3184 2575 3223 eo
2597 3169 2733 3238 quod
2757 3169 2952 3237 perdis.
2981 3171 3051 3223 lbi
3075 3183 3248 3224 autem
3273 3173 3317 3225 si
3340 3173 3522 3240 habes,
3547 3191 3650 3230 non
3673 3179 3797 3232 ami-

2224 3257 2362 3322 sisti,
2376 3258 2468 3312 sed
2485 3260 2722 3327 sequeris
2738 3275 2842 3328 quo
2861 3259 3048 3313 misisti
3071 3259 3282 3329 (Matth.
3313 3279 3417 3326 χιχ,
3441 3264 3636 3336 lli-2|).
3658 3267 3798 3321 Con—

2225 3347 2397 3402 silium
2425 3363 2548 3418 ergo
2577 3349 2646 3402 do
2670 3389 2684 3413 ,
2717 3361 2820 3404 etc.
2851 3349 3036 3420 (a).....
3065 3351 3240 3418 Quare
3269 3356 3684 3423 contempsimus
3709 3373 3801 3426 pa-

2227 3445 2359 3492 trem
2405 3449 2708 3493 moncntem
2733 3480 2747 3505 ,
2798 3449 2852 3493 et
2879 3439 3084 3493 hostem
3128 3443 3389 3496 sensimus
3420 3445 3799 3500 invadentem?

2227 3530 2438 3601 [Multos
2477 3545 2604 3600 ergo
2631 3532 2874 3600 poenitet.
2900 3531 3028 3585 Nam
3057 3533 3266 3601 quidam
3296 3535 3458 3602 (quod
3491 3553 3674 3591 revera
3717 3539 3802 3590 di-

2225 3624 2361 3677 citur
2383 3622 2658 3692 accidisse)
2689 3623 2847 3676 homo
2877 3640 2978 3677 non
3014 3625 3161 3678 dives
3185 3667 3197 3687 ,
3228 3626 3318 3678 sed
3349 3635 3521 3681 tamen
3549 3628 3705 3681 etiam
3734 3630 3803 3681 de

2227 3715 2371 3768 tenui
2396 3713 2644 3767 facultate
2673 3714 2879 3782 pinguis
2906 3714 3058 3782 adipe
3085 3716 3376 3781 cliaritatis,
3402 3733 3519 3770 cum
3545 3719 3798 3784 Solidum,

2227 3813 2284 3856 ut
2307 3803 2519 3867 assolet,
2550 3803 2873 3856 vendidisset
2895 3804 2992 3873 (b),
3018 3814 3227 3857 centum
3258 3805 3410 3860 folles
3435 3826 3495 3862 cx
3526 3811 3694 3877 pretio
3715 3827 3805 3862 so-

2226 3892 2317 3946 lidi
2359 3893 2674 3962 pauperibus
2694 3893 2851 3961 jussit
2880 3895 3087 3963 erogari
3113 3893 3201 3966 (c).
3239 3896 3453 3951 Factum
3486 3910 3584 3953 est.
3614 3901 3688 3954 lbi
3714 3904 3805 3956 ille

2291 4027 2306 4133 ξ
2319 4027 2463 4133 cAllnttd
2486 4028 2621 4133 Shiirm.
2645 4027 2805 4086 deest,
2844 4025 2956 4090 quia
2970 4040 2988 4088 ;
3011 4041 3155 4090 quam
3178 4043 3344 4079 vocem
3367 4040 3606 4093 przeterea
3628 4048 3807 4086 sensus

2303 4103 2315 4131 )
2388 4102 2399 4133 1
2429 4123 2439 4133 .
2551 4121 2561 4133 .

2225 4094 2439 4146 repetiit.
2504 4094 2561 4134 tu.

2261 4206 2272 4216 .
2290 4151 2310 4178 ⁸
2327 4149 2460 4216 sirm.
2487 4149 2556 4196 sic
2584 4147 2732 4216 habet
2754 4149 2899 4216 hunc
2915 4148 3073 4198 locum
3095 4163 3106 4198 :
3128 4149 3261 4216 Quid
3280 4152 3424 4216 eriim,
3473 4153 3598 4204 dixit
3615 4153 3640 4203 ?
3669 4155 3805 4206 Dixit

2227 4206 2290 4266 ei,
2317 4206 2470 4278 Perde
2493 4205 2618 4278 quod
2642 4207 2782 4278 Itabes
2803 4208 3078 4278 31110681731,
3096 4205 3246 4260 si'ltoc
3271 4205 3468 4266 diceret.
3503 4216 3652 4265 tarde
3678 4205 3800 4267 teni;

2227 4267 2432 4332 poralia,
2458 4267 2516 4317 αἱ
2531 4268 2756 4332 acquiras
2779 4276 2977 4319 (eterna.
3043 4278 3098 4320 Μ.

2291 4329 2362 4451 ξαζ
2393 4332 2574 4401 Omissa
2597 4329 2771 4402 repete
2795 4343 2860 4378 ex
2883 4345 3111 4381 sermone
3127 4333 3205 4388 60,
3223 4346 3272 4380 ιι.
3298 4335 3348 4380 7.

2305 4389 2340 4451 νὺ
2395 4398 2565 4448 Quanti
2588 4391 2788 4439 solidum
2811 4404 3011 4440 aureum
3034 4394 3307 4443 vendiderit
3330 4408 3348 4441 ι

2314 4389 2378 4456 ρ)-
2395 4391 2565 4448 Quanti
2588 4389 2788 4439 solidum
2811 4404 3011 4456 aureum
3034 4394 3307 4456 vendiderit
3330 4408 3425 4443 non
3459 4395 3702 4456 declarat;
3727 4400 3806 4448 in-

2227 4449 2382 4512 telligi
2405 4458 2567 4500 autem
2583 4459 2741 4512 potest
2765 4465 2827 4500 ex
2848 4452 3040 4502 novella
3058 4454 3369 4503 Valentiniani
3396 4470 3490 4505 xxv
3517 4458 3640 4508 inter
3654 4449 3807 4508 't'beo-

2227 4512 2448 4579 dosianas
2464 4545 2478 4570 ,
2501 4525 2597 4573 qua
2617 4519 2808 4579 cautum
2826 4522 2928 4579 est,
2953 4532 2975 4558 ι
3007 4523 3074 4579 Ne
3096 4528 3304 4576 unquam
3329 4517 3453 4579 intra
3475 4527 3666 4579 septem
3698 4521 3806 4568 mil-

2235 4589 2257 4618 α
2281 4571 2341 4619 lia
2366 4571 2663 4621 nummorum
2685 4572 2865 4622 solidus
2885 4571 3194 4624 distrahatur:
3212 4592 3232 4618 ι
3255 4571 3554 4627 Cassiodorus
3575 4592 3663 4628 sex
3688 4581 3806 4630 olim

2227 4631 2437 4701 millibus
2454 4633 2700 4701 venditum
2717 4634 2858 4701 docet
2876 4633 2958 4683 lib.
2986 4636 3290 4701 l_}'ariarutn,
3321 4639 3462 4701 epist.
3488 4639 3542 4687 10
3565 4653 3576 4687 :
3604 4659 3625 4685 ι
3644 4648 3756 4701 Sex,
3777 4660 3799 4687 ι

2227 4693 2398 4752 inquit,
2426 4711 2447 4738 α
2464 4693 2610 4741 millia
2632 4693 2940 4742 denariorum
2961 4693 3163 4744 solidum
3187 4693 3298 4745 esse
3322 4693 3594 4748 voluerunt.
3618 4717 3640 4746 ι
3669 4693 3803 4752 sinat.

2276 4735 2277 4738 η
2313 4707 2398 4750 ιιιι,
2426 4711 2447 4738 α
2464 4707 2610 4741 mima
2632 4707 2940 4742 denariorum
2961 4707 3163 4744 seuuum
3187 4709 3298 4745 esse
3322 4707 3594 4748 voluerunt.
3618 4717 3640 4746 ι
3669 4711 3803 4752 sinu.

2276 4707 2358 4860 3c)
2395 4753 2548 4802 Folles
2589 4767 2744 4803 aereos
2765 4755 2907 4813 dicit,
2949 4768 3046 4802 non
3080 4763 3356 4817 argenteos.
3406 4764 3632 4820 argentei
3673 4766 3807 4814 enim

2314 4827 2370 4860 es
2391 4823 2586 4860 centum
2624 4828 2732 4860 rars
2767 4815 2900 4860 solidi
2927 4817 3103 4860 eximia
3141 4830 3234 4860 non
3269 4827 3450 4860 essent-
3495 4829 3543 4860 tu
3579 4823 3807 4860 dimsit-im

2227 4811 2370 4862 folles
2391 4823 2586 4877 centum
2624 4828 2732 4875 pars
2767 4811 2902 4864 solidi
2927 4817 3103 4877 exigua
3136 4811 3234 4864 non
3269 4827 3451 4868 essent.
3464 4811 3547 4870 “Ut
3579 4811 3809 4872 denarios

2230 4885 2350 4935 ergo
2370 4874 2694 4940 appellabant,
2721 4883 2821 4940 tum
2844 4874 3123 4940 argenteos.
3151 4884 3251 4925 tum
3269 4892 3455 4940 aereos;
3480 4883 3548 4929 sic
3562 4881 3704 4932 folles
3723 4884 3804 4933 alii

2227 4935 2447 5002 argentei
2471 4935 2701 4996 fuerunt,
2745 4936 2820 4984 alii
2855 4935 2988 4984 aerei.
3015 4937 3209 5002 Follium
3237 4935 3475 4988 :ereorum
3522 4943 3681 5002 valor,
3721 4956 3808 4996 aut

2229 4995 2357 5043 idem
2380 4997 2469 5044 fuit
2492 5009 2888 5062 acnununqrnm,
2913 4998 3349 5062 seuidenariorum,
3373 5015 3440 5062 qu
3455 5017 3576 5050 trum
3599 4995 3686 5052 sei
3719 4995 3806 5054 se?

2228 5063 2424 5116 ptemve
2449 5054 2596 5104 millia
2691 5058 2842 5131 solido
2858 5061 3202 5134 censebantur,
3226 5069 3307 5108 aut
3329 5054 3582 5134 utriusque
3601 5077 3748 5133 genet
3761 5067 3808 5133 is

2228 5128 2323 5164 non
2347 5131 2574 5186 magnum
2606 5119 2881 5186 discrimen.
2929 5118 3084 5186 Folles
3105 5128 3267 5169 autem
3290 5118 3518 5183 argentei
3558 5118 3806 5186 Aﬁgustini

2229 5188 2333 5243 tevo
2356 5179 2467 5243 quid
2503 5178 2740 5237 valerent,
2767 5181 2988 5243 a-stimari
3015 5188 3172 5242 potest
3195 5195 3257 5229 ex
3277 5178 3406 5243 Lege
3425 5199 3471 5232 ιιι
3487 5185 3596 5243 Cod.
3622 5178 3804 5234 Theca.

2228 5237 2489 5300 desuariis
2508 5276 2527 5300 ,_
2563 5253 2674 5300 quae
2697 5242 2903 5300 porcina:
2928 5237 3134 5300 pretium
3160 5244 3208 5290 in
3243 5237 3457 5300 singillas
3490 5242 3636 5293 libras
3669 5248 3808 5295 senis

2229 5296 2421 5365 follibus
2441 5296 2608 5348 deﬁnit
2626 5334 2640 5357 ,
2681 5296 2733 5349 et
2758 5314 2835 5365 ex
2873 5296 2940 5365 iis
2969 5315 3077 5363 quae
3102 5303 3148 5349 in
3191 5302 3272 5349 lib.
3298 5296 3358 5351 “2:2
3378 5305 3442 5352 de
3463 5306 3661 5355 civitate
3683 5308 3765 5355 Dei
3788 5342 3805 5365 ,

2228 5370 2333 5418 cap.
2366 5359 2410 5429 ‘8
2429 5396 2442 5417 ,
2469 5369 2721 5429 narrantur
2743 5360 2806 5408 de
2849 5359 3086 5429 Florentio
3125 5367 3639 5429 sartore__ttipponcnsi
3659 5401 3674 5422 ,
3721 5359 3805 5429 qui

2227 5419 2470 5526 grandem
2489 5435 2500 5480 ι
2518 5423 2667 5468 iseem
2693 5423 2924 5469 trecentis
2948 5421 3142 5472 follibus
3160 5419 3648 5475 venditlissc'dicitnr.
3662 5419 3810 5476 t‘ti‘c-

2251 5492 2377 5526 naue
2396 5493 2525 5526 enm
2544 5494 2820 5526 congruere
2845 5485 3002 5526 omnia
3037 5493 3258 5526 I-(Ks‘unt-
3289 5487 3326 5526 si
3350 5500 3433 5526 nm
3457 5486 3653 5526 lnllilmc
3670 5501 3810 5526 sicut:

2251 5480 2377 5548 iique
2396 5484 2525 5548 enjm
2544 5494 2820 5542 congruere
2845 5485 3003 5531 omnia
3036 5487 3327 5548 1-ossur1t,__si
3349 5500 3433 5546 pro
3457 5486 3653 5536 lollibus
3670 5501 3810 5538 asses

2228 5541 2332 5609 sive
2352 5540 2489 5609 solidi
2514 5540 2762 5609 sumantur
2782 5552 2990 5609 moneta:
3011 5540 3185 5592 nostra:
3208 5540 3470 5609 Gallicana).
3497 5556 3608 5595 Nam
3629 5558 3677 5598 et
3699 5563 3808 5609 por-

2229 5600 2350 5670 clnze
2376 5603 2420 5647 in
2445 5600 2658 5670 singulas
2674 5601 2818 5649 libras
2834 5602 3090 5670 solidorum
3101 5619 3192 5670 sex
3212 5607 3392 5670 justum
3414 5609 3558 5658 fuerit
3573 5600 3807 5670 pretium,

2237 5665 2289 5706 et
2311 5658 2541 5721 grandem
2565 5664 2742 5722 piscem
2767 5667 2998 5713 trecentis
3020 5658 3404 5716 assibus'nostris
3423 5658 3707 5720 vendi'nihil
3733 5658 3810 5719 esi
