4006 6498
279 365 417 422 i705

279 475 446 531 hostis
472 471 717 544 antiquus
741 514 754 538 ,
787 472 840 528 id
865 479 948 528 est
969 470 1207 526 diabolus
1233 511 1246 535 ,
1274 477 1331 524 ut
1367 469 1648 540 paeniteret
1674 484 1794 524 eum
1827 468 1846 500 ⁸

277 564 402 618 boni
423 564 598 633 operis
619 563 720 629 sui,
745 571 796 617 et
821 561 960 631 quod
983 559 1277 616 obediendo
1297 569 1438 614 recte
1461 559 1682 622 fecerat,
1705 573 1849 612 mur-

279 657 536 710 murando
575 655 810 718 deleret,
845 654 1060 708 immisit
1085 651 1254 706 furem
1281 692 1296 718 ,
1326 661 1376 706 et
1403 650 1617 704 abstulit
1642 657 1804 703 totum
1830 689 1846 716 ,

278 747 418 800 unde
435 746 750 814 pauperibus
767 745 944 798 datum
966 753 1078 798 erat
1091 745 1358 812 exiguum.
1381 741 1731 810 Exspectabat
1745 742 1850 793 dia-

183 891 190 896 .
277 833 432 888 holus
453 849 634 888 vocem
659 833 1090 902 blasphemantis,
1115 831 1314 885 invenit
1339 830 1601 884 laudantis
1626 847 1638 882 :
1661 843 1849 897 exspe-

279 926 452 978 ctabat
475 925 584 978 ﬁeri
607 925 993 988 titubationem,
1019 923 1218 976 invenit.
1241 921 1712 976 conﬁrmationem.
1739 921 1850 976 lloc

278 1015 488 1069 volebat
511 1014 723 1084 quidem
748 1023 800 1069 et
827 1014 1090 1080 inimicus,
1115 1021 1172 1066 ut
1197 1012 1471 1081 pmniterct
1495 1027 1640 1077 eum,
1666 1022 1718 1066 et
1739 1027 1849 1079 ptri-

277 1105 453 1158 nituit.
480 1104 582 1158 Sed
611 1104 784 1157 videte
813 1103 956 1173 quid.
989 1103 1088 1166 Me,
1114 1103 1298 1170 inquit,
1331 1103 1604 1166 miserum,
1632 1103 1718 1170 qui
1745 1117 1848 1155 non

277 1201 445 1248 totum
463 1194 604 1249 dedi!
620 1195 728 1248 lloc
746 1194 883 1248 enim
903 1193 1124 1262 perdidi,
1143 1191 1280 1260 quod
1299 1207 1400 1244 non
1421 1191 1560 1244 dedi.
1579 1191 1690 1244 Non
1708 1191 1848 1244 enim

279 1285 352 1340 ibi
381 1287 528 1356 posui
553 1325 568 1354 ,
601 1300 706 1354 quo
725 1285 808 1338 fur
833 1299 938 1339 non
959 1282 1202 1355 accedit].
1231 1283 1370 1353 Ergo
1395 1283 1440 1336 si
1464 1282 1742 1338 consilium
1768 1289 1850 1336 est

279 1371 380 1428 hoc
403 1414 418 1441 ,
455 1383 557 1429 etc.
591 1372 688 1446 (a).

737 1503 963 1560 SERMO
993 1503 1208 1560 cccxc
1233 1509 1250 1528 ο
1269 1505 1364 1574 (b).

591 1615 669 1670 De
703 1617 950 1685 faciendis
977 1615 1318 1688 elcemosynis,
1349 1633 1404 1670 ιιι
1438 1615 1528 1688 (c).

351 1747 402 1800 i.
437 1743 782 1816 Eleemosyme
801 1745 1004 1816 comites
1042 1746 1348 1812 ieiuniorum
1393 1747 1446 1798 in
1484 1747 1666 1800 sanctis
1707 1747 1842 1800 viris.

279 1833 555 1892 Consilium
581 1839 1132 1907 prwmittendidivilias
1157 1839 1210 1891 in
1243 1840 1440 1892 cazlum.
1485 1839 1564 1892 Ad
1609 1840 1846 1894 cleemo-

279 1943 440 1998 synas
463 1927 751 1994 faciendas,
773 1929 1038 1994 volumus,
1083 1937 1334 1998 quantum
1378 1930 1629 1983 Dominus
1666 1930 1845 1994 donat,

281 2019 550 2071 exhortari
580 2017 904 2072 Charitatem
933 2029 1183 2082 vestram,
1213 2033 1329 2087 qua:
1351 2019 1524 2072 solent
1563 2019 1614 2072 in
1655 2019 1850 2073 sanctis

282 2107 525 2162 fidelibus
549 2108 674 2161 viris
699 2123 816 2162 esse
837 2109 1055 2161 comites
1070 2109 1408 2176 jejuniorum,
1435 2119 1490 2162 ut
1517 2125 1618 2164 non
1639 2109 1852 2163 habenti

281 2197 530 2263 addatur,
563 2198 703 2265 quod
734 2197 950 2252 babenti
976 2198 1302 2250 detrahitur:
1336 2206 1410 2262 ut,
1441 2214 1561 2252 cum
1589 2199 1735 2252 lucro
1763 2210 1852 2252 tuo

281 2289 494 2344 fraudas
537 2290 766 2344 animam
795 2299 958 2354 tuam,
993 2289 1094 2342 hoc
1123 2289 1382 2342 subdueas
1421 2289 1588 2354 carni,
1630 2291 1770 2358 quod
1797 2291 1850 2343 in

281 2379 421 2432 curio
451 2379 758 2433 constituas.
791 2377 964 2431 [labes
1028 2379 1166 2430 enim
1219 2378 1328 2430 illic
1375 2377 1626 2432 horreum
1683 2389 1850 2445 tuum,

282 2467 448 2521 habes
465 2468 738 2522 custodem
765 2476 932 2520 tuum.
967 2467 1204 2536 Namque
1231 2467 1321 2520 ubi
1367 2475 1563 2534 ponant
1613 2467 1852 2522 homines

283 2558 548 2612 tutissime
599 2557 738 2626 quod
767 2567 944 2609 amant
985 2557 1219 2620 interra,
1268 2557 1570 2610 conducunt
1613 2557 1709 2608 sibi
1739 2557 1853 2611 loca

283 2647 654 2710 munitissima,
683 2655 736 2700 et
765 2655 1014 2715 quantum
1044 2653 1267 2714 possunt
1312 2655 1557 2714 satagunt
1606 2647 1706 2700 sibi
1743 2661 1857 2700 ser-

285 2753 434 2802 vare,
456 2753 558 2806 quo
589 2737 730 2792 fures
761 2753 864 2792 non
897 2747 1113 2806 possunt
1141 2739 1412 2793 accedere.
1443 2740 1510 2792 Et
1534 2740 1610 2794 eis
1637 2739 1740 2793 hoc
1765 2755 1885 2795 vo-o

285 2828 536 2894 lentibus,
570 2828 670 2884 hoc
701 2829 1036 2884 servantibus
1073 2830 1284 2898 quando
1325 2841 1500 2901 potest
1548 2833 1858 2901 contingere

284 2917 340 2972 in
371 2919 548 2973 terra?
578 2919 736 2973 Forte
752 2927 931 2972 custos
961 2920 1072 2988 ipse
1101 2921 1182 2973 fur
1204 2921 1324 2975 erit.
1357 2921 1467 2974 lloc
1488 2923 1741 2975 Dominus
1763 2923 1855 2976 Je-

285 3023 378 3064 sus
407 3009 650 3064 Christus
686 3010 986 3078 attendens,
1042 3011 1168 3080 quid
1213 3012 1377 3066 velint
1423 3013 1688 3080 homines,
1730 3013 1858 3082 quid

285 3107 564 3164 conentur,
596 3114 716 3153 cum
748 3114 833 3154 res
857 3113 981 3154 suas
1007 3101 1294 3156 servantia
1339 3111 1496 3167 terra,
1540 3103 1687 3156 dedit
1725 3117 1858 3156 con-

286 3187 484 3243 silium.
517 3189 575 3242 ln
599 3190 734 3244 ctelo
758 3198 988 3254 servate,
1021 3190 1150 3244 mihi
1177 3192 1562 3246 commendate.
1605 3192 1704 3260 Qui
1731 3206 1858 3262 ergo

283 3279 442 3350 jussit
467 3288 520 3334 te
547 3279 694 3346 dare,
726 3295 830 3332 non
865 3289 914 3334 te
959 3279 1121 3333 voluit
1161 3280 1404 3348 perdere,
1460 3282 1550 3335 sed
1603 3283 1855 3351 migrare.

284 3368 558 3425 Prmcedat
583 3380 632 3424 te
661 3379 964 3424 secuturum
993 3384 1080 3424 res
1112 3379 1218 3422 tua.
1247 3371 1398 3435 Quod
1428 3369 1551 3424 illnc
1581 3387 1686 3425 non
1720 3387 1858 3440 prai-

288 3459 452 3515 mittis
478 3461 520 3526 ’,
552 3459 640 3514 ubi
683 3459 769 3514 diu
799 3475 904 3514 non
933 3460 1058 3525 eris,
1091 3460 1178 3514 ubi
1209 3469 1327 3528 post
1358 3469 1408 3512 te
1439 3460 1556 3528 quis
1585 3461 1858 3530 possidere

286 3552 428 3620 quod
451 3552 668 3606 servasti
693 3551 880 3620 possit,
935 3553 1164 3620 ignoras.
1219 3551 1356 3604 Leva
1405 3551 1528 3605 hinc
1564 3567 1690 3621 ergo
1718 3552 1858 3622 quod

287 3643 482 3714 diligis,
505 3657 572 3698 ne
587 3642 674 3698 hic
697 3642 961 3712 diligendo
985 3642 1207 3708 hmreas,
1238 3650 1290 3696 et
1317 3643 1565 3697 haerendo
1587 3643 1778 3711 perdas
1806 3652 1861 3698 et

287 3749 496 3804 pereas.
531 3735 783 3788 Dominus
811 3743 931 3787 tuus
953 3733 1067 3800 ipse
1095 3741 1178 3786 est
1197 3717 1378 3786 custos
1399 3741 1520 3786 tuus
1545 3741 1600 3788 et
1625 3742 1856 3788 tuorum.

288 3821 346 3878 Si
375 3825 578 3878 amicus
607 3831 724 3878 tuus
755 3821 1030 3876 familiaris
1059 3822 1128 3876 de
1154 3821 1424 3876 frumento
1453 3823 1672 3876 forsitan
1725 3837 1857 3876 con-

287 3914 550 3970 servando
571 3915 834 3983 ignoranti
861 3913 1140 3967 consilium
1179 3913 1350 3979 daret,
1375 3923 1432 3967 ut
1479 3913 1546 3968 de
1592 3913 1859 3968 inferiori-

287 4008 388 4063 bus
417 4005 484 4062 ad
513 4007 786 4077 superiora
807 4007 1032 4072 levares,
1052 4007 1138 4060 ubi
1164 4007 1354 4062 melius
1375 4022 1618 4062 servares
1639 4025 1652 4074 ;
1671 4025 1861 4085 nonne

284 4097 566 4153 consilium
593 4098 708 4166 ejus
740 4097 1008 4166 acciperes
1036 4097 1140 4167 (d)?
1170 4097 1267 4152 Dat
1293 4113 1422 4168 ergo
1468 4099 1597 4154 illud
1635 4101 1726 4154 tibi
1757 4101 1864 4155 Do-

285 4188 466 4243 minus
496 4197 614 4242 tuus
648 4202 785 4242 :nec
835 4195 888 4242 te
929 4187 1042 4242 vult
1071 4189 1361 4258 corrumpi,
1409 4203 1509 4244 nec
1558 4201 1663 4244 tua.
1714 4191 1861 4246 Pone

285 4279 396 4346 hic,
419 4279 464 4334 si
487 4293 590 4333 non
617 4277 697 4333 vis
736 4277 979 4346 perdere.
1011 4277 1104 4332 Vis
1147 4277 1288 4334 scire
1333 4279 1460 4348 quid
1500 4281 1720 4350 agatur?
1749 4281 1862 4351 Ego

285 4361 400 4416 scio
430 4361 570 4432 quod
598 4376 754 4416 nemo
779 4361 970 4416 melius
996 4360 1064 4416 de
1090 4359 1284 4416 fabrica
1303 4362 1403 4416 ista
1425 4365 1706 4418 consilium
1729 4365 1860 4420 dare

285 4459 488 4522 potest,
519 4451 620 4505 nisi
649 4451 736 4520 qui
787 4449 1068 4505 feciteam.
1109 4451 1186 4504 Tu
1208 4451 1358 4518 dicis,
1413 4452 1514 4507 Ubi
1563 4453 1862 4523 reponam?

289 4541 616 4612 Respondet,
639 4541 696 4596 In
735 4541 872 4596 cmlo
903 4559 916 4594 :
949 4543 1026 4596 sic
1047 4543 1188 4596 enim
1219 4543 1312 4609 ait,
1343 4541 1700 4599 Tltesaurizate
1725 4545 1859 4601 vobis

289 4635 549 4690 thesauros
573 4635 626 4686 in
645 4633 788 4699 caelo,
819 4632 902 4686 ubi
929 4632 1013 4702 {ur
1031 4649 1132 4687 non
1175 4633 1376 4704 effodit,
1411 4651 1566 4704 neque
1587 4637 1720 4688 tinea
1744 4652 1858 4690 cor-

285 4725 524 4795 rumpit:
553 4723 637 4778 ubi
662 4723 792 4777 cnim
836 4723 928 4776 erit
969 4723 1232 4777 thesaurus
1282 4734 1416 4788 tuus,
1465 4725 1534 4778 ibi
1567 4726 1658 4778 erit
1695 4735 1742 4780 et
1775 4741 1864 4781 cor

286 4857 502 4909 absurdi.
527 4865 625 4916 Quo
647 4856 698 4906 tit
719 4865 774 4908 ut
793 4855 973 4906 follium
995 4864 1046 4906 et
1065 4855 1322 4906 solidorum
1339 4859 1623 4908 nostratium
1645 4859 1860 4910 valorem

287 4921 518 4970 eumdem
541 4919 782 4980 conjicere
805 4917 966 4975 liceat,
991 4917 1071 4968 vel
1092 4919 1301 4968 adipem.
1330 4927 1501 4968 Vertun
1527 4921 1630 4969 hace
1659 4921 1724 4968 de
1747 4921 1862 4970 l'olle

287 4981 584 5042 accipienda,
607 4987 846 5042 quatenus
880 4987 1066 5029 certum
1088 4981 1266 5042 nummi
1309 4993 1468 5040 genus
1488 4981 1736 5042 signiﬁcat.
1764 4982 1864 5030 Fol-

287 5041 370 5092 liis
392 5039 522 5104 enim
542 5039 648 5090 alia:
671 5050 784 5104 sunt
807 5043 854 5090 in
877 5053 933 5104 re
959 5041 1232 5103 pecuniaria
1253 5039 1475 5090 noiioues
1490 5077 1504 5102 ,
1532 5039 1642 5104 quae
1674 5041 1736 5090 ad
1755 5055 1862 5092 rem

285 5103 384 5152 hoc
405 5101 510 5150 loco
533 5115 628 5150 non
652 5103 842 5152 laciunt.
868 5101 1004 5150 sirm.

356 5165 536 5272 Fili-mil
555 5175 618 5211 ex
641 5163 808 5212 codice
830 5177 872 5212 r.
889 5197 902 5223 ,
927 5163 1022 5226 egit
1043 5167 1094 5213 ut
1117 5161 1364 5226 preniteret
1394 5173 1518 5211 ctan.
1554 5161 1715 5223 Abest,
1748 5161 1862 5226 egit,

381 5237 424 5272 lc
460 5259 473 5272 .
537 5237 580 5272 ε.

339 5225 473 5274 Mich.
499 5231 580 5274 his.

353 5286 375 5318 ³
399 5291 536 5334 Forte
557 5285 718 5344 deest,
737 5282 818 5336 hic
839 5284 1036 5336 dimittis
1053 5283 1136 5335 ubi
1162 5284 1246 5334 diu
1267 5297 1360 5334 non
1381 5281 1494 5334 eris.

355 5347 693 5408 fmtendatus
714 5345 772 5408 ad
807 5360 849 5394 r.
881 5361 928 5395 v.
965 5353 1014 5394 et
1036 5348 1094 5395 ad
1117 5348 1250 5408 vign.

287 5407 438 5518 ﬁngas]
465 5405 660 5470 Reliqua
683 5407 835 5456 babes
857 5408 908 5455 in
936 5405 1266 5468 Sermone'tio,
1289 5421 1338 5456 ιι.
1363 5405 1395 5455 8
1413 5413 1466 5457 et
1480 5419 1610 5469 seq.,
1631 5405 1866 5470 usquead

360 5481 456 5518 em.

353 5530 427 5589 (b)
463 5528 601 5586 Alias,
627 5528 757 5576 inter
779 5529 1092 5584 Vignerianos
1115 5529 1190 5577 15.

351 5599 420 5662 (_c)
457 5597 508 5642 In
543 5594 888 5662 manuscriptis
908 5596 1186 5662 assignatur
1199 5597 1408 5648 Sabbato
1433 5603 1542 5662 post
1567 5598 1866 5649 Dominicam

283 5655 512 5718 quintam
554 5655 966 5718 Quadragesimw.
1010 5655 1287 5707 'Mendosus
1327 5665 1382 5709 et
1429 5655 1631 5710 mutilus
1676 5671 1869 5718 sermo,

287 5717 382 5786 sed
404 5721 656 5786 penderes
680 5715 941 5786 nihil-fere
963 5719 1160 5786 h_:ibens
1181 5724 1551 5773 dissentaneum
1571 5715 1866 5786 Augustino.

361 5775 436 5839 (tl)
465 5777 584 5826 Vide
614 5791 764 5826 serra.
799 5779 880 5836 60,
909 5791 958 5826 ιι.
987 5779 1032 5828 7.

575 5865 842 5924 ΡΑτιιοι..
881 5863 1174 5926 XXXIX.

1611 358 1840 417 SERMO
1875 356 2138 415 CCCXCI.

3387 363 3526 424 i706

1954 476 2094 523 tuum
2131 465 2340 540 (Matth.
2369 465 2441 534 vi,
2473 467 2542 524 20
2568 475 2613 523 et
2639 469 2751 540 21).
2785 469 2977 541 Accipe
3014 468 3315 540 consilium,
3347 470 3506 527 obsta

1955 559 2048 614 tibi
2077 559 2205 613 tanti
2233 559 2410 614 horrei
2455 561 2689 630 Optione,
2743 561 2880 615 unde
2927 562 3020 616 tibi
3048 577 3152 618 uon
3189 563 3366 620 tabula
3411 577 3526 620 sus-

1953 663 2118 718 pensa
2143 656 2224 702 est
2243 657 2300 702 ut
2326 659 2582 719 perpetuo
2611 650 2934 718 possideres.

2025 737 2078 791 2.
2109 737 2314 791 Divitiae
2339 739 2390 791 in
2411 739 2590 792 etclam
2617 740 2869 809 eroganda
2900 741 3144 796 levantur.
3181 739 3522 815 Elecmosyna

1955 828 2098 896 [enus
2127 829 2266 894 apud
2291 828 2472 882 Deum.
2496 830 2710 896 Quaeres
2727 829 2951 884 fortasse
2971 833 3236 900 quomodo
3263 833 3388 888 illuc
3411 849 3528 890 rem
3573 823 3576 827 ’

1955 925 2096 970 tuam
2129 917 2450 972 leves?Noli
2475 929 2724 986 aestuare,
2783 929 2838 976 et
2883 923 3162 990 cogitando
3209 925 3382 981 scalas
3431 934 3527 982 aut

1956 1007 2124 1075 aliqua
2157 1008 2580 1063 machinamenta
2627 1026 2886 1079 qurerere.
2919 1012 3025 1066 Sed
3073 1015 3338 1083 quomodo
3387 1017 3530 1073 solet

1956 1097 2068 1150 fieri
2095 1099 2294 1153 civibus
2317 1115 2536 1170 peregre
2574 1103 2890 1167 constitutis,
2925 1103 3006 1158 fac
3053 1104 3390 1174 trajectitium
3423 1105 3524 1180 (a).

1955 1185 2103 1240 Multi
2133 1203 2259 1242 sane
2289 1188 2390 1244 hoc
2419 1189 2638 1256 faciunt,
2669 1206 2790 1245 cum
2829 1191 3046 1248 idoneos
3073 1193 3369 1258 inveniunt,
3400 1195 3530 1250 dant

1955 1277 2194 1348 impigre.
2225 1279 2371 1334 Fecit
2395 1281 2646 1336 Dominus
2674 1293 2792 1338 tuus
2819 1282 3086 1350 Christus,
3116 1301 3324 1341 sursum
3351 1287 3524 1355 dives,

1955 1366 2040 1420 hic
2095 1383 2310 1437 panper.
2367 1371 2544 1424 Esurit
2601 1372 2690 1427 hic
2723 1391 2734 1425 :
2766 1374 3102 1442 trajectitium
3165 1390 3196 1429 a
3249 1385 3301 1431 te
3375 1378 3528 1444 petit,

1953 1474 2158 1528 aequum
2199 1463 2480 1522 restituet.
2509 1462 2643 1530 Quid
2691 1479 2818 1534 ergo
2861 1464 3089 1532 dubitas,
3147 1481 3314 1536 quare
3349 1466 3531 1524 ditl'ers

1953 1547 2223 1604 dare?aut
2251 1567 2356 1606 non
2388 1561 2470 1607 est
2515 1553 2736 1608 idoneus
2763 1555 3024 1610 reddere?
3069 1555 3144 1610 Da
3185 1557 3528 1625 pauperibus,

1953 1655 2058 1694 non
2081 1641 2292 1709 perdes,
2319 1643 2422 1695 noli
2451 1643 2640 1698 timere
2667 1661 2679 1695 :
2711 1645 2808 1712 ipsi
2835 1644 2951 1708 das,
2977 1659 3100 1700 cum
3133 1645 3222 1700 uni
3251 1661 3320 1701 ex
3362 1647 3527 1700 minio

1952 1729 2054 1782 mis
2080 1730 2194 1799 ejus
2222 1729 2335 1784 das.
2365 1731 2500 1784 Audi
2525 1731 2890 1802 Evangelium.
2913 1732 3046 1788 Cum
3067 1733 3139 1788 illi
3162 1734 3228 1788 ad
3249 1734 3529 1790 dexteram

1955 1819 2110 1886 positi
2138 1829 2566 1887 expavescerent,
2594 1821 2917 1874 enumeratis
2939 1823 3252 1890 quihusdam
3281 1823 3526 1878 necessi-

1955 1907 2169 1974 tatibus,
2198 1909 2451 1975 dicentes,
2513 1911 2728 1976 Quando
2755 1919 2802 1964 te
2828 1911 3044 1965 vidimus
3071 1913 3124 1964 in
3150 1913 3226 1965 Itis
3255 1913 3279 1966 ?
3301 1928 3532 1982 respon-

1955 1997 2044 2051 det
2069 1997 2344 2062 Dominus,
2377 1999 2503 2052 Cum
2527 2001 2614 2051 uni
2635 2017 2696 2052 ea:
2723 2001 2941 2054 minimis
2990 2003 3113 2056 meis
3154 2003 3362 2072 fecistis,
3405 2002 3532 2055 mihi

1959 2090 2142 2160 fecistis
2165 2087 2272 2158 (Id.
2303 2105 2423 2154 xxv,
2453 2089 2663 2159 57-40).
2681 2090 2812 2158 Ego,
2838 2091 3072 2160 inquam,
3096 2093 3296 2160 accepi,
3322 2093 3535 2162 quando

1955 2193 2153 2248 pauper
2177 2183 2379 2248 accepit
2409 2199 2422 2234 :
2447 2183 2498 2234 in
2531 2183 2621 2236 illo
2648 2183 2967 2250 esurieham,
2993 2185 3044 2238 in
3062 2183 3154 2238 illo
3178 2185 3424 2240 satiabar.
3459 2185 3535 2239 Da

1956 2285 2174 2324 securus
2207 2289 2220 2322 :
2253 2272 2508 2326 Dominus
2561 2275 2772 2341 accipit,
2817 2275 3070 2328 Dominus
3099 2275 3248 2344 petit.
3298 2273 3416 2328 Non
3441 2275 3542 2330 hau

1955 2359 2112 2414 beres
2135 2359 2274 2429 quod
2295 2361 2344 2414 ei
2371 2361 2544 2426 dares,
2591 2361 2696 2415 nisi
2721 2363 2864 2430 prius
2892 2363 2958 2417 ab
2999 2363 3091 2416 illo
3143 2364 3435 2432 acciperes.
3475 2364 3535 2420 Si

1957 2449 2199 2504 homines
2226 2449 2514 2516 fenerares,
2539 2467 2789 2521 gravares
2815 2470 2826 2504 :
2857 2469 2960 2506 non
2994 2461 3074 2507 est
3099 2453 3183 2507 hic
3202 2455 3320 2508 talis
3344 2455 3431 2524 qui
3461 2455 3536 2510 fe-

1957 2552 2088 2590 nore
2117 2547 2385 2605 gravetur.
2408 2539 2464 2592 Si
2489 2539 2568 2592 vis
2614 2539 2882 2594 fenerator
2907 2557 3047 2608 esse,
3094 2546 3234 2611 apud
3281 2559 3369 2598 me
3396 2553 3534 2611 esto,

1957 2627 2084 2682 dicit
2111 2627 2202 2681 tibi
2245 2630 2402 2694 Deus,
2449 2629 2578 2682 mihi
2619 2630 2726 2683 da:
2755 2645 2854 2700 ego
2897 2645 3018 2684 cum
3060 2633 3236 2686 usuris
3283 2635 3536 2688 restituo.

1958 2717 2072 2770 Jam
2103 2733 2244 2770 nunc
2263 2719 2406 2788 erige
2437 2727 2520 2784 te;
2550 2719 2708 2772 dilata
2756 2721 3031 2773 avaritiam
3073 2729 3238 2774 tuam.
3281 2721 3386 2777 Pro
3431 2737 3539 2779 uno

1957 2809 2096 2864 forte
2145 2809 2334 2874 solido,
2369 2825 2472 2862 non
2519 2810 2727 2876 decem,
2789 2827 2896 2866 non
2958 2821 3193 2880 centum,
3233 2827 3338 2866 non
3369 2813 3532 2880 mille,

1959 2913 2064 2953 non
2097 2906 2314 2964 terram,
2357 2899 2450 2952 sed
2475 2901 2667 2954 oculum
2705 2909 3016 2968 accepturus
3036 2917 3116 2956 es.
3162 2901 3218 2956 Si
3265 2903 3421 2957 dares
3463 2902 3535 2956 li-

1959 2989 2108 3044 bram
2131 2991 2402 3042 aeramenti
2431 2999 2486 3044 et
2509 2991 2780 3059 acciperes
2809 2993 3032 3061 argenti,
3085 3001 3176 3046 aut
3209 2993 3399 3048 libram
3443 3009 3536 3050 ar—

1959 3081 2101 3151 genti
2123 3091 2174 3135 et
2204 3083 2471 3150 acciperes
2498 3083 2633 3148 auri,
2661 3081 2870 3136 felicem
2917 3091 2969 3138 te
3006 3083 3280 3154 gauderes.
3309 3085 3538 3140 Mutabi-

1963 3180 2047 3226 tur
2073 3189 2258 3227 revera
2282 3173 2422 3243 quod
2444 3173 2565 3238 das;
2600 3189 2706 3226 non
2734 3190 2938 3240 aurum,
2967 3190 3074 3229 non
3099 3184 3400 3245 argentum,
3431 3177 3527 3233 sed

1961 3263 2066 3318 vita
2097 3272 2294 3318 aeterna
2321 3263 2415 3317 tibi
2461 3263 2568 3316 fiet.
2612 3264 2920 3331 Mutabitur,
2963 3265 3084 3333 quia
3129 3272 3186 3319 tu
3223 3267 3534 3323 mutaberis.

1962 3353 2062 3421 Qui
2087 3353 2249 3418 dedit,
2279 3355 2370 3408 ﬁet
2395 3355 2632 3424 angelus.
2682 3355 2831 3420 Quod
2857 3355 3022 3420 dedit,
3055 3357 3146 3411 iiet
3170 3356 3326 3412 sedes
3373 3372 3538 3429 ange-

1962 3445 2081 3500 lica.
2107 3445 2419 3500 Remedium
2443 3462 2548 3500 non
2578 3455 2660 3501 est
2683 3447 2824 3516 quod
2869 3447 3060 3503 liberet
3103 3463 3134 3502 a
3187 3460 3379 3516 morte,
3433 3453 3538 3508 nisi

1961 3535 2320 3604 eleeniosyna.
2351 3535 2571 3589 Difficile
2597 3545 2677 3590 est
2705 3537 2864 3590 vitam
2885 3536 3040 3591 istam
3062 3537 3257 3592 ducere
3273 3539 3388 3594 sine
3407 3555 3536 3610 pec-

1963 3623 2096 3676 catis
2137 3623 2351 3676 cuilibet
2377 3623 2668 3676 hominum.
2699 3625 2928 3693 Erogate
2975 3639 3122 3694 ergo,
3171 3625 3368 3682 fratres
3403 3630 3530 3696 moi,

1963 3714 2259 3768 distribuite
2281 3728 2370 3768 res
2398 3723 2598 3768 vestras
2631 3731 2646 3766 :
2673 3712 2832 3767 facile
2857 3714 3006 3768 vobis
3033 3715 3278 3771 sacculos
3305 3731 3412 3772 non
3438 3734 3532 3775 ve-

1967 3813 2310 3871 terascentes,
2331 3806 2640 3859 thesaurum
2676 3814 2978 3859 manentem
3022 3805 3076 3860 in
3131 3808 3288 3863 caelo.
3337 3809 3534 3867 Audito

1963 3897 2230 3952 Psalmum
2260 3915 2272 3949 :
2301 3897 2598 3967 Quanquam
2623 3897 2676 3951 in
2699 3898 2919 3967 imagine
2945 3898 3173 3952 ambulat
3198 3901 3378 3966 homo,
3411 3917 3542 3956 vane

1964 3997 2130 4042 autem
2176 3990 2538 4053 conturbatur;
2577 3989 2900 4053 thesaurizat,
2946 3998 2992 4043 et
3029 3991 3182 4044 nescit
3209 3993 3292 4045 cui
3332 3992 3540 4064 colligat

1966 4081 2138 4152 (Psal.
2164 4097 2379 4149 xxxviii,
2412 4081 2490 4152 7).
2521 4079 2648 4134 Date
2667 4091 2714 4134 et
2743 4080 2945 4136 dabitur
2965 4083 3100 4137 vobis
3133 4081 3281 4156 (Luc.
3306 4078 3529 4156 v1.38).

2427 4213 2656 4270 SERMO
2689 4213 2952 4270 cccxcr
2981 4211 3076 4287 (ι).

2531 4327 2612 4381 Ad
2627 4329 2838 4398 juvenes
2870 4325 2967 4400 (c).

2038 4463 2090 4516 1.
2123 4459 2169 4533 4
2195 4461 2466 4533 tentatione
2485 4459 2626 4533 nulla
2649 4470 2772 4514 tetas
2797 4471 2962 4533 vacat.
3005 4459 3128 4516 Non
3171 4462 3402 4533 puerilis.
3431 4464 3540 4533 ,Ad

1965 4547 2061 4586 vos
2083 4531 2523 4602 mihisermoest,
2557 4532 2846 4602 ojuvenes,
2878 4531 2976 4586 flos
3010 4531 3202 4592 artatis,
3237 4532 3538 4602 periculum

1964 4601 2176 4656 mentis.
2229 4601 2460 4668 Tempus
2496 4601 2706 4670 quidem
2751 4615 2928 4664 omne,
2970 4611 3128 4670 atque
3175 4601 3348 4654 omnis
3384 4609 3536 4668 aetas,

1965 4687 2066 4740 qua
2091 4672 2448 4739 corruptibilis
2491 4685 2618 4724 caro
2645 4670 2730 4724 illa
2763 4681 3022 4738 portatur,
3065 4685 3271 4740 vacare,
3301 4683 3330 4720 a
3365 4677 3543 4740 tenta—

1967 4738 2200 4795 tionibus
2253 4738 2358 4794 non
2401 4749 2591 4809 potest.
2641 4741 2708 4793 Et
2752 4741 2947 4794 tamdiu
2992 4740 3218 4808 quiSque
3261 4739 3431 4809 bonus
3479 4738 3536 4809 in

1931 4841 1936 4844 -
1966 4825 2134 4879 agone
2165 4807 2412 4872 luctatur,
2443 4825 2508 4862 ne
2529 4810 2596 4870 ab
2619 4809 2926 4862 adversario
2949 4807 3250 4878 superetur.
3299 4807 3351 4859 in
3391 4807 3540 4879 peri-

1966 4877 2100 4934 culis
2120 4879 2248 4948 agit,
2277 4879 2526 4948 quamdiu
2553 4893 2672 4932 cum
2703 4879 2812 4942 illo,
2831 4880 2965 4932 sicut
2983 4877 3033 4930 in
3050 4890 3282 4948 arenoso
3305 4877 3538 4944 quodam

1967 4945 2266 5014 statlio,'sic
2297 4945 2346 5000 in
2371 4948 2466 5002 ista
2497 4948 2814 5000 mortalitate
2834 4945 3126 5001 contendit.
3159 4945 3276 4999 Mox
3305 4949 3446 5000 enim
3479 4956 3540 5003 ut

1968 5019 2127 5072 homo
2153 5018 2347 5070 sarculo
2373 5019 2623 5080 nascitur,
2641 5028 2690 5070 et
2723 5019 2882 5070 vitam
2909 5016 3116 5084 plenam
3135 5015 3387 5078 miseriae.
3417 5017 3536 5071 vel-

1969 5097 2026 5141 ut
2077 5087 2337 5158 propheta
2365 5087 2524 5140 futuri
2553 5087 2748 5158 laboris
2774 5087 2884 5158 sui,
2927 5085 3199 5158 pra-conio
3228 5085 3542 5158 lacrymostn

1967 5154 2114 5212 voris
2141 5154 2460 5226 iiigreditur;
2483 5158 2641 5210 etiam
2669 5157 2712 5209 si
2749 5154 2980 5207 nondum
3010 5154 3068 5226 in
3117 5155 3296 5226 animo
3326 5154 3454 5226 suo,
3485 5156 3540 5209 in

1967 5227 2147 5282 animo
2183 5223 2354 5282 tamen
2382 5237 2656 5297 parentum
2677 5239 2894 5302 suorjtm
2941 5223 3026 5278 vel
3054 5223 3416 5294 quorumlibet
3437 5223 3539 5278 ho-

2032 5401 2053 5421 ‘
2075 5399 2362 5448 amendatos
2381 5396 2440 5446 ad
2461 5411 2508 5444 ν.
2539 5401 2590 5444 et
2611 5394 2670 5444 ad
2691 5403 2790 5446 Am.
2825 5399 2900 5443 Er.
2925 5399 3027 5443 Par.
3047 5398 3159 5444 Lor.

2053 5461 2104 5522 α)
2139 5461 2252 5508 \‘ithe
2273 5472 2422 5508 scrin.
2445 5457 2525 5516 42,
2547 5469 2598 5506 ιι.
2619 5456 2666 5505 2.

2058 5523 2106 5582 b)
2139 5521 2275 5574 Alias.
2296 5521 2360 5568 de
2383 5526 2622 5580 Tempore
2637 5515 2746 5567 M6.

2957 5577 3158 5650 habent,
3181 5572 3549 5650 ιρρρςξξί-ιὶιξιιω

1972 5634 2410 5702 νεξῗιίιῖιιξῖὲιιεθι
2445 5661 2501 5695 ac
2533 5634 2823 5701 V’indingns.
2869 5640 2967 5705 Iste
2999 5649 3146 5705 porro
3177 5634 3250 5705 ab_
3283 5634 3402 5705 stilo
3432 5635 3556 5705 Arn-

2232 5693 2799 5760 dicii'nouiabhorrere,
2825 5703 2911 5764 sed
2951 5693 3270 5764 profectoab
3312 5693 3547 5760 Augusti-

1973 5759 2131 5827 Bitiae;
2142 5759 2374 5838 priorum
2406 5781 2642 5820 annorum
2663 5764 2793 5813 haud
2818 5759 3049 5810 abhorret
3070 5759 3240 5820 magis.

2625 5839 3310 5928 (Cinquante-quatrc.)
