4006 6456
270 333 409 393 I709

258 440 352 499 rit.
383 437 492 511 Nec
510 438 578 495 de
602 438 791 511 vestris
813 437 1009 494 divitiis
1042 440 1156 497 hanc
1182 448 1493 496 ornamenta
1524 441 1837 511 proferatis:

256 511 381 584 quia
404 508 796 584 oditsuperbos
819 518 876 584 _et
903 512 1052 584 quasi
1092 511 1161 566 de
1188 526 1287 571 suo
1312 527 1371 584 se
1390 508 1595 584 jactare
1614 516 1840 584 cupien-

256 578 358 656 t_'es.
394 578 529 645 Quid
552 588 718 656 autem
742 579 891 656 habes
1073 597 1173 635 non
1193 578 1427 656 acc_episti
1446 581 1496 652 (l
1515 581 1631 656 Cor.
1655 578 1726 651 tv,
1746 586 1799 656 7)
1816 586 1841 638 ‘l

266 650 383 720 Ipsa
412 664 540 724 ergo
568 650 729 704 donat
747 649 888 724 unde
905 651 977 724 illi
1006 653 1233 721 placeas.
1261 649 1489 724 Tantum
1516 652 1674 723 dilige
1696 649 1836 724 eam,

254 732 309 775 et
335 720 568 775 servabit
596 728 681 785 te;
712 720 979 775 circumda
1010 720 1148 787 eam,
1169 730 1223 776 et
1248 723 1501 777 exaltabit
1527 720 1837 788 te;'honora

253 804 404 862 eam,
431 799 485 845 et
509 790 895 862 amplexabitur
916 799 975 862 te
1005 800 1108 862 :ut
1133 792 1223 847 det
1260 793 1419 862 capiti
1458 801 1548 848 tuo
1585 808 1841 851 coronam

252 860 542 928 gratiarum
575 859 764 935 (Prov.
787 876 859 927 tv,
901 861 977 931 9).
1025 860 1176 935 Qlara
1213 871 1286 935 est
1324 859 1380 917 et
1420 878 1538 935 quas
1581 881 1839 935 nunquam

253 939 522 1003 marcescet
549 930 798 1003 sapientia
816 972 831 997 ,
863 941 909 985 et
937 930 1091 1003 facile
1111 932 1360 985 invenitur
1396 930 1458 1003 ab
1487 933 1566 987 his
1602 930 1839 1003 qui'dili-

252 1009 380 1086 guns
419 999 764 1086 ἄραρε-(δαν.
804 1017 878 1082 vi,
913 999 1037 1086 Δ15ὶ⁶
1078 1002 1366 1086 Proponite
1392 999 1837 1086 liancadjungere

249 1068 429 1142 vobis,
454 1070 507 1124 in
533 1068 680 1142 iﬂam
701 1068 1059 1142 s‘uspirate,’in
1080 1068 1222 1126 illam
1243 1072 1594 1140 exardescite,
1615 1068 1667 1128 in
1692 1068 1836 1131 illam

248 1138 510 1215 deperite.
552 1138 843 1215 Te__ipsu_i_n
882 1140 1085 1215 abnega
1132 1143 1223 1197 tibi
1244 1158 1274 1215 ;Δ
1298 1143 1474 1215 neilli
1512 1138 1837 1215 te‘abneges

247 1207 375 1278 dum
408 1210 586 1278 places
613 1207 729 1265 tibi.
764 1209 885 1263 Non
926 1207 1071 1264 [tabat
1111 1212 1499 1266 amaritudinem
1529 1207 1835 1270 conversatio

246 1277 388 1349 illius
411 1277 526 1348 (Id.
559 1295 671 1342 vni,
702 1279 810 1349 16).
838 1279 894 1335 Si
920 1290 1182 1336 amatores
1208 1283 1356 1348 estis,
1386 1282 1523 1339 hanc
1550 1293 1755 1347 amate;
1786 1286 1833 1341 si

246 1348 472 1419 formosi
496 1349 644 1419 estis,
671 1348 780 1404 Deo
803 1351 1036 1419 placete;
1066 1352 1108 1405 si
1136 1352 1358 1419 juvenes
1388 1354 1537 1419 estis,
1564 1353 1833 1411 diabolum

246 1417 463 1492 vincite.
497 1418 775 1492 Daniclab
793 1417 1094 1492 angelovir
1118 1417 1507 1477 desideriorum
1526 1417 1834 1492 appellatus

244 1486 522 1561 estu(Dan.
552 1489 748 1561 x,_ll)_.
780 1486 909 1556 Quae
933 1490 1041 1561 illa
1076 1492 1192 1560 ejus
1225 1503 1377 1546 erant
1415 1486 1700 1561 desideria,
1730 1496 1833 1552 nisi

244 1556 437 1632 quibus
452 1558 503 1632 in
523 1556 795 1632 sapientia:
811 1556 1253 1632 pulchritudinem
1279 1562 1527 1618 ardenter
1558 1556 1829 1632 inhiabat;

244 1626 370 1695 quia
394 1628 525 1705 etin
550 1627 773 1705 juvenili
793 1626 949 1705 astate
968 1630 1192 1686 calcavit
1218 1633 1488 1705 lasciviam
1510 1674 1523 1698 ,
1556 1643 1609 1705 et
1646 1626 1830 1705 regum

244 1696 551 1819 siiperbjam
581 1699 774 1768 pressit
798 1700 1064 1769 captivus,
1096 1710 1149 1757 et
1179 1716 1272 1756 ora
1300 1696 1518 1758 leonum
1540 1696 1734 1760 clausii
1752 1705 1834 1763 in-

244 1780 277 1819 c
300 1780 425 1819 usus

243 1780 425 1821 CIUSUS

318 1835 385 1910 6.
403 1834 631 1892 Feminis
654 1838 803 1893 etiam
833 1840 1122 1910 junioribus
1149 1840 1283 1896 dicta
1304 1843 1620 1897 conveniunt.
1651 1842 1720 1899 In
1745 1861 1829 1899 ec-

245 1904 412 1978 clesiis
453 1924 556 1962 non
595 1923 649 1963 se
685 1904 946 1963 ostenient.
976 1910 1087 1965 Nec
1124 1927 1255 1978 vos,
1282 1914 1492 1968 femina:
1515 1913 1829 1970 adolescen-

246 1976 371 2031 tulae
392 2016 409 2041 ,
450 1978 681 2033 alienum
709 1994 739 2032 a
770 1979 922 2037 vobis
949 1976 1282 2038 arbitremini
1310 1984 1451 2038 hunc
1478 1998 1601 2038 esse
1626 2000 1830 2041 sermo.

246 2046 503 2123 nem._Ad
533 2062 628 2104 vos
654 2049 794 2123 enim
816 2066 977 2123 ,__non
1022 2060 1195 2107 tamen
1245 2062 1305 2107 ut
1345 2053 1663 2108 confundam
1688 2071 1782 2111 vos
1808 2098 1826 2123 ,

246 2114 366 2170 haec
389 2115 530 2183 dico,
576 2117 671 2174 sed
719 2126 778 2173 ut
822 2120 960 2173 filias
1002 2136 1148 2176 meas
1193 2122 1533 2183 charissimas
1576 2139 1769 2182 moneo
1810 2114 1824 2180 Ξ

238 2185 500 2260 juvenilia
536 2187 1023 2260 desideria__fugite.
1068 2190 1255 2260 Nuptze
1296 2190 1624 2259 Susannam,
1657 2195 1828 2251 vidua:

243 2257 477 2321 Annam,
509 2256 747 2332 virgines
784 2256 1023 2332 hiariamﬂ
1038 2256 1431 2332 cogitaterNec
1465 2263 1520 2316 in
1560 2256 1829 2332 publicum

245 2332 527 2395 propterea
556 2327 870 2395 procedatis,
908 2340 964 2383 ut
990 2327 1178 2385 florem
1205 2330 1312 2385 feni
1339 2334 1500 2387 vestri
1530 2327 1699 2390 oculis
1724 2335 1826 2390 ho-

244 2394 460 2466 minum
486 2394 756 2466 ostentare
796 2398 1088 2466 cupientes,
1128 2400 1185 2455 in
1224 2400 1385 2457 domo
1429 2402 1553 2456 vitae
1596 2415 1824 2460 mortem

242 2465 723 2539 qumratis._0mnis
742 2465 903 2539 enim
934 2484 1051 2539 caro
1078 2473 1277 2539 fenum,
1305 2479 1350 2524 et
1378 2471 1582 2526 claritas
1610 2474 1826 2530 hominis

243 2542 301 2611 ut
326 2536 483 2611 flores
505 2536 949 2611 {eni._Qu_id_ergo
977 2536 1179 2595 facietis
1204 2556 1326 2595 cum
1363 2540 1544 2598 fenum
1584 2547 1783 2599 aruerit
1806 2586 1822 2611 ,

245 2603 345 2681 llos
371 2603 631 2681 deciderit
642 2603 932 2681 {Verbum
966 2618 1153 2681 autem
1193 2611 1438 2678 Domini,
1477 2613 1618 2681 quod
1647 2603 1828 2671 manet

244 2672 298 2749 in
324 2683 579 2730 aeternum
612 2675 764 2748 (Isai.
788 2694 870 2742 xc,
896 2677 1035 2749 6-8),
1058 2681 1269 2737 cineres
1294 2672 1513 2739 vestros
1534 2699 1637 2737 non
1668 2683 1824 2741 facile

246 2744 584 2821 inventurum
622 2744 866 2821 putatisL
879 2744 1021 2821 quod
1051 2765 1192 2806 nunc
1220 2752 1457 2821 superba
1488 2754 1660 2809 aetatis
1693 2756 1823 2810 viri-

242 2813 420 2893 ditate
430 2813 806 2893 contemnitis?
827 2813 965 2893 Ecce
990 2820 1177 2893 iterum
1200 2813 1321 2893 dico
1340 2831 1498 2892 atque
1523 2833 1816 2893 contestor,

240 2883 496 2959 juvenilia
538 2886 802 2959 desideria
843 2888 1028 2959 fugite.
1074 2890 1129 2948 Si
1172 2892 1365 2948 auditis
1390 2883 1511 2958 hoc,
1543 2895 1589 2949 si
1618 2883 1827 2951 obtem;

242 2956 480 3027 peratis,
537 2957 581 3010 si
655 2956 924 3027 tanquam'
946 2960 1039 3016 Dei
1083 2962 1301 3016 verbum
1345 2978 1467 3017 cum
1498 2956 1718 3020 honore
1770 2975 1825 3024 et

244 3025 435 3103 timore
460 3025 885 3103 suscipitis,__non
898 3030 1083 3103 solum
1109 3032 1320 3103 pulchri,
1341 3042 1465 3088 ante
1492 3037 1675 3089 oculos
1702 3035 1819 3103 Dei,

239 3094 337 3149 sed
365 3096 520 3150 etiam
548 3094 662 3151 sani
689 3099 860 3153 eritis.
893 3099 950 3154 Si
986 3094 1163 3155 autem
1202 3102 1268 3156 de
1309 3102 1408 3157 hac
1455 3094 1822 3163 admonitione

242 3173 423 3241 nostra
440 3166 617 3241 etiam
643 3167 796 3237 jocos
821 3168 1058 3241 fortasse
1083 3173 1370 3227 amatorios
1392 3173 1542 3227 vobis
1573 3173 1777 3231 faciatis
1802 3194 1818 3241 ;

238 3233 309 3289 de
356 3235 484 3304 ipsis
528 3233 861 3293 ferramentis
901 3240 1092 3295 medici
1121 3242 1394 3297 mortifera
1420 3244 1573 3297 vobis
1599 3233 1819 3302 vulnera

238 3304 507 3391 inﬂigetis.
541 3306 708 3391 ,ρει-ιθ
745 3307 914 3391 .l_uda2i
962 3310 1052 3391 qui
1107 3312 1821 3391 Dontinum_crucifixerunt

236 3372 261 3445 (
287 3372 411 3431 cum
455 3376 717 3452 audimus,
751 3372 1121 3452 horrescimus
1146 3389 1202 3436 et
1226 3382 1422 3452 ingenti
1452 3386 1819 3443 exsecratione

236 3446 648 3528 prosequimur),
673 3447 767 3502 sed
800 3458 972 3504 tamen
1001 3451 1075 3504 illi
1098 3446 1425 3528 cumdésua
1452 3454 1655 3528 luxuria
1673 3458 1820 3528 cogi-

236 3524 435 3589 tarent,
462 3516 833 3589 deliciosorum
863 3534 1109 3589 agrorum
1139 3521 1453 3578 solitudines
1487 3516 1818 3582 meditabavn-

234 3593 364 3665 tur,
387 3584 623 3665 dicentes
657 3605 670 3640 :
705 3587 755 3641 Ν
762 3584 923 3665 ullum
950 3601 1152 3665 pratum
1178 3592 1242 3665 sit
1269 3593 1535 3665 quodnon
1557 3608 1817 3665 pertrans-

232 3665 317 3708 eat
345 3656 547 3735 luxuria
593 3666 768 3735 nostra
795 3656 1033 3735 (Sepftt,
1066 3661 1146 3731 8).
1177 3656 1456 3735 Quomodo
1480 3656 1609 3734 ergo
1636 3681 1819 3735 parce-

233 3735 317 3780 ret
343 3724 590 3805 Ch_r_isto_,
623 3729 665 3783 si
696 3724 817 3805 eum
861 3724 1151 3805 invenisset
1284 3742 1457 3805 terra,
1485 3724 1575 3805 qui
1602 3724 1815 3805 quidem

234 3810 341 3849 non
365 3797 597 3868 solitaria
625 3808 770 3868 prata
794 3800 1063 3857 irritandis
1094 3802 1403 3865 libidinibus
1428 3797 1559 3867 suis,
1588 3797 1681 3860 sed
1707 3808 1816 3862 fre-

229 3867 609 3942 quentissimas
629 3867 886 3942 ecclesias
909 3871 1068 3942 elegit
1097 3874 1365 3942 regnantis
1396 3874 1449 3927 in
1475 3876 1649 3929 οωιοῖ
1681 3877 1815 3933 Ecce

231 3888 609 3935 quenttssunas
632 3888 884 3923 eCCIeSIaS
909 3888 1068 3942 elegit
1097 3888 1365 3995 regnantis
1396 3889 1449 3927 In
1475 3888 1649 3929 C(BIO'.’
1681 3888 1810 3933 Ecce

231 3936 799 4023 Ertippcontestorft
837 3938 996 4023 dico,
1029 3941 1290 4023 desineria
1332 3942 1586 4023 juvenilia
1628 3944 1810 4015 fugite.

230 4005 786 4081 Danielisdesideriis
814 4018 1054 4065 mstuate.
1086 4010 1239 4077 Filii,
1271 4028 1299 4066 a
1325 4005 1601 4081 juvenlute
1640 4005 1813 4071 vestra

226 4076 410 4151 eligite
457 4076 775 4151 doctrinam,
822 4086 890 4151 et
905 4095 1071 4151 usque
1098 4081 1165 4135 ad
1193 4076 1357 4139 canos
1405 4084 1685 4141 invenietis
1722 4101 1812 4141 sa-

228 4145 482 4215 pientiam
515 4146 701 4217 (Eccli.
730 4164 802 4214 vr,
834 4148 943 4220 l8).

666 4238 894 4295 διεκΜο
930 4239 1193 4297 cccxcu
1218 4247 1237 4268 ο
1265 4241 1362 4317 (α).

758 4330 841 4385 Ad
860 4334 1155 4404 conjugatos
1180 4334 1277 4407 (b).

294 4414 521 4475 CAPUT
560 4417 844 4475 PRIMUM.
887 4451 960 4461 —
998 4423 1048 4477 1.
1084 4422 1273 4478 Mulier
1296 4436 1502 4482 curvata
1528 4428 1809 4499 symbolum

221 4508 420 4578 generis
444 4509 672 4563 humani.
698 4512 1009 4580 Apostolum
1026 4513 1322 4571 audivimus
1344 4517 1497 4572 nobis
1520 4518 1804 4588 dicentem,

222 4598 495 4670 Legatione
538 4602 796 4672 fungimur
823 4620 916 4673 pro
946 4605 1177 4671 Christo,
1225 4609 1542 4665 exhortantes
1580 4614 1805 4667 reconci-

221 4690 342 4744 liari
366 4690 473 4745 Deo
505 4691 583 4763 (ll
611 4691 727 4747 Cor.
757 4709 810 4759 v,
840 4694 955 4766 20).
988 4696 1102 4755 Non
1133 4698 1506 4757 exhortaretur
1532 4710 1588 4756 ut
1611 4718 1805 4759 recon~

217 4781 562 4848 ciliaremur,
613 4784 715 4838 nisi
761 4786 959 4841 inimici
1004 4788 1306 4846 fuissemus.
1348 4791 1490 4862 Ergo
1519 4802 1633 4848 erat
1665 4802 1803 4853 totus

220 4874 452 4930 mundus
483 4876 724 4931 inimicus
758 4876 1019 4934 Salvatori
1040 4920 1055 4944 ,
1087 4882 1289 4935 amicus
1322 4885 1635 4952 captivatori
1662 4904 1673 4940 :
1700 4885 1802 4943 hoc

214 4973 323 5033 est,
368 4966 613 5023 inimicus
644 4969 771 5034 Deo,
806 4971 1008 5025 amicus
1035 4971 1267 5025 diabolo.
1313 4973 1378 5028 Et
1422 4983 1587 5032 totum
1632 4992 1800 5048 genus

281 5140 303 5162 ’
324 5139 613 5210 emendatus
648 5143 708 5195 ad
729 5143 851 5197 duos
871 5144 934 5196 el.
959 5145 1019 5196 ad
1041 5160 1117 5210 gr.
1148 5146 1231 5210 ph.
1251 5159 1343 5197 rm.
1370 5162 1416 5199 v.
1444 5156 1494 5199 et
1510 5149 1571 5199 ad
1592 5156 1692 5202 Am.
1718 5159 1792 5204 Er.

216 5207 321 5253 Par.
345 5208 456 5252 Lov.

301 5264 353 5323 a)
387 5262 527 5323 Alias,
550 5264 613 5314 49
635 5266 762 5317 inter
778 5267 1003 5321 Homilies
1021 5269 1101 5321 50.

301 5325 432 5396 b)__ln
469 5331 803 5396 manuscriptis
838 5327 973 5380 libris
1008 5331 1312 5396 Homiliarum
1334 5332 1682 5396 quinquaginta
1716 5338 1791 5388 in-

210 5387 460 5459 scribitur,
492 5405 514 5432 ι
535 5395 603 5437 De
620 5387 828 5459 muliere
850 5404 1013 5459 curva.
1039 5409 1061 5437 ii
1093 5400 1143 5459 In
1156 5392 1275 5459 Flori
1299 5387 1788 5459 au'tem'ooll'ectione,

212 5448 308 5519 et“
328 5449 873 5525 (³9³⁸·,Ῠηοὲρνίέμθί93ἱξ
891 5458 1057 5503 Sermo
1084 5455 1145 5525 ac!
1166 5456 1478 5525 conﬁsam:
1503 5472 1526 5500 ι
1550 5460 1621 5525 iis
1644 5448 1792 5525 euasi

219 5509 272 5585 in
296 5509 633 5585 vetustissimo
660 5512 1147 5585 ptsyhiinarconensi
1188 5523 1238 5585 et
1255 5509 1367 5566 aliis
1389 5518 1647 5585 nonnullis,

213 5569 310 5645 tuis
331 5572 637 5645 incodicibus
657 5573 901 5645 incipitad
925 5576 1092 5626 isthaec
1113 5579 1293 5637 verba,
1318 5590 1424 5645 cap.
1449 5578 1516 5645 2,_
1531 5596 1555 5626 ι
1589 5569 1786 5645 Αὑρίῖξ,

220 5648 246 5678 ι
267 5632 562 5701 charissim,
597 5651 620 5681 ι
650 5648 743 5687 nec
754 5632 1003 5701 lubeant:
1024 5651 1136 5701 quae
1176 5632 1455 5701 praemium
1484 5632 1551 5690 de
1573 5632 1790 5694 mulieris'

211 5705 374 5755 curva
410 5697 677 5746 sanatione.
709 5703 775 5745 Ex
804 5697 993 5747 duobus
1026 5697 1198 5749 saltem
1216 5702 1522 5751 sermonibus
1552 5716 1679 5753 unus
1692 5705 1788 5755 iste

215 5754 451 5828 conﬂatus
474 5765 585 5828 est_,
605 5760 743 5828 cujus
760 5827 763 5828 ν
778 5764 947 5828 partes
966 5756 1189 5813 dubitare
1214 5763 1291 5813 vix
1317 5761 1433 5814 licet
1460 5765 1579 5828 quin
1615 5754 1789 5818 omnes

213 5817 496 5873 pertineant
513 5818 571 5868 ad
592 5817 920 5882 Augustinum.

1596 329 1826 387 SERMO
1860 331 2149 395 CCCXC".

3395 362 3536 425 l'ﬂO

1953 445 2268 522 humanum,
2301 461 2550 527 tanquam
2591 454 2690 514 ista
2736 462 2945 531 mulier,
2991 476 3265 526 curvatum
3314 482 3428 529 erat
3464 473 3534 533 ad

1949 544 2169 595 terram.
2198 541 2315 598 Jam
2347 544 2648 618 intelligens
2684 551 2895 621 quidam
2940 556 3181 616 inimicos
3221 562 3371 633 istos,
3422 569 3535 627 cla-

1948 639 2060 685 mat
2087 631 2342 690 adversus
2371 651 2488 705 eos,
2517 646 2572 693 et
2594 638 2722 696 dicit
2749 642 2860 700 Deo
2886 663 2903 703 :
2929 645 3271 708 Curuaverunt
3307 631 3531 716 animum

1946 737 2112 817 meam
2135 722 2306 796 (Psal.
2340 742 2445 795 Lvi,
2488 730 2565 801 7).
2612 732 2864 792 Diabolus
2905 746 2960 794 et
2987 745 3158 813 angeli
3187 746 3302 817 ejus
3326 751 3533 808 animas

1947 811 2224 871 hominum
2263 832 2617 879 curvaverunt
2654 826 2720 881 ad
2754 837 2941 898 terras,
2970 833 3023 888 id
3051 811 3152 905 est,
3184 811 3241 893 ut
3268 855 3451 909 pronae
3478 846 3531 901 in

1945 917 2007 958 ea
2035 920 2154 975 qua:
2183 912 2493 980 temporalia
2521 925 2644 970 sunt
2667 926 2722 973 et
2744 927 2975 990 terrena,
2996 940 3221 995 superna
3251 947 3355 986 non
3379 950 3530 1003 qua»

1945 1006 2148 1052 rerent.
2195 998 2326 1055 Nam
2367 1005 2547 1074 utique
2594 1007 2694 1064 hoc
2736 1010 2863 1068 dicit
2901 1014 3158 1075 Dominus
3196 1020 3265 1078 de
3306 998 3529 1083 muliere

1944 1086 2045 1143 ista
2071 1129 2086 1153 ,
2134 1106 2293 1161 quam
2334 1096 2642 1167 alligaverat
2681 1112 2893 1160 satanas
2931 1123 3057 1165 ecce
3100 1111 3285 1169 decem
3325 1128 3378 1172 et
3406 1130 3530 1176 octo

1943 1182 2097 1236 annis
2126 1199 2139 1235 :
2170 1193 2221 1239 et
2246 1185 2356 1255 jam
2383 1193 2663 1258 oportebat
2689 1210 2808 1252 eam
2835 1200 2968 1256 solvi
2992 1217 3023 1256 a
3055 1206 3264 1262 vinculo
3306 1224 3438 1280 suo,
3473 1222 3528 1269 et

1941 1271 2075 1326 solvi
2103 1273 2155 1327 in
2182 1274 2268 1332 die
2294 1278 2519 1336 sabbati.
2549 1282 3019 1347 Calumniabantur
3047 1306 3223 1352 autem
3252 1271 3475 1372 erigenti
3504 1345 3521 1371 ,

1940 1362 2052 1460 qui,
2081 1365 2182 1419 nisi
2211 1370 2360 1460 curvi
2390 1370 2538 1441 (Luc.
2571 1392 2686 1443 xm,
2730 1380 2968 1453 11-16)“!
3003 1362 3439 1460 Quandoquidem
3471 1362 3527 1451 et

1940 1453 2195 1549 ipsaqute
2220 1459 2358 1516 Deus
2389 1478 2715 1537 praiceperat
2755 1487 2859 1528 non
2902 1453 3284 1549 intelligentes,
3310 1494 3526 1544 terreno

1938 1544 2102 1600 corde
2127 1546 2486 1609 intuebantur.
2507 1555 2909 1619 Sacramentum
2928 1544 3347 1642 enim'Baptismi
3371 1577 3386 1608 ¹
3401 1593 3524 1634 car-

1938 1635 2130 1693 naliter
2152 1640 2510 1713 celebrabant,
2538 1652 2885 1721 spiritualiter
2903 1675 3007 1716 non
3026 1635 3291 1722 videbant.

2007 1725 2235 1829 CAPUT
2272 1733 2338 1789 ll.
2370 1766 2441 1778 ——
2461 1736 2523 1831 Δ2.
2569 1741 2883 1803 Concubinas
2910 1752 3091 1808 habere
3118 1774 3219 1812 non
3248 1761 3402 1831 licet;
3430 1782 3522 1823 nec

1936 1817 2201 1875 maritatas
2224 1838 2407 1880 uxores
2434 1827 2651 1899 ducere;
2679 1851 2769 1889 nec
2794 1854 2825 1890 a
2853 1842 3033 1896 marito
3062 1817 3518 1916 repudiatasdAtb

2091 1910 2412 2006 charissimi,
2444 1923 2680 1979 membra
2706 1925 2905 1985 Christi
2934 1941 2989 1988 et
3017 1906 3201 1994 maturis
3230 1906 3521 2006 Catholicae

1934 1996 2051 2108 flii.
2261 2006 2383 2063 dico
2404 2017 2828 2083 competentibus
2848 2062 2863 2088 ,
2888 2024 3105 2081 audiant
3125 1996 3517 2108 fideles;

1933 2086 2338 2203 dicofidelibuns,
2351 2102 2567 2203 audiant
2592 2086 2976 2183 competentes;
3000 2122 3139 2190 quod
3164 2086 3521 2203 dicodompe:

1934 2184 2165 2290 ntept‘ibus
2189 2198 2243 2244 et
2268 2190 2542 2263 fidelibus,
2585 2201 2802 2259 audiant
2848 2184 3199 2281 pmnitentes;
3227 2184 3519 2290 quoddido

1932 2269 2178 2373 fidelibus
2218 2287 2273 2333 et
2289 2289 2738 2373 competentibus
2758 2302 2809 2348 et
2834 2269 3212 2365 paenitentibus

1932 2364 2323 2433 catechumeni,
2346 2374 2565 2431 audiant
2590 2393 2777 2438 omnes
2809 2402 2824 2439 :
2857 2401 3044 2447 omnes
3074 2364 3293 2455 timeant
3315 2441 3329 2466 ,
3358 2419 3516 2461 nemo

1932 2466 2257 2514 contemnat.
2285 2461 2366 2518 Sit
2394 2466 2521 2522 mihi
2549 2469 2601 2524 in
2627 2476 3040 2537 consolationem
3065 2496 3243 2544 vester
3268 2461 3477 2551 auditus
3494 2540 3512 2563 ,

1929 2559 1998 2599 ne
2041 2548 2111 2602 sit
2155 2550 2305 2608 vobis
2344 2554 2395 2609 in
2436 2560 2795 2620 testimonium
2821 2567 2977 2626 dolor
3004 2589 3171 2631 meus.
3197 2548 3517 2653 Competen:

1932 2635 2069 2691 tibus
2097 2638 2238 2708 dico,
2270 2642 2542 2703 Fornieari
2572 2653 2722 2710 vobis
2758 2672 2864 2713 non
2893 2660 3037 2717 licet.
3065 2635 3516 2732 summatis.

1928 2736 2020 2781 aut
2047 2744 2239 2786 uxores
2264 2743 2355 2789 aut
2384 2752 2481 2793 nec
2510 2756 2707 2800 uxores
2738 2764 2753 2801 :
2782 2753 3105 2811 concubinas
3134 2762 3285 2819 vobis
3312 2763 3515 2825 habere

1928 2832 2035 2920 non
2061 2820 2210 2920 licet.
2255 2826 2449 2884 Audiat
2498 2832 2656 2903 Deus,
2702 2838 2747 2893 si
2792 2856 2886 2897 vos
2930 2848 3075 2902 surdi
3104 2853 3265 2920 estis;
3296 2820 3515 2916 audiam

1927 2908 2115 3008 Angeli
2161 2914 2297 2985 ejus,
2342 2920 2387 2974 si
2429 2937 2525 2978 vos
2571 2932 2930 2988 contemnitis.
2982 2908 3319 3001 Concuhinas
3359 2950 3513 3008 vobis

1928 2999 2143 3099 habere
2156 3019 2262 3060 non
2292 3007 2433 3064 licet.
2464 3011 2531 3067 Et
2556 3015 2600 3069 si
2630 3032 2732 3073 non
2764 3018 2971 3079 habetis
3000 3043 3210 3099 uxores,
3248 2999 3513 3097 non

1926 3091 2100 3195 vobis.
2125 3092 2325 3155 habere
2365 3103 2721 3177 concubinas,
2753 3126 2884 3181 quas
2915 3126 3095 3185 postea
3122 3091 3513 3195 dimittatis,vt'ti

1925 3180 2131 3291 ducaris
2166 3202 2358 3245 uxores
2388 3193 2443 3258 ²;
2483 3207 2681 3265 quanto
2710 3203 2877 3273 magis
2902 3204 3173 3267 damnatio
3201 3216 3350 3272 vobis
3376 3180 3507 3291 erit,

1924 3272 1970 3326 si
2014 3273 2211 3333 habere
2255 3281 2528 3340 volueritis
2555 3297 2608 3342 et
2636 3272 2960 3353 concubinas
2996 3310 3049 3355 et
3092 3318 3284 3362 uxores
3307 3308 3364 3363 ’ἲ
3391 3272 3509 3370 Not;

1924 3366 2074 3422 vobis
2125 3370 2249 3427 licet
2292 3372 2489 3431 habere
2530 3396 2762 3453 uxores,
2805 3402 3027 3457 quarum
3075 3396 3279 3464 priores
3329 3366 3509 3462 mariti

1922 3460 2107 3515 vivunt
2134 3478 2148 3514 :
2178 3479 2277 3519 nec
2305 3466 2474 3532 vobis,
2503 3470 2733 3540 femina,
2761 3476 2961 3536 habere
2989 3460 3134 3541 viros
3159 3488 3285 3544 licet
3312 3532 3326 3557 ,
3373 3509 3508 3564 quo-

1922 3564 2038 3604 rum
2066 3553 2271 3622 priores
2294 3573 2488 3615 uxores
2511 3563 2712 3619 vivunt.
2744 3568 3050 3630 Adulterina
3094 3588 3219 3635 sunt
3243 3553 3341 3637 ista
3371 3553 3506 3642 don-

1916 3641 2082 3741 jugia,
2115 3660 2218 3699 non
2252 3646 2372 3717 jure
2414 3650 2511 3707 fori
2531 3693 2546 3719 ,
2592 3657 2687 3711 sed
2719 3658 2840 3728 jure
2866 3664 2984 3719 coeli
3017 3664 3114 3741 (α).
3142 3669 3253 3726 Nec
3278 3688 3395 3730 eam
3421 3641 3504 3734 fe-

1921 3736 2127 3834 minam
2158 3754 2277 3809 quas
2326 3758 2423 3813 per
2457 3749 2735 3816 repudium
2777 3736 3035 3813 discessit
3064 3736 3095 3817 a
3140 3768 3351 3834 marito,
3381 3771 3506 3830 licet

1919 3828 2071 3882 vobis
2096 3829 2293 3887 ducere
2334 3836 2454 3891 vivo
2494 3840 2705 3897 marito.
2748 3845 2925 3902 Solius
2951 3849 3315 3915 fornicationis
3342 3878 3502 3921 causa

1919 3917 2046 3974 licet
2090 3937 2308 3978 uxorem
2350 3926 2644 3985 adulteram
2689 3933 3002 3997 dimittere:
3038 3945 3131 4000 sed
3161 3945 3249 4002 illa
3292 3917 3502 4012 vivente

1918 4026 2024 4067 non
2055 4014 2181 4070 licet
2203 4018 2422 4074 alteram
2450 4022 2664 4080 ducere.
2697 4027 2763 4082 Et
2793 4031 2961 4097 vobis,
2992 4033 3222 4105 feminae,
3256 4058 3355 4099 nec
3381 4046 3502 4104 illos

1917 4105 2061 4161 viros
2111 4124 2140 4163 a
2185 4110 2379 4179 quibus
2423 4129 2518 4183 per
2569 4120 2847 4188 repudium
2897 4123 3253 4186 discesserunt
3299 4151 3500 4194 uxores

1916 4210 2099 4253 eorum
2123 4239 2139 4266 ,
2180 4203 2399 4259 maritos
2436 4204 2632 4262 habere
2651 4212 2991 4282 conceditur;
3019 4234 3122 4273 non
3149 4222 3272 4278 licet
3300 4243 3315 4279 :
3343 4226 3498 4283 adul-

1917 4289 2045 4343 teria
2088 4301 2248 4360 sunt,
2299 4310 2406 4351 non
2447 4300 2710 4371 conjugia.
2738 4302 3104 4365 Contemnitur
3129 4317 3494 4390 Augustinus,

1916 4380 2164 4438 timeatur
2207 4385 2291 4440 vel
2332 4386 2598 4445 Christus.
2642 4392 2816 4451 Nolite
2845 4395 3039 4454 imitari
3084 4380 3289 4461 turbam
3323 4380 3497 4469 male:

1912 4487 2028 4527 sum
2054 4513 2070 4541 ,
2121 4474 2409 4534 infidelium
2430 4520 2446 4546 ,
2500 4481 2593 4537 filii
2644 4486 2748 4541 mei
2783 4505 2797 4542 :
2827 4489 2988 4545 nolite
3018 4496 3167 4565 sequi
3198 4499 3309 4555 vias
3335 4502 3490 4573 latas,

1911 4579 2135 4633 quarum
2164 4567 2284 4624 ﬁnis
2304 4571 2369 4624 ad
2394 4572 2663 4631 interitum
2682 4577 2848 4634 ducit.
2866 4580 2965 4648 Qui
2988 4585 3283 4656 baptizatus
3308 4567 3489 4662 fuerit:

1909 4667 2002 4713 aut
2047 4662 2427 4718 continentiam
2470 4665 2584 4722 Deo
2632 4679 2839 4736 voveat,
2894 4683 2981 4727 aut
3029 4693 3339 4745 permaneat
3367 4700 3489 4744 cum

1910 4765 2076 4806 uxore
2100 4767 2216 4819 sua,
2244 4764 2336 4809 aut
2364 4756 2407 4810 si
2435 4772 2541 4812 non
2572 4758 2751 4826 habet,
2775 4763 2937 4819 ducat
2962 4785 3211 4835 uxorem.

1976 4842 2206 4898 CAPUT
2244 4844 2329 4899 Ill.
2352 4877 2420 4886 —
2440 4847 2493 4902 3.
2536 4847 2838 4907 Paenitentia
2856 4856 2919 4909 iis
2938 4859 3025 4925 qui
3048 4877 3079 4913 a
3100 4866 3343 4923 castitatis
3368 4890 3490 4941 pro-

1907 4936 2069 5003 posito
2118 4934 2249 5005 lapsi
2306 4946 2424 4990 sunt
2470 4940 2837 5009 amplectenda.
2906 4944 3119 5005 Publica
3171 4934 3483 5024 paenitentia.

1907 5028 2175 5085 Theodosii
2200 5032 2508 5099 pauitantia.
2548 5035 2739 5090 Audite
2765 5054 2869 5103 me,
2901 5040 3103 5107 fideles,
3134 5047 3186 5102 id
3208 5061 3289 5106 est
3316 5052 3487 5127 bapti-

1901 5125 2021 5178 zati.
2067 5123 2242 5190 Quare
2275 5123 2573 5179 moriemini
2594 5127 2703 5195 jam
2744 5133 2953 5186 renati?
2985 5134 3205 5204 Quando
3232 5123 3483 5215 baptiiati

1902 5231 1996 5285 per
2024 5214 2135 5269 vias
2161 5224 2426 5270 tortuosas
2453 5225 2508 5270 et
2536 5218 2766 5275 lubricas
2800 5232 2856 5278 et
2894 5222 3195 5286 imtnundas
3225 5234 3332 5303 itis,
3382 5255 3478 5293 ne-

1897 5307 2043 5362 scitis
2089 5306 2209 5378 quia
2254 5308 2481 5378 peritis?
2518 5309 2728 5378 Peritis,
2778 5313 2869 5369 lilii
2918 5319 3045 5387 mei,
3091 5324 3311 5381 credite.
3357 5327 3476 5385 Non

1898 5402 2058 5457 vultis
2086 5402 2307 5459 credere
2326 5403 2352 5457 ‘l
2374 5403 2512 5471 Quid
2540 5406 2689 5461 vobis
2707 5407 2882 5465 facio?
2909 5410 3008 5480 Qui
3036 5414 3221 5472 fideles
3242 5420 3391 5488 estis,
3420 5432 3475 5477 et

1959 5518 1973 5549 ι
2001 5516 2278 5579 Legendum
2322 5516 2533 5576 videtur,
2552 5517 2748 5570 sabbati.

1957 5580 2069 5651 {sic
2090 5591 2263 5658 omnes
2409 5586 2471 5658 ‘At
2502 5580 2653 5645 editi,
2676 5595 2798 5645 quas
2832 5590 2994 5648 postea
3029 5586 3218 5641 ducatis
3257 5602 3469 5658 uxores;

1891 5640 2083 5697 omisso,
2372 5648 2440 5690 ut.

1957 5702 2139 5777 statim,
2171 5707 2220 5753 et
2253 5714 2430 5756 uxores
2466 5702 2733 5757 dimittatis.
2780 5707 2956 5770 Abest,
2992 5707 3257 5777 ditnittatis,
3314 5730 3338 5765 δ
3372 5732 3470 5768 ma-

1892 5771 2163 5825 nusa't‘ptis.

1957 5826 2028 5889 la)
2062 5833 2212 5877 scrin.
2237 5825 2344 5888 355,
2366 5839 2417 5877 n.
2440 5828 2488 5879 5.
