4006 6470
536 313 599 367 Π
610 312 667 367 l—l

531 427 726 480 auditis
755 440 859 490 me,
890 426 935 480 si
976 425 1110 482 forte
1141 426 1262 482 talia
1287 424 1645 489 commlslstis,
1691 426 1851 480 nolite
1877 423 2114 488 addere;

531 527 587 570 et
635 526 692 570 ut
738 517 885 571 vobis
918 517 1056 572 Deus
1100 517 1356 586 ignoscat,
1402 525 1571 570 orate.
1623 516 1678 571 Si
1723 532 1829 570 non
1878 516 2122 584 potuistis

534 609 753 675 habere,
781 609 866 664 vel
893 610 1152 673 noluistis,
1181 609 1486 678 pudicitiam
1508 609 1841 678 conjugalem
1872 624 1964 662 seu
1990 623 2120 661 con-

535 702 831 767 tinentiam,
875 709 928 755 et
955 698 1202 754 deviastis
1231 715 1261 754 a
1291 702 1562 770 proposito
1591 700 1672 756 vel
1699 699 1893 753 vinculi
1929 699 2122 766 conju-

531 793 663 862 galis
691 793 772 848 vel
815 791 1019 846 devota:
1062 792 1401 849 continentia:
1433 793 1472 858 ‘,
1504 792 1574 847 sit
1617 791 1668 845 in
1700 791 1847 844 vobis
1877 790 2028 844 dolor
2067 797 2122 844 et

536 881 806 937 humilitas
853 884 1200 953 pmnitentiae.
1246 884 1496 952 Apertius
1540 882 1705 936 dico:
1739 895 1895 935 nemo
1940 880 2119 948 dicat,

531 971 648 1028 Non
698 973 968 1028 intellexi.
1017 973 1118 1042 Qui
1161 983 1279 1043 post
1325 989 1515 1027 uxores
1556 981 1762 1026 vestras
1804 985 1898 1026 vos
1939 970 2123 1024 illicito

533 1065 816 1120 concubitu
854 1065 1177 1128 maeulastis,
1211 1065 1254 1118 si
1295 1071 1487 1134 praeter
1527 1078 1723 1118 uxores
1760 1070 1964 1117 vestras
2000 1075 2123 1115 eum

535 1155 711 1224 aliqua
742 1155 1138 1219 concubuistis;
1170 1156 1306 1225 agite
1340 1155 1726 1224 paenitentiam,
1751 1153 1924 1223 qualis
1950 1151 2124 1222 agitur

538 1245 588 1300 in
634 1247 890 1312 Ecclesia,
925 1255 980 1299 ut
1009 1255 1125 1300 oret
1169 1261 1264 1315 pro
1308 1245 1458 1299 vobis
1506 1246 1760 1298 Ecclesia.
1810 1243 1978 1297 Nemo
2021 1242 2122 1296 sibi

535 1336 696 1403 dit-at,
721 1339 945 1392 Occulte
973 1354 1090 1408 ago,
1138 1337 1276 1408 apud
1311 1338 1476 1392 Deum
1506 1353 1606 1406 ago
1634 1355 1647 1390 :
1693 1337 1839 1390 novit
1868 1337 2007 1390 Deus
2035 1334 2125 1404 qui

537 1431 664 1484 mihi
715 1432 972 1499 ignoscat,
1019 1431 1137 1499 quia
1183 1431 1233 1484 in
1278 1428 1439 1484 corde
1488 1443 1608 1483 meo
1653 1444 1771 1497 ago.
1824 1428 1961 1496 Ergo
2009 1427 2125 1479 sine

537 1535 695 1574 causa
722 1520 923 1574 dictum
951 1530 1052 1587 est,
1099 1520 1225 1584 Qua:
1254 1521 1498 1575 solveritis
1524 1521 1575 1572 in
1602 1529 1754 1583 terra,
1785 1519 1947 1572 soluta
1977 1525 2126 1569 erunt

535 1611 590 1664 in
619 1611 742 1665 ctelo
771 1611 980 1680 (Matth.
1024 1627 1176 1678 xvtu,
1209 1612 1341 1680 18)?
1373 1612 1511 1680 Ergo
1541 1611 1655 1665 sine
1682 1625 1838 1664 causa
1862 1618 1986 1663 sunt
2013 1609 2125 1661 cla-

536 1717 631 1755 ves
682 1701 818 1756 datm
876 1702 1130 1756 Ecclesiae
1179 1702 1312 1755 Dei?
1362 1701 1677 1754 frustramus
1740 1697 2122 1766 Evangelium,

536 1790 854 1847 frustramus
896 1791 1057 1845 verba
1090 1791 1340 1845 Christi?
1391 1791 1753 1844 Promittimus
1793 1789 1940 1842 vobis
1985 1786 2128 1857 quod

537 1882 628 1937 ille
659 1882 852 1952 negat?
882 1882 1065 1936 Nonne
1098 1897 1194 1936 vos
1220 1881 1558 1950 decipimus?
1586 1881 1686 1935 Job
1729 1880 1878 1944 dicit,
1931 1878 1993 1932 Si
2013 1895 2128 1930 eru-

537 1973 623 2026 bui
643 1974 694 2027 in
715 1983 981 2044 conspectu
1003 1975 1176 2044 populi
1193 1973 1425 2042 conﬁteri
1447 1982 1651 2042 peccata
1669 1988 1778 2024 mea
1824 1969 1944 2042 (Job
1969 1985 2124 2035 xxxr,

535 2064 653 2133 53).
684 2063 830 2118 Talis
869 2064 1065 2134 justus,
1118 2065 1352 2118 thesauri
1390 2063 1558 2118 divini
1607 2063 1885 2134 obryzum,
1919 2062 2008 2115 tali
2037 2076 2128 2114 ca-

536 2155 685 2209 mino
715 2155 965 2224 probatus
993 2155 1089 2208 ista
1129 2153 1294 2221 dicit;
1328 2163 1380 2208 et
1410 2155 1609 2208 resistit
1636 2153 1762 2207 tnihi
1791 2153 1932 2208 ﬁlius
1962 2151 2130 2221 pesti-

537 2247 735 2311 lentiae,
769 2255 823 2301 et
848 2247 1115 2303 erubescit
1152 2264 1287 2318 genu
1322 2247 1480 2317 figere
1507 2246 1604 2300 sub
1634 2245 2004 2301 benedictione
2033 2243 2129 2298 Dei

539 2339 766 2410 superba
797 2341 996 2406 cervix,
1043 2355 1195 2395 mens
1226 2339 1505 2394 tortuosa?
1538 2338 1821 2400 Fortassis,
1857 2337 1964 2390 imo
1987 2335 2131 2406 quod

538 2446 648 2486 non
691 2432 981 2496 dubitatur,
1015 2441 1295 2502 propterea
1341 2432 1481 2486 Deus
1506 2430 1674 2483 voluit
1714 2439 1773 2482 ut
1798 2426 2131 2482 Theodosius

542 2524 832 2592 imperator
859 2531 1040 2593 ageret
1067 2522 1430 2590 paenitentiam
1462 2521 1728 2591 publicam
1757 2521 1811 2574 in
1841 2529 2132 2588 conspectu

544 2616 743 2684 pepuli,
771 2615 1007 2669 maxime
1027 2615 1148 2684 quia
1173 2623 1448 2684 peccatum
1477 2613 1592 2682 ejus
1618 2613 1778 2666 celari
1807 2628 1913 2668 non
1938 2612 2129 2682 potuit;

543 2717 598 2760 et
643 2706 908 2761 erubescit
951 2716 1190 2774 senator,
1239 2706 1378 2777 quod
1421 2721 1524 2760 non
1566 2706 1778 2760 erubuit
1806 2705 2132 2774 imperator?

544 2797 844 2864 Erubescit,
889 2813 988 2854 nec
1027 2807 1274 2864 senator,
1320 2799 1415 2854 sed
1458 2807 1660 2852 tantum
1709 2797 1944 2862 curialis,
1992 2796 2133 2867 quod

545 2907 651 2946 non
681 2891 890 2947 erubuit
918 2892 1246 2963 imperator?
1277 2891 1557 2945 Erubescit
1602 2890 1844 2961 plebeius
1885 2891 1997 2945 sive
2041 2904 2134 2944 ne-

543 2983 794 3053 gotiator,
821 2985 962 3054 quod
1005 3000 1110 3040 non
1141 2985 1354 3040 erubuit
1393 2983 1726 3055 imperator?
1756 2983 1884 3051 Qua:
1911 2984 2009 3036 ista
2041 2997 2133 3037 su-

545 3077 727 3145 perbia
757 3078 877 3134 est?
922 3079 1107 3136 Nonne
1137 3081 1248 3135 sola
1297 3079 1569 3135 sufﬁceret
1595 3078 1876 3150 gehennaz,
1923 3077 2133 3132 etiamsi

529 3168 862 3224 adulterium
892 3171 1092 3225 nullum
1121 3173 1303 3226 esset?

616 3258 844 3314 CAPUT
883 3261 972 3316 IV.
994 3291 1066 3301 —
1084 3263 1134 3316 4.
1180 3263 1481 3319 Christianae
1507 3265 1740 3320 mulieres
1766 3252 2132 3336 quomodo'ze-

546 3352 653 3406 tare
673 3351 884 3406 debeant
901 3354 1034 3409 viros
1061 3371 1198 3410 suos.
1224 3357 1523 3424 Postremo,
1553 3359 1744 3414 fratres
1770 3359 1896 3424 mei,
1916 3358 2135 3412 audiunt

543 3458 634 3498 me
661 3443 781 3511 viri,
824 3444 1045 3511 audiunt
1067 3462 1155 3502 me
1181 3447 1414 3514 feminae,
1441 3449 1566 3519 quid
1597 3449 1664 3504 ad
1694 3467 1779 3505 me
1808 3450 2134 3504 irascimini?

544 3533 760 3588 Utinam
791 3534 995 3591 faciatis
1023 3537 1164 3608 quod
1195 3539 1448 3609 scriptum
1477 3550 1577 3606 est,
1617 3539 1929 3606 Irascimini,
1966 3551 2012 3595 et
2043 3559 2134 3595 no-

547 3625 633 3678 lite
659 3642 864 3694 peccare
890 3625 1059 3700 (Psal.
1101 3644 1176 3695 tv,
1209 3631 1286 3699 5).
1315 3630 1524 3686 Timere
1554 3631 1746 3698 debeo,
1773 3646 1840 3686 ne
1865 3633 2136 3703 contingat

547 3717 678 3771 mibi
721 3719 862 3787 quod
905 3721 1128 3791 contigit
1155 3722 1398 3792 apostolo
1440 3723 1626 3789 Paulo,
1657 3723 1798 3794 quod
1825 3725 1984 3780 modo
2011 3740 2132 3780 cum

544 3808 831 3878 legeretur,
878 3810 924 3864 si
971 3811 1160 3865 intenti
1203 3813 1396 3879 fuistis,
1428 3814 1692 3869 audistis:
1728 3815 1862 3886 Ergo
1898 3817 2134 3870 inimicus

545 3896 710 3962 factus
733 3913 845 3950 sum
864 3898 1000 3953 vobis
1026 3915 1193 3954 verum
1221 3902 1505 3971 prwdican's
1539 3903 1737 3973 (Galat.
1782 3921 1855 3972 tv,
1901 3906 2025 3978 16)?
2068 3908 2135 3962 Et

544 3987 592 4042 si
620 3986 690 4040 ita
716 3994 818 4053 est,
863 3988 972 4042 ﬁat.
1001 3987 1058 4044 Si
1085 4005 1306 4046 necesse
1333 4000 1416 4046 est
1444 4001 1503 4048 ut
1527 3993 1773 4049 inimicus
1807 3995 1908 4050 sim
1939 3997 2091 4051 vobis
2111 4038 2127 4063 ,

546 4079 738 4135 melius
759 4079 911 4135 vobis
933 4089 1059 4150 opto
1085 4096 1227 4148 esse,
1248 4097 1406 4152 quam
1423 4083 1663 4152 justitiae.
1690 4083 2018 4142 Commendo
2040 4103 2135 4143 vos

517 4219 520 4222 .
545 4170 924 4227 custodiendos
946 4173 1104 4228 etiam
1130 4173 1388 4229 uxoribus
1413 4175 1626 4230 vestris.
1661 4175 1807 4230 Filia:
1832 4193 1966 4232 meae
1984 4188 2128 4244 sunt,

529 4265 684 4319 sicut
708 4271 762 4320 et
788 4279 886 4321 vos
915 4264 1008 4320 ﬁlii
1038 4265 1142 4322 mei
1169 4267 1318 4323 estis.
1363 4265 1600 4323 Audiant
1623 4283 1707 4324 me
1737 4286 1751 4324 :
1780 4270 1953 4325 zelent
1986 4270 2133 4327 viros

544 4372 707 4422 suos;
748 4373 854 4412 non
883 4359 984 4413 sibi
1023 4367 1240 4414 servent
1266 4375 1454 4414 vanam
1479 4360 1723 4430 gloriam,
1769 4378 1872 4432 qua
1899 4363 2074 4418 solent
2101 4379 2130 4418 a

547 4449 754 4504 maritis
774 4450 1054 4521 impudicis
1078 4459 1336 4506 matrona:
1361 4452 1584 4520 laudari,
1607 4455 1729 4524 quia
1755 4455 2132 4524 impudicitiam

543 4543 782 4595 virorum
814 4555 1030 4596 suorum
1061 4557 1214 4612 aequo
1239 4542 1418 4598 animo
1459 4542 1656 4598 ferunt.
1689 4543 1821 4599 Nolo
1852 4545 2006 4601 talem
2033 4563 2131 4617 pa-

544 4632 782 4688 tientiam
811 4632 1040 4688 habeant
1059 4632 1365 4688 christiana:
1392 4634 1642 4690 mulieres
1671 4653 1684 4688 :
1716 4652 1934 4706 prorsus
1959 4639 2132 4695 zelent

543 4726 690 4778 viros
727 4739 892 4792 suos;
925 4739 1029 4780 non
1061 4733 1280 4795 pmpter
1320 4739 1537 4780 carnem
1567 4741 1739 4793 suam,
1781 4727 1874 4781 sed
1914 4739 2130 4798 pr0pter

543 4815 750 4868 animas
792 4814 1027 4869 illorum.
1059 4813 1288 4870 Omnino
1327 4830 1425 4886 ego
1455 4831 1668 4884 moneo,
1697 4833 1796 4887 ego
1838 4820 2088 4889 praecipio
2111 4862 2125 4886 ,

541 4922 643 4976 ego
670 4907 834 4976 jubeo
863 4925 876 4963 :
907 4909 1192 4979 episcopus
1230 4907 1400 4977 jubet,
1447 4907 1692 4965 Christus
1739 4910 1794 4964 in
1833 4926 1921 4966 me
1956 4911 2126 4980 jubet.

544 4997 699 5053 Novit
721 4998 812 5054 ille
837 5000 888 5054 in
914 5000 1064 5070 cujus
1101 5009 1391 5071 conspectu
1427 5001 1580 5056 ardet
1601 5017 1701 5058 cor
1722 5017 1922 5058 meum.
1971 5003 2085 5073 Ego
2109 5047 2124 5070 ,

543 5090 778 5160 inquam,
807 5089 989 5160 iubeo.
1021 5091 1194 5149 Nolite
1217 5095 1362 5149 viros
1386 5105 1594 5150 vestros
1621 5095 1928 5164 permittere
1958 5095 2126 5151 forni-

539 5181 671 5237 cari.
710 5179 1050 5250 lnterpellate
1079 5192 1263 5239 contra
1302 5184 1423 5240 illos
1464 5184 1778 5240 Ecclesiam.
1825 5187 1940 5241 Non
1967 5186 2122 5254 dico,

531 5270 740 5341 judices
767 5269 1153 5350 publicos,non
1175 5274 1569 5342 proconsulem,
1587 5290 1693 5329 non
1713 5275 1995 5346 vicarium,
2019 5294 2126 5334 non

533 5363 807 5428 comitem,
840 5377 946 5418 non
978 5362 1392 5433 imperatorem;
1436 5366 1531 5422 sed
1556 5367 1847 5424 Christum.
1880 5369 1938 5424 In
1966 5379 2126 5428 caete—

535 5455 607 5508 ris
635 5453 886 5511 omnibus
922 5453 1127 5509 ancilla:
1157 5461 1328 5510 estote
1359 5456 1599 5512 virorum
1644 5468 1964 5528 vestrorum,
1993 5461 2122 5517 sub-

536 5542 661 5600 dita:
706 5543 774 5600 ad
801 5545 1135 5616 obsequium.
1175 5543 1330 5602 Nulla
1371 5545 1442 5601 sit
1468 5547 1525 5603 in
1568 5548 1720 5604 vobis
1765 5552 2120 5620 protervitas,

523 5674 968 5791 tat.tl%m,w
993 5691 1130 5744 ’θ’θ’
1153 5679 1226 5734 νει
1263 5678 1452 5735 vim
1488 5681 1747 5788 coniugali,
1770 5685 1843 5740 vel
1879 5689 2123 5743 devotione

1780 311 1834 368 S.
1877 305 2244 368 AUGUSTINI
2285 309 2582 369 EPlSCOPl

3677 319 3824 378 1712

2228 423 2368 478 nulla
2400 426 2667 494 superbia,
2713 441 2817 482 non
2848 430 3234 486 contumeliosa
3264 432 3462 498 cervix,
3505 446 3612 487 non
3637 433 3820 504 aliqua

2230 513 2583 569 inobedientia
2612 535 2624 570 :
2656 533 2874 587 prorsus
2920 531 3170 592 tanquam
3210 523 3414 577 ancillzc
3459 525 3674 579 servite.
3706 523 3819 581 Sed

2231 604 2317 656 ubi
2348 614 2562 659 ventum
2598 606 2754 661 fuerit
2803 609 2867 663 ad
2900 611 3023 666 illud
3065 614 3353 683 negotium,
3395 613 3483 668 ubi
3508 630 3604 670 vos
3627 617 3820 672 beatus

2230 695 2518 764 Apostolus
2543 701 2789 768 aequavit.
2819 701 3020 769 dicens,
3053 702 3214 758 Uxori
3248 707 3322 758 vir
3350 705 3570 760 debitum
3601 699 3780 762 reddat
3801 747 3818 773 ,

2229 786 2460 840 similiter
2485 797 2528 841 et
2566 805 2693 843 uxor
2735 792 2877 858 viro;
2905 793 3202 859 subinlulit,
3249 794 3392 850 Uxor
3424 813 3523 851 non
3550 796 3698 852 habet
3722 814 3821 877 po-

2229 883 2454 929 testatem
2483 880 2708 947 corporis
2735 882 2833 946 sui,
2866 881 2955 935 sed
2984 883 3076 936 vir.
3123 884 3258 951 Quid
3287 893 3339 939 te
3383 887 3636 941 extollis?
3679 888 3819 942 Audi

2229 968 2367 1037 quod
2399 971 2677 1039 sequitur:
2712 971 2960 1027 Similiter
2986 984 3032 1036 et
3061 977 3135 1028 vir
3159 992 3258 1029 non
3295 977 3439 1031 habet
3474 979 3700 1047 corporis
3736 979 3820 1034 sui

2231 1071 2544 1130 potestatem,
2575 1064 2662 1116 sed
2701 1067 2879 1119 mulier
2909 1067 2962 1138 (l
2991 1067 3108 1121 Cor.
3145 1084 3237 1132 vu,
3269 1071 3321 1134 '5,
3351 1071 3386 1124 4
3407 1072 3445 1140 ).
3478 1070 3577 1127 Ubi
3617 1071 3685 1126 ad
3714 1072 3819 1127 hoc

2229 1162 2444 1208 ventum
2489 1154 2664 1221 fuerit,
2693 1157 2916 1214 clamate
2959 1176 3054 1230 pro
3081 1177 3138 1216 re
3179 1171 3374 1216 vestra.
3421 1164 3620 1218 Aurum
3664 1175 3817 1220 tuum

2231 1246 2408 1300 vendit
2452 1248 2671 1302 maritus
2715 1263 2812 1317 pro
2855 1253 3170 1307 necessitate
3213 1269 3307 1306 sua
3340 1271 3354 1307 :
3383 1253 3537 1319 ferto,
3577 1254 3816 1322 femina;

2232 1338 2386 1403 forto,
2419 1339 2649 1404 ancilla;
2694 1341 2801 1394 noli
2847 1341 3073 1411 litigare,
3122 1345 3227 1398 noli
3259 1345 3644 1401 contradicere.
3676 1346 3816 1401 Con-

2233 1438 2462 1499 temptus
2503 1432 2615 1484 auri
2644 1432 2737 1496 tui,
2770 1431 2984 1486 dilectio
3011 1442 3092 1488 est
3121 1435 3220 1488 viri
3251 1435 3346 1490 tui.
3377 1436 3434 1491 Si
3461 1437 3641 1490 villam
3669 1446 3818 1491 tuam

2233 1537 2326 1590 pro
2354 1523 2667 1576 necessitate
2695 1538 2789 1577 sua
2820 1523 3031 1588 vendat,
3063 1541 3180 1594 qua:
3210 1534 3291 1580 est
3319 1535 3373 1581 et
3401 1536 3486 1581 tua
3517 1527 3644 1595 (non
3670 1528 3818 1582 enim

2231 1623 2401 1686 potest
2431 1630 2548 1668 csse
2578 1614 2761 1682 ipsius,
2787 1631 2904 1684 qua:
2940 1630 3043 1669 non
3070 1618 3139 1670 sit
3165 1625 3252 1670 tua
3273 1659 3288 1684 ,
3319 1617 3363 1672 si
3392 1627 3475 1671 est
3498 1617 3735 1672 Charitas
3765 1618 3816 1674 in

2233 1716 2303 1772 te,
2335 1721 2451 1774 quae
2481 1706 2640 1760 debet
2681 1720 2802 1760 esse
2848 1706 2903 1760 in
2935 1705 3146 1778 uxore),
3189 1707 3326 1762 ferto
3364 1709 3658 1778 patienter;
3694 1717 3750 1764 et
3773 1711 3820 1764 si

2232 1796 2456 1860 dubitat,
2487 1806 2540 1850 tu
2582 1796 2714 1852 offer
2745 1814 2756 1850 :
2789 1807 3071 1854 contemne
3116 1801 3293 1854 omnia
3335 1809 3549 1869 pr0pter
3577 1815 3819 1856 amorem

2231 1887 2333 1941 viri
2360 1888 2454 1942 tui.
2481 1887 2585 1942 Sed
2612 1897 2818 1942 castum
2844 1897 2990 1959 Opta,
3024 1905 3118 1958 pro
3143 1891 3386 1946 castitate
3407 1892 3578 1962 litiga.
3607 1893 3822 1948 Patien-

2234 1986 2316 2032 ter
2357 1987 2541 2048 pereat
2581 1979 2702 2033 villa
2743 1987 2866 2048 tua,
2909 1995 3017 2036 non
3063 1983 3238 2036 anima
3285 1982 3449 2052 ipsius
3494 1992 3545 2038 te
3587 1985 3822 2053 patiente

2234 2080 2434 2140 pereat.

2305 2160 2531 2218 CAPUT
2572 2162 2634 2217 V.
2661 2194 2730 2204 —
2755 2165 2808 2220 5.
2851 2163 3017 2236 Caput
3050 2167 3274 2220 mulieris
3319 2167 3410 2221 vir.
3455 2167 3619 2222 Ducat
3646 2168 3728 2222 hic
3769 2171 3820 2222 in

2235 2251 2440 2320 bonum,
2482 2255 2574 2307 illa
2599 2266 2856 2326 sequatur.
2888 2256 3000 2311 Non
3027 2257 3148 2311 dico
3173 2259 3317 2324 viris,
3350 2266 3408 2312 ut
3446 2259 3497 2312 in
3536 2259 3636 2314 hac
3660 2276 3820 2315 causa

2235 2346 2407 2399 zelent
2437 2361 2635 2401 uxores
2661 2362 2805 2400 suas.
2834 2347 2958 2402 Scio
2979 2349 3100 2418 quia
3129 2349 3344 2415 faciunt,
3364 2349 3504 2404 novi.
3535 2351 3665 2418 Quis
3685 2350 3820 2404 ferat

2235 2452 2454 2492 uxorem
2499 2437 2830 2492 adulteram?
2887 2439 2953 2493 Et
2995 2439 3286 2508 imperatur
3330 2441 3538 2496 feminae
3583 2452 3638 2495 ut
3685 2441 3823 2494 ferat

2235 2527 2532 2582 adulterum
2562 2527 2765 2585 virum!
2789 2528 3052 2597 Ojustitia
3077 2530 3091 2583 ι
3122 2530 3320 2597 Quare,
3350 2546 3476 2601 rogo
3503 2532 3592 2586 te?
3612 2548 3776 2600 quare
3799 2532 3821 2584 ‘l

2237 2619 2366 2686 Quia
2408 2633 2505 2688 ego
2540 2635 2656 2673 sum
2687 2619 2786 2673 vir.
2824 2619 2920 2674 Vir
2947 2620 3048 2674 es?
3079 2620 3130 2674 in
3163 2621 3467 2676 fortitudine
3495 2631 3581 2675 tua
3629 2621 3822 2690 probe-

2237 2727 2376 2777 mus,
2404 2712 2522 2780 quia
2561 2712 2640 2764 vir
2667 2726 2744 2766 es.
2790 2711 2882 2764 V'ir
2912 2712 3006 2765 es?
3032 2711 3184 2766 vince
3218 2712 3511 2766 libidinem.
3542 2713 3823 2780 Quomodo

2237 2803 2337 2868 vir,
2361 2819 2467 2872 quo
2497 2819 2629 2857 uxor
2654 2813 2735 2858 est
2773 2803 3000 2858 fortior?
3037 2803 3116 2858 Tu
3151 2819 3212 2859 es
3236 2814 3392 2873 caput
3423 2806 3682 2873 mulieris,
3707 2807 3820 2869 vir,

2239 2909 2420 2948 verum
2447 2903 2544 2948 est.
2594 2893 2648 2948 Si
2689 2902 2846 2963 caput
2870 2902 2973 2959 est,
3006 2893 3184 2960 ducat,
3229 2910 3364 2948 uxor
3393 2904 3662 2964 sequatur.
3714 2895 3821 2951 Sed

2239 2987 2327 3040 ubi
2353 2996 2493 3041 recta
2520 2995 2599 3040 cst
2625 2985 2834 3051 domus,
2861 2995 3018 3055 caput
3053 2985 3288 3040 mulieris
3314 2986 3413 3039 vir.
3447 2987 3502 3040 Si
3530 2995 3687 3055 caput
3727 3003 3784 3041 es
3805 3029 3820 3052 ,

2237 3077 2342 3131 duc
2374 3096 2387 3132 :
2415 3086 2665 3146 sequatur
2707 3077 2792 3131 illa
2835 3085 2992 3146 caput
3029 3091 3204 3131 suum.
3247 3077 3352 3132 Sed
3399 3077 3518 3132 vide
3557 3093 3664 3147 quo
3705 3093 3820 3134 eas.

2237 3169 2354 3224 Noli
2405 3171 2480 3224 ire
2508 3183 2612 3240 quo
2638 3183 2743 3223 non
2774 3168 2851 3222 vis
2878 3177 2937 3221 ut
2973 3175 3263 3238 sequatur:
3290 3168 3400 3222 noli
3429 3168 3506 3222 ire
3535 3183 3640 3238 quo
3669 3170 3823 3223 times

2239 3262 2631 3332 pedisscquam,
2666 3276 2733 3315 ne
2763 3262 2813 3314 in
2843 3261 3046 3315 foveam
3076 3259 3318 3314 adulterii
3349 3259 3502 3314 simul
3527 3261 3689 3314 ruatis
3718 3279 3730 3313 :
3760 3276 3824 3316 no

2237 3369 2358 3408 cum
2378 3361 2440 3407 .tu
2465 3353 2612 3418 facis,
2645 3353 2840 3408 doceas
2868 3351 3007 3420 quod
3033 3350 3161 3405 facis
3193 3351 3290 3421 (a).
3324 3351 3474 3405 Dolet
3501 3351 3591 3404 tibi
3621 3351 3820 3418 anima,

2238 3443 2284 3498 si
2311 3443 2363 3497 in
2393 3442 2597 3498 foveam
2632 3441 2874 3497 adulterii
2901 3441 3056 3496 ambo
3081 3441 3240 3496 simul
3267 3441 3432 3494 ruatis
3460 3457 3472 3492 :
3505 3441 3684 3496 doleat
3707 3441 3820 3507 tibi,

2239 3537 2284 3591 si
2315 3546 2368 3590 tu
2393 3537 2536 3592 solus
2567 3551 2712 3592 ruas.
2743 3535 2920 3602 Zelas,
2951 3550 3058 3589 non
3081 3535 3161 3589 vis
3188 3541 3248 3588 ut
3273 3542 3392 3588 ruat
3419 3534 3504 3587 illa
3539 3550 3552 3585 :
3589 3533 3734 3598 time,
3769 3546 3821 3587 tu

2238 3628 2347 3682 noli
2373 3644 2546 3682 ruere.
2576 3627 2748 3682 Nolite
2767 3635 2966 3695 autem,
2994 3624 3348 3696 pudicissima:
3373 3623 3602 3689 feminte,
3627 3623 3820 3678 imitari

2239 3719 2535 3788 impudicos
2554 3719 2697 3774 viros
2721 3727 2947 3774 vestros.
2980 3716 3135 3771 Absit
3157 3731 3189 3770 a
3220 3715 3387 3771 vobis.
3416 3717 3522 3769 Aut
3549 3715 3821 3770 vobiscum

2237 3812 2438 3879 vivant,
2485 3821 2576 3866 aut
2602 3812 2699 3867 soli
2730 3819 2967 3881 pereant.
2997 3809 3268 3879 lmpudico
3305 3809 3498 3863 marito
3524 3824 3629 3862 non
3660 3808 3820 3862 debet

2239 3903 2430 3957 mulier
2453 3901 2782 3972 pudicitiam,
2806 3900 2900 3954 sed
2927 3900 3039 3955 Deo
3067 3899 3209 3953 illam
3237 3898 3414 3964 debet,
3439 3897 3651 3954 Christo
3681 3899 3818 3952 illam

2237 3992 2415 4049 debet.
2444 3993 2558 4048 Non
2586 4001 2803 4062 propter
2828 3992 2973 4046 illum
2995 3989 3170 4056 faciat,
3197 3991 3286 4060 qui
3311 4005 3415 4045 non
3439 4002 3705 4056 meretur;
3729 3995 3819 4046 sed

2239 4092 2456 4153 prOptet‘
2492 4081 2757 4138 Christum
2787 4081 2964 4139 faciat.
2996 4081 3229 4136 Pretium
3259 4096 3412 4136 suum
3453 4081 3708 4148 attendat,
3740 4090 3814 4136 ta-

2238 4173 2389 4228 bulas
2432 4188 2554 4228 suas
2599 4173 2757 4244 legat.
2808 4173 3085 4228 Postremo
3125 4171 3264 4242 quod
3308 4172 3434 4228 libet
3477 4173 3689 4239 sentiat,
3733 4173 3820 4242 qui

2238 4263 2374 4318 forte
2401 4265 2722 4336 indignatur,
2772 4265 2892 4335 quia
2943 4263 3066 4318 talia
3112 4264 3372 4334 disputo:
3405 4279 3526 4318 nam
3557 4265 3689 4330 scio,
3731 4265 3820 4336 qui

2237 4358 2470 4427 sapiunt,
2499 4365 2679 4411 amant
2699 4356 2821 4410 inde
2837 4371 2956 4420 me;
2983 4355 3106 4425 quia
3129 4370 3233 4410 non
3258 4355 3373 4410 sine
3389 4370 3544 4410 causa
3565 4357 3819 4426 scriptum

2237 4459 2337 4516 cst,
2357 4447 2566 4516 Corripe
2583 4447 2877 4519 sapientem,
2897 4457 2942 4500 et
2962 4446 3148 4500 amabit
3164 4455 3246 4511 te;
3266 4447 3460 4517 corripe
3480 4447 3818 4517 insipientem,

2234 4550 2280 4594 et
2306 4540 2510 4611 adjiciet
2546 4539 2711 4593 odisse
2736 4548 2782 4593 te
2811 4538 2989 4609 (Prov.
3017 4555 3098 4604 ιι,
3125 4536 3203 4612 8).
3234 4537 3348 4592 Non
3376 4539 3526 4605 dixit,
3560 4539 3817 4610 lncipiet;

2235 4631 2350 4696 sed,
2378 4631 2580 4701 adjiciet
2607 4646 2626 4684 :
2650 4631 2768 4700 quia
2795 4629 2903 4699 jam
2932 4630 3134 4685 oderat.
3163 4630 3306 4699 Ergo
3331 4630 3441 4684 scio
3462 4632 3581 4701 quia
3608 4633 3819 4702 sapien-

2236 4732 2315 4778 tes
2344 4731 2521 4776 amant
2549 4737 2634 4776 me
2664 4723 2715 4776 in
2756 4721 2876 4776 hoc.
2920 4723 2966 4776 A
3005 4722 3375 4778 communione
3402 4737 3461 4777 se
3490 4722 3777 4780 cohibeant
3807 4769 3818 4794 ,

2235 4817 2324 4885 qui
2349 4815 2523 4868 sciunt
2548 4813 2668 4884 quia
2691 4813 2811 4868 novi
2839 4824 3053 4883 peccata
3077 4815 3347 4885 ipsorum;
3378 4831 3445 4870 ne
3471 4813 3538 4870 de
3567 4817 3821 4872 cancellis

2235 4906 2601 4975 projiciantur.
2645 4905 2881 4971 Quorum
2909 4914 3086 4960 autem
3132 4907 3332 4971 neScio,
3375 4904 3472 4960 hos
3501 4920 3682 4961 coram
3711 4907 3818 4963 Deo

2234 4997 2513 5054 convenio.
2549 4998 2716 5067 Agant
2743 4998 2902 5053 etiam
2927 4998 3026 5067 ipsi
3058 4997 3444 5067 pmnitentiam,
3483 5007 3538 5053 et
3567 4998 3824 5070 deinceps

2232 5091 2300 5143 ab
2328 5089 2658 5144 immunditia
2686 5089 2986 5144 abstineant
3009 5089 3409 5144 fornicationum
3436 5105 3674 5145 suarum.

2303 5179 2529 5235 CAPUT
2569 5179 2655 5234 VI.
2678 5179 2816 5235 —6.
2843 5179 3148 5235 Paenitentes
3168 5190 3442 5245 mutentur.
3463 5181 3824 5238 Catechumeni

2231 5273 2488 5326 imitentur
2527 5271 2682 5325 bonos
2711 5273 2773 5325 de
2815 5271 3062 5328 Ecclesia.
3093 5273 3476 5327 Poenitentibus
3503 5274 3624 5329 dico
3653 5293 3667 5329 :
3694 5277 3822 5347 quid

2231 5374 2313 5422 est
2339 5364 2481 5435 quod
2521 5364 2716 5434 agitis?
2760 5362 2982 5431 Scitote,
3023 5363 3153 5419 nihil
3194 5365 3370 5436 agitis.
3417 5364 3553 5432 Quid
3602 5369 3826 5436 prodest

2229 5457 2351 5526 quia
2396 5455 2764 5520 humiliamini,
2812 5455 2856 5508 si
2898 5469 3004 5510 non
3047 5456 3367 5510 mutamini?
3407 5457 3823 5514 Catechumeuis

2229 5550 2350 5605 dico
2372 5567 2384 5603 :
2404 5547 2730 5604 exardescite
2755 5546 3028 5604 voluntate
3058 5548 3125 5604 ad
3149 5549 3542 5620 percipiendam
3565 5551 3821 5620 gratiam.

2229 5641 2334 5698 Sed
2368 5641 2548 5711 eligite
2575 5638 2724 5694 vobis
2747 5637 2798 5692 in
2841 5637 3081 5694 Ecclesia
3124 5639 3218 5696 Dei
3247 5655 3381 5712 quos
3409 5639 3714 5697 imitemini.
3765 5643 3823 5700 Si

2292 5753 2364 5816 (α)
2396 5760 2548 5803 Serm.
2576 5749 2682 5812 132,
2705 5761 2811 5813 cap.
2837 5747 2886 5813 2,
2911 5761 2961 5799 n.
2981 5746 3030 5803 2.
