4006 6480
147 330 330 422 ινιτ

171 495 277 538 non
306 482 614 536 inveneritis
641 497 655 534 :
683 483 790 536 heu
805 479 956 544 mihi,
983 479 1124 536 Deus
1138 483 1318 536 meus!
1351 481 1474 552 quid
1497 484 1744 553 estquod

169 573 313 638 dico,
343 572 402 629 Si
427 587 532 627 non
561 571 906 628 inveneritis?
932 573 1072 642 Ergo
1093 573 1146 627 in
1175 575 1366 644 populo
1389 574 1620 630 fidelium
1645 593 1750 632 non

171 671 256 718 est
282 677 440 732 quem
462 662 780 717 inveniatis?
805 662 908 718 Per
937 671 1012 718 tot
1036 677 1225 730 annos,
1255 673 1328 719 tot
1354 664 1600 721 homines
1639 667 1753 724 sine

171 767 332 809 causa
357 753 759 823 baptizavimus,
793 753 838 810 si
864 770 968 810 non
1001 755 1070 810 ibi
1101 765 1224 812 sunt
1252 757 1340 825 qui
1367 767 1583 812 servent
1610 760 1750 828 quod

171 851 510 914 acceperunt,
533 843 622 914 qui
643 844 944 899 custodiant
971 845 1110 915 quod
1127 845 1427 900 audierunt.
1454 847 1650 902 Absita
1673 865 1757 903 me

173 943 234 990 ut
261 937 362 990 hoc
385 935 620 990 credam.
654 936 840 992 Melius
876 951 981 991 non
1031 937 1180 992 vobis
1229 951 1402 991 essem
1447 939 1748 1008 episcopus,

171 1027 216 1080 si
249 1025 352 1082 hoc
396 1026 466 1082 ita
497 1035 596 1083 est.
631 1027 736 1084 Sed
766 1043 926 1097 spero
963 1045 1102 1094 esse,
1134 1029 1294 1084 credo
1323 1044 1460 1085 esse.
1509 1030 1635 1086 lude
1674 1042 1758 1088 est

170 1107 350 1172 autem
391 1118 584 1172 misera
632 1117 866 1174 conditio
896 1133 1049 1186 mea,
1079 1120 1202 1189 quia
1241 1120 1552 1190 plerumque
1595 1137 1757 1190 cogor

171 1209 443 1266 adulteros
465 1225 644 1274 nosse,
671 1221 846 1266 castos
873 1227 1032 1266 nosse
1057 1227 1160 1266 non
1191 1227 1429 1281 possum.
1461 1213 1516 1266 ln
1541 1215 1750 1270 occulto

169 1309 258 1356 est
299 1300 438 1355 unde
479 1301 758 1371 gaudeam,
811 1301 862 1356 in
911 1301 1122 1371 publica
1168 1311 1250 1358 est
1298 1302 1439 1360 unde
1485 1312 1752 1374 torquear.

171 1391 314 1462 Ergo
342 1391 642 1450 desiderate
669 1393 890 1464 gratiam
923 1392 1038 1459 Dei,
1082 1393 1258 1462 eligite
1282 1409 1416 1463 quos
1445 1395 1744 1462 imitemini,

171 1498 298 1537 cum
322 1483 512 1553 quibus
543 1483 752 1548 vivatis,
803 1493 858 1539 et
898 1499 1018 1539 cum
1060 1485 1250 1554 quibus
1275 1485 1537 1556 colloquia
1575 1487 1749 1542 dulcia

171 1573 447 1628 cbaritatis
469 1574 728 1630 habeatis.
759 1575 934 1630 Nolite
953 1575 1232 1632 admittere
1245 1577 1639 1633 susurrationes
1657 1595 1760 1632 ma-

171 1665 274 1720 las.
305 1665 638 1737 Corrumpunt
668 1683 828 1722 mores
849 1667 1002 1722 bonos
1032 1669 1282 1738 colloquia
1303 1670 1437 1723 mata
1461 1670 1502 1740 (1
1524 1669 1642 1725 Cor.
1667 1687 1756 1738 xv,

171 1755 302 1824 33).
335 1755 506 1812 Vivite
529 1757 842 1827 sicutspicze
866 1759 1003 1812 inter
1031 1759 1228 1812 zizania
1261 1777 1274 1812 :
1309 1759 1444 1814 ferte
1471 1761 1758 1816 tribulatio-

171 1861 272 1902 nes
299 1846 456 1917 hujus
479 1849 681 1915 saeculi,
716 1849 854 1904 sicut
879 1865 1042 1920 grana
1071 1850 1122 1904 in
1145 1865 1288 1905 area.
1317 1850 1508 1906 Veniet
1533 1853 1760 1907 ventila-

173 1947 260 1994 tor
287 1956 302 1996 :
333 1953 492 1995 nemo
518 1939 586 1994 sit
613 1941 807 2008 passim
833 1941 933 1994 isto
959 1949 1196 2010 tempore
1227 1949 1518 2010 separator.

601 2046 834 2105 ssuuo
865 2047 1156 2104 cccxcut
1187 2055 1204 2072 ·
1230 2049 1326 2120 (η).

669 2141 746 2195 De
769 2141 1118 2211 paenitentibus
1141 2142 1236 2212 (b).

247 2231 550 2288 Patitentia
571 2249 670 2288 non
695 2249 834 2300 vera,
863 2234 904 2287 si
936 2250 1034 2287 non
1063 2236 1162 2288 vita
1191 2245 1432 2288 nmtutur.
1463 2236 1764 2292 Paenitentia

167 2324 226 2377 in
255 2325 485 2378 extremis
509 2339 658 2393 quam
683 2323 892 2377 incerta.
911 2323 1259 2389 Pmnitcntes,
1283 2327 1623 2393 pmnitentes,
1643 2343 1761 2396 p03-

169 2413 407 2470 nitentes
429 2415 494 2484 (si
521 2425 694 2470 tamen
712 2415 842 2469 estis
861 2415 1198 2483 paenitentes,
1233 2423 1285 2470 ct
1329 2431 1430 2469 non
1461 2419 1590 2471 estis
1637 2420 1758 2472 irri-

167 2503 616 2574 dentes),mutate
631 2505 815 2569 vitam,
835 2505 1250 2559 reconciliamini
1275 2506 1406 2560 Deo.
1430 2507 1494 2559 Et
1511 2523 1606 2560 vos
1620 2509 1762 2562 enim

171 2611 298 2650 cum
319 2605 504 2650 catena
535 2596 769 2666 pascitis.
791 2597 924 2662 Qua,
957 2595 1152 2665 inquis,
1171 2597 1397 2649 catena?
1425 2597 1552 2663 Qua:
1573 2597 1760 2668 ligave-

168 2687 288 2741 ritis
305 2687 358 2740 in
390 2694 542 2753 terra,
571 2695 718 2739 erunt
742 2686 898 2754 ligata
926 2695 970 2738 et
996 2686 1048 2739 in
1077 2686 1200 2739 cazlo
1227 2685 1435 2756 (Matth.
1466 2703 1612 2752 XVIII,
1649 2687 1756 2756 18).

167 2775 341 2830 Audis
369 2777 664 2846 ligaturam,
688 2783 741 2830 et
757 2777 866 2830 Deo
880 2785 1034 2847 putas
1053 2776 1226 2832 facere
1243 2778 1310 2830 im
1319 2786 1587 2846 posturam
1603 2779 1626 2830 ?
1643 2780 1762 2834 Pae-

169 2867 456 2922 nitentiam
487 2867 618 2936 agis,
641 2883 782 2937 genu
827 2867 1040 2936 figis,'et
1065 2869 1226 2934 rides,
1257 2877 1310 2922 et
1341 2871 1634 2925 subsannas
1665 2887 1758 2941 pa-

168 2957 414 3016 tientiam
443 2957 570 3013 Dei?
591 2957 648 3012 Si
670 2958 932 3027 paenitens
946 2972 1024 3022 es,
1058 2959 1312 3027 paeniteat
1333 2968 1384 3014 te
1409 2979 1422 3014 :
1446 2962 1488 3014 si
1519 2977 1624 3016 non
1647 2978 1758 3032 pte-

169 3049 327 3115 nitet,
355 3051 620 3118 paenitens
641 3066 748 3104 non
769 3065 846 3105 es.
864 3049 918 3105 Si
941 3065 1066 3119 ergo
1095 3051 1332 3118 paenitet,
1357 3067 1452 3106 cur
1467 3051 1594 3108 facis
1619 3055 1758 3125 quod

169 3139 312 3192 male
339 3139 548 3194 fecisti?
595 3140 648 3194 Si
673 3139 862 3194 fecisse
885 3141 1124 3208 pamitct,
1158 3141 1264 3194 noli
1292 3143 1485 3196 facere.
1509 3144 1564 3197 Si
1586 3145 1758 3202 adhuc

167 3229 328 3296 meis,
357 3239 504 3284 certe
541 3243 645 3282 non
675 3244 734 3284 es
779 3231 1062 3298 pamitens.
1107 3229 1388 3298 Equidem,
1434 3232 1753 3301 charissimi,

167 3325 434 3389 :rgrotant
455 3319 718 3382 homines,
735 3319 942 3372 mittunt
962 3318 1026 3373 ad
1053 3319 1358 3384 ecclesiam,
1379 3322 1458 3376 vel
1481 3333 1758 3392 portantur

173 3411 244 3465 ad
273 3410 573 3475 ecclesiam,
600 3419 654 3464 et
675 3411 1026 3480 baptizantur,
1049 3419 1102 3466 et
1129 3423 1468 3476 renovantur,
1494 3424 1548 3469 et
1573 3415 1757 3471 felices

169 3501 300 3557 hinc
337 3509 512 3556 erunt.
543 3499 650 3557 Sed
681 3517 786 3556 non
817 3502 928 3570 ipsa
955 3511 1038 3556 est
1067 3518 1222 3557 causa
1267 3505 1610 3573 paenitentite.
1655 3507 1754 3574 Qui

167 3594 409 3650 nondum
433 3595 639 3665 accepit
669 3595 1016 3664 Baptismum,
1063 3595 1295 3649 nondum
1320 3597 1534 3651 violavit
1563 3598 1755 3652 Sacra-

165 3694 458 3742 mentum:
505 3686 592 3755 qui
618 3694 792 3740 autem
819 3685 1034 3739 violavit
1076 3685 1476 3740 Sacramentum
1522 3687 1658 3742 male
1703 3697 1757 3742 et

165 3777 379 3848 pcrdite
397 3777 640 3842 vivendo,
680 3786 733 3832 et
755 3777 874 3833 ideo
896 3787 1132 3832 remotus
1167 3787 1248 3832 est
1276 3779 1342 3833 ab
1367 3779 1540 3845 altari,
1574 3794 1642 3834 ne
1667 3778 1754 3849 ju-

163 3869 368 3925 dicium
397 3869 496 3924 sibi
522 3869 806 3924 manducet
831 3878 885 3924 et
912 3870 1094 3934 bibat;
1126 3881 1292 3924 mutet
1313 3871 1497 3934 vitam,
1527 3873 1756 3941 corrigat

165 3975 246 4024 se,
275 3969 330 4015 et
351 3961 745 4027 reconcilietur,
770 3975 892 4014 cum
917 3961 1068 4037 vivit,
1087 3961 1211 4014 dum
1235 3976 1395 4016 sanus
1421 3971 1519 4016 est.
1549 3963 1756 4032 Exspe—

165 4059 278 4107 ctat
299 4053 458 4106 etiam
483 4051 597 4120 ipse
618 4059 742 4105 tunc
763 4051 1114 4116 reconciliari,
1133 4052 1345 4120 quando
1369 4053 1552 4122 incipit
1577 4055 1751 4108 mori?

165 4143 388 4215 Experti
429 4159 614 4214 sumus
653 4142 848 4198 multos
887 4143 1206 4212 exspirasse,
1249 4153 1618 4214 exspectantes
1660 4163 1750 4202 re.

167 4236 458 4292 conciliari.
491 4234 694 4290 Deinde
721 4235 880 4290 etiam
907 4234 1028 4289 dico
1048 4234 1100 4288 in
1128 4245 1412 4304 conspectu
1433 4238 1545 4304 Dei,
1569 4239 1751 4296 timori

167 4339 368 4395 vestro,
401 4328 642 4383 timorem
670 4341 865 4382 meum.
899 4326 1002 4392 Qui
1026 4335 1201 4382 autem
1232 4343 1334 4381 non
1369 4329 1536 4396 timet,
1569 4331 1754 4384 timcn-

167 4429 274 4476 tem
299 4435 386 4474 me
409 4419 720 4482 contemnit,
751 4418 842 4472 sed
876 4418 1014 4472 malo
1045 4431 1163 4472 suo.
1206 4418 1344 4472 Audi
1381 4434 1527 4488 ergo.
1561 4419 1749 4476 Certus

166 4525 285 4567 sum
311 4510 432 4580 quia
455 4509 616 4564 homo
637 4510 950 4580 baptizatus,
980 4511 1024 4565 si
1042 4511 1224 4578 vitam,
1255 4527 1360 4565 non
1383 4513 1554 4567 audeo
1576 4513 1753 4570 dicere

164 4604 282 4659 sine
309 4611 546 4672 peccato,
575 4602 694 4672 quis
723 4604 862 4656 enim
891 4603 1005 4657 sine
1034 4605 1289 4672 peccato?
1319 4605 1412 4659 sed
1447 4607 1606 4660 vitam
1637 4608 1752 4662 sine

163 4695 390 4750 crimine
416 4693 643 4759 duxerit,
673 4701 728 4748 et
771 4695 892 4747 talia
925 4704 1138 4763 peccata
1177 4695 1438 4763 habuerit,
1470 4715 1588 4768 qua:
1615 4715 1750 4769 quo-

165 4785 293 4840 tidie
328 4783 666 4840 dimittuntur
708 4785 759 4838 in
804 4784 1045 4838 oratione
1087 4785 1305 4852 dicenti,
1355 4786 1568 4842 Dimitte
1612 4790 1751 4843 nobis

164 4876 332 4932 debita
351 4885 542 4943 nostra,
577 4877 707 4931 sicut
731 4883 778 4930 et
803 4893 894 4930 nos
918 4875 1215 4930 dimittimus
1241 4878 1544 4934 debitoribus
1568 4883 1751 4936 nostris

163 4971 182 5040 (
217 4968 302 5024 Id.
333 4985 407 5036 γι,
453 4968 521 5024 12
547 4966 605 5039 );
637 4966 850 5038 quando
895 4965 1036 5021 diem
1057 4966 1272 5034 finierit,
1300 4969 1462 5023 vitam
1484 4985 1588 5024 non
1613 4971 1746 5038 finit,

225 5083 246 5104 '
265 5081 474 5132 Collatus
494 5081 556 5132 ad
579 5087 682 5131 tres
695 5079 755 5131 cl.
779 5081 837 5131 ad
873 5093 943 5130 cr.
969 5079 1047 5130 cb.
1085 5078 1119 5128 f.
1143 5093 1218 5142 gr.
1238 5093 1279 5129 r.
1303 5091 1396 5129 rm.
1423 5093 1464 5130 s.
1492 5087 1542 5132 et
1565 5083 1622 5132 ad
1647 5091 1745 5134 Am.

160 5151 237 5196 Dr.
261 5153 367 5196 Par.
381 5151 493 5194 Lov.

243 5207 298 5264 α)
333 5205 470 5264 Alias,
495 5205 550 5254 41
579 5204 708 5255 inter
730 5203 956 5255 Homilias

245 5264 296 5324 ὁ)
329 5267 511 5316 Dubius
533 5273 639 5316 erat
679 5267 1081 5324 Lovaniensihus,
1123 5264 1316 5314 Verlino
1353 5272 1514 5316 autem
1559 5273 1610 5317 et
1644 5267 1748 5317 Vin-

157 5326 308 5392 dinge
327 5329 478 5392 falsus
491 5334 575 5377 aut
595 5330 817 5392 centenis
839 5329 888 5376 in
911 5328 1102 5392 modum
1121 5339 1184 5375 ex
1205 5328 1347 5392 variis
1361 5326 1549 5392 laciniis
1567 5331 1745 5378 conﬂa-

161 5389 532 5440 lus—vi-lehatur.
557 5395 718 5438 Exstat
742 5391 888 5438 etiam
921 5391 1050 5438 inter
1072 5389 1300 5450 opuscula
1325 5390 1552 5438 ambrosii
1575 5403 1630 5438 ac
1650 5397 1748 5440 Cte-

159 5453 292 5511 sarii,
315 5451 404 5498 sed
430 5463 540 5499 cum
565 5451 739 5513 insigni
761 5450 1014 5513 varietate.
1042 5450 1172 5513 Apud
1197 5451 1508 5513 Ambrosian
1527 5457 1744 5506 etaesa:

159 5515 284 5564 rium
307 5513 646 5574 praetermissis
665 5511 922 5574 prioribus
943 5511 1114 5574 viginti
1135 5513 1352 5574 quinque
1369 5512 1608 5570 versibus,
1631 5513 1746 5562 inci-

161 5575 238 5638 pit
258 5581 306 5628 in
325 5573 430 5638 haec
448 5573 596 5622 verba
609 5587 672 5638 τηε
685 5572 935 5638 Admoneo
953 5572 1054 5630 vos,
1073 5572 1282 5630 fratres,
1295 5573 1342 5620 in
1357 5581 1618 5638 conspectu
1641 5575 1743 5632 Dei,

165 5633 186 5682 ἃ
209 5635 554 5696 timorivestro
575 5633 846 5696 adiungere
864 5633 1082 5681 timorem
1107 5646 1290 5696 meum,
1317 5639 1413 5696 etc.
1431 5633 1600 5683 Audite
1626 5647 1746 5695 ergo

165 5713 184 5740 α
205 5709 318 5759 qua:
351 5695 569 5759 dicturus
589 5694 712 5745 sum.
736 5699 906 5744 Certus
927 5707 1050 5759 sum,
1072 5709 1094 5738 ι
1127 5700 1220 5741 etc.
1247 5694 1320 5742 sic
1357 5695 1406 5742 in
1439 5696 1595 5759 veteri
1621 5694 1745 5759 que-

156 5755 252 5818 que
271 5757 400 5807 libro
421 5755 646 5809 Ecclesiae
667 5755 992 5818 Carnutettsi5,
1021 5757 1068 5804 in
1093 5767 1188 5818 quo
1211 5761 1370 5806 tamen
1393 5755 1742 5818 Augustiui’uo—

159 5831 271 5869 men
293 5815 507 5869 oratori.

1542 367 1768 424 SERMO
1805 367 2112 432 CCCXCIII.

3301 389 3440 450 17M

1871 487 1966 542 sed
1997 491 2182 544 transit
2205 490 2272 546 de
2301 493 2404 546 vita
2425 496 2482 548 ln
2505 497 2690 565 vitam,
2716 498 2782 554 de
2807 500 3068 558 laboriosa
3098 503 3164 558 ad
3184 505 3440 577 quietam,

1865 577 1934 634 de
1967 579 2158 636 misera
2198 581 2265 638 ad
2295 582 2504 640 beatam
2531 605 2544 642 :
2585 589 2699 646 sive
2725 590 2824 646 iste
2853 591 3120 650 voluntate
3144 611 3238 651 sua
3264 609 3444 656 currat

1865 670 1931 725 ad
1951 671 2301 741 Baptismum,
2319 677 2432 732 sive
2448 677 2502 732 in
2529 681 2762 749 periculo
2785 685 3104 742 constitutus
3125 689 3441 761 baptizetur,

1865 770 1918 816 et
1941 771 2098 817 exeat
2125 765 2190 819 de
2217 765 2316 820 hac
2339 767 2467 835 vita,
2508 770 2574 825 ad
2603 771 2882 830 Dominum
2913 777 3074 846 vadit,
3112 780 3176 834 ad
3203 783 3444 852 requiem

1865 853 2024 908 vadit.
2077 855 2381 925 Baptizatus
2429 867 2608 917 autem
2650 863 2893 922 desertor
2943 877 2998 924 et
3041 871 3269 928 violator
3313 877 3443 932 tanti

1864 942 2215 1014 Sacramenti,
2261 950 2306 1004 si
2359 961 2480 1022 agat
2526 956 2894 1023 paenitentiam
2923 975 2989 1016 ex
3037 969 3148 1018 toto
3189 965 3370 1030 corde,
3399 968 3446 1024 si

1862 1047 1982 1106 agat
2001 1041 2364 1108 pmnitentiam
2389 1045 2478 1100 ubi
2503 1047 2644 1102 Deus
2665 1049 2822 1114 videt,
2855 1053 2943 1122 qui
2975 1053 3106 1109 vidit
3132 1071 3226 1110 cor
3255 1057 3440 1125 David,
3537 1115 3542 1120 ,

1861 1131 2072 1198 quando
2099 1133 2399 1204 increpatus
2428 1152 2458 1190 a
2483 1139 2764 1208 propheta,
2786 1151 2840 1196 et
2867 1146 3097 1212 graviter
3115 1147 3438 1218 increpatus,
3533 1163 3536 1166 ί

1865 1232 1984 1290 post
2006 1225 2447 1282 comminationes
2475 1229 2566 1284 Dei
2592 1231 2855 1286 terribiles
2879 1237 3216 1304 exclamavit,
3239 1239 3444 1310 dicens,

1851 1311 2108 1378 Peccavi;
2153 1325 2208 1371 et
2234 1333 2358 1372 mox
2381 1322 2602 1388 audivit,
2649 1322 2896 1380 Dominus
2939 1327 3142 1383 abstulit
3186 1343 3458 1402 peccatum-

1864 1412 2003 1458 tuum
2031 1403 2114 1479 (11
2147 1407 2274 1478 Reg.
2306 1425 2400 1477 xu,
2448 1411 2516 1466 15
2538 1411 2578 1482 ).
2609 1411 2834 1468 Tantum
2863 1417 3040 1472 valent
3071 1427 3180 1476 tres
3208 1423 3444 1494 syllabae.

1865 1495 1997 1553 Tres
2020 1499 2236 1568 syllabas
2261 1509 2406 1569 sunt,
2430 1501 2646 1558 Peccavi
2669 1521 2689 1560 :
2707 1505 2802 1561 sed
2825 1507 2876 1562 in
2905 1509 2988 1564 his
3013 1512 3182 1567 tribus
3208 1515 3445 1584 syllabis,

1864 1587 2075 1643 ﬂamma
2107 1591 2354 1648 sacrificii
2381 1593 2560 1648 cordis
2585 1596 2822 1652 ascendit
2847 1597 2900 1654 in
2929 1601 3144 1656 caelum.
3191 1604 3330 1674 Ergo
3359 1608 3449 1677 qui

1863 1679 2034 1748 egerit
2059 1683 2324 1738 veraciter
2349 1685 2733 1753 ptenitentiam,
2763 1697 2816 1742 et
2842 1690 3050 1746 solutus
3077 1693 3232 1750 fuerit
3259 1710 3290 1750 a
3317 1697 3448 1768 liga-

1865 1776 2048 1823 mento
2075 1784 2180 1839 quo
2205 1779 2319 1826 erat
2345 1775 2662 1832 constrictus
2691 1785 2744 1831 et
2767 1792 2796 1831 a
2823 1778 3026 1836 Christi
3043 1797 3268 1852 corpore
3292 1801 3450 1857 sepa-

1865 1864 2032 1921 ratus,
2065 1866 2118 1912 et
2147 1859 2282 1916 bene
2328 1871 2448 1930 post
2475 1864 2840 1932 paenitentiam
2884 1869 3094 1937 vixerit,
3141 1871 3280 1930 sicut
3323 1885 3448 1934 ante

1867 1948 2227 2015 paenitentiam
2283 1952 2461 2007 vivere
2511 1954 2734 2022 debuit,
2789 1967 2909 2026 post
2957 1965 3446 2024 reconciliationem

1866 2039 2304 2111 quandocumque
2333 2044 2612 2102 defunctus
2657 2047 2832 2116 fuerit,
2862 2049 2930 2104 ad
2976 2053 3142 2108 Deum
3172 2057 3336 2126 vadit,
3379 2061 3448 2116 ad

1867 2129 2106 2198 requiem
2151 2132 2312 2196 vadit,
2345 2150 2508 2204 regno
2542 2135 2632 2191 Dei
2679 2152 2784 2204 non
2815 2139 3127 2208 privabitur,
3176 2159 3206 2198 a
3251 2147 3443 2217 populo

1866 2219 2062 2274 diaboli
2089 2225 2439 2291 separabitur.
2472 2225 2528 2282 Si
2569 2228 2688 2297 quis
2716 2239 2890 2285 autem
2919 2233 3124 2302 positus
3164 2235 3217 2292 in
3261 2238 3450 2297 ultima

1867 2313 2184 2368 neCessitate
2225 2315 2550 2384 :rgritudinis
2590 2333 2722 2387 sum,
2755 2325 2980 2377 voluerit
3003 2327 3246 2396 accipere
3271 2331 3448 2399 paeni-

1869 2403 2106 2467 tentiam,
2149 2413 2201 2458 et
2230 2407 2438 2475 accipit,
2470 2419 2522 2462 et
2549 2424 2670 2463 mox
2709 2413 3182 2480 reconciliaturt'et
3209 2418 3330 2474 hinc
3356 2437 3449 2476 va-

1865 2490 1978 2555 dit;
2010 2490 2180 2548 fatcor
2219 2494 2388 2562 vobis,
2421 2512 2526 2549 non
2571 2497 2642 2550 illi
2683 2515 2938 2568 negamus
2982 2506 3124 2572 quod
3153 2509 3304 2576 petit,
3351 2512 3447 2568 sed

1867 2583 2366 2651 non’prmsun'iimus
2388 2587 2508 2655 quia
2535 2587 2670 2642 bene
2699 2589 2819 2644 hinc
2846 2593 2970 2646 exit.
3005 2593 3120 2648 Non
3149 2614 3444 2663 praesumo:

1865 2687 1970 2726 non
2004 2687 2097 2728 vos
2143 2675 2286 2741 fallo,
2339 2691 2440 2728 non
2475 2692 2758 2745 prtesumo.
2807 2681 3002 2737 Fidelis
3043 2683 3178 2739 bene
3227 2689 3444 2754 vivens,
3473 2705 3496 2718 θ

1865 2777 2083 2818 securus
2109 2765 2230 2819 hinc
2257 2767 2384 2820 exit.
2415 2767 2715 2836 Baptizatus
2741 2771 2806 2824 ad
2835 2771 3039 2838 horam,
3074 2789 3291 2831 securus
3319 2777 3444 2834 hinc

1865 2856 1992 2910 exit.
2023 2858 2198 2926 Agens
2223 2860 2607 2928 paenitentiam,
2633 2869 2683 2914 et
2712 2863 3082 2918 reconciliatus
3109 2864 3185 2940 (a)
3213 2884 3332 2922 eum
3357 2887 3447 2924 sa-

1863 2963 1962 3002 nus
2002 2958 2100 3014 est,
2135 2960 2188 3003 et
2234 2959 2413 3017 postea
2465 2952 2598 3006 bene
2641 2953 2841 3016 vivens,
2891 2971 3111 3012 securus
3153 2960 3276 3015 hinc
3316 2963 3442 3018 exit.

1863 3039 2040 3108 Agens
2085 3041 2451 3109 pvnnitcntiam
2493 3041 2560 3096 ad
2599 3043 2837 3097 ultimum
2867 3055 2916 3099 et
2963 3049 3354 3118 reconciliatus,
3401 3055 3448 3109 si

1863 3143 2078 3185 securus
2111 3129 2232 3185 hinc
2260 3131 2388 3198 exit,
2417 3147 2514 3202 ego
2553 3148 2656 3186 non
2683 3150 2798 3188 sum
2829 3150 3066 3191 securus.
3102 3138 3248 3194 Unde
3291 3156 3446 3197 secu-

1862 3237 1952 3276 rus
1979 3236 2116 3288 sum,
2144 3237 2361 3277 securus
2401 3237 2539 3288 sum,
2570 3232 2622 3278 et
2665 3225 2733 3278 do
2763 3227 3102 3283 securitatem
3134 3249 3146 3284 :
3173 3231 3312 3286 unde
3339 3248 3444 3288 non

1861 3327 1979 3366 sum
2006 3327 2242 3379 securus,
2275 3315 2644 3382 pmnitentiam
2671 3315 2800 3371 dare
2829 3333 3065 3385 possum,
3108 3322 3444 3380 securitatem

1861 3404 1988 3460 dare
2019 3421 2122 3458 non
2174 3421 2408 3472 possum.
2457 3405 2582 3474 (Sed
2633 3407 2773 3461 dicat
2818 3410 3009 3480 aliquis
3044 3429 3056 3464 :
3093 3412 3238 3466 Bone
3267 3430 3447 3471 sacer-

1861 3493 1976 3559 dos,
1999 3505 2050 3550 tu
2081 3497 2284 3552 nescire
2308 3507 2358 3552 et
2385 3499 2580 3552 nullam
2607 3501 2944 3556 securitatem
2968 3504 3120 3558 nobis
3140 3505 3265 3560 dare
3289 3523 3444 3576 posse

1859 3583 2014 3651 dicis,
2046 3587 2091 3639 si
2121 3586 2206 3640 ille
2233 3587 2484 3653 salvatur,
2514 3597 2564 3641 et
2594 3588 2864 3644 Christum
2893 3591 3042 3647 adire
3071 3603 3325 3664 meretur,
3355 3600 3442 3654 cui

1857 3677 2106 3730 morienti
2157 3677 2462 3745 ptenitentia
2526 3677 2716 3746 datur,
2767 3681 2856 3748 qui
2909 3681 3032 3736 dum
3091 3685 3260 3752 vixit,
3312 3687 3440 3744 dum

1860 3783 2019 3823 sanus
2035 3769 2150 3836 fuit,
2169 3771 2506 3838 impaenitens
2525 3771 2648 3838 fuit;
2671 3771 2872 3828 instrue
2888 3789 3014 3844 ergo
3030 3791 3145 3843 nos,
3163 3793 3444 3850 rogo,quo-

1859 3861 2018 3914 modo
2044 3860 2180 3916 bene
2205 3860 2380 3914 vivere
2408 3869 2528 3929 post
2554 3861 2918 3930 paenitentiam
2953 3863 3260 3922 debeamus.
3293 3870 3439 3938 Dico,

1858 3950 2120 4005 abstinete
2131 3965 2224 4005 vos
2241 3951 2308 4004 ab
2321 3950 2600 4019 ebrietate,
2625 3967 2654 4006 a
2680 3954 3126 4024 concupiscentia,
3151 3971 3180 4010 a
3203 3957 3362 4022 furto,
3386 3969 3444 4016 et

1859 4043 2182 4113 maliloquio,
2208 4043 2274 4097 ab
2299 4043 2650 4100 immoderato
2675 4046 2806 4112 risu,
2835 4061 2866 4101 a
2889 4049 3052 4104 verbo
3077 4049 3269 4116 otioso,
3299 4053 3442 4109 unde

1857 4135 2112 4190 reddituri
2155 4144 2278 4191 sunt
2305 4137 2548 4192 homines
2577 4139 2833 4194 rationem
2874 4139 2926 4194 in
2955 4141 3039 4194 die
3062 4140 3266 4211 judicii.
3299 4144 3442 4201 Ecce

1857 4243 2012 4296 quam
2045 4228 2176 4281 levia
2199 4227 2326 4282 dixi.
2356 4227 2541 4283 Omnia
2573 4237 2745 4284 tamen
2767 4230 3046 4298 gravia'et
3071 4233 3340 4301 pestifera.
3373 4236 3444 4291 Et

1857 4319 1996 4372 aliud
2029 4319 2147 4374 dico
2178 4337 2191 4374 :
2219 4335 2325 4373 non
2347 4321 2514 4374 solum
2545 4329 2662 4390 post
2687 4322 3149 4390 pmnitentiam,ab
3168 4325 3279 4380 istis
3301 4327 3440 4382 vitiis

1857 4429 1914 4466 se
1939 4411 2098 4466 homo
2119 4426 2331 4467 servare
2359 4411 2644 4478 debet,sed
2672 4423 2725 4468 et
2749 4423 2870 4469 ante
2901 4416 3286 4485 pmnitentiam,
3309 4417 3436 4472 dum

1857 4519 2016 4560 sanus
2041 4514 2160 4570 est;
2201 4506 2320 4573 quia
2342 4505 2384 4558 si
2415 4505 2480 4559 ad
2511 4505 2750 4560 ultimum
2793 4507 2918 4560 vitm
2947 4511 3171 4572 steterit,
3205 4510 3372 4564 nescit
3391 4512 3436 4565 si

1857 4599 2026 4668 ipsam
2055 4599 2414 4668 paenitentiam
2441 4598 2684 4667 accipere
2712 4613 2774 4652 ac
2803 4599 2912 4652 Deo
2939 4609 2992 4654 et
3015 4601 3278 4655 sacerdoti
3307 4617 3432 4670 pec-

1857 4701 1970 4744 cata
2011 4705 2104 4744 sua
2135 4691 2372 4744 cantiteri
2415 4691 2628 4762 poterit.
2675 4691 2814 4744 Ecce
2859 4706 3022 4760 quare
3059 4692 3185 4756 dixi,
3219 4694 3336 4761 quia
3383 4703 3438 4750 et

1855 4793 1978 4836 ante
2019 4783 2382 4852 paenitentiam
2414 4782 2549 4837 bene
2577 4784 2858 4838 vivendum
2887 4791 2990 4850 est,
3023 4793 3076 4838 et
3119 4793 3238 4853 post
3267 4789 3437 4856 paeni-

1857 4875 2072 4930 tentiam
2119 4871 2348 4939 melius).
2401 4873 2550 4940 Quod
2595 4874 2714 4927 dico
2759 4875 3062 4929 attendite:
3097 4875 3268 4932 debeo
3306 4879 3434 4936 illud

1854 4965 2060 5034 planius
2085 4979 2371 5034 exponere,
2397 4979 2462 5019 ne
2489 4980 2574 5019 me
2594 4965 2783 5035 aliquis
2807 4961 2942 5021 male
2967 4967 3240 5038 intelligat.
3271 4969 3440 5024 Nutu-

1919 5078 1934 5110 ³
1961 5077 2092 5150 apud
2130 5077 2468 5150 Ambrosium;
2496 5087 2628 5150 Ecce.
2651 5091 2796 5150 quam
2833 5077 2956 5150 (cria
2980 5078 3202 5150 idia'i,__ut
3224 5089 3438 5150 tacerem
3520 5125 3524 5130 .

1851 5138 2036 5210 graria.
2061 5145 2110 5210 tn
2134 5151 2203 5210 cr.
2227 5138 2370 5210 libra,
2405 5139 2628 5210 egentia
2664 5138 2748 5190 illo
2769 5141 2952 5210 gratia.
2979 5149 3030 5192 tn
3060 5143 3265 5208 reliquis
3307 5145 3432 5196 liber
3489 5203 3494 5210 __

1851 5200 1946 5250 iste
1969 5215 2038 5250 er.
2057 5200 2376 5250 Ambrosianis
2397 5201 2539 5252 editis
2555 5203 2660 5250 fere
2681 5200 2936 5252 consentit.
3172 5200 3186 5208 ’
3489 5203 3494 5236 ί

1915 5263 1987 5328 (ᾳ)
2020 5271 2132 5328 Quae
2151 5261 2292 5323 paulo
2317 5270 2422 5328 post
2442 5271 2704 5328 cernuntur
2729 5265 2852 5312 intra
2877 5265 3232 5328 parenthesim,
3258 5268 3288 5328 l;
3307 5281 3357 5318 sa
3381 5269 3430 5320 In

1853 5325 2084 5373 Ambrosii
2109 5336 2166 5373 ac
2199 5325 2386 5372 (Κρειιῇ
2412 5324 2554 5372 editis
2591 5331 2644 5374 et
2689 5325 2738 5373 in
2777 5324 3056 5376 (minitensi
3099 5335 3182 5379 Ms.
3209 5324 3322 5380 sunt
3355 5330 3434 5382 hic

1851 5385 2059 5450 inserta,
2085 5392 2232 5450 atque
2255 5399 2362 5434 cum
2385 5386 2719 5450 superioribus
2751 5387 2818 5436 ita
2837 5388 3060 5450 colligata
3085 5401 3098 5438 :
3133 5407 3154 5436 ι
3174 5397 3224 5438 et
3257 5403 3430 5438 recon-

1859 5463 1880 5490 ιι
1903 5447 2116 5504 ciliatus,
2141 5449 2182 5496 si
2221 5455 2390 5508 postea
2413 5447 2544 5495 bene
2567 5449 2770 5508 vixerit,
2816 5447 3020 5498 securus
3041 5457 3134 5499 est.
3158 5450 3248 5498 Sed
3270 5449 3388 5499 dicis
3413 5465 3426 5500 :

1858 5525 1881 5554 ι
1903 5509 2018 5564 (mid
2043 5515 2142 5568 est,
2170 5506 2300 5556 bene
2324 5509 2502 5558 vixerit
2518 5507 2541 5558 ?
2557 5506 2640 5557 Vel
2664 5506 2865 5559 hoe'nos
2889 5512 3092 5568 instrue,
3118 5511 3246 5558 bone
3268 5523 3430 5560 sacer-

1858 5587 1880 5631 g
1902 5569 2020 5619 dos:
2049 5577 2100 5618 tu
2147 5569 2369 5628 nescire,
2406 5585 2428 5614 ιι
2461 5575 2555 5618 etc.
2589 5576 2796 5630 Postque
2842 5572 2992 5631 verba
3030 5571 3076 5619 in
3123 5571 3430 5631 parenthesis

1849 5629 1964 5688 fine,
2015 5647 2034 5676 α
2053 5637 2102 5680 et
2140 5637 2247 5691 post
2275 5631 2604 5694 pmnitentiam
2622 5629 2822 5691 melius;
2843 5648 2865 5676 ν
2884 5629 3205 5694 subiungitur,
3227 5647 3252 5677 α
3268 5639 3434 5694 Agens

1857 5709 1878 5736 σι
1903 5704 2021 5740 vero
2041 5693 2370 5752 penitentiam
2394 5691 2452 5740 ad
2471 5693 2691 5741 ultimum
2717 5699 2768 5742 et
2789 5691 3142 5752 reconciliatus,
3159 5708 3183 5736 ν
3211 5691 3429 5748 cla—(2e,

1850 5759 2010 5801 ternm
2035 5753 2264 5819 quidquid
2289 5761 2364 5819 est
2387 5753 2662 5819 parenthesi
2680 5759 2994 5819 _eptttentunt,
3019 5755 3160 5804 abest
3183 5767 3380 5819 prorsus
3403 5771 3436 5804 ει.

1853 5813 2186 5872 litauuscriptis
2207 5815 2340 5865 libris
2361 5813 2664 5864 ltomiliarum
2679 5813 2758 5864 50.
