4006 6450
235 361 373 419 I717

235 488 320 535 est
343 476 532 534 cmlum
561 485 613 532 et
645 483 785 531 terra
807 515 820 537 ,
848 479 1066 543 propter
1089 486 1210 525 eum
1239 483 1396 538 quem
1422 465 1541 522 fecit
1563 465 1630 520 de
1653 475 1816 530 terra,

235 566 512 624 descendit
535 567 586 620 in
615 574 832 629 terram,
861 572 917 618 et
942 563 992 616 in
1019 560 1212 616 ccelum
1243 559 1362 613 hinc
1386 557 1578 613 levavit
1601 567 1817 610 terram.

234 657 390 726 Quod
417 673 544 726 ergo
573 659 625 712 in
657 657 747 711 illo
773 653 1066 726 praecessit,
1094 652 1146 705 in
1174 650 1332 704 finem
1359 661 1656 718 speremus.
1681 643 1822 699 Red-

236 750 328 804 det
368 748 520 802 nobis
555 745 694 817 quod
733 745 977 816 promisit
1009 759 1022 796 :
1054 741 1226 797 securi
1259 754 1440 794 smnus
1463 779 1477 802 ,
1519 737 1818 791 cautionem

234 838 379 902 fecit,
404 838 745 908 Evangelium
766 835 1007 905 scripsit;
1031 831 1215 889 reddet
1237 831 1405 886 nobis.
1432 829 1555 884 Plus
1575 838 1653 884 est
1677 826 1817 897 quod

235 931 495 1000 impendit
534 930 706 984 nobis.
739 929 872 983 Num
906 936 1151 998 putamus
1173 925 1314 981 enim
1353 937 1458 978 non
1488 937 1608 977 eum
1636 921 1818 976 reddi-

234 1029 414 1073 turum
448 1021 611 1073 vitam
643 1034 814 1082 suam,
847 1018 933 1088 qui
966 1031 1061 1087 pro
1089 1015 1242 1070 nobis
1266 1013 1376 1084 jam
1407 1013 1641 1083 erogavit
1673 1027 1817 1066 mor-

235 1121 344 1168 tem
371 1113 559 1167 suam?
580 1113 939 1167 lluinilitatem
964 1109 1249 1180 passionis,
1277 1107 1515 1177 injurias,
1545 1115 1822 1160 contume-

234 1201 335 1258 lias
356 1244 371 1268 ,
399 1219 586 1258 omnes
611 1202 952 1271 indignitates
982 1202 1034 1254 in
1062 1209 1200 1254 terra
1227 1198 1462 1268 suscepit
1499 1211 1595 1266 pro
1624 1196 1777 1251 nobis
1803 1213 1815 1249 :

231 1307 494 1364 regnum,
545 1292 883 1356 felicitatem,
935 1289 1417 1356 immortalitatem,
1465 1289 1818 1342 aeternitatem

232 1399 340 1438 non
381 1382 598 1438 donabit
639 1381 827 1437 nobis?
857 1380 988 1436 Mala
1028 1388 1209 1436 nostra
1255 1379 1503 1450 pertulit,
1545 1379 1682 1432 bona
1724 1393 1818 1432 sua

232 1473 391 1528 nobis
420 1488 524 1528 non
554 1471 811 1527 donabit?
847 1472 928 1527 Ad
970 1471 1107 1526 hanc
1139 1487 1286 1542 spem
1309 1511 1324 1535 ,
1369 1471 1490 1540 quia
1531 1470 1822 1540 promissor

231 1573 319 1620 est
357 1580 551 1631 verax,
581 1565 754 1619 securi
795 1564 1166 1620 ambulemus:
1196 1562 1288 1618 sed
1333 1564 1410 1618 sic
1451 1564 1724 1628 vivamus,
1764 1570 1823 1616 ut

233 1656 374 1712 bona
402 1657 574 1712 fronte
602 1658 674 1712 illi
700 1657 959 1722 dicamus,
985 1655 1229 1712 Fecimus
1255 1656 1393 1726 quod
1411 1655 1635 1726 jussisti,
1659 1654 1822 1711 redde

233 1747 378 1820 quod
413 1748 722 1818 promisisti.

659 1880 888 1937 δεηΜο
924 1879 1213 1937 cccxcvr
1294 1880 1391 1953 (a).

698 2002 747 2045 tn
769 1997 1096 2059 assumptione
1128 1997 1358 2059 episeom.

310 2121 362 2175 i.
397 2120 504 2177 Vos
541 2122 754 2192 quidem
775 2164 789 2188 ,
859 2123 1048 2177 fratres
1069 2163 1084 2188 ,
1126 2123 1518 2177 consolatorem
1545 2122 1816 2192 qua-ritis:

232 2210 333 2266 sed
359 2211 517 2264 etiam
547 2226 642 2266 nos
667 2211 979 2267 consolandi
1005 2227 1225 2277 sumus;
1250 2220 1304 2267 et
1323 2212 1618 2266 consolatio
1640 2221 1819 2266 nostra

231 2300 415 2356 nullus
437 2301 710 2356 hominum
730 2311 829 2368 est,
860 2301 956 2358 sed
980 2303 1068 2372 qui
1097 2301 1218 2357 facit
1239 2301 1544 2368 hominem;
1571 2303 1818 2372 quoniam

231 2393 327 2462 qui
359 2393 482 2449 fecit
509 2393 698 2458 reficit,
724 2404 780 2450 et
804 2403 1008 2450 recreat
1036 2395 1123 2463 qui
1151 2397 1370 2450 creavit.
1398 2395 1511 2450 Non
1541 2409 1822 2464 possumus

232 2497 333 2553 per
359 2483 719 2538 infirmitatem
744 2483 846 2537 uisi
873 2484 1208 2549 contristari;
1236 2484 1327 2539 sed
1355 2500 1451 2556 per
1477 2500 1626 2554 spem
1659 2485 1823 2540 debe-

232 2587 356 2628 mus
383 2573 666 2628 consolari.
695 2573 892 2629 Omnes
918 2573 1088 2629 bonos
1113 2574 1311 2630 diutius
1338 2575 1614 2630 nobiscum
1643 2575 1821 2631 vivere

234 2666 503 2729 volumus,
536 2676 589 2722 et
619 2667 670 2720 in
698 2665 799 2722 hac
825 2666 1116 2735 asperrima
1149 2667 1253 2722 vita
1283 2668 1456 2723 deseri
1483 2683 1511 2722 a
1538 2667 1822 2723 comitibus

235 2757 518 2822 nolumus;
558 2757 653 2813 sed
695 2758 1077 2826 przevenientes
1117 2773 1213 2812 nos
1250 2759 1340 2828 qui
1381 2759 1517 2814 bene
1555 2761 1818 2824 vixerunt,

237 2848 519 2903 hortantur
543 2848 787 2917 exemplo
813 2862 910 2902 suo
931 2890 947 2915 ,
977 2856 1034 2902 ut
1056 2849 1166 2902 sive
1191 2848 1282 2902 diu
1312 2848 1398 2903 hic
1423 2850 1682 2916 vivamus,
1711 2850 1824 2905 sive

237 2939 347 2993 cito
373 2937 496 2994 hinc
523 2954 740 3006 eamus,
769 2941 847 2996 sic
870 2940 1136 3006 vivamus,
1173 2950 1232 2995 ut
1266 2939 1332 2996 ad
1364 2942 1506 3010 ipsos
1526 2943 1820 2997 veniamus.

239 3029 375 3096 Quia
415 3029 467 3085 id
505 3030 677 3100 ipsum
713 3030 798 3087 hic
833 3031 926 3086 diu
954 3031 1167 3098 vivere,
1197 3031 1330 3088 nihil
1355 3040 1438 3088 est
1461 3031 1640 3101 aliud,
1668 3047 1828 3104 quam

309 3517 393 3582 (a)_
414 3517 652 3582 Possidius
676 3519 722 3567 in
748 3518 905 3582 Indice
928 3532 1132 3582 operum
1156 3519 1402 3582 Augustini
1425 3525 1658 3578 recenset
1687 3519 1826 3574 habi-

238 3586 321 3628 tos
353 3579 416 3628 ab
453 3579 557 3644 ipso
579 3580 627 3644 in
660 3579 974 3644 quorumdam
998 3579 1326 3644 epismporum
1368 3581 1676 3644 depositione
1718 3593 1828 3644 ser:

238 3652 414 3704 mones
429 3675 442 3698 ,
467 3640 551 3702 qui
586 3640 819 3704 hactenus
841 3640 1200 3694 desiderantur.
1221 3642 1369 3703 ttujus
1391 3640 1535 3704 porro
1553 3641 1828 3704 argumenti

241 3709 327 3766 est
345 3701 422 3766 hic
443 3701 606 3766 sermo
623 3702 968 3766 consolatorius
983 3737 998 3761 ,
1021 3703 1104 3764 qui
1128 3701 1300 3766 antea
1313 3701 1438 3752 inter
1456 3701 1828 3766 Fulgentiisub-

239 3761 426 3810 dititios
447 3760 632 3811 relatus
669 3762 858 3828 fuerat,
904 3760 994 3814 sed
1019 3760 1314 3828 eruditorum
1354 3767 1478 3816 forte
1496 3760 1678 3828 judicio
1697 3764 1826 3814 inter

237 3834 504 3886 germanos
526 3825 774 3888 Augustini
791 3833 1058 3886 sermones
1068 3824 1391 3878 collocandus.

256 3911 653 3926 :2‘1‘2:
659 3913 873 3926 1‘59..-
885 3915 944 3926 -ς

423 3951 610 3958 λς-ο--σον
693 3953 814 3960 -η--ις
831 3954 864 3958 ιη

1817 3879 1838 3890 ⁵⁴

256 3911 474 3920 ..___._.-
483 3913 873 3922 _.__.-a-.._._.....-

1304 339 1535 407 saeuo
1573 347 1630 403 s.
1672 327 2097 402 Pessuma]
2137 341 2434 400 ERACLll.

875 3953 2270 4117 uerissimam

3365 343 3506 402 "f8

1922 459 2012 515 diu
2056 458 2325 514 molestias
2368 456 2650 513 sustinere.
2690 456 2820 512 Cum
2865 459 2976 515 Deo
3012 467 3190 520 autem
3237 457 3418 516 vivere
3453 471 3508 516 et

1922 550 2060 620 apud
2087 550 2272 614 Deum,
2306 550 2420 604 sine
2446 549 2548 604 ulla
2577 549 2813 605 molestia
2840 560 2923 606 est
2947 551 3154 618 vivere,
3181 559 3236 606 et
3258 550 3372 606 sine
3399 552 3510 610 ullo

1925 643 2116 696 timore
2145 657 2211 695 ne
2242 649 2422 709 pereat
2448 639 2690 706 felicitas,
2715 657 2834 711 qua:
2860 658 2966 696 non
2993 641 3152 696 habet
3182 641 3362 698 ﬁnem.
3402 643 3510 699 Nec

1923 732 2181 788 debemus
2207 731 2452 786 arbitrari
2489 732 2796 802 episcopum
2839 741 3107 795 vestrum,
3153 731 3368 788 fratrem
3408 749 3510 788 no-

1923 833 2092 877 strum
2113 865 2126 887 ,
2159 823 2264 877 cito
2303 822 2428 877 hinc
2464 823 2603 889 isse,
2635 831 2688 878 et
2717 838 2902 893 parum
2929 824 3144 878 vixisse.
3177 823 3340 879 Recte
3366 827 3508 881 enim

1924 915 1993 969 ibi
2025 929 2129 970 non
2160 929 2344 983 parum
2377 914 2603 978 vivitur,
2632 914 2720 968 ubi
2749 929 2869 968 cum
2896 913 3121 967 multum
3149 913 3341 968 dicitur
3360 956 3374 979 ,
3401 927 3510 970 non

1923 1007 2122 1062 linitur.
2151 1006 2281 1062 Nam
2311 1005 2398 1060 hic
2423 1007 2581 1061 etiam
2611 1005 2751 1074 quod
2777 1005 2998 1061 multum
3027 1013 3132 1071 est,
3155 1020 3276 1060 cum
3303 1005 3506 1059 finitum

1921 1097 2106 1168 fuerit,
2139 1116 2236 1170 pro
2265 1099 2433 1154 nihilo
2464 1099 2822 1168 deputabitur.
2854 1098 2964 1154 Nec
2985 1108 3168 1154 tamen
3199 1113 3386 1168 parum
3424 1096 3515 1153 hic

1922 1191 2072 1254 vixit,
2102 1191 2145 1244 si
2167 1191 2282 1259 ejus
2304 1205 2466 1260 opera
2486 1189 2800 1261 cogitemus,
2829 1203 2934 1242 non
2960 1202 3127 1242 annos
3145 1187 3509 1242 numeremus.

1923 1282 2117 1350 Quanti
2143 1283 2229 1358 alii
2259 1281 2483 1336 fortasse
2509 1282 2647 1352 quod
2681 1297 2775 1352 per
2801 1281 2992 1334 lllllllOS
3018 1295 3185 1334 annos
3216 1295 3321 1333 non
3355 1277 3511 1333 dimi-

1923 1373 2167 1440 diarunt,
2202 1374 2290 1428 ille
2329 1375 2512 1445 paucis
2538 1372 2693 1427 anuis
2719 1370 2988 1440 implevit?
3027 1369 3165 1423 Nihil
3205 1383 3334 1438 ergo
3369 1366 3512 1424 aliud

1923 1475 2059 1531 erat,
2093 1466 2178 1520 hic
2202 1482 2324 1521 eum
2350 1466 2485 1520 velle
2505 1473 2709 1527 tenere.
2735 1463 2835 1518 nisi
2859 1463 2978 1532 ejus
3001 1461 3233 1516 felicitati
3255 1457 3510 1514 invidere.

1993 1559 2049 1612 ‘2.
2084 1558 2139 1612 In
2166 1558 2266 1612 hoc
2291 1559 2432 1612 enim
2463 1557 2720 1612 habemus
2751 1555 3017 1611 tristitiam
3045 1553 3112 1609 de
3136 1553 3353 1608 homine
3377 1552 3516 1608 sicut

1923 1647 2191 1706 homines.
2223 1649 2360 1717 Quid
2381 1664 2509 1720 ergo
2531 1649 2805 1714 faciemus,
2833 1655 2892 1702 ut
2915 1663 3019 1700 non
3043 1646 3212 1702 simus
3235 1643 3517 1700 homines?

1924 1733 2182 1794 Homines
2210 1753 2338 1809 ergo
2377 1738 2443 1793 de
2483 1738 2715 1793 hominis
2754 1737 3009 1791 abscessu
3051 1735 3353 1790 humaniter
3386 1743 3514 1790 con-

1927 1828 2202 1883 trislamur
2243 1847 2256 1882 :
2299 1828 2394 1884 sed
2425 1828 2691 1898 quomodo
2719 1827 3018 1882 audivimus
3057 1827 3338 1882 lectionem
3374 1825 3516 1881 divi-

1925 1933 2070 1981 nam,
2098 1917 2238 1988 quod
2264 1928 2640 1974 consummatus
2662 1920 2714 1972 in
2736 1919 2868 1972 brevi
2889 1917 3093 1988 replevit
3117 1927 3344 1990 tempora
3364 1918 3516 1989 longa

1927 2007 2086 2080 (Sap.
2115 2025 2186 2068 iv.
2217 2008 2346 2077 i3)?
2377 2009 2517 2079 Ergo
2549 2009 2654 2063 illic
2683 2017 2922 2077 tempora
2952 2017 3351 2078 computemus,
3381 2007 3519 2062 sicut

1924 2107 2262 2167 computatur
2285 2098 2421 2152 dies.
2450 2098 2714 2168 Quidquid
2754 2113 2884 2168 ergo
2923 2098 3202 2152 vobiscum
3245 2099 3355 2168 egit
3389 2096 3517 2151 bor-

1925 2190 2107 2255 tando,
2131 2187 2416 2259 loquendo,
2445 2203 2504 2243 se
2525 2189 2697 2260 ipsum
2719 2188 3068 2258 proponendo
3089 2188 3154 2243 ad
3177 2187 3515 2252 imitandum.

1926 2281 1991 2335 ad
2017 2282 2181 2336 Deum
2205 2279 2530 2336 laudandum
2556 2290 2608 2336 et
2629 2279 2932 2345 colendum,
2956 2288 3166 2347 tenete;
3193 2287 3249 2334 et
3263 2279 3519 2336 Memoria

1926 2371 2094 2444 ipsius
2123 2372 2465 2426 ornatissima
2493 2386 2586 2425 vos
2615 2371 2785 2426 eritis.
2813 2370 2929 2425 Non
2960 2372 3103 2426 enim
3142 2369 3246 2426 hoc
3284 2370 3361 2425 illi
3399 2385 3518 2424 ma-

1924 2475 2088 2532 gnum
2114 2467 2226 2528 est,
2258 2461 2477 2516 recondi
2511 2461 2726 2515 tumulis
2755 2462 3126 2528 marmoratis;
3154 2461 3248 2516 sed
3277 2461 3434 2517 condi
3465 2461 3522 2521 in

1926 2554 2180 2611 cordibus
2225 2555 2433 2608 vestris.
2476 2553 2636 2608 Vivat
2678 2554 2918 2622 sepultus
2964 2553 3019 2607 in
3061 2553 3195 2608 vivis
3235 2555 3518 2624 sepulcris.

1927 2643 2211 2714 Sepultura
2243 2645 2385 2698 enim
2415 2643 2531 2713 ejus
2559 2644 2814 2698 memoria
2844 2652 3017 2698 vestra
3038 2653 3144 2699 est.
3172 2643 3326 2714 Apud
3355 2645 3521 2700 Deum

1928 2735 2079 2800 vivit,
2108 2743 2169 2788 ut
2197 2734 2322 2790 felix
2351 2735 2452 2799 sit;
2484 2734 2622 2804 apud
2649 2750 2742 2790 vos
2769 2734 2929 2798 vivat,
2962 2748 3018 2790 ut
3045 2735 3225 2792 felices
3253 2737 3389 2791 sitis.
3414 2736 3524 2792 Ex-

1933 2825 2136 2880 hortari
2167 2840 2262 2879 vos
2297 2825 2362 2880 ad
2394 2825 2602 2881 fidelem
2632 2826 2964 2896 prudentiam
2994 2825 3174 2881 multis
3200 2827 3375 2883 verbis
3418 2830 3523 2882 for-

1937 2924 2078 2971 tasse
2117 2931 2422 2985 possemus,
2465 2915 2564 2970 nisi
2592 2924 2645 2970 et
2673 2931 2770 2971 nos
2796 2916 2982 2971 dolore
3007 2915 3239 2972 humano
3264 2917 3349 2971 vix
3377 2917 3524 2987 loqui

1932 3006 2254 3060 sineremur.
2285 3004 2516 3060 Proinde
2545 3003 2666 3075 quia
2692 3004 2910 3060 donavit
2939 3005 3092 3060 nobis
3118 3005 3286 3069 Deus,
3317 3014 3372 3059 ut
3404 3020 3520 3058 mo-

1933 3096 2094 3152 rienti
2120 3095 2188 3151 ad
2217 3105 2425 3167 tempus
2453 3101 2744 3166 prmsentes
2770 3109 3044 3162 essemus;
3073 3095 3319 3166 quoniam
3350 3096 3520 3150 dona-

1929 3186 2010 3242 vit
2035 3186 2189 3241 nobis
2209 3228 2226 3254 ,
2255 3195 2313 3241 ut
2347 3185 2502 3241 funus
2538 3186 2653 3256 ejus
2678 3183 3064 3240 deduceremus
3089 3203 3102 3239 :
3132 3185 3376 3240 deductio
3403 3200 3523 3256 qua:

1932 3277 2158 3334 debetur
2181 3277 2448 3345 charitati,
2474 3276 2602 3332 nihil
2630 3269 2776 3332 addit
2798 3275 3034 3332 felicitati
3059 3293 3072 3329 :
3096 3272 3311 3330 donavit
3334 3275 3517 3340 etiam,

1933 3377 1991 3424 ut
2016 3367 2354 3422 sanctitatem
2380 3375 2611 3421 vestram
2637 3366 2968 3430 videremus,
2998 3380 3200 3436 vosque
3223 3366 3523 3436 alloquere-

1933 3471 2055 3511 mur
2077 3497 2095 3523 ,
2126 3463 2181 3509 ut
2207 3471 2306 3528 pro
2343 3455 2558 3510 modulo
2583 3465 2767 3512 nostro
2797 3455 3106 3511 consolandi
3147 3469 3240 3510 vos
3278 3455 3523 3511 consola-

1932 3539 2116 3603 i'emur
2140 3565 2154 3601 :
2179 3533 2430 3616 quidquid
2460 3559 2556 3601 nos
2593 3547 2747 3600 dolor
2781 3545 2959 3602 dicere
2992 3560 3096 3599 non
3125 3545 3400 3615 permittit,
3425 3560 3522 3599 co-

1929 3633 2149 3706 gitando
2176 3636 2452 3706 suppleta;
2489 3646 2539 3690 et
2581 3644 2764 3689 uoster
2802 3634 3012 3687 animus
3055 3634 3106 3688 in
3149 3633 3521 3690 recordatione

1929 3727 2062 3782 tanti
2092 3726 2212 3795 viri,
2245 3727 2347 3782 etsi
2370 3725 2530 3781 habet
2556 3725 2842 3780 humanum
2871 3735 3178 3792 memorem,
3218 3739 3325 3780 non
3359 3724 3522 3782 habet

1931 3816 2198 3873 infidelem
2227 3813 2676 3890 desperatiOnem.

2273 3955 3373 4148 ἰὶἱῖῖιῐλῖιῇζ

2617 3954 2866 3962 -———-————.

1375 4153 1762 4236 m‘scrpuu
1803 4169 1866 4234 s.
1911 4161 2373 4248 AUGUSTINI,

1307 4308 1470 4354 IPSO
1496 4309 1904 4354 PRBSENTB
1945 4309 2263 4354 naeuus
2309 4289 2420 4373 (α).

1671 4418 2092 4496 φθφοωενα

324 4516 555 4583 1.Ρυῑο,
591 4517 806 4582 fratres,
853 4518 993 4590 quod
1033 4534 1206 4574 meam
1254 4519 1516 4590 sarcinam
1565 4516 1809 4590 sentiatis
1824 4533 1838 4578 ;

251 4597 311 4644 et
337 4597 460 4658 peto
481 4598 540 4643 ut
560 4596 706 4642 tanto
727 4605 814 4644 me
857 4587 1018 4644 onere
1043 4590 1397 4652 laborantem,
1429 4589 1675 4644 fraternis
1703 4587 1842 4643 votis

248 4667 502 4727 tanquam
529 4659 817 4728 suppositis
848 4660 1104 4725 humeris,
1140 4660 1444 4715 sublevetis.
1475 4658 1606 4714 Nam
1647 4659 1846 4713 beatis-

251 4728 422 4786 simus
448 4729 624 4793 Pater,
651 4730 740 4798 qui
773 4729 872 4782 hoc
897 4730 1026 4784 mihi
1049 4731 1256 4798 pondus
1276 4731 1543 4798 imposuit,
1582 4729 1695 4783 scio
1717 4729 1839 4796 quia

249 4813 351 4871 pro
374 4815 459 4854 me
475 4814 630 4853 orare
657 4814 760 4871 non
782 4799 998 4871 desinit.
1028 4799 1140 4871 Non
1170 4801 1311 4855 enim
1343 4801 1454 4871 sola
1481 4800 1839 4871 jussioneAme

252 4867 628 4952 premeretuet
657 4870 740 4952 pia
764 4870 1009 4952 oratiope
1037 4869 1328 4925 desereret.
1363 4867 1502 4952 Sine;
1516 4867 1839 4952 dubioufra:

251 4937 382 5005 tres,
413 4940 503 5009 qui
537 4937 693 5008 jussit
725 4947 779 4993 ut
806 4939 908 4995 hoc
937 4939 1125 5006 feram,
1155 4949 1273 4994 orat
1300 4950 1358 4994 ut
1380 4941 1664 5010 perferam.
1695 4937 1837 5008 Quid

253 5024 384 5079 ergo
413 5011 552 5079 quod
577 5011 756 5076 jussit,
801 5011 899 5064 uisi
929 5010 1126 5065 audere
1177 5011 1527 5080 ignorantiam
1574 5019 1838 5080 praesente

253 5081 534 5150 sapientia,
563 5089 618 5134 et
645 5080 786 5147 loqui
807 5081 1119 5150 imperitiam
1137 5079 1345 5136 tacente
1360 5079 1601 5136 doctrina
1623 5083 1646 5135 ?
1669 5079 1835 5135 Cum-

252 5148 361 5220 qufe
389 5149 659 5220 Scriptura
705 5148 893 5217 dicat,‘
923 5148 1167 5219 Loquere,
1216 5152 1382 5205 senior
1408 5167 1427 5206 :
1457 5153 1596 5206 dccct
1625 5153 1760 5206 enim
1787 5161 1835 5206 te

303 5219 465 5272 Ereti.
519 5221 833 5290 xxxu.5);
891 5221 1046 5276 Pater
1093 5221 1241 5285 dicit,
1306 5221 1564 5290 Loquere,
1606 5221 1830 5291 junior:

291 5291 657 5363 eiectatenim,
698 5307 804 5346 me.
854 5292 1010 5346 Scitis
1053 5305 1249 5356 autem,
1299 5292 1508 5357 fratres,
1539 5293 1658 5363 quia
1692 5294 1833 5363 loqui

253 5375 352 5432 pro
377 5361 526 5432 vobis
553 5361 768 5415 verbum
793 5363 898 5432 _Dei
925 5372 979 5417 et
1015 5372 1136 5418 ante
1156 5364 1266 5430 jam
1309 5361 1594 5431 cmperani.
1639 5361 1832 5419 Susce-

254 5430 308 5555 Ei
337 5431 476 5485 enim
529 5445 696 5499 nuper
747 5430 908 5486 officii
973 5433 1288 5490 necessitate
1335 5430 1678 5503 compulsus;
1709 5435 1832 5505 quia

295 5517 359 5555 oc
384 5516 577 5555 munus
633 5500 864 5555 effuaere
913 5517 1016 5555 non
1067 5503 1346 5555 habebam.
1393 5502 1495 5555 Sed
1552 5504 1706 5555 facile
1749 5513 1832 5555 est

295 5517 359 5556 oc
384 5516 577 5555 munus
633 5500 864 5570 effugere
913 5517 1016 5556 non
1067 5503 1346 5559 habebam.
1393 5500 1495 5559 Sed
1552 5504 1706 5560 facile
1725 5500 1833 5560 'est

254 5572 502 5645 absentis.
519 5573 752 5641 magistri
786 5573 957 5626 locum
989 5575 1228 5645 suppleat
1249 5576 1564 5645 quicumque
1595 5576 1826 5644 discipu-

255 5640 340 5698 lus
369 5661 383 5696 :
407 5640 631 5713 arduum
651 5657 780 5697 vero
805 5653 888 5699 cet
913 5640 1070 5713 atque
1089 5640 1309 5700 difﬁcile
1337 5640 1532 5701 docere
1558 5640 1826 5701 eoudiéci-

256 5713 409 5784 pulos
429 5707 529 5766 suh
553 5713 842 5782 magistro;
881 5707 1003 5768 tali'
1026 5716 1323 5786 praesertim
1372 5717 1644 5787 magistro,
1675 5716 1829 5786 cujus

1946 4514 2124 4590 verbis
2153 4529 2218 4572 ex
2245 4530 2312 4590 eo
2350 4523 2434 4572 est
2466 4515 2659 4590 Amajor
2693 4516 3002 4590 auctoritas,
3046 4519 3190 4590 quod
3235 4519 3517 4580 docentem

1947 4583 2180 4661 linguam
2210 4587 2314 4661 vita
2342 4583 2645 4661 comitatur.
2677 4587 2758 4661 A_d
2790 4603 2949 4661 omne
2971 4583 3112 4644 enim
3152 4590 3348 4661 bonum
3375 4591 3520 4661 quod

1947 4655 2101 4710 nobis
2125 4655 2421 4729 insinuatur
2435 4656 2750 4729 eruditionis
2767 4659 2951 4729 verbo,
2979 4659 3230 4729 praecedit
3267 4675 3364 4716 nos
3389 4655 3518 4716 con-

1943 4725 2262 4798 versationis
2294 4726 2560 4798 exemplo.
2607 4725 2866 4798 Praecedit
2894 4725 3011 4794 nos,
3041 4729 3284 4798 inquam;
3316 4731 3518 4786 utinam

1943 4795 2030 4850 vel
2068 4796 2386 4865 sequamur!
2413 4796 2678 4868 Quidquid
2707 4799 2849 4851 enim
2881 4799 2932 4852 in
2961 4798 3064 4854 hoc
3093 4795 3208 4853 viro
3234 4800 3514 4868 miramur,

1941 4877 2282 4932 veneramur,
2315 4867 2704 4935 amplectimur,
2725 4876 2852 4922 tunc
2892 4868 3127 4923 creditur
3150 4881 3275 4924 vere
3306 4886 3336 4924 a
3365 4867 3518 4927 nobis

1942 4935 2131 5010 amari,
2151 4935 2197 4990 si
2225 4951 2332 4990 non
2355 4937 2530 5008 pigeat
2555 4936 2771 5010 imitari.
2799 4938 2904 5010 Pro
2927 4938 3145 4994 modulo
3173 4953 3304 5010 ergo
3330 4951 3516 4996 nostro

1941 5004 2009 5080 ad
2055 5019 2175 5080 eum
2204 5021 2304 5060 nos
2342 5004 2714 5080 unusquisque
2745 5008 3044 5080 tendamus,
3067 5004 3513 5080 atque'existens‘

1940 5074 2212 5150 de‘radice
2232 5075 2408 5150 cordis
2433 5074 2552 5150 ejus
2587 5074 2826 5134 diversos
2845 5079 3105 5150 virtutum
3139 5074 3336 5136 "ramos
3360 5090 3518 5150 prout

1938 5145 2182 5221 valemns
2208 5147 2397 5221 singuli
2418 5145 2784 5221 decerpemus.
2830 5148 2931 5215 Qui
2970 5158 3162 5219 potest,
3195 5145 3513 5221 asseqnatur

1941 5215 2059 5296 ejus
2087 5217 2492 5296 elprpientianr:
2519 5215 2608 5296 qui
2658 5235 2763 5296 non
2791 5215 2986 5289 potest,
3017 5215 3197 5296 teneat
3232 5215 3511 5296 continen-

1939 5287 2089 5339 tiam.
2113 5287 2210 5352 Qui
2234 5289 2676 5360 potest,iimpleat
2707 5287 2820 5359 ejus
2838 5293 3242 5346 auctoritatem:
3280 5292 3368 5360 qui
3404 5305 3514 5346 non

1939 5366 2134 5432 potest,
2167 5369 2402 5432 sectetur
2433 5359 2806 5432 humilitatem.
2838 5360 2934 5427 Qui
2965 5370 3158 5430 potest,
3208 5360 3512 5432 apprehen-

1938 5426 2032 5500 dat
2055 5426 2170 5500 ejus
2197 5430 2474 5500 scientiam
2506 5446 2520 5482 :
2553 5431 2641 5500 qui
2665 5446 2767 5485 non
2789 5426 2982 5500 potest,
3016 5426 3390 5500 imitetur’réjns
3419 5445 3514 5499 pa-

1937 5497 2199 5568 tientiam.
2229 5499 2401 5568 Atque
2438 5501 2492 5554 in
2509 5497 2757 5556 omnibus
2783 5497 2882 5556 viis
2927 5500 3154 5564 Domini,
3179 5499 3270 5568 qui
3303 5497 3511 5568 potest,

1936 5567 2456 5642 ambulctcumillo;
2485 5579 2541 5626 et
2585 5572 2677 5642 qui
2707 5587 2815 5627 non
2843 5579 3036 5642 potest.
3079 5567 3249 5642 discat
3287 5567 3356 5624 ab
3399 5567 3514 5627 illo.

1935 5635 2291 5705 Gaudeamus,
2333 5635 2546 5708 fratres,
2595 5635 2885 5698 secundum
2912 5635 3360 5710 dispensationem
3387 5655 3510 5697 mtt-

1998 5729 2014 5761 ¹
2043 5735 2198 5792 Forte,
2219 5729 2489 5784 existentes.

311 5804 388 5872 (α)
420 5811 485 5859 ει
507 5807 827 5874 annua-ipto
844 5806 1009 5863 codice
1024 5805 1248 5861 Ecclesia
1269 5807 1620 5863 Bellovaeensis
1644 5816 1814 5864 erutus
1832 5824 1923 5876 per
1946 5819 1999 5863 v.
2022 5819 2070 5864 c.
2093 5814 2398 5870 Godefridum
2420 5821 2648 5870 uernant
2691 5812 2910 5880 ejusdem
2925 5812 3150 5871 εωωω
3166 5815 3480 5871 canonicum.
