4006 6468
495 303 636 365 1719

498 433 690 478 uerum
715 416 1016 475 divinorum
1042 415 1242 472 habere
1273 428 1373 472 nos
1392 413 1579 482 inipso
1609 412 1749 483 quod
1773 428 1877 468 non
1912 411 2080 468 habe-

497 505 621 548 mus
633 492 689 547 in
720 489 893 544 nobis.
909 482 1173 557 Quidquid
1199 487 1340 541 enim
1358 484 1516 540 inillo
1537 482 1800 553 videmus,
1840 495 2080 538 nostrum

497 571 605 637 est:
634 561 702 637 si
701 574 962 614 amemus.
1345 627 1360 637 _
1474 626 1487 637 _
1659 625 1704 637 η
1843 625 1856 637 ο

569 631 626 684 2.
659 630 770 684 Hoc
790 644 918 695 ergo
950 638 1177 695 tacente,
1206 643 1304 684 nos
1345 626 1630 693 loquimur.
1659 625 1792 691 lloc,
1843 625 2077 694 inquam,

569 645 626 684 z.
659 645 770 684 uoc
790 645 820 684 e
885 645 918 683 ο
950 645 1177 695 tacente,
1206 645 1304 684 nos
1347 645 1630 693 loquimur.
1661 645 1792 691 unc,
1844 645 2077 694 mquam,

498 708 711 758 tacente
729 645 1142 779 posrgoquimur.
1175 699 1385 779 Cic_l_ada
1414 699 1430 728 ¹
1452 698 1667 779 clamat,
1687 705 1753 778 ,ει
1775 711 1979 779 cygnus
2001 707 2081 779 ta-

498 781 586 827 cet
609 788 622 824 :
650 768 746 849 sed
760 768 1024 849 non-tacet.
1045 771 1377 849 loquentibus
1400 769 1573 849 nobis,
1614 768 1734 836 quia
1758 768 1887 849 _ip_sc
1917 768 2083 849 loqui-

502 850 590 896 tur
617 841 737 895 etin
763 840 934 894 nobis.
969 839 1024 894 Si
1055 836 1197 896 enim
1219 840 1370 895 vobis
1388 839 1613 892 dicimus
1632 836 1771 906 quod
1789 837 1856 890 ab
1873 851 1936 890 eo
1950 838 2083 891 didi-

500 913 692 973 cimus,
709 910 822 978 ipse
848 925 942 963 vos
959 910 1234 980 docetsive
1255 925 1352 980 per
1377 924 1456 980 se,
1478 909 1591 962 sive
1606 923 1698 980 per
1724 923 1826 980 me.
1862 906 2084 980 Verum-

419 1004 440 1018 ο-
500 991 701 1042 tamen,
728 980 935 1046 fratres,
967 979 1067 1034 hoc
1082 981 1220 1047 quod
1245 977 1398 1034 nobis
1428 977 1864 1046 itnposuitadhuc
1887 979 2081 1045 parvis,

416 1053 438 1115 ὲ
499 1052 588 1107 vix
620 1050 868 1120 impletur
892 1065 920 1103 a
949 1053 1169 1120 magnis.
1188 1051 1290 1106 Sed
1307 1064 1408 1103 non
1421 1048 1664 1120 ideojam
1683 1047 1967 1120 desperare
1987 1049 2084 1104 de-

419 1121 429 1187 ἕ
497 1118 715 1192 bemus,
729 1121 849 1188 quia
865 1121 1012 1192 parvi
1035 1118 1238 1192 sumus.
1258 1118 1701 1192 Bettedixit_cnim
1718 1118 1973 1192 Dominus
1992 1136 2086 1188 pu-

416 1203 421 1210 ·
496 1188 652 1245 sillos
669 1187 789 1243 cum
812 1187 1350 1263 magnis(Psal.cxnt,
1380 1188 1729 1263 lolifdultum
1748 1187 1901 1263 fortia
1923 1187 2064 1263 sunt,

501 1271 623 1326 quae
647 1259 988 1329 poscuntn’ra
1017 1259 1186 1326 nobis,
1221 1272 1382 1315 etnos
1420 1260 1609 1313 inlirmi
1653 1274 1855 1329 sumus.
1888 1259 2086 1316 Inﬁrmi

505 1328 714 1392 sumus,
748 1330 958 1398 fragiles
981 1345 1184 1394 sumus,
1215 1330 1401 1385 ﬁctiles
1419 1344 1603 1384 sumus
1627 1345 1640 1392 ;
1670 1328 1763 1383 sed
1789 1330 1910 1397 quid
1931 1330 1954 1382 ἲ
1979 1331 2086 1384 Pla-

502 1399 651 1455 cebit
675 1399 900 1453 Domino
925 1416 1121 1468 ponere
1148 1403 1198 1454 in
1213 1416 1337 1455 vase
1356 1401 1522 1462 ﬁctili,
1553 1415 1752 1466 ponere
1776 1402 2082 1454 thesaurum

503 1483 701 1529 suum:
731 1479 787 1523 ut
810 1469 1047 1525 dicamus
1071 1480 1125 1525 et
1143 1486 1240 1525 nos
1268 1486 1388 1526 cum
1425 1469 1590 1524 Paulo
1616 1471 1877 1536 apostolo,
1911 1470 2086 1524 Habe-

502 1555 635 1608 mus,
661 1541 952 1593 thesaurum
1003 1541 1156 1594 istum
1197 1542 1250 1594 in
1294 1541 1426 1595 vasis
1481 1537 1755 1608 ﬁctilibus(
1787 1538 1827 1591 ll
1856 1538 1972 1594 Cor.
2007 1557 2078 1607 tv,

503 1607 589 1680 7).
619 1607 678 1681 in
695 1623 851 1681 manu
875 1609 1018 1681 enim
1045 1613 1184 1665 illius
1213 1626 1310 1665 nos
1333 1619 1385 1664 et
1405 1607 1680 1664 sermones
1706 1611 1872 1663 nostri
1907 1609 1924 1681 (
1953 1611 2082 1680 Sap.

504 1691 601 1750 vn,
623 1680 691 1750 16
712 1681 752 1748 ),
768 1680 855 1748 qui
876 1680 967 1734 dat
985 1683 1201 1750 verbum
1219 1681 1704 1750 evangelizantibus
1728 1680 1923 1750 virtute
1951 1681 2088 1734 mul-

505 1756 560 1822 ta
583 1747 765 1821 (P—sal.
786 1747 962 1822 ιιι-ιι,
988 1749 1118 1822 12),
1142 1750 1279 1818 Quid
1309 1747 1448 1822 enim
1478 1747 1932 1822 putatis,_l'ratres,
1963 1752 2085 1820 quia

503 1818 844 1891 dispensator
860 1820 960 1874 istc
991 1818 1096 1874 tam
1126 1822 1359 1891 sapiens,
1393 1820 1502 1891 nisi
1535 1833 1594 1891 se
1645 1820 1808 1891 sciret
1837 1821 1889 1874 in
1932 1818 2086 1876 nobis

503 1887 789 1961 peCuniarn
812 1887 1131 1961 dominicam
1156 1887 1467 1953 collocasse,
1487 1889 1698 1958 juberet
1719 1890 1868 1944 vobis
1888 1891 2085 1960 aliquid

505 1958 770 2029 erogare?
800 1958 1057 2014 Conscius
1074 1961 1175 2014 sibi
1204 1969 1286 2015 est
1313 1975 1532 2026 operum
1561 1975 1778 2013 suorum
1804 1977 1817 2024 ;
1841 1958 2087 2014 conscius

504 2028 620 2083 sibi
641 2037 724 2082 est
745 2029 952 2098 piorum
983 2030 1224 2083 laborum
1251 2049 1264 2084 :
1289 2031 1388 2084 scit
1411 2038 1662 2098 quantum
1697 2044 1781 2083 nte
1803 2031 1914 2084 sale
1941 2032 2086 2084 verbi

505 2098 791 2154 condierit.
819 2099 917 2152 Est
944 2100 1086 2153 enim
1117 2099 1230 2168 ipse
1271 2101 1345 2153 sal
1383 2108 1538 2154 terrae
1565 2099 1818 2166 vividum,
1851 2101 2087 2156 referens

507 2168 816 2237 apostolicae.
861 2168 1118 2223 doctrina:
1168 2184 1433 2238 saporem.
1461 2169 1564 2224 Sed
1592 2185 1778 2224 vereor
1809 2186 1873 2224 ne
1899 2171 2087 2225 condi-

506 2246 747 2310 mentum
769 2237 883 2310 ejus
914 2239 1110 2293 inculto
1141 2237 1302 2294 corde
1339 2255 1444 2294 non
1495 2239 1755 2293 duxerim.
1789 2241 1934 2296 Bene
1960 2256 2087 2310 ergo

507 2305 656 2379 fecit,
685 2305 826 2379 quod
856 2317 1096 2362 nostrum
1127 2310 1292 2363 voluit
1332 2321 1544 2379 gustare
1589 2325 1912 2365 sermonem.
1945 2305 2088 2366 Bene

507 2376 655 2450 iecit,
685 2376 950 2450 inspicere
968 2389 1229 2450 quantum
1248 2381 1300 2432 in
1317 2376 1473 2434 nobis
1491 2381 1571 2434 sui
1593 2382 1797 2449 saporis
1813 2389 2084 2450 agnoscat.

508 2445 646 2513 Quid
669 2445 809 2502 enim
839 2445 1405 2503 aliudfexistimandum
1435 2459 1535 2512 est,
1573 2445 1712 2518 quod
1746 2445 1881 2504 inter
1925 2463 2086 2506 crete—

507 2531 604 2572 ros
621 2526 816 2586 patres,
840 2527 894 2572 et
907 2520 1368 2589 compresbyteros
1391 2534 1537 2572 meos
1560 2519 1703 2588 loqui
1735 2523 1831 2589 sub
1860 2537 2087 2589 conspe-

509 2595 602 2642 ctu
617 2602 715 2641 suo
743 2602 827 2640 me
855 2588 1192 2656 potissimum
1214 2588 1390 2656 jussit,
1420 2589 1559 2654 quod
1587 2601 1710 2642 ante
1740 2588 1915 2646 facere
1943 2588 2089 2646 nole-

507 2657 620 2719 bat,
657 2657 761 2710 nisi
788 2659 910 2725 quia
938 2657 1006 2711 de
1031 2673 1217 2712 eorum
1246 2658 1552 2711 maturitate
1603 2668 1761 2728 atque
1787 2662 2087 2716 eruditione

511 2740 752 2798 securus,
786 2737 968 2798 nosrra
995 2728 1162 2798 voluit
1190 2728 1487 2781 rudimenta
1509 2730 1585 2782 sic
1621 2730 1865 2796 probare.
1897 2733 2085 2798 Pareo,

509 2793 723 2866 fratres,
757 2796 1019 2850 salubrius
1042 2797 1347 2866 imperatis;
1379 2800 1531 2852 etcui
1561 2793 1645 2853 mc
1683 2799 1877 2854 dudum
1911 2803 1962 2855 in
1988 2793 2091 2855 Dol-

509 2865 657 2919 mino
685 2866 1022 2920 nutriendum
1051 2865 1506 2931 erudiendumquc
1529 2872 1794 2931 commisi,
1827 2887 1929 2924 non
1966 2874 2088 2927 sub-

511 2934 684 3008 traho.
718 2935 941 3004 Inspice,
977 2937 1132 2991 Pater
1165 2939 1251 3007 pie
1297 2948 1351 2992 et
1392 2934 1640 3008 Magister
1676 2943 1832 2995 bone.
1862 2943 2091 2996 Interro-

509 3019 575 3073 ga
603 3005 880 3078 linguam,
911 3014 969 3078 ct
995 3005 1379 3078 testimonium
1412 3005 1599 3076 prodat
1625 3011 1717 3064 tibi
1746 3013 1928 3066 cordis
1956 3013 2087 3067 affe-

507 3077 719 3130 ctum.’
748 3075 1011 3150 Quidquid
1055 3078 1146 3131 tibi
1189 3079 1238 3131 in
1292 3075 1472 3150 nostro
1503 3096 1766 3150 sermone
1810 3083 2086 3150 placuerit,

508 3157 760 3215 agnosce,
791 3147 914 3216 quia
942 3157 1090 3201 tuum
1119 3156 1201 3202 cst
1228 3166 1239 3203 :
1264 3149 1518 3218 quidquid
1538 3159 1712 3205 autem
1739 3147 2083 3222 displicuerit,

570 3255 718 3317 !-Pro,
742 3255 930 3307 cicada.

569 3316 594 3348 ³
607 3316 763 3378 Forte,
786 3319 999 3382 aﬂ'ectus.

1735 297 1793 355 S.
1833 293 2200 354 AUGUSTINI
2235 294 2538 356 EPISCOPI

3653 303 3788 360 1720

2186 412 2419 488 ignosce,
2449 413 2570 484 quia
2592 428 2775 488 meum
2786 421 2868 470 est
2896 415 3030 488 :_sed
3056 414 3136 472 sic
3152 415 3386 488 ignosce,
3410 424 3469 473 ut
3499 418 3786 488 corrigas;

2185 481 2264 536 sic
2293 481 2616 556 ignoscent
2654 485 2860 556 punias.
2895 481 3336 556 rlgnoscas'milti
3373 481 3508 556 'quia
3560 481 3784 551 erravii

2187 554 2374 621 punias
2418 554 2704 622 miliiqnod
2735 555 2907 609 erravi
2941 554 2952 608 ξ
2981 571 3044 610 ac
3079 557 3158 610 sic
3187 571 3375 624 parcas
3405 554 3637 623 homini,
3668 574 3787 613 non

2187 624 2354 675 errori
2388 641 2400 675 :
2432 624 2603 699 donec
2629 625 2882 694 paulatim
2912 633 3079 681 totum
3101 626 3243 697 quod
3289 643 3396 682 non
3427 643 3456 682 a
3486 637 3539 684 te
3564 629 3790 699 planta-

2189 701 2299 747 tum
2333 701 2432 755 est,
2463 695 2813 755 relinquatur.

2259 763 2450 839 3._Sed
2471 774 2527 818 ut
2550 763 3052 839 vobiscum__potius.
3077 767 3432 839 dilectissimi,
3456 785 3614 839 quam
3651 785 3786 823 cum

2188 834 2304 902 ipso
2327 834 2534 908 loquar,
2565 851 2632 908 ne
2687 836 2740 888 in
2787 837 2963 908 aliquo
3011 838 3208 892 limites
3241 834 3486 907 paternai
3515 841 3788 908 jussionis

2187 905 2438 978 excedam
2467 922 2486 978 ξ
2517 907 2606 970 qui
2647 921 2737 978 me
2763 914 2819 960 ut
2866 907 3014 960 vobis
3044 905 3310 977 loquerer,
3365 905 3647 978 imperavit
3675 929 3688 963 :
3725 911 3783 963 in
3879 965 3886 967 μ

2188 973 2433 1047 ΙιοοΑρῙιιε
2462 974 2604 1030 facto
2646 975 2865 1030 Paulum
2924 973 3225 1044 apostolum
3275 973 3588 1046 cogitemus,
3619 982 3789 1047 cujus

2190 1044 2348 1098 modo
2367 1046 2672 1113 Epistolam,
2691 1062 2810 1100 cum
2829 1048 3112 1115 legeretur,
3139 1044 3452 1103 audivimus.
3476 1050 3605 1104 Cum
3630 1044 3788 1106 enim

2189 1115 2382 1168 divinis
2407 1117 2672 1190 mysteriis
2691 1118 3082 1190 adolescentem
3109 1118 3446 1173 Timotheum
3500 1135 3787 1190 pra-para-

2190 1193 2291 1256 ret,
2320 1186 2729 1256 cmlestibusque
2756 1188 3008 1241 doctrinis
3029 1199 3258 1243 mentem
3284 1186 3635 1244 adolescentis
3677 1191 3790 1243 im-

2191 1255 2402 1320 bueret,
2431 1255 2657 1323 dicebat,
2692 1257 2921 1311 Praedico
2941 1259 3140 1311 verbum
3165 1277 3182 1320 ;
3204 1268 3257 1312 et
3282 1261 3437 1328 paulo
3455 1270 3596 1328 post.
3629 1261 3787 1326 Opus

2193 1328 2274 1396 [ac
2291 1328 3235 1402 Δ(ξιναρςιριὲδιιιῖι,..ηιὶηἱδιςιῂἱιιηι--ιιιιιηι
3267 1330 3528 1402 αίίὶηιριε(
3560 1330 3601 1384 ll
3631 1330 3780 1402 Tim.

2192 1394 2264 1461 iv,
2288 1394 2328 1470 ἓ
2355 1394 2625 1470 ).-ΤιιηοΑεί
2656 1397 2856 1452 diceret
2888 1399 2997 1461 ille,
3046 1399 3164 1470 Non
3190 1394 3445 1467 possum';
3478 1394 3783 1470 responde-

2189 1477 2272 1519 ret
2298 1466 2511 1530 Paulus,
2543 1465 2735 1532 Quarc-
2762 1483 2866 1521 non
2897 1478 3065 1535 potes,
3097 1465 3213 1522 fili?
3253 1470 3437 1525 Nonne
3462 1471 3529 1524 ab
3550 1465 3780 1526 infantia

2191 1550 2370 1608 sacras
2398 1536 2625 1591 Litteras
2653 1537 2925 1608 didicisti(
2953 1537 3039 1592 Id.
3065 1554 3142 1602 ut,
3180 1541 3246 1594 l5
3278 1541 3340 1608 )‘i
3378 1540 3511 1605 Hoc,
3555 1541 3777 1605 fratres,

2191 1605 2322 1659 mihi
2377 1616 2683 1680 non_pote_st
2712 1608 2834 1680 dici.
2867 1605 3015 1680 Sicut
3049 1610 3192 1680 enim
3237 1605 3498 1665 noverunt
3550 1613 3775 1680 plurimi

2193 1686 2448 1741 vestrum,
2473 1676 2581 1745 jam
2602 1677 2766 1731 durus
2793 1678 2896 1732 huc
2912 1678 3119 1734 adveni.
3142 1679 3246 1734 Per
3271 1681 3446 1735 omnia
3474 1676 3614 1736 enim
3646 1691 3785 1736 tem-

2191 1761 2322 1815 pore
2351 1747 2567 1823 puerilis
2612 1749 2803 1823 artatis.
2849 1764 3007 1823 quam
3062 1749 3551 1823 faciliusllectitac
3592 1752 3784 1823 dirigit

2192 1817 2674 1892 normadoctrinac,
2705 1817 2881 1873 rebus
2910 1819 3029 1874 aliis
3075 1821 3395 1890 occupabar.
3447 1822 3556 1876 Sed
3589 1817 3778 1892 plan'e,

2191 1885 2330 1962 quod
2367 1885 2637 1940 latendum
2661 1897 2763 1955 est,
2790 1898 3067 1958 postquam
3095 1885 3235 1954 veni",
3285 1901 3539 1960 quantum
3577 1885 3778 1962 potuit,

2194 1955 2244 2008 in
2271 1971 2357 2011 me
2386 1967 2635 2025 operatus
2665 1966 2751 2013 est
2791 1955 3008 2014 sanctus
3036 1955 3652 2033 agricola—multumque
3678 1955 3780 2017 co;-

2194 1975 2244 2008 ιιι
2271 1975 2357 2011 me
2386 1975 2635 2025 operatus
2665 1975 2751 2013 εει
2793 1975 3008 2014 sanetus
3036 1975 3288 2084 agrtcma,
3320 1975 3652 2033 multumque
3678 1979 3780 2017 co-

2193 2035 2348 2079 natus
2372 2036 2454 2080 cst
2479 2037 2714 2102 nostram
2743 2044 3047 2102 expugnare
3076 2101 3080 2102 ί
3110 2032 3338 2085 uritiam.
3358 2032 3539 2102 Neque
3573 2034 3782 2090 imbres

2193 2111 2425 2168 unquam
2451 2097 2599 2160 mibi,
2632 2097 3034 2168 neque’semina
3055 2101 3339 2156 defuerunt
3371 2120 3382 2155 :
3414 2097 3467 2157 et
3493 2105 3613 2157 ideo
3635 2119 3784 2159 nunc

2192 2167 2281 2235 qui
2310 2182 2494 2240 semen
2523 2167 2727 2238 injecit,
2756 2169 2980 2223 fructum
3032 2173 3270 2240 requirit.
3299 2172 3421 2228 Oret
3455 2183 3512 2228 ιιι
3540 2190 3648 2228 non
3686 2175 3788 2230 de-

2193 2238 2558 2313 generaverint
2571 2255 2728 2313 grana
2747 2240 2862 2313 ejus
2879 2241 3095 2313 innobis
3115 2238 3130 2292 ξ
3156 2253 3209 2296 et
3229 2243 3481 2313 quidquid
3497 2246 3575 2298 vel
3591 2247 3642 2298 in
3659 2261 3784 2299 scr-

2195 2307 2444 2360 monibus
2471 2309 2637 2380 velin
2667 2310 2902 2362 moribus
2931 2312 3044 2380 ipso
3072 2307 3346 2366 excolenle
3371 2307 3423 2367 ct
3452 2315 3677 2368 Domino
3702 2316 3788 2369 in-

2194 2387 2520 2453 crementum
2549 2378 2708 2432 dante
2731 2378 3065 2453 processerit,
3085 2397 3188 2436 non
3206 2384 3375 2450 spina,
3398 2385 3492 2438 sed
3519 2387 3664 2453 Spica
3689 2388 3784 2440 sit.

2195 2445 2345 2512 Quod
2362 2463 2484 2514 ergo
2499 2448 2604 2515 jam
2624 2445 2805 2524 restat,
2820 2445 3166 2524 dilectissimi,
3191 2445 3570 2522 ipsumpariter
3584 2456 3788 2524 depre-

2195 2531 2396 2595 cemur,
2421 2527 2478 2570 ut
2497 2519 2942 2595 quemadmodum
2973 2538 3070 2590 ego
3088 2519 3224 2576 ultra
3252 2519 3389 2595 vires
3414 2541 3560 2579 meas
3581 2519 3790 2595 praece-

2196 2587 2298 2655 ptis
2318 2587 2433 2666 ejus
2459 2589 2626 2666 parui,
2649 2590 2716 2642 ita
2741 2591 2979 2666 omnium
3008 2587 3243 2645 nostrum
3271 2593 3537 2649 desiderio
3575 2587 3634 2650 se
3664 2595 3790 2666 ipse

2196 2672 2300 2729 non
2330 2657 2625 2729 subtrahat,
2661 2660 2753 2712 sed
2779 2672 2898 2729 post
2926 2661 3065 2716 hunc
3086 2677 3389 2717 sermonem
3413 2676 3657 2720 nostrum
3685 2657 3788 2721 'lo-

2195 2727 2284 2794 qui
2323 2727 2474 2800 vobis
2501 2729 2601 2800 vel
2629 2727 2794 2797 pauca
2839 2731 3118 2800 dignetur;
3148 2750 3267 2800 qua:
3313 2735 3655 2791 discedentes
3683 2751 3789 2792 vos

2196 2796 2502 2851 meminisse
2522 2796 2770 2865 delet-tet,
2795 2809 2849 2854 et
2878 2796 3206 2857 recordando
3223 2806 3509 2860 salubriter
3541 2807 3789 2861 rumina-

2195 2881 2254 2918 rc
2280 2882 2383 2918 non
2419 2869 2604 2936 pigeat.
2625 2869 3021 2935 Verumtamen,
3048 2889 3116 2927 ne
3147 2882 3257 2929 toto
3275 2891 3519 2930 sermone
3545 2878 3597 2930 in
3614 2892 3789 2932 excu-

2196 2937 2401 3006 satiotie
2427 2949 2745 3006 consumpto
2767 2941 3116 2996 Sanctitatem
3137 2954 3367 2998 vestram
3396 2948 3672 3001 monuisse
3699 2948 3789 3001 ni-

2197 3005 2270 3058 hil
2298 3007 2499 3086 videar,
2549 3005 2725 3064 audite
2755 3028 2875 3086 _mc_,
2917 3013 3135 3068 fratres.
3173 3015 3533 3086 Quaecumque
3563 3033 3593 3070 a
3622 3018 3790 3073 Patre

2196 3085 2381 3155 postro
2425 3093 2640 3155 semper
2668 3080 2908 3155 audistis,
2940 3093 2993 3137 et
3035 3087 3337 3154 accepistis,
3382 3080 3460 3140 et'
3487 3087 3781 3155 didicistis,

2196 3144 2721 3225 lltmc'cogitatctltﬂjc
2749 3144 2930 3220 agite;
2970 3162 3023 3208 et
3048 3144 3185 3210 Deus
3207 3144 3353 3225 pacis
3380 3144 3786 3213 eritvobiscuni

2201 3214 2458 3287 (Philipp.
2485 3234 2556 3284 tv,
2586 3221 2750 3290 8,9).
2781 3214 2971 3278 Amen.

1183 3411 3735 3444 mw

1183 3411 1550 3423 ἢ
3445 3431 3735 3444 *ό

523 3403 3752 3488 W

1035 3520 1194 3669 s.
1234 3465 3267 3685 "AUBELTIKUGUSTINE

681 3889 710 3915 κ’

714 3957 794 3966 μσς..

731 4030 780 4055 ψ.

1693 3955 1802 4010 QUI
1843 3959 2058 4004 ADBUC
2100 3961 2595 4011 DESIDERANTUR

919 3736 2026 3858 SERMONUM
2106 3745 3372 3897 QUORUMDAM

1373 4097 2531 4266 FBAGMEN
2538 4112 2858 4277 TA

549 4347 878 4408 BEPERTA
924 4346 992 4404 nt
1045 4345 1559 4406 COLLECTANEIS
1609 4348 1923 4420 EUGYPll,
1974 4352 2218 4501 ἓξὲξ,
2273 4356 2475 4414 FLOR!
2524 4359 2614 4417 AC
2675 4361 2954 4422 JOANN-lS
3009 4367 3318 4428 nouam
3378 4373 3740 4434 secusne

2145 4447 2278 4501 om.

2145 4447 2278 4502 ONI.

1812 4579 1958 4631 τες-ο-Ξὲ
1971 4579 2448 4638 ἓεεεοῡβᾶᾶκήϐτ

504 4698 593 4756 Ea:
626 4697 874 4756 Sermone
913 4703 1088 4751 contra
1127 4693 1464 4764 Pelagianos,
1497 4694 1550 4749 in
1590 4693 1822 4766 Eugypii
1856 4703 1988 4750 tomo
2031 4697 2086 4764 2,

1024 4803 1139 4857 cap.
1165 4784 1270 4841 287
1308 4796 1396 4839 aut
1415 4785 1522 4841 288
1545 4784 1620 4858 (α)
1633 4825 1647 4839 .

578 4881 632 4936 ι.
677 4879 925 4937 Urbanus
959 4879 1247 4950 episcopus.
1296 4876 1694 4948 Pelagianorum
1736 4893 1910 4944 error,
1951 4877 2094 4934 liberi

505 4963 701 5027 arbitrii
742 4972 934 5026 viribus
959 4972 1090 5026 vinci
1129 4986 1272 5042 posse
1298 4969 1612 5037 tentationes,
1636 4985 1727 5022 nec
1771 4969 1834 5023 de
1862 4979 2094 5041 peccato-

504 5078 624 5118 rum
664 5062 1016 5116 natationibus
1056 5063 1142 5132 agi
1169 5062 1222 5115 in
1257 5060 1483 5114 oratione
1517 5059 1789 5113 dominica.
1822 5059 1915 5114 Illa
1957 5060 2086 5126 duo,

506 5149 722 5210 Dimitte
767 5149 908 5204 nobis
951 5149 1116 5202 debita
1161 5159 1352 5216 nostra,
1395 5150 1520 5203 sicut
1564 5157 1612 5202 et
1656 5165 1748 5202 nos
1795 5148 2090 5204 dimittimus

510 5241 812 5302 debitoribus
856 5242 1080 5304 nostris;
1120 5249 1194 5306 et,
1223 5241 1309 5296 Ne
1332 5258 1424 5296 nos
1456 5241 1646 5311 inferas
1665 5241 1719 5293 in
1747 5242 2088 5309 tentationem,

513 5332 720 5410 (Matth.
744 5347 828 5399 vr,
857 5329 926 5386 12
949 5340 994 5384 et
1025 5331 1134 5399 15),
1158 5331 1366 5398 quando
1395 5331 1691 5401 Pelagianis
1737 5331 2087 5400 objiciuntur,

507 5425 635 5499 quid
670 5439 764 5482 eos
806 5422 1000 5495 putatis
1045 5421 1406 5488 respondere?
1433 5421 1667 5487 Horrui,
1721 5421 1911 5476 fratres
1951 5422 2088 5488 mei,

509 5523 723 5592 quando
747 5517 946 5576 audivi.
977 5515 1090 5585 Ego
1113 5513 1327 5582 quidem
1357 5529 1463 5570 non
1491 5515 1667 5569 audivi
1695 5515 1909 5570 auribus
1934 5514 2084 5581 meis,

509 5611 608 5668 sed
633 5620 850 5668 sanctus
885 5611 1049 5668 frater
1076 5613 1130 5664 et
1157 5607 1502 5678 coepiscopus
1533 5621 1683 5663 meus
1707 5607 1953 5664 Urbanus
1991 5623 2087 5663 no-

562 5740 646 5806 (α)
673 5743 791 5795 attat
806 5743 971 5796 Fla'tn
989 5740 1049 5793 ad
1073 5743 1108 5790 ιι
1125 5743 1228 5789 cor.
1252 5747 1407 5803 xm,et
1427 5747 1444 5791 ι
1465 5741 1583 5791 Tim.
1609 5752 1656 5788 ν.

2198 4713 2329 4770 ster,
2372 4706 2461 4776 qui
2494 4707 2579 4763 hic
2621 4712 2901 4784 presbyter
2942 4716 3061 4784 fuit,
3104 4727 3158 4774 et
3202 4722 3360 4776 modo
3397 4731 3479 4778 est
3517 4724 3790 4783 Siccensis

2199 4800 2500 4870 cpiscopus,
2555 4817 2677 4858 cum
2732 4819 3025 4865 remeasset
3074 4812 3141 4866 ab
3186 4814 3318 4870 urbe
3359 4815 3551 4882 Roma,
3608 4830 3665 4874 et
3714 4821 3790 4876 ibi

2195 4903 2316 4944 cum
2339 4893 2566 4961 quodam
2597 4896 2714 4950 talia
2745 4901 3007 4958 sentiente
3032 4905 3361 4974 conﬂigeret,
3398 4910 3485 4964 vel
3514 4925 3573 4964 se
3596 4913 3794 4966 conﬂi-

2195 4984 2338 5039 xisse
2362 4985 2604 5054 referret,
2635 5004 2754 5044 cum
2782 5002 3064 5063 urgeretur
3085 4999 3321 5065 pondere
3341 5000 3595 5054 orationis
3611 5001 3792 5057 domi-

2196 5077 2328 5131 nicas
2357 5096 2371 5132 :
2396 5079 2616 5149 urgebat
2669 5083 2810 5138 enim
2849 5101 2990 5152 eum,
3049 5096 3102 5142 ct
3130 5089 3362 5158 diccbat,
3420 5090 3474 5147 Si
3517 5094 3568 5147 in
3600 5106 3789 5149 nostra

2196 5180 2456 5240 potestate
2478 5183 2560 5228 est
2589 5191 2692 5230 non
2735 5193 2975 5247 peccare,
3005 5189 3057 5235 Cl.
3086 5181 3136 5234 ill
3165 5191 3344 5237 nostra
3388 5194 3650 5253 potestate
3700 5197 3791 5242 ρει

2195 5276 2382 5318 omnes
2409 5277 2745 5334 peccatorum
2774 5273 3092 5327 tentationes
3118 5275 3248 5330 solis
3270 5277 3557 5332 voluntatis
3583 5287 3790 5334 nostrae

2198 5354 2398 5410 viribus
2413 5373 2686 5427 superare,
2719 5376 2881 5430 quare
2906 5362 3017 5418 Deo
3037 5364 3279 5428 dicimus,
3314 5365 3395 5421 Ne
3414 5385 3502 5422 nos
3520 5369 3571 5422 in
3581 5370 3606 5440 ί
3606 5386 3714 5424 eras
3731 5372 3790 5426 in

2196 5449 2515 5503 tentationem
2537 5453 2562 5505 ?
2586 5452 2710 5522 quid
2736 5469 2856 5507 cum
2877 5457 3072 5525 putatis
3094 5459 3467 5528 respondisse?
3487 5461 3788 5531 Rogamus,

2194 5539 2381 5610 inquit,
2409 5543 2601 5610 Deum,
2628 5559 2695 5598 ne
2726 5559 2825 5598 nos
2868 5547 3059 5602 inferat
3096 5547 3150 5602 in
3184 5551 3550 5619 tentationem,
3591 5568 3660 5607 ne
3685 5555 3792 5611 ali-

2195 5632 2319 5702 quid
2341 5634 2464 5688 mali
2495 5636 2776 5704 patiamur,
2804 5638 2944 5708 quod
2967 5655 3071 5694 non
3100 5639 3358 5696 habemus
3377 5643 3430 5698 in
3463 5654 3736 5714 potestate
3763 5666 3782 5703 :

2205 5741 2272 5782 ne
2299 5743 2445 5783 ruam
2472 5727 2538 5784 de
2566 5744 2724 5800 equo,
2755 5740 2898 5789 etne
2924 5730 3160 5806 frangam
3183 5734 3395 5808 pedem,
3429 5751 3496 5793 ne
3525 5736 3676 5812 latro.
3697 5751 3793 5793 me
