4006 6466
560 291 698 347 1723

558 441 782 483 maneas
814 429 1012 493 inanis,
1054 429 1175 498 quia
1202 418 1493 495 impcdiri‘s.

631 518 685 574 5.
695 516 923 588 Objectio
938 516 1348 587 Pelagianorum.
1358 512 1598 587 Pelagius
1607 518 1855 603 quomodo
1867 517 2138 574 absolutus.

560 607 800 678 Cogitate
818 612 946 678 'er'go
968 608 1087 672 ista,
1121 606 1311 661 fratres
1340 607 1462 669 mei,
1492 608 1730 678 quisquis
1750 607 1816 663 ‘ad
1841 612 1933 663 vos
1962 625 2147 666 acces-

561 704 714 767 serit»,
734 702 1000 757 etdixcrit
1026 698 1173 755 vobis
1202 720 1216 755 :
1243 701 1378 768 Quid
1407 717 1535 772 ergo
1563 717 1660 757 nos
1688 701 1926 767 facimus,
1952 703 1997 757 si
2015 701 2144 758 nihil

559 791 819 845 habemus
839 791 888 844 in
922 800 1187 860 potestate
1213 792 1313 845 nisi
1343 790 1480 847 Deus
1503 791 1592 846 det
1628 793 1843 847 omnia?
1870 791 2012 861 Ergo
2039 809 2145 848 non

559 888 658 937 nos
692 882 966 937 coronabit
985 885 1144 951 Deus,
1174 883 1266 939 sed
1290 899 1348 939 se
1363 884 1657 939 coronabit.
1681 884 1795 939 Jam
1815 884 2003 939 videtis
2025 886 2146 954 quia

554 971 623 1027 de
652 973 741 1027 illa
771 990 903 1028 vena
959 976 1102 1028 venit
1151 993 1163 1029 :
1209 991 1342 1030 vena
1387 984 1488 1038 est,
1517 975 1610 1030 sed
1653 988 1915 1030 venenum
1950 975 2142 1042 habet;

553 1080 804 1133 percussa
826 1068 1064 1120 estenim
1092 1082 1122 1120 a
1150 1076 1415 1135 serpente,
1446 1082 1570 1121 sana
1597 1083 1699 1120 non
1730 1076 1828 1121 est.
1864 1067 1975 1122 lloc
2003 1068 2143 1123 enim

552 1156 662 1225 agit
686 1156 844 1210 hodie
867 1156 1104 1223 satanas,
1138 1158 1405 1227 quomodo
1434 1172 1528 1227 per
1549 1173 1749 1211 venena
1775 1160 2141 1213 hazreticorum

558 1247 736 1314 ejiciat
772 1247 838 1301 de
864 1245 1124 1312 Ecclesia,
1174 1249 1311 1302 sicut
1355 1257 1478 1302 tunc
1520 1262 1613 1318 per
1648 1263 1850 1304 venena
1879 1250 2141 1317 serpentis

558 1337 717 1406 ejecit
754 1337 822 1392 de
845 1338 1109 1407 paradiso.
1140 1338 1287 1391 Illum
1334 1353 1491 1393 nemo
1520 1338 1659 1393 dicat
1695 1339 1993 1393 absolutum
2020 1353 2141 1394 esse

554 1428 623 1481 ab
662 1428 925 1496 episcopis
950 1444 963 1481 :
987 1428 1226 1483 absoluta
1252 1436 1354 1492 est,
1382 1429 1475 1483 sed
1504 1427 1792 1493 confessio,
1842 1430 1990 1498 quasi
2017 1443 2139 1483 cor-

550 1519 720 1571 rectio
741 1518 849 1586 ipsa
872 1528 953 1573 est
975 1518 1232 1573 absoluta.
1258 1520 1389 1587 Quia
1415 1534 1475 1575 ea
1503 1535 1619 1589 qua:
1635 1519 1767 1574 dixit
1785 1528 1909 1575 ante
1931 1519 2139 1590 episco-

547 1620 672 1675 pos,
700 1608 957 1662 catholica
974 1608 1289 1664 videbantur
1318 1628 1333 1664 :
1370 1624 1488 1680 qua:
1514 1619 1689 1665 autem
1733 1610 1948 1679 scripsit
1991 1611 2044 1665 in
2072 1610 2138 1665 li-

549 1697 663 1753 bris
692 1699 836 1764 suis,
881 1700 1115 1771 episcopi
1155 1702 1242 1772 qui
1270 1702 1649 1768 absolverunt,
1697 1703 2039 1769 nescierunt;
2084 1711 2139 1759 et

548 1787 765 1843 forsitan
791 1799 1066 1846 correctus
1091 1802 1191 1847 est.
1225 1792 1517 1862 DeSperare
1536 1792 1677 1848 enim
1693 1793 1759 1849 de
1781 1792 1997 1849 homine
2026 1810 2135 1850 non

549 1878 830 1947 debemus,
861 1880 951 1951 qui
979 1882 1117 1938 forte
1153 1882 1276 1937 ﬁdei
1297 1882 1573 1939 catholicae
1601 1883 1815 1955 atljungi
1841 1899 1900 1940 se
1925 1885 2130 1951 maluit,

546 1977 601 2023 et
628 1969 694 2023 ad
722 1969 837 2038 ejus
870 1972 1093 2041 gratiam
1141 1973 1499 2043 auxiliumque
1548 1974 1810 2044 confugit;
1839 1974 1973 2030 forte
2029 1975 2133 2033 hoc

542 2058 742 2113 factum
772 2061 842 2114 sit
876 2078 888 2112 :
920 2070 1095 2115 tamen
1133 2077 1240 2117 non
1264 2062 1484 2119 haeresis
1508 2072 1591 2119 est
1629 2065 1887 2130 absoluta,
1917 2065 2011 2120 scd
2032 2066 2129 2120 ho-

542 2165 633 2203 mo
655 2149 898 2205 lnurcsim
928 2168 1146 2223 negans,
1173 2136 1278 2209 clc.

544 2262 629 2317 Ex
644 2264 890 2320 Sermone
910 2266 973 2320 de
1001 2266 1247 2322 I’assione
1272 2266 1498 2332 Domini,
1526 2268 1579 2322 in
1626 2266 1933 2324 Collectione
1971 2267 2127 2324 Bedes

1052 2367 1099 2413 et
1128 2358 1269 2413 Flori
1288 2360 1357 2412 ad
1382 2359 1532 2415 Rom.
1559 2376 1607 2414 ν.

613 2467 675 2523 Si
697 2469 828 2523 enim
857 2487 970 2524 cum
1012 2472 1201 2524 inimici
1226 2486 1460 2534 essemus,
1494 2470 1801 2524 reconciliati
1820 2486 1993 2525 sumus
2018 2468 2124 2525 Deo

538 2575 630 2629 per
653 2571 863 2615 mortem
914 2560 1037 2614 Filii
1079 2561 1404 2626 eius;mnlto
1427 2560 1587 2631 magis
1636 2561 1967 2627 recanciliati,
1997 2560 2123 2617 salvi

536 2650 721 2704 erimus
764 2652 816 2705 in
868 2652 969 2704 vita
1020 2652 1223 2723 ipsius(
1259 2652 1406 2706 Rom.
1437 2668 1491 2719 ν,
1518 2651 1585 2707 10
1617 2652 1657 2722 ).
1702 2653 1845 2725 Ergo
1873 2654 2120 2710 Christus

537 2754 638 2810 pro
665 2741 839 2810 impiis
886 2752 1126 2797 mortuus
1160 2751 1259 2797 est.
1296 2743 1359 2797 Et
1394 2742 1641 2799 Christus
1668 2744 1806 2798 Deus
1842 2753 1943 2799 est.
1975 2745 2122 2813 Quo-

533 2832 695 2887 modo
724 2848 829 2888 non
857 2832 1097 2904 regnabit
1124 2835 1367 2890 inventus
1392 2836 1443 2890 in
1474 2836 1579 2890 vita
1610 2836 1703 2891 Dei
1724 2836 1917 2906 justus,
1947 2852 2117 2906 quan-

532 2923 623 2988 do,
644 2940 710 2978 ne
728 2925 943 2994 periret,
968 2936 1135 2982 morte
1168 2926 1259 2981 Dei
1285 2927 1541 2997 qumsitus
1568 2939 1650 2982 est
1679 2927 1920 2996 impius?
1951 2926 2005 2981 In
2036 2927 2114 2982 vi-

533 3023 585 3069 ta
603 3015 744 3070 enim
776 3015 867 3072 Dei
885 3016 1015 3072 salvi
1042 3018 1263 3083 erimus,
1303 3018 1423 3088 quia
1452 3019 1502 3071 in
1544 3018 1649 3071 vita
1678 3027 1859 3072 nostra
1886 3018 2116 3087 periera-

529 3112 668 3160 mus.
700 3106 805 3162 Sed
827 3122 947 3161 cum
978 3107 1229 3162 audimus
1257 3116 1311 3162 et
1330 3109 1490 3161 vitam
1523 3108 1615 3162 Dei
1653 3116 1709 3162 ct
1735 3115 1963 3161 mortem
1997 3107 2114 3174 Dei,

529 3194 894 3251 discernamus
922 3198 1071 3267 quid,
1095 3198 1235 3253 unde
1268 3198 1354 3252 sit.
1387 3197 1560 3252 Vitam
1590 3200 1789 3268 quippe
1811 3198 1987 3253 attulit
2015 3212 2112 3253 no-

528 3284 629 3351 bis,
662 3295 886 3341 mortem
938 3301 1065 3342 vero
1110 3287 1315 3358 accepit
1351 3302 1381 3341 a
1427 3286 1580 3343 nobis
1614 3305 1627 3340 :
1660 3303 1760 3343 nec
1792 3298 1967 3344 tamen
2017 3303 2115 3359 pro

527 3385 630 3431 Suo
655 3378 865 3443 merito,
895 3376 989 3434 sed
1015 3392 1111 3448 pro
1140 3377 1312 3433 nobis.

526 3485 659 3543 Item
680 3504 743 3543 ex
790 3488 1036 3545 Sermone
1058 3489 1121 3544 de
1148 3489 1397 3546 Passione
1428 3488 1649 3558 Domini,
1683 3490 1824 3546 Beda
1852 3500 1901 3547 et
1926 3490 2113 3549 Florus

1124 3580 1193 3635 ad
1214 3582 1365 3636 Rom.
1396 3598 1489 3638 xu.

605 3694 708 3761 Qui
725 3711 779 3751 se
797 3696 1007 3764 exultat,
1024 3694 1414 3763 humiliabitur;
1443 3704 1491 3750 et
1512 3696 1600 3765 qui
1619 3712 1673 3751 se
1690 3695 1942 3763 Itumiliat,
1964 3698 2110 3753 exal-

521 3784 747 3855 tabitur(
777 3785 903 3840 Luc.
924 3800 1070 3851 xvut,
1101 3786 1171 3841 14
1198 3785 1239 3856 ).
1267 3785 1500 3841 Proinde
1518 3801 1641 3842 cum
1668 3787 1957 3858 Apostolus
2000 3802 2101 3844 nos

523 3872 828 3941 admoneat,
844 3890 910 3929 ne
929 3875 1096 3931 simus
1120 3876 1224 3930 alta
1246 3876 1532 3947 sapientes,
1554 3877 1649 3933 sed
1667 3877 1957 3934 humilibus
1973 3893 2107 3935 con-

519 3965 814 4020 sentientes
847 3964 1033 4036 (Rom.
1087 3982 1200 4034 xu,
1243 3967 1310 4022 16
1336 3967 1399 4038 );
1448 3966 1666 4039 cogitet,
1715 3968 1758 4023 si
1799 3977 1998 4038 potest,
2052 3970 2107 4026 in

518 4064 777 4125 quantum
812 4056 1074 4126 superbia:
1094 4057 1444 4127 prtecipitium
1473 4056 1671 4113 feratur
1699 4057 1880 4125 homo,
1908 4058 1954 4113 si
1988 4074 2097 4115 non

519 4148 855 4204 consenserit
904 4149 1090 4204 humili
1126 4149 1275 4215 Deo;
1307 4156 1365 4205 et
1419 4165 1578 4220 quam
1630 4150 1701 4205 sit
1736 4151 2104 4221 perniciosum

518 4235 862 4308 impatienter
904 4239 1173 4295 hominem
1200 4238 1341 4296 ferre
1392 4240 1536 4311 quod
1564 4239 1793 4296 voluerit
1835 4241 2103 4300 Dominus

514 4330 710 4401 justus,
738 4331 782 4386 si
808 4333 1074 4403 patienter
1102 4332 1319 4403 pertulit
1339 4332 1479 4389 Deus
1501 4331 1643 4403 quod
1668 4332 1826 4388 voluit
1853 4333 2102 4391 inimicus

515 4418 766 4489 injustas.

551 4531 682 4589 Item
726 4549 790 4588 ea:
837 4534 1082 4590 Sermone
1100 4534 1168 4589 de
1209 4532 1474 4601 Passieno,
1502 4533 1645 4590 Beda
1685 4545 1733 4591 et
1779 4535 1967 4592 Florus
1995 4538 2065 4593 ad

1168 4625 1322 4681 Rom.
1346 4642 1463 4701 xv.»

578 4720 693 4776 Rex
723 4728 850 4791 ergo
863 4719 1167 4776 Judzeorum
1189 4716 1453 4786 Christus,
1482 4720 1580 4775 sub
1596 4719 1747 4789 cujus
1764 4720 1883 4776 lene
1898 4721 2091 4792 jugum

508 4813 668 4867 etiam
691 4811 889 4868 Gentes
916 4812 1094 4868 misste
1121 4818 1245 4866 sunt
1288 4810 1339 4865 in
1364 4810 1587 4866 salutem
1612 4828 1627 4876 ;
1658 4811 1780 4882 quia
1815 4812 1896 4869 eis
1926 4813 2096 4869 mise-

507 4902 737 4958 ricordia
776 4907 975 4975 majore
1023 4919 1339 4961 concessum
1386 4912 1488 4959 est.
1543 4904 1655 4959 Hoc
1683 4906 1919 4974 apertius
1970 4906 2088 4976 ipse

505 4993 741 5047 ostendit
779 4995 1083 5063 Apostolus,
1110 4995 1200 5050 ubi
1224 4994 1318 5069 ait,
1352 4992 1480 5048 Dico
1508 4996 1639 5049 enim
1666 4995 1923 5051 Christum
1949 4998 2089 5069 fuis-

506 5098 559 5135 se
600 5080 881 5135 ministrum
923 5085 1315 5139 circumcisionis
1342 5095 1549 5155 promer
1592 5087 1851 5141 veritatem
1876 5088 1991 5155 Dei,
2023 5090 2093 5144 ad

504 5171 879 5241 cori/irritandus
907 5175 1259 5242 promissiones
1308 5174 1523 5231 Patrum
1546 5193 1565 5242 ;
1604 5175 1784 5232 Gentes
1810 5189 1977 5233 autem
1998 5198 2092 5236 su-

503 5282 593 5334 per
616 5262 959 5318 misericordia
982 5262 1268 5335 gloriﬁcare
1292 5266 1453 5321 Deum
1476 5267 1589 5333 (Id.
1621 5284 1715 5334 xv,
1746 5269 1781 5325 8
1802 5279 1847 5324 et
1870 5270 1949 5341 9).
1979 5271 2082 5329 Ne-

501 5373 606 5427 que
630 5357 773 5413 enim
794 5355 1029 5411 debitum
1056 5364 1376 5425 eratpanem
1403 5358 1632 5415 filiorum
1647 5361 1849 5427 tollere,
1880 5372 1936 5419 et
1956 5365 2083 5420 mit-

503 5459 616 5507 tere
639 5448 881 5515 canibus,
908 5448 1011 5503 nisi
1054 5461 1216 5501 canes
1243 5446 1501 5505 bumiliati
1525 5452 1592 5506 ad
1610 5452 1936 5523 colligendas
1980 5455 2086 5510 mi-

499 5557 610 5607 cas,
637 5557 769 5615 quas
785 5541 856 5599 de
876 5555 1058 5597 mensa
1080 5538 1419 5595 dominorum
1442 5542 1635 5598 cadere
1660 5554 1963 5611 cernerent,
1986 5562 2085 5617 per

504 5631 675 5703 ipsam
708 5634 1059 5690 humilitatem
1104 5628 1322 5685 exaltati
1362 5637 1520 5701 atque
1561 5631 1977 5703 homincsfacti,
2013 5638 2080 5694 ad

500 5726 667 5795 ipsam
689 5730 927 5785 mensam
957 5729 1293 5781 mererentur
1310 5721 1586 5779 accedere.

1799 286 1855 343 S.
1897 287 2261 347 AUGUSTlNl
2301 292 2606 354 EPISCOPI
3729 308 3870 380 i724

2327 588 2628 647 Glorientur
2651 609 2779 666 ergo
2803 608 2857 652 et
2885 614 2983 655 nos
3009 603 3062 656 in
3082 619 3242 660 cruce
3273 607 3481 666 Domini
3511 617 3687 669 nostri
3720 616 3861 674 Iesu

2253 682 2474 750 Christi,
2508 701 2602 755 per
2629 704 2788 757 quem
2817 692 2970 747 nobis
2996 696 3248 765 mundus,
3275 708 3328 755 ct
3367 718 3463 759 nos
3494 707 3699 761 mundo
3729 726 3862 765 cru-

2253 774 2530 841 ciliga‘mur
2554 776 2574 845 (
2591 776 2761 832 Colat.
2789 796 2861 844 Vl,
2892 783 2960 837 14
2982 784 3019 853 ).
3048 785 3127 841 De
3154 788 3254 857 qua
3283 806 3441 855 cruce
3467 805 3524 849 ut
3568 813 3676 852 non
3720 815 3857 855 eru-

2253 862 2616 931 besceremus,
2649 882 2765 923 eam
2812 872 2864 926 in
2893 873 3004 943 ipsa
3030 876 3227 947 fronte,
3262 877 3365 937 hoc
3391 898 3492 952 est,
3537 884 3587 942 in
3618 890 3856 960 puderis

2252 952 2523 1010 domicilio
2551 959 2956 1019 collocavimus.

2287 1043 2418 1100 Item
2464 1064 2527 1103 ea:
2578 1048 2825 1109 Sermone
2868 1055 2931 1110 de
2958 1055 3221 1127 Passione,
3255 1061 3397 1119 Beda
3424 1076 3470 1120 et
3499 1068 3695 1127 Florus
3741 1075 3819 1126 ad

2887 1147 3081 1219 Ep/tes.
3109 1168 3186 1206 tv.

2316 1230 2499 1303 Neque
2520 1234 2684 1302 enim,
2732 1244 2791 1293 ut
2826 1244 3066 1298 nonnulli
3098 1255 3303 1316 putant,
3349 1260 3501 1308 vetns
3528 1254 3696 1311 homo
3719 1262 3848 1314 cer-

2246 1338 2345 1393 pus
2370 1333 2472 1389 est,
2504 1334 2559 1381 et
2592 1344 2759 1385 novus
2791 1332 2949 1387 homo
2974 1337 3183 1393 anima:
3216 1341 3311 1395 sed
3348 1357 3564 1415 corpus,
3593 1351 3845 1407 exterior

2245 1415 2407 1472 homo
2432 1428 2516 1474 est
2541 1437 2553 1479 :
2582 1422 2782 1490 anima,
2813 1426 3055 1483 interior.
3106 1430 3163 1485 In
3210 1434 3467 1492 interiore
3492 1441 3671 1510 agitur
3720 1443 3843 1500 hsce

2243 1518 2477 1565 vetustas
2497 1520 2553 1567 et
2598 1515 2824 1571 novitas.
2874 1518 3007 1573 Cum
3056 1523 3198 1578 enim
3252 1526 3541 1593 Apostolus
3598 1531 3837 1601 diceret,

2242 1597 2429 1654 Exuite
2459 1617 2541 1656 vos
2560 1613 2769 1659 veterem
2822 1606 3093 1677 hominem,
3136 1627 3183 1667 et
3233 1616 3434 1672 induite
3466 1636 3651 1675 novum
3677 1640 3698 1687 ,°
3725 1640 3835 1679 non

2241 1689 2342 1746 hoc
2372 1692 2611 1762 jubebat,
2643 1705 2700 1752 ut
2723 1713 2916 1768 corpus
2943 1702 3321 1775 deponeretur,
3368 1710 3462 1765 Sed
3517 1723 3575 1767 ut
3626 1716 3737 1770 vita
3777 1719 3833 1773 in

2238 1783 2429 1837 melius
2446 1794 2758 1843 mutaretur.
2783 1786 2894 1845 Hoc
2906 1792 3133 1864 denique
3153 1810 3544 1869 consequenter
3564 1804 3791 1861 edocuit
3816 1826 3831 1873 ;

2237 1888 2359 1927 nam
2380 1875 2563 1930 volens
2584 1879 2707 1948 quid
2726 1879 2917 1936 dixerit
2933 1885 3241 1954 explanare,
3264 1889 3608 1961 Quapropter,
3630 1897 3829 1966 inquit,

2236 1964 2536 2035 deponentes
2565 1971 2902 2033 mendacium.
2933 1973 3196 2043 loquimini
3242 1982 3494 2036 veritatem
3547 1988 3831 2055 unusquis-

2233 2069 2331 2122 que
2350 2070 2462 2108 cum
2489 2059 2718 2126 proximo
2743 2076 2835 2114 suo
2857 2060 3085 2134 (Ep/tes.
3106 2081 3179 2130 tv,
3207 2066 3373 2125 22-25
3401 2070 3449 2142 ).

2236 2142 2319 2197 Ea:
2340 2144 2586 2201 Sermone
2604 2148 2667 2202 de
2690 2149 3072 2208 Resurrectione
3106 2154 3334 2226 Domini,
3360 2160 3499 2216 Beda
3536 2172 3585 2217 et
3630 2156 3829 2222 Florus

2837 2246 2905 2298 ad
2932 2246 3081 2301 Rom.
3108 2264 3177 2304 vt.

2305 2330 2455 2397 Quod
2474 2333 2604 2385 enim
2630 2343 2855 2389 mortuus
2881 2348 2972 2404 est,
3020 2350 3220 2409 peccato
3249 2344 3477 2400 mortuus
3504 2358 3577 2402 est
3618 2352 3780 2405 sane!
3806 2369 3825 2415 ;

2229 2420 2367 2490 quod
2382 2430 2548 2478 autem
2570 2426 2703 2491 vivit,
2728 2427 2843 2480 vivit
2864 2428 3084 2484 Dctha
3108 2442 3153 2485 et
3176 2438 3260 2488 vos
3278 2438 3555 2493 existimate
3574 2457 3661 2495 vos
3678 2460 3823 2497 mor-

2230 2521 2342 2566 tuos
2368 2514 2569 2584 quidem
2590 2532 2694 2570 esse
2717 2530 2939 2589 peccato,
2971 2522 3184 2578 viventes
3230 2537 3397 2582 autem
3428 2529 3537 2585 Deo
3560 2534 3612 2586 in
3656 2534 3817 2588 Chri-

2226 2610 2303 2655 sto
2322 2602 2465 2658 Jesu.
2493 2605 2605 2661 lloc
2628 2616 2710 2662 est
2762 2622 3173 2681 sacramentum,
3202 2616 3255 2671 in
3284 2632 3391 2687 quo
3417 2614 3470 2674 hi
3510 2624 3597 2692 qui
3636 2623 3822 2694 bapti-

2227 2701 2434 2759 zantur,
2490 2696 2613 2751 vitm
2661 2701 2857 2755 veteris
2901 2707 3245 2774 experiuntur
3274 2724 3546 2778 occasum,
3576 2724 3629 2769 et
3657 2730 3820 2772 novas

2224 2785 2573 2841 exordiantur
2597 2789 2913 2860 ingressum.
2942 2794 3094 2852 Unde
3137 2798 3280 2856 idem
3306 2798 3435 2857 dicit
3460 2820 3476 2858 :
3506 2796 3813 2876 Consepulti

2224 2891 2341 2947 ergo
2383 2878 2461 2932 illi
2503 2895 2679 2935 sumus
2706 2899 2796 2952 per
2814 2883 3130 2955 Baptismum
3150 2891 3202 2944 in
3227 2902 3471 2960 mortem;
3496 2906 3551 2949 ut
3570 2901 3817 2967 quemad-

2224 2969 2431 3023 modum
2458 2974 2729 3027 resurrexit
2758 2974 3033 3032 Cltristusa
3059 2982 3286 3048 mortuis,
3309 2985 3380 3038 sic
3396 2994 3442 3038 et
3461 3004 3552 3041 nos
3579 2989 3632 3041 in
3662 2991 3816 3045 novi-

2223 3062 2323 3113 tate
2349 3061 2465 3115 vita
2490 3063 2839 3140 ambulemus(
2868 3068 3016 3124 Rom.
3069 3087 3143 3137 Vl,
3174 3073 3261 3140 l0,
3312 3077 3398 3144 ll,
3441 3078 3476 3133 4
3500 3077 3545 3149 ).
3579 3079 3681 3135 Per
3704 3081 3817 3139 hoc

2221 3161 2610 3208 sacramentum
2660 3170 3009 3225 agnoscamus
3062 3177 3159 3218 nos
3200 3172 3256 3220 et
3298 3177 3513 3237 peccato
3564 3172 3817 3231 mortuos

2220 3254 2339 3295 esse
2364 3256 2484 3297 cum
2504 3243 2738 3311 Christo,
2765 3256 2817 3303 et
2839 3249 3057 3319 iustitia:
3073 3254 3250 3312 vivere
3271 3256 3325 3313 in
3350 3259 3580 3317 Christo.
3596 3263 3651 3319 in
3682 3266 3810 3321 cru.

2219 3344 2281 3385 ce
2300 3330 2452 3387 dolor
2472 3343 2554 3389 est
2580 3336 2948 3395 confessorem
2982 3361 2995 3397 :
3033 3344 3085 3399 in
3114 3349 3383 3416 sepultura
3404 3352 3615 3425 requies
3638 3357 3807 3413 abso-

2220 3417 2449 3476 lutorum
2478 3440 2494 3479 :
2522 3425 2573 3479 in
2596 3431 2986 3489 resurrectione
3011 3434 3116 3490 vita
3144 3436 3432 3508 justorum.

2218 3509 2303 3566 Ea:
2330 3512 2577 3571 Sermone
2599 3528 2890 3576 octavarum
2912 3523 3146 3595 Fuscine,
3168 3530 3298 3585 inter
3310 3530 3628 3593 Collectanea
3645 3539 3811 3596 Joan-

2380 3607 2461 3661 nis
2482 3608 2684 3664 diaconi
2706 3612 2759 3665 in
2787 3611 3017 3670 Genesim
3038 3621 3261 3673 nondum
3282 3622 3485 3694 vulgata
3512 3629 3609 3699 (a).

2571 3700 2706 3756 Gen.
2738 3720 2853 3774 cap.
2882 3722 2921 3770 ι,
2945 3707 2978 3776 ᾗ
3002 3748 3015 3760 .
3036 3709 3087 3764 5.
3114 3709 3226 3765 Lux
3258 3711 3417 3771 facta.

2288 3788 2341 3843 1.
2390 3789 2628 3863 Dixitque
2666 3794 2822 3864 Deus,
2869 3797 2993 3854 Fiat
3034 3800 3236 3868 [uiuet
3272 3807 3409 3876 facta
3438 3820 3508 3866 est
3538 3812 3648 3880 lux,
3689 3825 3801 3872 etc.

2213 3879 2370 3938 Lucis
2394 3886 2610 3942 nomine
2631 3902 2727 3957 per
2745 3891 3048 3962 allegoriam
3075 3910 3265 3953 omnes
3287 3900 3460 3970 justos
3487 3913 3646 3976 atque
3666 3908 3805 3965 lide-

2213 3975 2289 4031 les
2315 3979 2608 4047 appellatos
2630 3981 2992 4054 intelligimus,
3014 3987 3150 4044 sicut
3170 3975 3601 4065 dicitApost‘olus
3628 4016 3642 4065 ;
3680 4000 3801 4056 Fui-

2210 4071 2301 4126 stis
2355 4072 2632 4143 aliquando
2680 4078 2913 4145 tenebras,
2964 4096 3098 4135 nunc
3137 4094 3303 4139 autem
3350 4088 3441 4142 lux
3478 4089 3533 4143 in
3575 4090 3798 4148 Domino

2212 4161 2233 4233 (
2254 4162 2440 4232 Epltes.
2492 4179 2545 4232 v,
2595 4165 2698 4236 8).
2737 4168 2844 4223 Sed
2872 4170 2961 4224 lux
2991 4171 3090 4227 ista
3119 4172 3261 4230 facta
3298 4187 3381 4232 est
3411 4193 3426 4233 :
3454 4179 3579 4234 Erat
3615 4194 3795 4240 autem

2209 4252 2377 4307 lumen
2401 4270 2590 4321 verum,
2618 4258 2754 4328 quod
2781 4260 3037 4315 illuminat
3065 4277 3264 4320 omnem
3304 4268 3556 4326 hominem
3593 4276 3793 4330 uenien-

2211 4352 2309 4397 tem
2350 4345 2402 4399 in
2427 4345 2561 4400 hunc
2588 4349 2833 4403 mundum
2861 4352 2879 4421 (
2905 4351 3062 4408 Joan.
3106 4371 3144 4423 ι,
3171 4357 3205 4413 9
3239 4357 3279 4430 ),
3313 4356 3455 4430 quod
3478 4379 3583 4418 non
3614 4374 3697 4421 est
3720 4368 3793 4421 ia-

2208 4444 2375 4504 ctum,
2406 4438 2500 4493 sed
2528 4450 2708 4495 natum
2726 4441 2793 4497 de
2819 4441 2947 4499 Deo.
2983 4446 3099 4502 Lux
3141 4446 3228 4503 illa
3277 4466 3380 4507 non
3433 4455 3700 4523 estfacta,
3740 4470 3790 4516 et

2208 4541 2305 4596 per
2328 4543 2432 4582 non
2460 4528 2651 4584 factam
2670 4529 2806 4588 facta
2833 4545 2917 4590 est
2938 4537 3057 4591 ista.
3109 4540 3200 4596 Sic
3247 4550 3302 4597 et
3348 4542 3789 4607 ﬁrmamentum:

2205 4619 2473 4690 quomodo
2494 4636 2523 4675 a
2553 4621 2761 4679 lucente
2793 4626 2901 4681 Deo
2925 4626 3062 4684 facta
3084 4640 3165 4686 est
3192 4633 3301 4697 lux,
3330 4636 3408 4691 sic
3436 4652 3466 4690 a
3496 4638 3654 4693 firmo
3680 4642 3796 4699 Deo

2204 4709 2399 4765 factum
2426 4720 2511 4766 est
2542 4712 2951 4773 firmamentum.
2976 4719 3043 4775 Et
3063 4722 3362 4780 invenimus
3392 4727 3823 4799 firmamentum,

2205 4801 2262 4857 in
2285 4803 2521 4860 Ecclesia
2543 4816 2790 4876 oportere
2809 4809 3028 4885 intelligi
3067 4819 3437 4875 auctoritatem
3482 4822 3790 4883 divinarum

2201 4894 2591 4965 Scripturarum
2614 4917 2628 4953 :
2650 4909 2703 4955 et
2724 4901 2842 4957 ideo
2862 4905 3005 4973 prius
3022 4906 3127 4973 lux,
3151 4918 3333 4977 postea
3351 4911 3743 4972 firmamentum
3772 4937 3790 4986 ;

2201 4989 2323 5057 quia
2356 4987 2629 5059 Scriptura
2684 5008 2780 5062 per
2811 4996 3054 5053 homines
3094 5000 3268 5070 justas
3296 5004 3435 5061 facta
3465 5019 3566 5073 est,
3599 5019 3650 5066 et
3682 5013 3790 5069 nisi

2201 5078 2346 5147 prius
2360 5079 2795 5151 justilicarentur,
2821 5096 2881 5141 ut
2921 5089 3008 5143 lux
3040 5102 3243 5161 essent,
3273 5096 3544 5167 Scriptura
3588 5119 3792 5175 propa-

2198 5172 2309 5241 gari
2363 5188 2469 5228 non
2520 5187 2718 5244 posset,
2748 5188 2805 5233 ut
2832 5179 3221 5240 firmamentum
3260 5190 3411 5245 lieret
3450 5172 3602 5247 inter
3618 5172 3789 5266 aquas

2198 5272 2254 5318 et
2280 5278 2466 5334 aquas,
2498 5269 2729 5325 medium
2761 5268 2900 5325 int'er
2928 5276 3152 5345 populos
3200 5280 3474 5338 hominum
3504 5283 3787 5345 inferiores

2197 5365 2251 5411 et
2280 5359 2503 5427 populos
2531 5362 2855 5432 Angelorum
2887 5370 3209 5436 superiores.
3251 5373 3466 5439 Quare?
3510 5372 3640 5446 quia
3678 5382 3787 5435 An-

2195 5448 2297 5518 geli
2326 5462 2431 5504 non
2459 5450 2766 5509 desiderant
2791 5454 2859 5511 de
2883 5456 3172 5529 Scripturis
3215 5464 3492 5533 proficere,
3521 5468 3644 5525 ideo
3674 5475 3786 5529 uo'n

2194 5548 2320 5594 sunt
2346 5541 2446 5597 sub
2465 5541 2819 5612 ﬁrmamento,
2868 5549 2969 5605 sub
2995 5554 3310 5613 auctoritate
3352 5556 3781 5629 Scripturart'tm:

2195 5629 2315 5701 quia
2340 5631 2417 5688 illi
2437 5635 2669 5705 speciem
2695 5636 2986 5699 divinitatis
3026 5654 3082 5700 et
3107 5648 3382 5717 sapientia:
3404 5652 3777 5728 contemplati-

2259 5742 2330 5807 (a)
2362 5742 2538 5798 citatur
2562 5750 2707 5801 etiam
2730 5764 2757 5803 ιι
2775 5753 2897 5805 Beda
2920 5759 3129 5812 nondum
3152 5754 3421 5829 vulgatam
3442 5756 3475 5821 tt
3497 5764 3619 5821 Tim.
3643 5780 3720 5826 ιιι.
