  <div class='ocr_page' id='page_1' title='image "/cluster/home/n/w/nwhite01/storage/ocr_20150623/39/umn.319510024773323/128.png"; bbox 0 0 4006 6526; ppageno 0'>
   <div class='ocr_carea' id='block_1_1' title="bbox 298 399 445 460">
    <p class='ocr_par' dir='ltr' id='par_1_1' title="bbox 298 399 445 460">
     <span class='ocr_line' id='line_1_1' title="bbox 298 399 445 460; baseline -0.014 -1"><span class='ocrx_word' id='word_1_1' title='bbox 298 399 445 460; x_wconf 72' lang='lat' dir='ltr'><strong>H25</strong></span> 
     </span>
    </p>
   </div>
   <div class='ocr_carea' id='block_1_2' title="bbox 297 508 1876 580">
    <p class='ocr_par' dir='ltr' id='par_1_2' title="bbox 297 508 1876 580">
     <span class='ocr_line' id='line_1_2' title="bbox 297 508 1876 580; baseline -0.003 -12"><span class='ocrx_word' id='word_1_2' title='bbox 297 513 410 568; x_wconf 83' lang='lat' dir='ltr'><strong>tur.</strong></span> <span class='ocrx_word' id='word_1_3' title='bbox 455 510 564 567; x_wconf 83' lang='lat' dir='ltr'><strong>Nos</strong></span> <span class='ocrx_word' id='word_1_4' title='bbox 599 516 772 565; x_wconf 85' lang='lat' dir='ltr'><strong>autem</strong></span> <span class='ocrx_word' id='word_1_5' title='bbox 802 509 990 566; x_wconf 81' lang='lat' dir='ltr'><strong>merito</strong></span> <span class='ocrx_word' id='word_1_6' title='bbox 1019 508 1120 564; x_wconf 91' lang='lat' dir='ltr'><strong>sub</strong></span> <span class='ocrx_word' id='word_1_7' title='bbox 1145 509 1485 564; x_wconf 83' lang='lat' dir='ltr'><strong>ﬁrmamento</strong></span> <span class='ocrx_word' id='word_1_8' title='bbox 1514 515 1720 578; x_wconf 83' lang='lat' dir='ltr'><strong>sumus,</strong></span> <span class='ocrx_word' id='word_1_9' title='bbox 1751 511 1876 580; x_wconf 87' lang='lat' dir='ltr'><strong>qui-</strong></span> 
     </span>
    </p>
   </div>
   <div class='ocr_carea' id='block_1_3' title="bbox 297 599 1879 672">
    <p class='ocr_par' dir='ltr' id='par_1_3' title="bbox 297 599 1879 672">
     <span class='ocr_line' id='line_1_3' title="bbox 297 599 1879 672; baseline -0.001 -15"><span class='ocrx_word' id='word_1_10' title='bbox 297 603 404 658; x_wconf 79' lang='lat' dir='ltr'><strong>bus</strong></span> <span class='ocrx_word' id='word_1_11' title='bbox 433 603 670 658; x_wconf 78' lang='lat' dir='ltr'><strong>voluntas</strong></span> <span class='ocrx_word' id='word_1_12' title='bbox 703 601 794 656; x_wconf 91' lang='lat' dir='ltr'><strong>Dei</strong></span> <span class='ocrx_word' id='word_1_13' title='bbox 822 613 917 670; x_wconf 87' lang='lat' dir='ltr'><strong>per</strong></span> <span class='ocrx_word' id='word_1_14' title='bbox 944 601 1310 656; x_wconf 72' lang='lat' dir='ltr'><strong>auctoritatem</strong></span> <span class='ocrx_word' id='word_1_15' title='bbox 1335 599 1728 672; x_wconf 83' lang='lat' dir='ltr'><strong>Scripturarum</strong></span> <span class='ocrx_word' id='word_1_16' title='bbox 1753 603 1879 671; x_wconf 81' lang='lat' dir='ltr'><strong>ape-</strong></span> 
     </span>
    </p>
   </div>
   <div class='ocr_carea' id='block_1_4' title="bbox 294 689 898 760">
    <p class='ocr_par' dir='ltr' id='par_1_4' title="bbox 294 689 898 760">
     <span class='ocr_line' id='line_1_4' title="bbox 294 689 898 760; baseline -0.003 -11"><span class='ocrx_word' id='word_1_17' title='bbox 294 703 458 760; x_wconf 76' lang='lat' dir='ltr'><strong>ritur,</strong></span> <span class='ocrx_word' id='word_1_18' title='bbox 483 702 588 748; x_wconf 98' lang='lat' dir='ltr'><strong>etc.</strong></span> <span class='ocrx_word' id='word_1_19' title='bbox 889 689 898 695; x_wconf 90' lang='grc'><em>’</em></span> 
     </span>
    </p>
   </div>
   <div class='ocr_carea' id='block_1_5' title="bbox 676 781 1503 852">
    <p class='ocr_par' dir='ltr' id='par_1_5' title="bbox 676 781 1503 852">
     <span class='ocr_line' id='line_1_5' title="bbox 676 781 1503 852; baseline 0 -16"><span class='ocrx_word' id='word_1_20' title='bbox 676 782 822 837; x_wconf 80' lang='lat' dir='ltr'><strong>Mare</strong></span> <span class='ocrx_word' id='word_1_21' title='bbox 847 791 894 836; x_wconf 84' lang='lat' dir='ltr'><strong>et</strong></span> <span class='ocrx_word' id='word_1_22' title='bbox 923 783 1086 836; x_wconf 71' lang='lat' dir='ltr'><strong>arida.</strong></span> <span class='ocrx_word' id='word_1_23' title='bbox 1120 781 1290 837; x_wconf 80' lang='lat' dir='ltr'><strong>Herba</strong></span> <span class='ocrx_word' id='word_1_24' title='bbox 1312 782 1503 852; x_wconf 87' lang='lat' dir='ltr'><strong>pabuli.</strong></span> 
     </span>
    </p>
   </div>
   <div class='ocr_carea' id='block_1_6' title="bbox 369 872 1875 941">
    <p class='ocr_par' dir='ltr' id='par_1_6' title="bbox 369 872 1875 941">
     <span class='ocr_line' id='line_1_6' title="bbox 369 872 1875 941; baseline -0.001 -13"><span class='ocrx_word' id='word_1_25' title='bbox 369 874 425 928; x_wconf 67' lang='grc' dir='ltr'><strong>Ξ.</strong></span> <span class='ocrx_word' id='word_1_26' title='bbox 447 874 696 929; x_wconf 84' lang='lat' dir='ltr'><strong>Videmus</strong></span> <span class='ocrx_word' id='word_1_27' title='bbox 713 883 930 941; x_wconf 86' lang='lat' dir='ltr'><strong>terram,</strong></span> <span class='ocrx_word' id='word_1_28' title='bbox 951 873 1191 929; x_wconf 85' lang='lat' dir='ltr'><strong>videmus</strong></span> <span class='ocrx_word' id='word_1_29' title='bbox 1208 890 1354 928; x_wconf 88' lang='lat' dir='ltr'><strong>mare</strong></span> <span class='ocrx_word' id='word_1_30' title='bbox 1376 890 1390 938; x_wconf 88' lang='lat'><strong>;</strong></span> <span class='ocrx_word' id='word_1_31' title='bbox 1418 887 1578 941; x_wconf 87' lang='lat' dir='ltr'><strong>opera</strong></span> <span class='ocrx_word' id='word_1_32' title='bbox 1600 872 1694 926; x_wconf 89' lang='lat' dir='ltr'><strong>Dei</strong></span> <span class='ocrx_word' id='word_1_33' title='bbox 1721 880 1875 926; x_wconf 90' lang='lat' dir='ltr'><strong>sunt:</strong></span> 
     </span>
    </p>
   </div>
   <div class='ocr_carea' id='block_1_7' title="bbox 295 962 1878 1033">
    <p class='ocr_par' dir='ltr' id='par_1_7' title="bbox 295 962 1878 1033">
     <span class='ocr_line' id='line_1_7' title="bbox 295 962 1878 1033; baseline -0.001 -16"><span class='ocrx_word' id='word_1_34' title='bbox 295 962 403 1018; x_wconf 88' lang='lat' dir='ltr'><strong>ista</strong></span> <span class='ocrx_word' id='word_1_35' title='bbox 432 965 890 1033; x_wconf 88' lang='lat' dir='ltr'><strong>subjaceutoculis</strong></span> <span class='ocrx_word' id='word_1_36' title='bbox 927 965 1142 1028; x_wconf 79' lang='lat' dir='ltr'><strong>nostris,</strong></span> <span class='ocrx_word' id='word_1_37' title='bbox 1175 964 1260 1017; x_wconf 86' lang='lat' dir='ltr'><strong>illa</strong></span> <span class='ocrx_word' id='word_1_38' title='bbox 1293 963 1566 1032; x_wconf 79' lang='lat' dir='ltr'><strong>subjacenl</strong></span> <span class='ocrx_word' id='word_1_39' title='bbox 1595 962 1878 1016; x_wconf 90' lang='lat' dir='ltr'><strong>intellecti-</strong></span> 
     </span>
    </p>
   </div>
   <div class='ocr_carea' id='block_1_8' title="bbox 297 1051 1874 1117">
    <p class='ocr_par' dir='ltr' id='par_1_8' title="bbox 297 1051 1874 1117">
     <span class='ocr_line' id='line_1_8' title="bbox 297 1051 1874 1117; baseline 0 -11"><span class='ocrx_word' id='word_1_40' title='bbox 297 1051 403 1108; x_wconf 83' lang='lat' dir='ltr'><strong>bus</strong></span> <span class='ocrx_word' id='word_1_41' title='bbox 429 1053 662 1108; x_wconf 86' lang='lat' dir='ltr'><strong>nostris:</strong></span> <span class='ocrx_word' id='word_1_42' title='bbox 693 1054 791 1108; x_wconf 87' lang='lat' dir='ltr'><strong>ista</strong></span> <span class='ocrx_word' id='word_1_43' title='bbox 836 1063 959 1108; x_wconf 93' lang='lat' dir='ltr'><strong>nota</strong></span> <span class='ocrx_word' id='word_1_44' title='bbox 989 1063 1110 1107; x_wconf 93' lang='lat' dir='ltr'><strong>sunt</strong></span> <span class='ocrx_word' id='word_1_45' title='bbox 1145 1053 1289 1108; x_wconf 86' lang='lat' dir='ltr'><strong>carni</strong></span> <span class='ocrx_word' id='word_1_46' title='bbox 1338 1063 1573 1117; x_wconf 59' lang='lat' dir='ltr'><strong>nostra),</strong></span> <span class='ocrx_word' id='word_1_47' title='bbox 1609 1053 1696 1107; x_wconf 90' lang='lat' dir='ltr'><strong>illa</strong></span> <span class='ocrx_word' id='word_1_48' title='bbox 1750 1060 1874 1106; x_wconf 87' lang='lat' dir='ltr'><strong>nota</strong></span> 
     </span>
    </p>
   </div>
   <div class='ocr_carea' id='block_1_9' title="bbox 297 1143 1881 1212">
    <p class='ocr_par' dir='ltr' id='par_1_9' title="bbox 297 1143 1881 1212">
     <span class='ocr_line' id='line_1_9' title="bbox 297 1143 1881 1212; baseline -0.002 -11"><span class='ocrx_word' id='word_1_49' title='bbox 297 1153 426 1201; x_wconf 76' lang='lat' dir='ltr'><strong>sunt</strong></span> <span class='ocrx_word' id='word_1_50' title='bbox 466 1147 628 1200; x_wconf 90' lang='lat' dir='ltr'><strong>menti</strong></span> <span class='ocrx_word' id='word_1_51' title='bbox 666 1156 881 1200; x_wconf 66' lang='lat' dir='ltr'><strong>nostrae.</strong></span> <span class='ocrx_word' id='word_1_52' title='bbox 905 1145 1042 1212; x_wconf 84' lang='lat' dir='ltr'><strong>Quid</strong></span> <span class='ocrx_word' id='word_1_53' title='bbox 1085 1159 1166 1201; x_wconf 89' lang='lat' dir='ltr'><strong>est</strong></span> <span class='ocrx_word' id='word_1_54' title='bbox 1190 1145 1334 1200; x_wconf 90' lang='lat' dir='ltr'><strong>arida</strong></span> <span class='ocrx_word' id='word_1_55' title='bbox 1365 1145 1416 1199; x_wconf 89' lang='lat' dir='ltr'><strong>in</strong></span> <span class='ocrx_word' id='word_1_56' title='bbox 1444 1143 1680 1200; x_wconf 81' lang='lat' dir='ltr'><strong>Ecclesia</strong></span> <span class='ocrx_word' id='word_1_57' title='bbox 1705 1144 1729 1198; x_wconf 81' lang='lat'><strong><em>1</em></strong></span> <span class='ocrx_word' id='word_1_58' title='bbox 1759 1144 1881 1200; x_wconf 62' lang='lat' dir='ltr'><strong>Aria</strong></span> 
     </span>
    </p>
   </div>
   <div class='ocr_carea' id='block_1_10' title="bbox 297 1235 1871 1307">
    <p class='ocr_par' dir='ltr' id='par_1_10' title="bbox 297 1235 1871 1307">
     <span class='ocr_line' id='line_1_10' title="bbox 297 1235 1871 1307; baseline 0.001 -16"><span class='ocrx_word' id='word_1_59' title='bbox 297 1235 365 1291; x_wconf 80' lang='lat' dir='ltr'><strong>da</strong></span> <span class='ocrx_word' id='word_1_60' title='bbox 394 1246 609 1291; x_wconf 78' lang='lat' dir='ltr'><strong>vocatur</strong></span> <span class='ocrx_word' id='word_1_61' title='bbox 647 1237 824 1293; x_wconf 90' lang='lat' dir='ltr'><strong>omnis</strong></span> <span class='ocrx_word' id='word_1_62' title='bbox 871 1237 1045 1292; x_wconf 90' lang='lat' dir='ltr'><strong>anima</strong></span> <span class='ocrx_word' id='word_1_63' title='bbox 1098 1237 1283 1292; x_wconf 86' lang='lat' dir='ltr'><strong>sitiens</strong></span> <span class='ocrx_word' id='word_1_64' title='bbox 1337 1237 1524 1291; x_wconf 91' lang='lat' dir='ltr'><strong>Deum.</strong></span> <span class='ocrx_word' id='word_1_65' title='bbox 1570 1235 1871 1307; x_wconf 68' lang='lat' dir='ltr'><strong>Segregata‘e</strong></span> 
     </span>
    </p>
   </div>
   <div class='ocr_carea' id='block_1_11' title="bbox 295 1327 1876 1398">
    <p class='ocr_par' dir='ltr' id='par_1_11' title="bbox 295 1327 1876 1398">
     <span class='ocr_line' id='line_1_11' title="bbox 295 1327 1876 1398; baseline 0.001 -18"><span class='ocrx_word' id='word_1_66' title='bbox 295 1336 424 1380; x_wconf 87' lang='lat' dir='ltr'><strong>sunt</strong></span> <span class='ocrx_word' id='word_1_67' title='bbox 450 1328 589 1382; x_wconf 88' lang='lat' dir='ltr'><strong>enim</strong></span> <span class='ocrx_word' id='word_1_68' title='bbox 608 1343 778 1398; x_wconf 78' lang='lat' dir='ltr'><strong>aquae,</strong></span> <span class='ocrx_word' id='word_1_69' title='bbox 802 1337 856 1382; x_wconf 89' lang='lat' dir='ltr'><strong>et</strong></span> <span class='ocrx_word' id='word_1_70' title='bbox 879 1328 1122 1397; x_wconf 85' lang='lat' dir='ltr'><strong>apparuit</strong></span> <span class='ocrx_word' id='word_1_71' title='bbox 1144 1327 1310 1381; x_wconf 88' lang='lat' dir='ltr'><strong>arida.</strong></span> <span class='ocrx_word' id='word_1_72' title='bbox 1340 1327 1483 1383; x_wconf 82' lang='lat' dir='ltr'><strong>Mare</strong></span> <span class='ocrx_word' id='word_1_73' title='bbox 1504 1328 1603 1382; x_wconf 89' lang='lat' dir='ltr'><strong>hoc</strong></span> <span class='ocrx_word' id='word_1_74' title='bbox 1621 1328 1876 1383; x_wconf 72' lang='lat' dir='ltr'><strong>smculum</strong></span> 
     </span>
    </p>
   </div>
   <div class='ocr_carea' id='block_1_12' title="bbox 293 1419 1881 1490">
    <p class='ocr_par' dir='ltr' id='par_1_12' title="bbox 293 1419 1881 1490">
     <span class='ocr_line' id='line_1_12' title="bbox 293 1419 1881 1490; baseline 0.002 -19"><span class='ocrx_word' id='word_1_75' title='bbox 293 1427 402 1484; x_wconf 91' lang='lat' dir='ltr'><strong>est,</strong></span> <span class='ocrx_word' id='word_1_76' title='bbox 431 1428 484 1472; x_wconf 89' lang='lat' dir='ltr'><strong>et</strong></span> <span class='ocrx_word' id='word_1_77' title='bbox 503 1419 625 1472; x_wconf 90' lang='lat' dir='ltr'><strong>mali</strong></span> <span class='ocrx_word' id='word_1_78' title='bbox 642 1434 792 1487; x_wconf 71' lang='lat' dir='ltr'><strong>aqua:</strong></span> <span class='ocrx_word' id='word_1_79' title='bbox 812 1428 1141 1473; x_wconf 69' lang='lat' dir='ltr'><strong>suntamarte</strong></span> <span class='ocrx_word' id='word_1_80' title='bbox 1165 1434 1179 1484; x_wconf 91' lang='lat'><strong>;</strong></span> <span class='ocrx_word' id='word_1_81' title='bbox 1213 1429 1501 1490; x_wconf 72' lang='lat' dir='ltr'><strong>segregata:</strong></span> <span class='ocrx_word' id='word_1_82' title='bbox 1522 1429 1644 1475; x_wconf 89' lang='lat' dir='ltr'><strong>sunt</strong></span> <span class='ocrx_word' id='word_1_83' title='bbox 1671 1430 1725 1476; x_wconf 91' lang='lat' dir='ltr'><strong>et</strong></span> <span class='ocrx_word' id='word_1_84' title='bbox 1749 1435 1881 1474; x_wconf 88' lang='lat' dir='ltr'><strong>con-</strong></span> 
     </span>
    </p>
   </div>
   <div class='ocr_carea' id='block_1_13' title="bbox 291 1514 1880 1586">
    <p class='ocr_par' dir='ltr' id='par_1_13' title="bbox 291 1514 1880 1586">
     <span class='ocr_line' id='line_1_13' title="bbox 291 1514 1880 1586; baseline 0.001 -16"><span class='ocrx_word' id='word_1_85' title='bbox 291 1523 527 1586; x_wconf 75' lang='lat' dir='ltr'><strong>gregata:</strong></span> <span class='ocrx_word' id='word_1_86' title='bbox 553 1516 603 1570; x_wconf 88' lang='lat' dir='ltr'><strong>in</strong></span> <span class='ocrx_word' id='word_1_87' title='bbox 646 1516 1053 1586; x_wconf 87' lang='lat' dir='ltr'><strong>congregatione</strong></span> <span class='ocrx_word' id='word_1_88' title='bbox 1082 1531 1206 1582; x_wconf 86' lang='lat' dir='ltr'><strong>una,</strong></span> <span class='ocrx_word' id='word_1_89' title='bbox 1235 1515 1286 1570; x_wconf 89' lang='lat' dir='ltr'><strong>id</strong></span> <span class='ocrx_word' id='word_1_90' title='bbox 1334 1525 1435 1584; x_wconf 91' lang='lat' dir='ltr'><strong>est,</strong></span> <span class='ocrx_word' id='word_1_91' title='bbox 1489 1514 1880 1585; x_wconf 76' lang='lat' dir='ltr'><strong>pmdestina‘tte</strong></span> 
     </span>
    </p>
   </div>
   <div class='ocr_carea' id='block_1_14' title="bbox 293 1607 1879 1679">
    <p class='ocr_par' dir='ltr' id='par_1_14' title="bbox 293 1607 1879 1679">
     <span class='ocr_line' id='line_1_14' title="bbox 293 1607 1879 1679; baseline 0.002 -19"><span class='ocrx_word' id='word_1_92' title='bbox 293 1608 365 1662; x_wconf 85' lang='lat' dir='ltr'><strong>ad</strong></span> <span class='ocrx_word' id='word_1_93' title='bbox 396 1623 555 1662; x_wconf 89' lang='lat' dir='ltr'><strong>unum</strong></span> <span class='ocrx_word' id='word_1_94' title='bbox 585 1607 764 1675; x_wconf 89' lang='lat' dir='ltr'><strong>ﬁnem,</strong></span> <span class='ocrx_word' id='word_1_95' title='bbox 811 1623 915 1679; x_wconf 92' lang='lat' dir='ltr'><strong>quo</strong></span> <span class='ocrx_word' id='word_1_96' title='bbox 944 1608 1122 1679; x_wconf 82' lang='lat' dir='ltr'><strong>dirigit</strong></span> <span class='ocrx_word' id='word_1_97' title='bbox 1177 1609 1318 1663; x_wconf 88' lang='lat' dir='ltr'><strong>Deus</strong></span> <span class='ocrx_word' id='word_1_98' title='bbox 1346 1622 1532 1663; x_wconf 91' lang='lat' dir='ltr'><strong>omnes</strong></span> <span class='ocrx_word' id='word_1_99' title='bbox 1561 1621 1694 1678; x_wconf 88' lang='lat' dir='ltr'><strong>quos</strong></span> <span class='ocrx_word' id='word_1_100' title='bbox 1724 1623 1879 1678; x_wconf 86' lang='lat' dir='ltr'><strong>sepa-</strong></span> 
     </span>
    </p>
   </div>
   <div class='ocr_carea' id='block_1_15' title="bbox 291 1698 1876 1770">
    <p class='ocr_par' dir='ltr' id='par_1_15' title="bbox 291 1698 1876 1770">
     <span class='ocr_line' id='line_1_15' title="bbox 291 1698 1876 1770; baseline -0.001 -16"><span class='ocrx_word' id='word_1_101' title='bbox 291 1708 436 1754; x_wconf 86' lang='lat' dir='ltr'><strong>rata</strong></span> <span class='ocrx_word' id='word_1_102' title='bbox 463 1700 678 1753; x_wconf 85' lang='lat' dir='ltr'><strong>sanctis.</strong></span> <span class='ocrx_word' id='word_1_103' title='bbox 724 1699 951 1770; x_wconf 81' lang='lat' dir='ltr'><strong>Separat</strong></span> <span class='ocrx_word' id='word_1_104' title='bbox 994 1710 1169 1753; x_wconf 86' lang='lat' dir='ltr'><strong>autem</strong></span> <span class='ocrx_word' id='word_1_105' title='bbox 1200 1698 1374 1764; x_wconf 88' lang='lat' dir='ltr'><strong>Deus;</strong></span> <span class='ocrx_word' id='word_1_106' title='bbox 1399 1715 1521 1753; x_wconf 87' lang='lat' dir='ltr'><strong>nam</strong></span> <span class='ocrx_word' id='word_1_107' title='bbox 1570 1698 1729 1752; x_wconf 87' lang='lat' dir='ltr'><strong>homo</strong></span> <span class='ocrx_word' id='word_1_108' title='bbox 1771 1714 1876 1753; x_wconf 91' lang='lat' dir='ltr'><strong>non</strong></span> 
     </span>
    </p>
   </div>
   <div class='ocr_carea' id='block_1_16' title="bbox 295 1789 1878 1861">
    <p class='ocr_par' dir='ltr' id='par_1_16' title="bbox 295 1789 1878 1861">
     <span class='ocr_line' id='line_1_16' title="bbox 295 1789 1878 1861; baseline 0.001 -18"><span class='ocrx_word' id='word_1_109' title='bbox 295 1799 476 1860; x_wconf 88' lang='lat' dir='ltr'><strong>potest</strong></span> <span class='ocrx_word' id='word_1_110' title='bbox 498 1792 595 1846; x_wconf 91' lang='lat' dir='ltr'><strong>ista</strong></span> <span class='ocrx_word' id='word_1_111' title='bbox 624 1806 874 1861; x_wconf 89' lang='lat' dir='ltr'><strong>separare</strong></span> <span class='ocrx_word' id='word_1_112' title='bbox 904 1808 918 1844; x_wconf 89' lang='lat'><strong>:</strong></span> <span class='ocrx_word' id='word_1_113' title='bbox 951 1799 1004 1846; x_wconf 91' lang='lat' dir='ltr'><strong>et</strong></span> <span class='ocrx_word' id='word_1_114' title='bbox 1027 1799 1246 1861; x_wconf 89' lang='lat' dir='ltr'><strong>apparet</strong></span> <span class='ocrx_word' id='word_1_115' title='bbox 1283 1789 1429 1844; x_wconf 88' lang='lat' dir='ltr'><strong>arida</strong></span> <span class='ocrx_word' id='word_1_116' title='bbox 1459 1804 1556 1860; x_wconf 89' lang='lat' dir='ltr'><strong>per</strong></span> <span class='ocrx_word' id='word_1_117' title='bbox 1583 1790 1878 1860; x_wconf 85' lang='lat' dir='ltr'><strong>separatio-</strong></span> 
     </span>
    </p>
   </div>
   <div class='ocr_carea' id='block_1_17' title="bbox 294 1885 1882 1956">
    <p class='ocr_par' dir='ltr' id='par_1_17' title="bbox 294 1885 1882 1956">
     <span class='ocr_line' id='line_1_17' title="bbox 294 1885 1882 1956; baseline 0 -16"><span class='ocrx_word' id='word_1_118' title='bbox 294 1899 445 1940; x_wconf 88' lang='lat' dir='ltr'><strong>nem.</strong></span> <span class='ocrx_word' id='word_1_119' title='bbox 475 1885 617 1941; x_wconf 89' lang='lat' dir='ltr'><strong>Duos</strong></span> <span class='ocrx_word' id='word_1_120' title='bbox 649 1886 889 1943; x_wconf 85' lang='lat' dir='ltr'><strong>homines</strong></span> <span class='ocrx_word' id='word_1_121' title='bbox 915 1901 1051 1956; x_wconf 89' lang='lat' dir='ltr'><strong>pone</strong></span> <span class='ocrx_word' id='word_1_122' title='bbox 1079 1887 1270 1951; x_wconf 90' lang='lat' dir='ltr'><strong>simul;</strong></span> <span class='ocrx_word' id='word_1_123' title='bbox 1297 1901 1436 1941; x_wconf 89' lang='lat' dir='ltr'><strong>unus</strong></span> <span class='ocrx_word' id='word_1_124' title='bbox 1473 1885 1739 1942; x_wconf 90' lang='lat' dir='ltr'><strong>desiderat</strong></span> <span class='ocrx_word' id='word_1_125' title='bbox 1757 1900 1882 1955; x_wconf 85' lang='lat' dir='ltr'><strong>spe-</strong></span> 
     </span>
    </p>
   </div>
   <div class='ocr_carea' id='block_1_18' title="bbox 293 1976 1878 2047">
    <p class='ocr_par' dir='ltr' id='par_1_18' title="bbox 293 1976 1878 2047">
     <span class='ocr_line' id='line_1_18' title="bbox 293 1976 1878 2047; baseline 0 -17"><span class='ocrx_word' id='word_1_126' title='bbox 293 1977 584 2042; x_wconf 89' lang='lat' dir='ltr'><strong>ctaculum,</strong></span> <span class='ocrx_word' id='word_1_127' title='bbox 630 1977 764 2030; x_wconf 85' lang='lat' dir='ltr'><strong>alter</strong></span> <span class='ocrx_word' id='word_1_128' title='bbox 813 1976 1114 2032; x_wconf 80' lang='lat' dir='ltr'><strong>ecclesiam.</strong></span> <span class='ocrx_word' id='word_1_129' title='bbox 1142 1977 1317 2032; x_wconf 87' lang='lat' dir='ltr'><strong>Juncti</strong></span> <span class='ocrx_word' id='word_1_130' title='bbox 1344 1991 1591 2047; x_wconf 90' lang='lat' dir='ltr'><strong>corpore,</strong></span> <span class='ocrx_word' id='word_1_131' title='bbox 1622 1989 1878 2044; x_wconf 89' lang='lat' dir='ltr'><strong>separan-</strong></span> 
     </span>
    </p>
   </div>
   <div class='ocr_carea' id='block_1_19' title="bbox 295 2065 1879 2138">
    <p class='ocr_par' dir='ltr' id='par_1_19' title="bbox 295 2065 1879 2138">
     <span class='ocr_line' id='line_1_19' title="bbox 295 2065 1879 2138; baseline -0.001 -16"><span class='ocrx_word' id='word_1_132' title='bbox 295 2077 385 2122; x_wconf 85' lang='lat' dir='ltr'><strong>tur</strong></span> <span class='ocrx_word' id='word_1_133' title='bbox 427 2067 727 2124; x_wconf 80' lang='lat' dir='ltr'><strong>desideriis.</strong></span> <span class='ocrx_word' id='word_1_134' title='bbox 779 2068 873 2125; x_wconf 86' lang='lat' dir='ltr'><strong>llle</strong></span> <span class='ocrx_word' id='word_1_135' title='bbox 899 2071 1126 2138; x_wconf 85' lang='lat' dir='ltr'><strong>pertinet</strong></span> <span class='ocrx_word' id='word_1_136' title='bbox 1156 2069 1222 2124; x_wconf 87' lang='lat' dir='ltr'><strong>ad</strong></span> <span class='ocrx_word' id='word_1_137' title='bbox 1271 2085 1460 2138; x_wconf 86' lang='lat' dir='ltr'><strong>aquam</strong></span> <span class='ocrx_word' id='word_1_138' title='bbox 1491 2075 1746 2135; x_wconf 83' lang='lat' dir='ltr'><strong>amaram,</strong></span> <span class='ocrx_word' id='word_1_139' title='bbox 1791 2065 1879 2122; x_wconf 83' lang='lat' dir='ltr'><strong>hic</strong></span> 
     </span>
    </p>
   </div>
   <div class='ocr_carea' id='block_1_20' title="bbox 291 2158 1880 2230">
    <p class='ocr_par' dir='ltr' id='par_1_20' title="bbox 291 2158 1880 2230">
     <span class='ocr_line' id='line_1_20' title="bbox 291 2158 1880 2230; baseline 0.001 -20"><span class='ocrx_word' id='word_1_140' title='bbox 291 2168 517 2227; x_wconf 84' lang='lat' dir='ltr'><strong>apparet</strong></span> <span class='ocrx_word' id='word_1_141' title='bbox 544 2159 709 2213; x_wconf 90' lang='lat' dir='ltr'><strong>arida.</strong></span> <span class='ocrx_word' id='word_1_142' title='bbox 741 2159 890 2215; x_wconf 88' lang='lat' dir='ltr'><strong>Unde</strong></span> <span class='ocrx_word' id='word_1_143' title='bbox 919 2160 1203 2228; x_wconf 89' lang='lat' dir='ltr'><strong>probamus</strong></span> <span class='ocrx_word' id='word_1_144' title='bbox 1223 2159 1342 2230; x_wconf 90' lang='lat' dir='ltr'><strong>quia</strong></span> <span class='ocrx_word' id='word_1_145' title='bbox 1365 2158 1510 2213; x_wconf 90' lang='lat' dir='ltr'><strong>arida</strong></span> <span class='ocrx_word' id='word_1_146' title='bbox 1540 2167 1624 2214; x_wconf 87' lang='lat' dir='ltr'><strong>est</strong></span> <span class='ocrx_word' id='word_1_147' title='bbox 1648 2159 1745 2212; x_wconf 91' lang='lat' dir='ltr'><strong>ista</strong></span> <span class='ocrx_word' id='word_1_148' title='bbox 1773 2166 1880 2212; x_wconf 82' lang='lat' dir='ltr'><strong>tcr-</strong></span> 
     </span>
    </p>
   </div>
   <div class='ocr_carea' id='block_1_21' title="bbox 291 2247 1873 2319">
    <p class='ocr_par' dir='ltr' id='par_1_21' title="bbox 291 2247 1873 2319">
     <span class='ocr_line' id='line_1_21' title="bbox 291 2247 1873 2319; baseline -0.001 -16"><span class='ocrx_word' id='word_1_149' title='bbox 291 2264 378 2313; x_wconf 89' lang='lat' dir='ltr'><strong>ra,</strong></span> <span class='ocrx_word' id='word_1_150' title='bbox 405 2264 523 2319; x_wconf 64' lang='lat' dir='ltr'><strong>quae</strong></span> <span class='ocrx_word' id='word_1_151' title='bbox 551 2249 809 2318; x_wconf 77' lang='lat' dir='ltr'><strong>significat</strong></span> <span class='ocrx_word' id='word_1_152' title='bbox 857 2248 1100 2304; x_wconf 86' lang='lat' dir='ltr'><strong>homines</strong></span> <span class='ocrx_word' id='word_1_153' title='bbox 1127 2250 1265 2303; x_wconf 89' lang='lat' dir='ltr'><strong>bona</strong></span> <span class='ocrx_word' id='word_1_154' title='bbox 1293 2247 1700 2303; x_wconf 85' lang='lat' dir='ltr'><strong>desiderantes?</strong></span> <span class='ocrx_word' id='word_1_155' title='bbox 1729 2248 1873 2301; x_wconf 83' lang='lat' dir='ltr'><strong>Dixit</strong></span> 
     </span>
    </p>
   </div>
   <div class='ocr_carea' id='block_1_22' title="bbox 292 2337 1875 2402">
    <p class='ocr_par' dir='ltr' id='par_1_22' title="bbox 292 2337 1875 2402">
     <span class='ocr_line' id='line_1_22' title="bbox 292 2337 1875 2402; baseline -0.003 -6"><span class='ocrx_word' id='word_1_156' title='bbox 292 2340 542 2396; x_wconf 78' lang='lat' dir='ltr'><strong>Psalmus</strong></span> <span class='ocrx_word' id='word_1_157' title='bbox 581 2340 693 2395; x_wconf 89' lang='lat' dir='ltr'><strong>Deo</strong></span> <span class='ocrx_word' id='word_1_158' title='bbox 726 2359 739 2394; x_wconf 92' lang='lat'><strong>:</strong></span> <span class='ocrx_word' id='word_1_159' title='bbox 785 2337 967 2394; x_wconf 84' lang='lat' dir='ltr'><strong>Anima</strong></span> <span class='ocrx_word' id='word_1_160' title='bbox 995 2355 1105 2396; x_wconf 88' lang='lat' dir='ltr'><strong>mea</strong></span> <span class='ocrx_word' id='word_1_161' title='bbox 1133 2342 1258 2395; x_wconf 84' lang='lat' dir='ltr'><strong>sicut</strong></span> <span class='ocrx_word' id='word_1_162' title='bbox 1281 2351 1414 2395; x_wconf 88' lang='lat' dir='ltr'><strong>terra</strong></span> <span class='ocrx_word' id='word_1_163' title='bbox 1465 2341 1574 2394; x_wconf 86' lang='lat' dir='ltr'><strong>sine</strong></span> <span class='ocrx_word' id='word_1_164' title='bbox 1617 2354 1750 2402; x_wconf 82' lang='lat' dir='ltr'><strong>aqua</strong></span> <span class='ocrx_word' id='word_1_165' title='bbox 1786 2338 1875 2391; x_wconf 86' lang='lat' dir='ltr'><strong>tibi</strong></span> 
     </span>
    </p>
   </div>
   <div class='ocr_carea' id='block_1_23' title="bbox 292 2427 1878 2500">
    <p class='ocr_par' dir='ltr' id='par_1_23' title="bbox 292 2427 1878 2500">
     <span class='ocr_line' id='line_1_23' title="bbox 292 2427 1878 2500; baseline -0.001 -17"><span class='ocrx_word' id='word_1_166' title='bbox 292 2429 316 2500; x_wconf 94' lang='lat'><strong>(</strong></span> <span class='ocrx_word' id='word_1_167' title='bbox 350 2429 496 2484; x_wconf 80' lang='lat' dir='ltr'><strong>Psal.</strong></span> <span class='ocrx_word' id='word_1_168' title='bbox 520 2437 686 2497; x_wconf 80' lang='lat' dir='ltr'><strong>exui,</strong></span> <span class='ocrx_word' id='word_1_169' title='bbox 715 2429 812 2499; x_wconf 88' lang='lat'><strong>6),</strong></span> <span class='ocrx_word' id='word_1_170' title='bbox 831 2432 1005 2485; x_wconf 89' lang='lat' dir='ltr'><strong>anima</strong></span> <span class='ocrx_word' id='word_1_171' title='bbox 1034 2446 1148 2485; x_wconf 90' lang='lat' dir='ltr'><strong>mea</strong></span> <span class='ocrx_word' id='word_1_172' title='bbox 1170 2429 1300 2486; x_wconf 91' lang='lat' dir='ltr'><strong>sitiit</strong></span> <span class='ocrx_word' id='word_1_173' title='bbox 1328 2440 1396 2485; x_wconf 89' lang='lat' dir='ltr'><strong>te.</strong></span> <span class='ocrx_word' id='word_1_174' title='bbox 1421 2430 1564 2494; x_wconf 87' lang='lat' dir='ltr'><strong>Sitit,</strong></span> <span class='ocrx_word' id='word_1_175' title='bbox 1592 2427 1736 2483; x_wconf 87' lang='lat' dir='ltr'><strong>arida</strong></span> <span class='ocrx_word' id='word_1_176' title='bbox 1759 2437 1878 2483; x_wconf 89' lang='lat' dir='ltr'><strong>est:</strong></span> 
     </span>
    </p>
   </div>
   <div class='ocr_carea' id='block_1_24' title="bbox 289 2520 1882 2592">
    <p class='ocr_par' dir='ltr' id='par_1_24' title="bbox 289 2520 1882 2592">
     <span class='ocr_line' id='line_1_24' title="bbox 289 2520 1882 2592; baseline -0.003 -16"><span class='ocrx_word' id='word_1_177' title='bbox 289 2531 570 2592; x_wconf 79' lang='lat' dir='ltr'><strong>segregata</strong></span> <span class='ocrx_word' id='word_1_178' title='bbox 597 2531 678 2575; x_wconf 91' lang='lat' dir='ltr'><strong>est</strong></span> <span class='ocrx_word' id='word_1_179' title='bbox 707 2521 773 2576; x_wconf 89' lang='lat' dir='ltr'><strong>ab</strong></span> <span class='ocrx_word' id='word_1_180' title='bbox 795 2523 947 2591; x_wconf 83' lang='lat' dir='ltr'><strong>aquis</strong></span> <span class='ocrx_word' id='word_1_181' title='bbox 964 2522 1147 2576; x_wconf 91' lang='lat' dir='ltr'><strong>maris.</strong></span> <span class='ocrx_word' id='word_1_182' title='bbox 1174 2520 1290 2576; x_wconf 87' lang='lat' dir='ltr'><strong>Non</strong></span> <span class='ocrx_word' id='word_1_183' title='bbox 1322 2521 1561 2575; x_wconf 90' lang='lat' dir='ltr'><strong>attendat</strong></span> <span class='ocrx_word' id='word_1_184' title='bbox 1584 2521 1704 2589; x_wconf 84' lang='lat' dir='ltr'><strong>quia</strong></span> <span class='ocrx_word' id='word_1_185' title='bbox 1746 2534 1882 2572; x_wconf 92' lang='lat' dir='ltr'><strong>non-</strong></span> 
     </span>
    </p>
   </div>
   <div class='ocr_carea' id='block_1_25' title="bbox 291 2609 1881 2684">
    <p class='ocr_par' dir='ltr' id='par_1_25' title="bbox 291 2609 1881 2684">
     <span class='ocr_line' id='line_1_25' title="bbox 291 2609 1881 2684; baseline -0.001 -18"><span class='ocrx_word' id='word_1_186' title='bbox 291 2611 422 2668; x_wconf 90' lang='lat' dir='ltr'><strong>dum</strong></span> <span class='ocrx_word' id='word_1_187' title='bbox 472 2627 696 2682; x_wconf 86' lang='lat' dir='ltr'><strong>corpore</strong></span> <span class='ocrx_word' id='word_1_188' title='bbox 750 2623 1023 2684; x_wconf 76' lang='lat' dir='ltr'><strong>segregata</strong></span> <span class='ocrx_word' id='word_1_189' title='bbox 1052 2621 1180 2668; x_wconf 89' lang='lat' dir='ltr'><strong>est:</strong></span> <span class='ocrx_word' id='word_1_190' title='bbox 1222 2614 1331 2682; x_wconf 84' lang='lat' dir='ltr'><strong>jam</strong></span> <span class='ocrx_word' id='word_1_191' title='bbox 1382 2612 1705 2668; x_wconf 88' lang='lat' dir='ltr'><strong>desiderium</strong></span> <span class='ocrx_word' id='word_1_192' title='bbox 1750 2609 1881 2665; x_wconf 83' lang='lat' dir='ltr'><strong>fecit</strong></span> 
     </span>
    </p>
   </div>
   <div class='ocr_carea' id='block_1_26' title="bbox 292 2703 1874 2774">
    <p class='ocr_par' dir='ltr' id='par_1_26' title="bbox 292 2703 1874 2774">
     <span class='ocr_line' id='line_1_26' title="bbox 292 2703 1874 2774; baseline -0.003 -13"><span class='ocrx_word' id='word_1_193' title='bbox 292 2705 738 2774; x_wconf 82' lang='lat' dir='ltr'><strong>segregationem.</strong></span> <span class='ocrx_word' id='word_1_194' title='bbox 773 2704 870 2758; x_wconf 83' lang='lat' dir='ltr'><strong>Alii</strong></span> <span class='ocrx_word' id='word_1_195' title='bbox 898 2704 1211 2760; x_wconf 84' lang='lat' dir='ltr'><strong>desiderant</strong></span> <span class='ocrx_word' id='word_1_196' title='bbox 1240 2704 1427 2766; x_wconf 85' lang='lat' dir='ltr'><strong>Deum,</strong></span> <span class='ocrx_word' id='word_1_197' title='bbox 1459 2703 1874 2759; x_wconf 84' lang='lat' dir='ltr'><strong>aliidesiderant</strong></span> 
     </span>
    </p>
   </div>
   <div class='ocr_carea' id='block_1_27' title="bbox 291 2791 1877 2865">
    <p class='ocr_par' dir='ltr' id='par_1_27' title="bbox 291 2791 1877 2865">
     <span class='ocr_line' id='line_1_27' title="bbox 291 2791 1877 2865; baseline -0.001 -15"><span class='ocrx_word' id='word_1_198' title='bbox 291 2797 572 2850; x_wconf 63' lang='lat' dir='ltr'><strong>saeculum.</strong></span> <span class='ocrx_word' id='word_1_199' title='bbox 601 2794 738 2862; x_wconf 83' lang='lat' dir='ltr'><strong>Quid</strong></span> <span class='ocrx_word' id='word_1_200' title='bbox 780 2810 908 2865; x_wconf 87' lang='lat' dir='ltr'><strong>ergo</strong></span> <span class='ocrx_word' id='word_1_201' title='bbox 949 2795 1062 2850; x_wconf 89' lang='lat' dir='ltr'><strong>sitit</strong></span> <span class='ocrx_word' id='word_1_202' title='bbox 1106 2794 1297 2850; x_wconf 88' lang='lat' dir='ltr'><strong>arida?</strong></span> <span class='ocrx_word' id='word_1_203' title='bbox 1325 2791 1554 2850; x_wconf 83' lang='lat' dir='ltr'><strong>lmbrem</strong></span> <span class='ocrx_word' id='word_1_204' title='bbox 1601 2794 1668 2850; x_wconf 91' lang='lat' dir='ltr'><strong>de</strong></span> <span class='ocrx_word' id='word_1_205' title='bbox 1716 2795 1877 2860; x_wconf 63' lang='lat' dir='ltr'><strong>caelo,</strong></span> 
     </span>
    </p>
   </div>
   <div class='ocr_carea' id='block_1_28' title="bbox 289 2885 1876 2955">
    <p class='ocr_par' dir='ltr' id='par_1_28' title="bbox 289 2885 1876 2955">
     <span class='ocr_line' id='line_1_28' title="bbox 289 2885 1876 2955; baseline -0.001 -15"><span class='ocrx_word' id='word_1_206' title='bbox 289 2886 521 2941; x_wconf 88' lang='lat' dir='ltr'><strong>imbrem</strong></span> <span class='ocrx_word' id='word_1_207' title='bbox 553 2885 618 2940; x_wconf 92' lang='lat' dir='ltr'><strong>de</strong></span> <span class='ocrx_word' id='word_1_208' title='bbox 666 2885 916 2952; x_wconf 88' lang='lat' dir='ltr'><strong>nubibus,</strong></span> <span class='ocrx_word' id='word_1_209' title='bbox 945 2885 1167 2940; x_wconf 89' lang='lat' dir='ltr'><strong>imbrem</strong></span> <span class='ocrx_word' id='word_1_210' title='bbox 1217 2885 1283 2940; x_wconf 90' lang='lat' dir='ltr'><strong>de</strong></span> <span class='ocrx_word' id='word_1_211' title='bbox 1312 2885 1617 2955; x_wconf 90' lang='lat' dir='ltr'><strong>Scripturis,</strong></span> <span class='ocrx_word' id='word_1_212' title='bbox 1653 2885 1876 2939; x_wconf 88' lang='lat' dir='ltr'><strong>imbrem</strong></span> 
     </span>
    </p>
   </div>
   <div class='ocr_carea' id='block_1_29' title="bbox 289 2974 1876 3039">
    <p class='ocr_par' dir='ltr' id='par_1_29' title="bbox 289 2974 1876 3039">
     <span class='ocr_line' id='line_1_29' title="bbox 289 2974 1876 3039; baseline -0.001 -9"><span class='ocrx_word' id='word_1_213' title='bbox 289 2975 364 3030; x_wconf 87' lang='lat' dir='ltr'><strong>de</strong></span> <span class='ocrx_word' id='word_1_214' title='bbox 389 2976 741 3030; x_wconf 87' lang='lat' dir='ltr'><strong>ﬁrmamento.</strong></span> <span class='ocrx_word' id='word_1_215' title='bbox 764 2975 894 3031; x_wconf 91' lang='lat' dir='ltr'><strong>Cum</strong></span> <span class='ocrx_word' id='word_1_216' title='bbox 917 2985 1093 3032; x_wconf 92' lang='lat' dir='ltr'><strong>autem</strong></span> <span class='ocrx_word' id='word_1_217' title='bbox 1107 2975 1375 3031; x_wconf 88' lang='lat' dir='ltr'><strong>desiderat</strong></span> <span class='ocrx_word' id='word_1_218' title='bbox 1400 2975 1642 3039; x_wconf 86' lang='lat' dir='ltr'><strong>imbrem,</strong></span> <span class='ocrx_word' id='word_1_219' title='bbox 1669 2974 1876 3030; x_wconf 90' lang='lat' dir='ltr'><strong>dulcem</strong></span> 
     </span>
    </p>
   </div>
   <div class='ocr_carea' id='block_1_30' title="bbox 289 3065 1879 3138">
    <p class='ocr_par' dir='ltr' id='par_1_30' title="bbox 289 3065 1879 3138">
     <span class='ocr_line' id='line_1_30' title="bbox 289 3065 1879 3138; baseline 0.001 -17"><span class='ocrx_word' id='word_1_220' title='bbox 289 3071 486 3136; x_wconf 74' lang='lat' dir='ltr'><strong>aquam</strong></span> <span class='ocrx_word' id='word_1_221' title='bbox 539 3065 824 3130; x_wconf 82' lang='lat' dir='ltr'><strong>desiderat,</strong></span> <span class='ocrx_word' id='word_1_222' title='bbox 880 3077 1178 3137; x_wconf 89' lang='lat' dir='ltr'><strong>separatam</strong></span> <span class='ocrx_word' id='word_1_223' title='bbox 1230 3067 1297 3120; x_wconf 91' lang='lat' dir='ltr'><strong>ab</strong></span> <span class='ocrx_word' id='word_1_224' title='bbox 1343 3081 1478 3138; x_wconf 91' lang='lat' dir='ltr'><strong>aqua</strong></span> <span class='ocrx_word' id='word_1_225' title='bbox 1529 3081 1731 3120; x_wconf 89' lang='lat' dir='ltr'><strong>amara.</strong></span> <span class='ocrx_word' id='word_1_226' title='bbox 1773 3065 1879 3122; x_wconf 89' lang='lat' dir='ltr'><strong>Sed</strong></span> 
     </span>
    </p>
   </div>
   <div class='ocr_carea' id='block_1_31' title="bbox 290 3157 1876 3227">
    <p class='ocr_par' dir='ltr' id='par_1_31' title="bbox 290 3157 1876 3227">
     <span class='ocr_line' id='line_1_31' title="bbox 290 3157 1876 3227; baseline -0.001 -15"><span class='ocrx_word' id='word_1_227' title='bbox 290 3157 440 3212; x_wconf 86' lang='lat' dir='ltr'><strong>Deus</strong></span> <span class='ocrx_word' id='word_1_228' title='bbox 478 3159 625 3212; x_wconf 89' lang='lat' dir='ltr'><strong>novit</strong></span> <span class='ocrx_word' id='word_1_229' title='bbox 671 3158 794 3227; x_wconf 90' lang='lat' dir='ltr'><strong>quia</strong></span> <span class='ocrx_word' id='word_1_230' title='bbox 847 3157 1116 3212; x_wconf 87' lang='lat' dir='ltr'><strong>desiderat</strong></span> <span class='ocrx_word' id='word_1_231' title='bbox 1158 3157 1305 3211; x_wconf 89' lang='lat' dir='ltr'><strong>arida</strong></span> <span class='ocrx_word' id='word_1_232' title='bbox 1340 3174 1352 3210; x_wconf 93' lang='lat'>:</span> <span class='ocrx_word' id='word_1_233' title='bbox 1386 3157 1513 3211; x_wconf 88' lang='lat' dir='ltr'><strong>latet</strong></span> <span class='ocrx_word' id='word_1_234' title='bbox 1559 3158 1699 3213; x_wconf 92' lang='lat' dir='ltr'><strong>enim</strong></span> <span class='ocrx_word' id='word_1_235' title='bbox 1728 3165 1781 3212; x_wconf 90' lang='lat' dir='ltr'><strong>et</strong></span> <span class='ocrx_word' id='word_1_236' title='bbox 1822 3157 1876 3211; x_wconf 91' lang='lat' dir='ltr'><strong>in</strong></span> 
     </span>
    </p>
   </div>
   <div class='ocr_carea' id='block_1_32' title="bbox 287 3245 1877 3313">
    <p class='ocr_par' dir='ltr' id='par_1_32' title="bbox 287 3245 1877 3313">
     <span class='ocr_line' id='line_1_32' title="bbox 287 3245 1877 3313; baseline -0.001 -12"><span class='ocrx_word' id='word_1_237' title='bbox 287 3247 506 3302; x_wconf 89' lang='lat' dir='ltr'><strong>occulto</strong></span> <span class='ocrx_word' id='word_1_238' title='bbox 523 3256 621 3301; x_wconf 90' lang='lat' dir='ltr'><strong>est.</strong></span> <span class='ocrx_word' id='word_1_239' title='bbox 645 3246 914 3301; x_wconf 88' lang='lat' dir='ltr'><strong>Desideria</strong></span> <span class='ocrx_word' id='word_1_240' title='bbox 944 3247 1127 3313; x_wconf 90' lang='lat' dir='ltr'><strong>maris,</strong></span> <span class='ocrx_word' id='word_1_241' title='bbox 1160 3245 1210 3301; x_wconf 90' lang='lat' dir='ltr'><strong>id</strong></span> <span class='ocrx_word' id='word_1_242' title='bbox 1237 3254 1338 3312; x_wconf 91' lang='lat' dir='ltr'><strong>est,</strong></span> <span class='ocrx_word' id='word_1_243' title='bbox 1358 3246 1622 3302; x_wconf 80' lang='lat' dir='ltr'><strong>desideria</strong></span> <span class='ocrx_word' id='word_1_244' title='bbox 1653 3246 1877 3302; x_wconf 82' lang='lat' dir='ltr'><strong>saecula-</strong></span> 
     </span>
    </p>
   </div>
   <div class='ocr_carea' id='block_1_33' title="bbox 285 3337 1877 3409">
    <p class='ocr_par' dir='ltr' id='par_1_33' title="bbox 285 3337 1877 3409">
     <span class='ocr_line' id='line_1_33' title="bbox 285 3337 1877 3409; baseline -0.001 -15"><span class='ocrx_word' id='word_1_245' title='bbox 285 3338 374 3394; x_wconf 88' lang='lat' dir='ltr'><strong>ria</strong></span> <span class='ocrx_word' id='word_1_246' title='bbox 420 3346 698 3408; x_wconf 88' lang='lat' dir='ltr'><strong>apparent.</strong></span> <span class='ocrx_word' id='word_1_247' title='bbox 748 3337 806 3394; x_wconf 90' lang='lat' dir='ltr'><strong>Si</strong></span> <span class='ocrx_word' id='word_1_248' title='bbox 833 3339 952 3408; x_wconf 91' lang='lat' dir='ltr'><strong>quis</strong></span> <span class='ocrx_word' id='word_1_249' title='bbox 999 3338 1265 3394; x_wconf 89' lang='lat' dir='ltr'><strong>desiderat</strong></span> <span class='ocrx_word' id='word_1_250' title='bbox 1306 3339 1604 3409; x_wconf 89' lang='lat' dir='ltr'><strong>pecuniam,</strong></span> <span class='ocrx_word' id='word_1_251' title='bbox 1633 3346 1877 3393; x_wconf 84' lang='lat' dir='ltr'><strong>movetur</strong></span> 
     </span>
    </p>
   </div>
   <div class='ocr_carea' id='block_1_34' title="bbox 287 3427 1875 3500">
    <p class='ocr_par' dir='ltr' id='par_1_34' title="bbox 287 3427 1875 3500">
     <span class='ocr_line' id='line_1_34' title="bbox 287 3427 1875 3500; baseline -0.001 -16"><span class='ocrx_word' id='word_1_252' title='bbox 287 3428 361 3484; x_wconf 83' lang='lat' dir='ltr'><strong>ad</strong></span> <span class='ocrx_word' id='word_1_253' title='bbox 384 3430 551 3499; x_wconf 89' lang='lat' dir='ltr'><strong>ipsam</strong></span> <span class='ocrx_word' id='word_1_254' title='bbox 593 3430 897 3500; x_wconf 90' lang='lat' dir='ltr'><strong>pecuniam,</strong></span> <span class='ocrx_word' id='word_1_255' title='bbox 921 3429 1036 3484; x_wconf 84' lang='lat' dir='ltr'><strong>vult</strong></span> <span class='ocrx_word' id='word_1_256' title='bbox 1081 3427 1225 3484; x_wconf 90' lang='lat' dir='ltr'><strong>illam</strong></span> <span class='ocrx_word' id='word_1_257' title='bbox 1254 3429 1532 3500; x_wconf 89' lang='lat' dir='ltr'><strong>acquirere</strong></span> <span class='ocrx_word' id='word_1_258' title='bbox 1560 3447 1574 3496; x_wconf 89' lang='lat'><strong>;</strong></span> <span class='ocrx_word' id='word_1_259' title='bbox 1602 3430 1723 3500; x_wconf 90' lang='lat' dir='ltr'><strong>quia</strong></span> <span class='ocrx_word' id='word_1_260' title='bbox 1750 3428 1875 3483; x_wconf 89' lang='lat' dir='ltr'><strong>visi-</strong></span> 
     </span>
    </p>
   </div>
   <div class='ocr_carea' id='block_1_35' title="bbox 287 3519 1871 3592">
    <p class='ocr_par' dir='ltr' id='par_1_35' title="bbox 287 3519 1871 3592">
     <span class='ocr_line' id='line_1_35' title="bbox 287 3519 1871 3592; baseline -0.002 -15"><span class='ocrx_word' id='word_1_261' title='bbox 287 3521 416 3577; x_wconf 88' lang='lat' dir='ltr'><strong>bilis</strong></span> <span class='ocrx_word' id='word_1_262' title='bbox 432 3536 520 3576; x_wconf 91' lang='lat' dir='ltr'><strong>res</strong></span> <span class='ocrx_word' id='word_1_263' title='bbox 546 3529 626 3576; x_wconf 91' lang='lat' dir='ltr'><strong>est</strong></span> <span class='ocrx_word' id='word_1_264' title='bbox 649 3521 895 3592; x_wconf 90' lang='lat' dir='ltr'><strong>pecunia,</strong></span> <span class='ocrx_word' id='word_1_265' title='bbox 954 3530 1176 3590; x_wconf 88' lang='lat' dir='ltr'><strong>apparet</strong></span> <span class='ocrx_word' id='word_1_266' title='bbox 1221 3520 1546 3576; x_wconf 90' lang='lat' dir='ltr'><strong>desiderium</strong></span> <span class='ocrx_word' id='word_1_267' title='bbox 1598 3521 1734 3590; x_wconf 86' lang='lat' dir='ltr'><strong>ejus.</strong></span> <span class='ocrx_word' id='word_1_268' title='bbox 1769 3519 1871 3587; x_wconf 88' lang='lat' dir='ltr'><strong>Qui</strong></span> 
     </span>
    </p>
   </div>
   <div class='ocr_carea' id='block_1_36' title="bbox 291 3613 1874 3683">
    <p class='ocr_par' dir='ltr' id='par_1_36' title="bbox 291 3613 1874 3683">
     <span class='ocr_line' id='line_1_36' title="bbox 291 3613 1874 3683; baseline 0.001 -17"><span class='ocrx_word' id='word_1_269' title='bbox 291 3623 470 3668; x_wconf 82' lang='lat' dir='ltr'><strong>autem</strong></span> <span class='ocrx_word' id='word_1_270' title='bbox 500 3613 766 3668; x_wconf 85' lang='lat' dir='ltr'><strong>desiderat</strong></span> <span class='ocrx_word' id='word_1_271' title='bbox 796 3613 982 3678; x_wconf 88' lang='lat' dir='ltr'><strong>Deum,</strong></span> <span class='ocrx_word' id='word_1_272' title='bbox 1007 3613 1137 3668; x_wconf 89' lang='lat' dir='ltr'><strong>latet</strong></span> <span class='ocrx_word' id='word_1_273' title='bbox 1166 3613 1487 3669; x_wconf 86' lang='lat' dir='ltr'><strong>desiderium</strong></span> <span class='ocrx_word' id='word_1_274' title='bbox 1518 3613 1722 3682; x_wconf 85' lang='lat' dir='ltr'><strong>ipsius;</strong></span> <span class='ocrx_word' id='word_1_275' title='bbox 1751 3613 1874 3683; x_wconf 89' lang='lat' dir='ltr'><strong>quia</strong></span> 
     </span>
    </p>
   </div>
   <div class='ocr_carea' id='block_1_37' title="bbox 291 3702 1874 3774">
    <p class='ocr_par' dir='ltr' id='par_1_37' title="bbox 291 3702 1874 3774">
     <span class='ocr_line' id='line_1_37' title="bbox 291 3702 1874 3774; baseline -0.003 -14"><span class='ocrx_word' id='word_1_276' title='bbox 291 3703 599 3768; x_wconf 88' lang='lat' dir='ltr'><strong>latetDeus,</strong></span> <span class='ocrx_word' id='word_1_277' title='bbox 626 3719 782 3774; x_wconf 84' lang='lat' dir='ltr'><strong>quem</strong></span> <span class='ocrx_word' id='word_1_278' title='bbox 808 3702 1074 3760; x_wconf 88' lang='lat' dir='ltr'><strong>desiderat</strong></span> <span class='ocrx_word' id='word_1_279' title='bbox 1101 3721 1116 3758; x_wconf 86' lang='lat'><strong>:</strong></span> <span class='ocrx_word' id='word_1_280' title='bbox 1147 3705 1286 3760; x_wconf 89' lang='lat' dir='ltr'><strong>intus</strong></span> <span class='ocrx_word' id='word_1_281' title='bbox 1309 3711 1412 3772; x_wconf 89' lang='lat' dir='ltr'><strong>est,</strong></span> <span class='ocrx_word' id='word_1_282' title='bbox 1436 3704 1641 3759; x_wconf 84' lang='lat' dir='ltr'><strong>occulta</strong></span> <span class='ocrx_word' id='word_1_283' title='bbox 1663 3717 1748 3758; x_wconf 90' lang='lat' dir='ltr'><strong>res</strong></span> <span class='ocrx_word' id='word_1_284' title='bbox 1773 3711 1874 3758; x_wconf 83' lang='lat' dir='ltr'><strong>est.</strong></span> 
     </span>
    </p>
   </div>
   <div class='ocr_carea' id='block_1_38' title="bbox 288 3795 1874 3867">
    <p class='ocr_par' dir='ltr' id='par_1_38' title="bbox 288 3795 1874 3867">
     <span class='ocr_line' id='line_1_38' title="bbox 288 3795 1874 3867; baseline -0.001 -16"><span class='ocrx_word' id='word_1_285' title='bbox 288 3795 417 3851; x_wconf 87' lang='lat' dir='ltr'><strong>Sitit</strong></span> <span class='ocrx_word' id='word_1_286' title='bbox 443 3795 678 3865; x_wconf 91' lang='lat' dir='ltr'><strong>quidem,</strong></span> <span class='ocrx_word' id='word_1_287' title='bbox 710 3804 764 3851; x_wconf 91' lang='lat' dir='ltr'><strong>et</strong></span> <span class='ocrx_word' id='word_1_288' title='bbox 803 3795 949 3851; x_wconf 91' lang='lat' dir='ltr'><strong>arida</strong></span> <span class='ocrx_word' id='word_1_289' title='bbox 987 3805 1106 3862; x_wconf 90' lang='lat' dir='ltr'><strong>est;</strong></span> <span class='ocrx_word' id='word_1_290' title='bbox 1153 3795 1247 3853; x_wconf 80' lang='lat' dir='ltr'><strong>Sed</strong></span> <span class='ocrx_word' id='word_1_291' title='bbox 1295 3805 1514 3867; x_wconf 87' lang='lat' dir='ltr'><strong>apparet</strong></span> <span class='ocrx_word' id='word_1_292' title='bbox 1564 3796 1732 3851; x_wconf 92' lang='lat' dir='ltr'><strong>oculis</strong></span> <span class='ocrx_word' id='word_1_293' title='bbox 1760 3795 1874 3851; x_wconf 87' lang='lat' dir='ltr'><strong>Dei.</strong></span> 
     </span>
    </p>
   </div>
   <div class='ocr_carea' id='block_1_39' title="bbox 290 3885 1878 3954">
    <p class='ocr_par' dir='ltr' id='par_1_39' title="bbox 290 3885 1878 3954">
     <span class='ocr_line' id='line_1_39' title="bbox 290 3885 1878 3954; baseline 0 -13"><span class='ocrx_word' id='word_1_294' title='bbox 290 3885 363 3941; x_wconf 85' lang='lat' dir='ltr'><strong>Et</strong></span> <span class='ocrx_word' id='word_1_295' title='bbox 395 3900 512 3940; x_wconf 88' lang='lat' dir='ltr'><strong>non</strong></span> <span class='ocrx_word' id='word_1_296' title='bbox 535 3885 876 3954; x_wconf 63' lang='lat' dir='ltr'><strong>praetermisit</strong></span> <span class='ocrx_word' id='word_1_297' title='bbox 923 3885 1188 3952; x_wconf 82' lang='lat' dir='ltr'><strong>fructum;</strong></span> <span class='ocrx_word' id='word_1_298' title='bbox 1217 3888 1396 3940; x_wconf 89' lang='lat' dir='ltr'><strong>statim</strong></span> <span class='ocrx_word' id='word_1_299' title='bbox 1437 3887 1591 3952; x_wconf 81' lang='lat' dir='ltr'><strong>dixit,</strong></span> <span class='ocrx_word' id='word_1_300' title='bbox 1623 3885 1878 3941; x_wconf 79' lang='lat' dir='ltr'><strong>Germinet</strong></span> 
     </span>
    </p>
   </div>
   <div class='ocr_carea' id='block_1_40' title="bbox 291 3974 1878 4046">
    <p class='ocr_par' dir='ltr' id='par_1_40' title="bbox 291 3974 1878 4046">
     <span class='ocr_line' id='line_1_40' title="bbox 291 3974 1878 4046; baseline -0.001 -14"><span class='ocrx_word' id='word_1_301' title='bbox 291 3985 431 4032; x_wconf 80' lang='lat' dir='ltr'><strong>terra</strong></span> <span class='ocrx_word' id='word_1_302' title='bbox 459 3974 663 4028; x_wconf 81' lang='lat' dir='ltr'><strong>herbam</strong></span> <span class='ocrx_word' id='word_1_303' title='bbox 687 3975 879 4046; x_wconf 90' lang='lat' dir='ltr'><strong>pabuli.</strong></span> <span class='ocrx_word' id='word_1_304' title='bbox 929 3975 1201 4031; x_wconf 89' lang='lat' dir='ltr'><strong>Germinet</strong></span> <span class='ocrx_word' id='word_1_305' title='bbox 1226 3982 1366 4030; x_wconf 90' lang='lat' dir='ltr'><strong>terra</strong></span> <span class='ocrx_word' id='word_1_306' title='bbox 1393 3977 1511 4046; x_wconf 87' lang='lat' dir='ltr'><strong>ipso</strong></span> <span class='ocrx_word' id='word_1_307' title='bbox 1537 3975 1624 4031; x_wconf 92' lang='lat' dir='ltr'><strong>die</strong></span> <span class='ocrx_word' id='word_1_308' title='bbox 1657 3991 1762 4046; x_wconf 90' lang='lat' dir='ltr'><strong>quo</strong></span> <span class='ocrx_word' id='word_1_309' title='bbox 1797 3975 1878 4031; x_wconf 84' lang='lat' dir='ltr'><strong>l‘a-</strong></span> 
     </span>
    </p>
   </div>
   <div class='ocr_carea' id='block_1_41' title="bbox 294 4064 1877 4135">
    <p class='ocr_par' dir='ltr' id='par_1_41' title="bbox 294 4064 1877 4135">
     <span class='ocr_line' id='line_1_41' title="bbox 294 4064 1877 4135; baseline 0 -14"><span class='ocrx_word' id='word_1_310' title='bbox 294 4077 380 4121; x_wconf 85' lang='lat' dir='ltr'><strong>cta</strong></span> <span class='ocrx_word' id='word_1_311' title='bbox 405 4073 486 4121; x_wconf 89' lang='lat' dir='ltr'><strong>est</strong></span> <span class='ocrx_word' id='word_1_312' title='bbox 501 4065 668 4120; x_wconf 86' lang='lat' dir='ltr'><strong>arida.</strong></span> <span class='ocrx_word' id='word_1_313' title='bbox 693 4065 808 4120; x_wconf 90' lang='lat' dir='ltr'><strong>Non</strong></span> <span class='ocrx_word' id='word_1_314' title='bbox 838 4065 1008 4135; x_wconf 89' lang='lat' dir='ltr'><strong>potuit</strong></span> <span class='ocrx_word' id='word_1_315' title='bbox 1035 4064 1178 4119; x_wconf 88' lang='lat' dir='ltr'><strong>arida</strong></span> <span class='ocrx_word' id='word_1_316' title='bbox 1209 4065 1296 4120; x_wconf 88' lang='lat' dir='ltr'><strong>illa</strong></span> <span class='ocrx_word' id='word_1_317' title='bbox 1333 4065 1448 4121; x_wconf 89' lang='lat' dir='ltr'><strong>sine</strong></span> <span class='ocrx_word' id='word_1_318' title='bbox 1473 4065 1642 4121; x_wconf 82' lang='lat' dir='ltr'><strong>fructu</strong></span> <span class='ocrx_word' id='word_1_319' title='bbox 1669 4067 1758 4121; x_wconf 88' lang='lat' dir='ltr'><strong>diu</strong></span> <span class='ocrx_word' id='word_1_320' title='bbox 1786 4080 1877 4122; x_wconf 86' lang='lat' dir='ltr'><strong>es-</strong></span> 
     </span>
    </p>
   </div>
   <div class='ocr_carea' id='block_1_42' title="bbox 292 4157 1877 4227">
    <p class='ocr_par' dir='ltr' id='par_1_42' title="bbox 292 4157 1877 4227">
     <span class='ocr_line' id='line_1_42' title="bbox 292 4157 1877 4227; baseline -0.004 -9"><span class='ocrx_word' id='word_1_321' title='bbox 292 4174 376 4218; x_wconf 79' lang='lat' dir='ltr'><strong>se.</strong></span> <span class='ocrx_word' id='word_1_322' title='bbox 426 4158 718 4214; x_wconf 85' lang='lat' dir='ltr'><strong>Audiamus</strong></span> <span class='ocrx_word' id='word_1_323' title='bbox 747 4166 801 4214; x_wconf 90' lang='lat' dir='ltr'><strong>et</strong></span> <span class='ocrx_word' id='word_1_324' title='bbox 828 4172 925 4213; x_wconf 90' lang='lat' dir='ltr'><strong>nos</strong></span> <span class='ocrx_word' id='word_1_325' title='bbox 955 4157 1171 4212; x_wconf 89' lang='lat' dir='ltr'><strong>verbum</strong></span> <span class='ocrx_word' id='word_1_326' title='bbox 1204 4157 1296 4212; x_wconf 91' lang='lat' dir='ltr'><strong>Dei</strong></span> <span class='ocrx_word' id='word_1_327' title='bbox 1322 4177 1335 4212; x_wconf 93' lang='lat'>:</span> <span class='ocrx_word' id='word_1_328' title='bbox 1365 4167 1419 4213; x_wconf 93' lang='lat' dir='ltr'><strong>et</strong></span> <span class='ocrx_word' id='word_1_329' title='bbox 1445 4158 1712 4227; x_wconf 78' lang='lat' dir='ltr'><strong>germinet</strong></span> <span class='ocrx_word' id='word_1_330' title='bbox 1738 4167 1877 4214; x_wconf 90' lang='lat' dir='ltr'><strong>terra</strong></span> 
     </span>
    </p>
   </div>
   <div class='ocr_carea' id='block_1_43' title="bbox 276 4249 1875 4321">
    <p class='ocr_par' dir='ltr' id='par_1_43' title="bbox 276 4249 1875 4321">
     <span class='ocr_line' id='line_1_43' title="bbox 276 4249 1875 4321; baseline -0.002 -14"><span class='ocrx_word' id='word_1_331' title='bbox 276 4251 518 4307; x_wconf 77' lang='lat' dir='ltr'><strong>‘nerbam</strong></span> <span class='ocrx_word' id='word_1_332' title='bbox 544 4250 743 4321; x_wconf 88' lang='lat' dir='ltr'><strong>pabuli,</strong></span> <span class='ocrx_word' id='word_1_333' title='bbox 774 4249 825 4305; x_wconf 91' lang='lat' dir='ltr'><strong>id</strong></span> <span class='ocrx_word' id='word_1_334' title='bbox 856 4258 957 4316; x_wconf 91' lang='lat' dir='ltr'><strong>est,</strong></span> <span class='ocrx_word' id='word_1_335' title='bbox 986 4249 1121 4305; x_wconf 89' lang='lat' dir='ltr'><strong>bona</strong></span> <span class='ocrx_word' id='word_1_336' title='bbox 1166 4265 1328 4321; x_wconf 88' lang='lat' dir='ltr'><strong>opera</strong></span> <span class='ocrx_word' id='word_1_337' title='bbox 1376 4249 1778 4314; x_wconf 66' lang='lat' dir='ltr'><strong>misericordiae,</strong></span> <span class='ocrx_word' id='word_1_338' title='bbox 1806 4249 1875 4304; x_wconf 89' lang='lat' dir='ltr'><strong>de</strong></span> 
     </span>
    </p>
   </div>
   <div class='ocr_carea' id='block_1_44' title="bbox 294 4342 1875 4414">
    <p class='ocr_par' dir='ltr' id='par_1_44' title="bbox 294 4342 1875 4414">
     <span class='ocr_line' id='line_1_44' title="bbox 294 4342 1875 4414; baseline -0.001 -17"><span class='ocrx_word' id='word_1_339' title='bbox 294 4343 492 4413; x_wconf 86' lang='lat' dir='ltr'><strong>quibus</strong></span> <span class='ocrx_word' id='word_1_340' title='bbox 521 4343 649 4398; x_wconf 91' lang='lat' dir='ltr'><strong>dicit</strong></span> <span class='ocrx_word' id='word_1_341' title='bbox 697 4342 878 4407; x_wconf 86' lang='lat' dir='ltr'><strong>Isaias,</strong></span> <span class='ocrx_word' id='word_1_342' title='bbox 915 4342 1122 4414; x_wconf 85' lang='lat' dir='ltr'><strong>Frange</strong></span> <span class='ocrx_word' id='word_1_343' title='bbox 1168 4344 1406 4398; x_wconf 78' lang='lat' dir='ltr'><strong>esurienti</strong></span> <span class='ocrx_word' id='word_1_344' title='bbox 1430 4359 1610 4414; x_wconf 86' lang='lat' dir='ltr'><strong>panem</strong></span> <span class='ocrx_word' id='word_1_345' title='bbox 1639 4352 1799 4408; x_wconf 89' lang='lat' dir='ltr'><strong>tuum,</strong></span> <span class='ocrx_word' id='word_1_346' title='bbox 1827 4350 1875 4396; x_wconf 89' lang='lat' dir='ltr'><strong>et</strong></span> 
     </span>
    </p>
   </div>
   <div class='ocr_carea' id='block_1_45' title="bbox 289 4431 1875 4506">
    <p class='ocr_par' dir='ltr' id='par_1_45' title="bbox 289 4431 1875 4506">
     <span class='ocr_line' id='line_1_45' title="bbox 289 4431 1875 4506; baseline -0.001 -18"><span class='ocrx_word' id='word_1_347' title='bbox 289 4449 504 4506; x_wconf 77' lang='lat' dir='ltr'><strong>egenum</strong></span> <span class='ocrx_word' id='word_1_348' title='bbox 519 4435 626 4488; x_wconf 88' lang='lat' dir='ltr'><strong>sine</strong></span> <span class='ocrx_word' id='word_1_349' title='bbox 649 4443 773 4488; x_wconf 86' lang='lat' dir='ltr'><strong>tecto</strong></span> <span class='ocrx_word' id='word_1_350' title='bbox 800 4434 952 4488; x_wconf 86' lang='lat' dir='ltr'><strong>induc</strong></span> <span class='ocrx_word' id='word_1_351' title='bbox 969 4435 1021 4488; x_wconf 90' lang='lat' dir='ltr'><strong>in</strong></span> <span class='ocrx_word' id='word_1_352' title='bbox 1040 4435 1242 4488; x_wconf 85' lang='lat' dir='ltr'><strong>domum</strong></span> <span class='ocrx_word' id='word_1_353' title='bbox 1259 4444 1416 4500; x_wconf 88' lang='lat' dir='ltr'><strong>tuam,</strong></span> <span class='ocrx_word' id='word_1_354' title='bbox 1441 4431 1700 4506; x_wconf 81' lang='lat' dir='ltr'><strong>etc.(lsai.</strong></span> <span class='ocrx_word' id='word_1_355' title='bbox 1731 4447 1875 4499; x_wconf 84' lang='lat' dir='ltr'><strong>LVIII,</strong></span> 
     </span>
    </p>
   </div>
   <div class='ocr_carea' id='block_1_46' title="bbox 292 4524 1878 4598">
    <p class='ocr_par' dir='ltr' id='par_1_46' title="bbox 292 4524 1878 4598">
     <span class='ocr_line' id='line_1_46' title="bbox 292 4524 1878 4598; baseline -0.001 -18"><span class='ocrx_word' id='word_1_356' title='bbox 292 4524 391 4598; x_wconf 89' lang='lat'><strong>7).</strong></span> <span class='ocrx_word' id='word_1_357' title='bbox 435 4527 852 4582; x_wconf 87' lang='lat' dir='ltr'><strong>Firmamentum</strong></span> <span class='ocrx_word' id='word_1_358' title='bbox 893 4541 1021 4598; x_wconf 82' lang='lat' dir='ltr'><strong>ergo</strong></span> <span class='ocrx_word' id='word_1_359' title='bbox 1074 4525 1344 4597; x_wconf 86' lang='lat' dir='ltr'><strong>Scriptura</strong></span> <span class='ocrx_word' id='word_1_360' title='bbox 1403 4527 1496 4582; x_wconf 93' lang='lat' dir='ltr'><strong>Dei</strong></span> <span class='ocrx_word' id='word_1_361' title='bbox 1557 4537 1685 4581; x_wconf 91' lang='lat' dir='ltr'><strong>est:</strong></span> <span class='ocrx_word' id='word_1_362' title='bbox 1718 4525 1878 4580; x_wconf 91' lang='lat' dir='ltr'><strong>lumi-</strong></span> 
     </span>
    </p>
   </div>
   <div class='ocr_carea' id='block_1_47' title="bbox 205 4617 1878 4690">
    <p class='ocr_par' dir='ltr' id='par_1_47' title="bbox 205 4617 1878 4690">
     <span class='ocr_line' id='line_1_47' title="bbox 205 4617 1878 4690; baseline 0 -19"><span class='ocrx_word' id='word_1_363' title='bbox 205 4669 207 4671; x_wconf 81' lang='grc'><strong><em>,</em></strong></span> <span class='ocrx_word' id='word_1_364' title='bbox 292 4619 448 4673; x_wconf 85' lang='lat' dir='ltr'><strong>naria</strong></span> <span class='ocrx_word' id='word_1_365' title='bbox 478 4619 529 4672; x_wconf 94' lang='lat' dir='ltr'><strong>in</strong></span> <span class='ocrx_word' id='word_1_366' title='bbox 559 4617 892 4673; x_wconf 90' lang='lat' dir='ltr'><strong>ﬁrmamento</strong></span> <span class='ocrx_word' id='word_1_367' title='bbox 921 4619 1268 4690; x_wconf 88' lang='lat' dir='ltr'><strong>intelligentia</strong></span> <span class='ocrx_word' id='word_1_368' title='bbox 1301 4618 1692 4688; x_wconf 86' lang='lat' dir='ltr'><strong>Scripturarum</strong></span> <span class='ocrx_word' id='word_1_369' title='bbox 1729 4635 1742 4673; x_wconf 93' lang='lat'>:</span> <span class='ocrx_word' id='word_1_370' title='bbox 1793 4618 1878 4672; x_wconf 85' lang='lat' dir='ltr'><strong>lu-</strong></span> 
     </span>
    </p>
   </div>
   <div class='ocr_carea' id='block_1_48' title="bbox 293 4707 1881 4779">
    <p class='ocr_par' dir='ltr' id='par_1_48' title="bbox 293 4707 1881 4779">
     <span class='ocr_line' id='line_1_48' title="bbox 293 4707 1881 4779; baseline 0 -17"><span class='ocrx_word' id='word_1_371' title='bbox 293 4708 440 4762; x_wconf 89' lang='lat' dir='ltr'><strong>mina</strong></span> <span class='ocrx_word' id='word_1_372' title='bbox 480 4716 656 4762; x_wconf 91' lang='lat' dir='ltr'><strong>autem</strong></span> <span class='ocrx_word' id='word_1_373' title='bbox 683 4709 733 4761; x_wconf 93' lang='lat' dir='ltr'><strong>in</strong></span> <span class='ocrx_word' id='word_1_374' title='bbox 770 4709 924 4773; x_wconf 72' lang='lat' dir='ltr'><strong>cmlo,</strong></span> <span class='ocrx_word' id='word_1_375' title='bbox 986 4709 1285 4764; x_wconf 89' lang='lat' dir='ltr'><strong>intellectus</strong></span> <span class='ocrx_word' id='word_1_376' title='bbox 1333 4712 1384 4762; x_wconf 91' lang='lat' dir='ltr'><strong>in</strong></span> <span class='ocrx_word' id='word_1_377' title='bbox 1435 4708 1740 4779; x_wconf 88' lang='lat' dir='ltr'><strong>Scripturis.</strong></span> <span class='ocrx_word' id='word_1_378' title='bbox 1790 4707 1881 4762; x_wconf 90' lang='lat' dir='ltr'><strong>Vis</strong></span> 
     </span>
    </p>
   </div>
   <div class='ocr_carea' id='block_1_49' title="bbox 293 4798 1880 4869">
    <p class='ocr_par' dir='ltr' id='par_1_49' title="bbox 293 4798 1880 4869">
     <span class='ocr_line' id='line_1_49' title="bbox 293 4798 1880 4869; baseline 0 -15"><span class='ocrx_word' id='word_1_379' title='bbox 293 4800 584 4869; x_wconf 84' lang='lat' dir='ltr'><strong>pervenire</strong></span> <span class='ocrx_word' id='word_1_380' title='bbox 614 4799 680 4854; x_wconf 93' lang='lat' dir='ltr'><strong>ad</strong></span> <span class='ocrx_word' id='word_1_381' title='bbox 705 4799 884 4854; x_wconf 90' lang='lat' dir='ltr'><strong>lumen</strong></span> <span class='ocrx_word' id='word_1_382' title='bbox 927 4800 1188 4856; x_wconf 64' lang='lat' dir='ltr'><strong>coalestc?</strong></span> <span class='ocrx_word' id='word_1_383' title='bbox 1237 4800 1390 4855; x_wconf 89' lang='lat' dir='ltr'><strong>Prius</strong></span> <span class='ocrx_word' id='word_1_384' title='bbox 1422 4809 1558 4854; x_wconf 89' lang='lat' dir='ltr'><strong>terra</strong></span> <span class='ocrx_word' id='word_1_385' title='bbox 1603 4810 1718 4854; x_wconf 90' lang='lat' dir='ltr'><strong>esto</strong></span> <span class='ocrx_word' id='word_1_386' title='bbox 1746 4798 1880 4854; x_wconf 90' lang='lat' dir='ltr'><strong>dans</strong></span> 
     </span>
    </p>
   </div>
   <div class='ocr_carea' id='block_1_50' title="bbox 296 4890 1879 4962">
    <p class='ocr_par' dir='ltr' id='par_1_50' title="bbox 296 4890 1879 4962">
     <span class='ocr_line' id='line_1_50' title="bbox 296 4890 1879 4962; baseline 0 -16"><span class='ocrx_word' id='word_1_387' title='bbox 296 4890 524 4957; x_wconf 82' lang='lat' dir='ltr'><strong>fructus,</strong></span> <span class='ocrx_word' id='word_1_388' title='bbox 558 4891 608 4944; x_wconf 90' lang='lat' dir='ltr'><strong>id</strong></span> <span class='ocrx_word' id='word_1_389' title='bbox 638 4900 740 4955; x_wconf 90' lang='lat' dir='ltr'><strong>est,</strong></span> <span class='ocrx_word' id='word_1_390' title='bbox 773 4890 1078 4962; x_wconf 71' lang='lat' dir='ltr'><strong>prmcedant</strong></span> <span class='ocrx_word' id='word_1_391' title='bbox 1111 4905 1272 4960; x_wconf 86' lang='lat' dir='ltr'><strong>opera</strong></span> <span class='ocrx_word' id='word_1_392' title='bbox 1301 4891 1683 4946; x_wconf 70' lang='lat' dir='ltr'><strong>misericordia:</strong></span> <span class='ocrx_word' id='word_1_393' title='bbox 1714 4909 1726 4944; x_wconf 94' lang='lat'><strong>:</strong></span> <span class='ocrx_word' id='word_1_394' title='bbox 1758 4899 1879 4961; x_wconf 91' lang='lat' dir='ltr'><strong>post</strong></span> 
     </span>
    </p>
   </div>
   <div class='ocr_carea' id='block_1_51' title="bbox 294 4969 1878 5052">
    <p class='ocr_par' dir='ltr' id='par_1_51' title="bbox 294 4969 1878 5052">
     <span class='ocr_line' id='line_1_51' title="bbox 294 4969 1878 5052; baseline 0.002 -18"><span class='ocrx_word' id='word_1_395' title='bbox 294 4969 461 5052; x_wconf 73' lang='lat' dir='ltr'><strong>opera</strong></span> <span class='ocrx_word' id='word_1_396' title='bbox 483 4982 622 5035; x_wconf 91' lang='lat' dir='ltr'><strong>enim</strong></span> <span class='ocrx_word' id='word_1_397' title='bbox 651 4979 1051 5048; x_wconf 79' lang='lat' dir='ltr'><strong>misericordiae,</strong></span> <span class='ocrx_word' id='word_1_398' title='bbox 1071 4982 1217 5036; x_wconf 87' lang='lat' dir='ltr'><strong>venit</strong></span> <span class='ocrx_word' id='word_1_399' title='bbox 1233 4981 1545 5036; x_wconf 90' lang='lat' dir='ltr'><strong>illuminatio</strong></span> <span class='ocrx_word' id='word_1_400' title='bbox 1561 4981 1694 5037; x_wconf 88' lang='lat' dir='ltr'><strong>lucis</strong></span> <span class='ocrx_word' id='word_1_401' title='bbox 1714 4981 1878 5050; x_wconf 91' lang='lat' dir='ltr'><strong>illius,</strong></span> 
     </span>
    </p>
   </div>
   <div class='ocr_carea' id='block_1_52' title="bbox 296 5071 905 5142">
    <p class='ocr_par' dir='ltr' id='par_1_52' title="bbox 296 5071 905 5142">
     <span class='ocr_line' id='line_1_52' title="bbox 296 5071 905 5142; baseline 0.002 -17"><span class='ocrx_word' id='word_1_402' title='bbox 296 5083 461 5142; x_wconf 85' lang='lat' dir='ltr'><strong>quam</strong></span> <span class='ocrx_word' id='word_1_403' title='bbox 480 5071 771 5138; x_wconf 83' lang='lat' dir='ltr'><strong>desideras,</strong></span> <span class='ocrx_word' id='word_1_404' title='bbox 804 5081 905 5127; x_wconf 89' lang='lat' dir='ltr'><strong>etc.</strong></span> 
     </span>
    </p>
   </div>
   <div class='ocr_carea' id='block_1_53' title="bbox 585 5161 1596 5233">
    <p class='ocr_par' dir='ltr' id='par_1_53' title="bbox 585 5161 1596 5233">
     <span class='ocr_line' id='line_1_53' title="bbox 585 5161 1596 5233; baseline 0.002 -17"><span class='ocrx_word' id='word_1_405' title='bbox 585 5161 858 5217; x_wconf 86' lang='lat' dir='ltr'><strong>Luminare</strong></span> <span class='ocrx_word' id='word_1_406' title='bbox 879 5163 1043 5233; x_wconf 85' lang='lat' dir='ltr'><strong>majus</strong></span> <span class='ocrx_word' id='word_1_407' title='bbox 1069 5172 1115 5217; x_wconf 91' lang='lat' dir='ltr'><strong>et</strong></span> <span class='ocrx_word' id='word_1_408' title='bbox 1142 5162 1389 5216; x_wconf 82' lang='lat' dir='ltr'><strong>luminare</strong></span> <span class='ocrx_word' id='word_1_409' title='bbox 1413 5163 1596 5218; x_wconf 89' lang='lat' dir='ltr'><strong>minus.</strong></span> 
     </span>
    </p>
   </div>
   <div class='ocr_carea' id='block_1_54' title="bbox 372 5253 1883 5324">
    <p class='ocr_par' dir='ltr' id='par_1_54' title="bbox 372 5253 1883 5324">
     <span class='ocr_line' id='line_1_54' title="bbox 372 5253 1883 5324; baseline 0 -14"><span class='ocrx_word' id='word_1_410' title='bbox 372 5255 427 5310; x_wconf 78' lang='lat'><strong>5.</strong></span> <span class='ocrx_word' id='word_1_411' title='bbox 449 5253 592 5309; x_wconf 73' lang='lat' dir='ltr'><strong>Dixit</strong></span> <span class='ocrx_word' id='word_1_412' title='bbox 634 5263 799 5309; x_wconf 85' lang='lat' dir='ltr'><strong>autent</strong></span> <span class='ocrx_word' id='word_1_413' title='bbox 832 5253 986 5321; x_wconf 88' lang='lat' dir='ltr'><strong>Deus,</strong></span> <span class='ocrx_word' id='word_1_414' title='bbox 1016 5255 1143 5324; x_wconf 81' lang='lat' dir='ltr'><strong>[iant</strong></span> <span class='ocrx_word' id='word_1_415' title='bbox 1191 5254 1461 5308; x_wconf 88' lang='lat' dir='ltr'><strong>luminaria</strong></span> <span class='ocrx_word' id='word_1_416' title='bbox 1484 5256 1536 5308; x_wconf 90' lang='lat' dir='ltr'><strong>in</strong></span> <span class='ocrx_word' id='word_1_417' title='bbox 1563 5254 1883 5323; x_wconf 81' lang='lat' dir='ltr'><strong>ﬁrmamento</strong></span> 
     </span>
    </p>
   </div>
   <div class='ocr_carea' id='block_1_55' title="bbox 297 5343 1884 5413">
    <p class='ocr_par' dir='ltr' id='par_1_55' title="bbox 297 5343 1884 5413">
     <span class='ocr_line' id='line_1_55' title="bbox 297 5343 1884 5413; baseline -0.001 -14"><span class='ocrx_word' id='word_1_418' title='bbox 297 5345 436 5409; x_wconf 67' lang='lat' dir='ltr'><strong>cali,</strong></span> <span class='ocrx_word' id='word_1_419' title='bbox 462 5354 509 5398; x_wconf 92' lang='lat' dir='ltr'><strong>et</strong></span> <span class='ocrx_word' id='word_1_420' title='bbox 529 5345 753 5398; x_wconf 79' lang='lat' dir='ltr'><strong>dividant</strong></span> <span class='ocrx_word' id='word_1_421' title='bbox 774 5345 906 5398; x_wconf 89' lang='lat' dir='ltr'><strong>diem</strong></span> <span class='ocrx_word' id='word_1_422' title='bbox 934 5353 980 5397; x_wconf 88' lang='lat' dir='ltr'><strong>et</strong></span> <span class='ocrx_word' id='word_1_423' title='bbox 1009 5353 1225 5398; x_wconf 85' lang='lat' dir='ltr'><strong>noctem.</strong></span> <span class='ocrx_word' id='word_1_424' title='bbox 1266 5343 1613 5413; x_wconf 69' lang='lat' dir='ltr'><strong>Evangelistte</strong></span> <span class='ocrx_word' id='word_1_425' title='bbox 1657 5345 1884 5411; x_wconf 77' lang='lat' dir='ltr'><strong>lumina-</strong></span> 
     </span>
    </p>
   </div>
   <div class='ocr_carea' id='block_1_56' title="bbox 305 5435 1878 5507">
    <p class='ocr_par' dir='ltr' id='par_1_56' title="bbox 305 5435 1878 5507">
     <span class='ocr_line' id='line_1_56' title="bbox 305 5435 1878 5507; baseline 0.001 -16"><span class='ocrx_word' id='word_1_426' title='bbox 305 5437 386 5491; x_wconf 89' lang='lat' dir='ltr'><strong>ria</strong></span> <span class='ocrx_word' id='word_1_427' title='bbox 413 5444 554 5501; x_wconf 89' lang='lat' dir='ltr'><strong>sunt,</strong></span> <span class='ocrx_word' id='word_1_428' title='bbox 608 5436 883 5506; x_wconf 88' lang='lat' dir='ltr'><strong>Scriptura</strong></span> <span class='ocrx_word' id='word_1_429' title='bbox 935 5435 1030 5492; x_wconf 90' lang='lat' dir='ltr'><strong>Dei</strong></span> <span class='ocrx_word' id='word_1_430' title='bbox 1075 5435 1486 5490; x_wconf 88' lang='lat' dir='ltr'><strong>ﬁrmamentum.</strong></span> <span class='ocrx_word' id='word_1_431' title='bbox 1535 5437 1878 5507; x_wconf 83' lang='lat' dir='ltr'><strong>Evangelium</strong></span> 
     </span>
    </p>
   </div>
   <div class='ocr_carea' id='block_1_57' title="bbox 298 5528 1882 5601">
    <p class='ocr_par' dir='ltr' id='par_1_57' title="bbox 298 5528 1882 5601">
     <span class='ocr_line' id='line_1_57' title="bbox 298 5528 1882 5601; baseline 0 -17"><span class='ocrx_word' id='word_1_432' title='bbox 298 5537 505 5596; x_wconf 77' lang='lat' dir='ltr'><strong>autem,</strong></span> <span class='ocrx_word' id='word_1_433' title='bbox 531 5528 673 5600; x_wconf 90' lang='lat' dir='ltr'><strong>quod</strong></span> <span class='ocrx_word' id='word_1_434' title='bbox 695 5528 853 5585; x_wconf 83' lang='lat' dir='ltr'><strong>habet</strong></span> <span class='ocrx_word' id='word_1_435' title='bbox 881 5529 1241 5584; x_wconf 89' lang='lat' dir='ltr'><strong>testimonium</strong></span> <span class='ocrx_word' id='word_1_436' title='bbox 1269 5544 1300 5584; x_wconf 91' lang='lat' dir='ltr'><strong>a</strong></span> <span class='ocrx_word' id='word_1_437' title='bbox 1327 5528 1468 5600; x_wconf 86' lang='lat' dir='ltr'><strong>Lege</strong></span> <span class='ocrx_word' id='word_1_438' title='bbox 1496 5537 1550 5584; x_wconf 91' lang='lat' dir='ltr'><strong>et</strong></span> <span class='ocrx_word' id='word_1_439' title='bbox 1575 5529 1882 5601; x_wconf 83' lang='lat' dir='ltr'><strong>Pr0phetis,</strong></span> 
     </span>
    </p>
   </div>
   <div class='ocr_carea' id='block_1_58' title="bbox 304 5620 1879 5678">
    <p class='ocr_par' dir='ltr' id='par_1_58' title="bbox 304 5620 1879 5678">
     <span class='ocr_line' id='line_1_58' title="bbox 304 5620 1879 5678; baseline -0.001 0"><span class='ocrx_word' id='word_1_440' title='bbox 304 5620 590 5678; x_wconf 88' lang='lat' dir='ltr'><strong>luminaria</strong></span> <span class='ocrx_word' id='word_1_441' title='bbox 617 5631 742 5677; x_wconf 90' lang='lat' dir='ltr'><strong>sunt</strong></span> <span class='ocrx_word' id='word_1_442' title='bbox 770 5621 821 5675; x_wconf 91' lang='lat' dir='ltr'><strong>in</strong></span> <span class='ocrx_word' id='word_1_443' title='bbox 855 5621 1189 5676; x_wconf 84' lang='lat' dir='ltr'><strong>ﬁrmamento</strong></span> <span class='ocrx_word' id='word_1_444' title='bbox 1215 5621 1356 5676; x_wconf 60' lang='grc' dir='ltr'><strong>(εαξη.</strong></span> <span class='ocrx_word' id='word_1_445' title='bbox 1403 5621 1658 5676; x_wconf 79' lang='lat' dir='ltr'><strong>Parvulos</strong></span> <span class='ocrx_word' id='word_1_446' title='bbox 1699 5631 1879 5677; x_wconf 91' lang='lat' dir='ltr'><strong>autem</strong></span> 
     </span>
    </p>
   </div>
   <div class='ocr_carea' id='block_1_59' title="bbox 301 5711 1884 5782">
    <p class='ocr_par' dir='ltr' id='par_1_59' title="bbox 301 5711 1884 5782">
     <span class='ocr_line' id='line_1_59' title="bbox 301 5711 1884 5782; baseline 0 -15"><span class='ocrx_word' id='word_1_447' title='bbox 301 5713 360 5768; x_wconf 86' lang='lat' dir='ltr'><strong>in</strong></span> <span class='ocrx_word' id='word_1_448' title='bbox 392 5713 628 5769; x_wconf 84' lang='lat' dir='ltr'><strong>Ecclesia</strong></span> <span class='ocrx_word' id='word_1_449' title='bbox 672 5711 905 5768; x_wconf 90' lang='lat' dir='ltr'><strong>nondum</strong></span> <span class='ocrx_word' id='word_1_450' title='bbox 935 5719 1109 5782; x_wconf 92' lang='lat' dir='ltr'><strong>potest</strong></span> <span class='ocrx_word' id='word_1_451' title='bbox 1134 5726 1326 5782; x_wconf 88' lang='lat' dir='ltr'><strong>capere</strong></span> <span class='ocrx_word' id='word_1_452' title='bbox 1351 5712 1546 5776; x_wconf 89' lang='lat' dir='ltr'><strong>cibum,</strong></span> <span class='ocrx_word' id='word_1_453' title='bbox 1575 5711 1669 5768; x_wconf 88' lang='lat' dir='ltr'><strong>sed</strong></span> <span class='ocrx_word' id='word_1_454' title='bbox 1697 5721 1780 5768; x_wconf 88' lang='lat' dir='ltr'><strong>est</strong></span> <span class='ocrx_word' id='word_1_455' title='bbox 1805 5713 1884 5768; x_wconf 79' lang='lat' dir='ltr'><strong>la-</strong></span> 
     </span>
    </p>
   </div>
   <div class='ocr_carea' id='block_1_60' title="bbox 301 5803 1875 5878">
    <p class='ocr_par' dir='ltr' id='par_1_60' title="bbox 301 5803 1875 5878">
     <span class='ocr_line' id='line_1_60' title="bbox 301 5803 1875 5878; baseline -0.001 -14"><span class='ocrx_word' id='word_1_456' title='bbox 301 5816 390 5865; x_wconf 67' lang='lat' dir='ltr'><strong>ct:</strong></span> <span class='ocrx_word' id='word_1_457' title='bbox 400 5815 696 5876; x_wconf 81' lang='lat' dir='ltr'><strong>contentus,</strong></span> <span class='ocrx_word' id='word_1_458' title='bbox 717 5803 856 5878; x_wconf 81' lang='lat' dir='ltr'><strong>quod</strong></span> <span class='ocrx_word' id='word_1_459' title='bbox 871 5803 1132 5877; x_wconf 77' lang='lat' dir='ltr'><strong>signiﬁcat</strong></span> <span class='ocrx_word' id='word_1_460' title='bbox 1146 5805 1403 5864; x_wconf 86' lang='lat' dir='ltr'><strong>luminare</strong></span> <span class='ocrx_word' id='word_1_461' title='bbox 1425 5803 1601 5862; x_wconf 87' lang='lat' dir='ltr'><strong>minus</strong></span> <span class='ocrx_word' id='word_1_462' title='bbox 1616 5813 1668 5862; x_wconf 93' lang='lat' dir='ltr'><strong>et</strong></span> <span class='ocrx_word' id='word_1_463' title='bbox 1689 5805 1875 5864; x_wconf 74' lang='lat' dir='ltr'><strong>stellzc.</strong></span> 
     </span>
    </p>
   </div>
   <div class='ocr_carea' id='block_1_61' title="bbox 1503 399 2349 458">
    <p class='ocr_par' dir='ltr' id='par_1_61' title="bbox 1503 399 2349 458">
     <span class='ocr_line' id='line_1_61' title="bbox 1503 399 2349 458; baseline 0.002 -4"><span class='ocrx_word' id='word_1_464' title='bbox 1503 399 1915 457; x_wconf 73' lang='lat' dir='ltr'><strong>FRAGMENTA</strong></span> <span class='ocrx_word' id='word_1_465' title='bbox 1956 399 2349 458; x_wconf 74' lang='lat' dir='ltr'><strong>SERMONUM.</strong></span> 
     </span>
    </p>
   </div>
   <div class='ocr_carea' id='block_1_62' title="bbox 3444 382 3584 443">
    <p class='ocr_par' dir='ltr' id='par_1_62' title="bbox 3444 382 3584 443">
     <span class='ocr_line' id='line_1_62' title="bbox 3444 382 3584 443; baseline 0.036 -5"><span class='ocrx_word' id='word_1_466' title='bbox 3444 382 3471 438; x_wconf 72' lang='grc'><strong>1</strong></span> <span class='ocrx_word' id='word_1_467' title='bbox 3483 385 3584 443; x_wconf 76' lang='lat'><strong>726</strong></span> 
     </span>
    </p>
   </div>
   <div class='ocr_carea' id='block_1_63' title="bbox 1995 510 3575 588">
    <p class='ocr_par' dir='ltr' id='par_1_63' title="bbox 1995 510 3575 588">
     <span class='ocr_line' id='line_1_63' title="bbox 1995 510 3575 588; baseline 0.007 -23"><span class='ocrx_word' id='word_1_468' title='bbox 1995 510 2061 565; x_wconf 87' lang='lat' dir='ltr'><strong>Et</strong></span> <span class='ocrx_word' id='word_1_469' title='bbox 2088 511 2209 566; x_wconf 91' lang='lat' dir='ltr'><strong>ideo</strong></span> <span class='ocrx_word' id='word_1_470' title='bbox 2238 511 2484 568; x_wconf 81' lang='lat' dir='ltr'><strong>luminare</strong></span> <span class='ocrx_word' id='word_1_471' title='bbox 2525 530 2691 586; x_wconf 66' lang='lat' dir='ltr'><strong>majus</strong></span> <span class='ocrx_word' id='word_1_472' title='bbox 2715 514 2785 569; x_wconf 85' lang='lat' dir='ltr'><strong>ad</strong></span> <span class='ocrx_word' id='word_1_473' title='bbox 2827 525 3119 588; x_wconf 85' lang='lat' dir='ltr'><strong>potestatem</strong></span> <span class='ocrx_word' id='word_1_474' title='bbox 3151 519 3272 586; x_wconf 81' lang='lat' dir='ltr'><strong>diei,</strong></span> <span class='ocrx_word' id='word_1_475' title='bbox 3322 521 3575 578; x_wconf 70' lang='lat' dir='ltr'><strong>luniinarc</strong></span> 
     </span>
    </p>
   </div>
   <div class='ocr_carea' id='block_1_64' title="bbox 1989 601 3564 674">
    <p class='ocr_par' dir='ltr' id='par_1_64' title="bbox 1989 601 3564 674">
     <span class='ocr_line' id='line_1_64' title="bbox 1989 601 3564 674; baseline 0.011 -21"><span class='ocrx_word' id='word_1_476' title='bbox 1989 601 2154 653; x_wconf 85' lang='lat' dir='ltr'><strong>minus</strong></span> <span class='ocrx_word' id='word_1_477' title='bbox 2181 601 2250 653; x_wconf 86' lang='lat' dir='ltr'><strong>ad</strong></span> <span class='ocrx_word' id='word_1_478' title='bbox 2294 610 2586 672; x_wconf 86' lang='lat' dir='ltr'><strong>potestatem</strong></span> <span class='ocrx_word' id='word_1_479' title='bbox 2629 607 2805 661; x_wconf 86' lang='lat' dir='ltr'><strong>noctis.</strong></span> <span class='ocrx_word' id='word_1_480' title='bbox 2837 607 3096 674; x_wconf 88' lang='lat' dir='ltr'><strong>Quamdiu</strong></span> <span class='ocrx_word' id='word_1_481' title='bbox 3143 612 3384 668; x_wconf 80' lang='lat' dir='ltr'><strong>carnales</strong></span> <span class='ocrx_word' id='word_1_482' title='bbox 3435 623 3564 670; x_wconf 73' lang='lat' dir='ltr'><strong>sunt</strong></span> 
     </span>
    </p>
   </div>
   <div class='ocr_carea' id='block_1_65' title="bbox 1989 689 3564 774">
    <p class='ocr_par' dir='ltr' id='par_1_65' title="bbox 1989 689 3564 774">
     <span class='ocr_line' id='line_1_65' title="bbox 1989 689 3564 774; baseline 0.011 -30"><span class='ocrx_word' id='word_1_483' title='bbox 1989 689 2251 757; x_wconf 86' lang='lat' dir='ltr'><strong>homines,</strong></span> <span class='ocrx_word' id='word_1_484' title='bbox 2290 701 2474 748; x_wconf 90' lang='lat' dir='ltr'><strong>etnon</strong></span> <span class='ocrx_word' id='word_1_485' title='bbox 2507 697 2881 764; x_wconf 88' lang='lat' dir='ltr'><strong>possuntillam</strong></span> <span class='ocrx_word' id='word_1_486' title='bbox 2907 698 3242 770; x_wconf 80' lang='lat' dir='ltr'><strong>sapientiam,</strong></span> <span class='ocrx_word' id='word_1_487' title='bbox 3273 718 3371 774; x_wconf 89' lang='lat' dir='ltr'><strong>per</strong></span> <span class='ocrx_word' id='word_1_488' title='bbox 3403 706 3564 774; x_wconf 71' lang='lat' dir='ltr'><strong>quam</strong></span> 
     </span>
    </p>
   </div>
   <div class='ocr_carea' id='block_1_66' title="bbox 1987 781 3563 857">
    <p class='ocr_par' dir='ltr' id='par_1_66' title="bbox 1987 781 3563 857">
     <span class='ocr_line' id='line_1_66' title="bbox 1987 781 3563 857; baseline 0.01 -23"><span class='ocrx_word' id='word_1_489' title='bbox 1987 781 2122 836; x_wconf 78' lang='lat' dir='ltr'><strong>facta</strong></span> <span class='ocrx_word' id='word_1_490' title='bbox 2153 786 2489 852; x_wconf 85' lang='lat' dir='ltr'><strong>suntomnia,</strong></span> <span class='ocrx_word' id='word_1_491' title='bbox 2520 789 2771 857; x_wconf 78' lang='lat' dir='ltr'><strong>cogitare,</strong></span> <span class='ocrx_word' id='word_1_492' title='bbox 2797 789 2847 844; x_wconf 90' lang='lat' dir='ltr'><strong>in</strong></span> <span class='ocrx_word' id='word_1_493' title='bbox 2898 802 3054 848; x_wconf 88' lang='lat' dir='ltr'><strong>nocte</strong></span> <span class='ocrx_word' id='word_1_494' title='bbox 3103 798 3227 848; x_wconf 73' lang='lat' dir='ltr'><strong>Sunt</strong></span> <span class='ocrx_word' id='word_1_495' title='bbox 3259 813 3271 848; x_wconf 93' lang='lat'>:</span> <span class='ocrx_word' id='word_1_496' title='bbox 3303 795 3397 851; x_wconf 89' lang='lat' dir='ltr'><strong>sed</strong></span> <span class='ocrx_word' id='word_1_497' title='bbox 3448 797 3563 852; x_wconf 87' lang='lat' dir='ltr'><strong>non</strong></span> 
     </span>
    </p>
   </div>
   <div class='ocr_carea' id='block_1_67' title="bbox 1985 872 3568 947">
    <p class='ocr_par' dir='ltr' id='par_1_67' title="bbox 1985 872 3568 947">
     <span class='ocr_line' id='line_1_67' title="bbox 1985 872 3568 947; baseline 0.01 -20"><span class='ocrx_word' id='word_1_498' title='bbox 1985 872 2220 928; x_wconf 89' lang='lat' dir='ltr'><strong>deseruit</strong></span> <span class='ocrx_word' id='word_1_499' title='bbox 2245 883 2456 931; x_wconf 85' lang='lat' dir='ltr'><strong>noctem</strong></span> <span class='ocrx_word' id='word_1_500' title='bbox 2482 894 2498 942; x_wconf 92' lang='lat'><strong>;</strong></span> <span class='ocrx_word' id='word_1_501' title='bbox 2529 879 2770 947; x_wconf 71' lang='lat' dir='ltr'><strong>prmstitit</strong></span> <span class='ocrx_word' id='word_1_502' title='bbox 2812 880 2990 936; x_wconf 89' lang='lat' dir='ltr'><strong>ﬁdem.</strong></span> <span class='ocrx_word' id='word_1_503' title='bbox 3037 883 3148 938; x_wconf 81' lang='lat' dir='ltr'><strong>Non</strong></span> <span class='ocrx_word' id='word_1_504' title='bbox 3170 885 3310 940; x_wconf 90' lang='lat' dir='ltr'><strong>enim</strong></span> <span class='ocrx_word' id='word_1_505' title='bbox 3353 895 3568 943; x_wconf 85' lang='lat' dir='ltr'><strong>noctem</strong></span> 
     </span>
    </p>
   </div>
   <div class='ocr_carea' id='block_1_68' title="bbox 1985 965 3566 1033">
    <p class='ocr_par' dir='ltr' id='par_1_68' title="bbox 1985 965 3566 1033">
     <span class='ocr_line' id='line_1_68' title="bbox 1985 965 3566 1033; baseline 0.008 -13"><span class='ocrx_word' id='word_1_506' title='bbox 1985 965 2218 1021; x_wconf 86' lang='lat' dir='ltr'><strong>deseruit</strong></span> <span class='ocrx_word' id='word_1_507' title='bbox 2240 967 2394 1033; x_wconf 88' lang='lat' dir='ltr'><strong>Deus,</strong></span> <span class='ocrx_word' id='word_1_508' title='bbox 2423 968 2568 1024; x_wconf 90' lang='lat' dir='ltr'><strong>dedit</strong></span> <span class='ocrx_word' id='word_1_509' title='bbox 2615 971 2691 1024; x_wconf 90' lang='lat' dir='ltr'><strong>illi</strong></span> <span class='ocrx_word' id='word_1_510' title='bbox 2731 971 3006 1026; x_wconf 88' lang='lat' dir='ltr'><strong>luminaria</strong></span> <span class='ocrx_word' id='word_1_511' title='bbox 3065 991 3179 1030; x_wconf 89' lang='lat' dir='ltr'><strong>sua.</strong></span> <span class='ocrx_word' id='word_1_512' title='bbox 3225 977 3349 1032; x_wconf 91' lang='lat' dir='ltr'><strong>Dies</strong></span> <span class='ocrx_word' id='word_1_513' title='bbox 3397 978 3566 1033; x_wconf 84' lang='lat' dir='ltr'><strong>solem</strong></span> 
     </span>
    </p>
   </div>
   <div class='ocr_carea' id='block_1_69' title="bbox 1984 1056 3560 1136">
    <p class='ocr_par' dir='ltr' id='par_1_69' title="bbox 1984 1056 3560 1136">
     <span class='ocr_line' id='line_1_69' title="bbox 1984 1056 3560 1136; baseline 0.011 -30"><span class='ocrx_word' id='word_1_514' title='bbox 1984 1056 2190 1123; x_wconf 64' lang='lat' dir='ltr'><strong>quaerit,</strong></span> <span class='ocrx_word' id='word_1_515' title='bbox 2219 1057 2296 1110; x_wconf 91' lang='lat' dir='ltr'><strong>sol</strong></span> <span class='ocrx_word' id='word_1_516' title='bbox 2318 1058 2364 1112; x_wconf 87' lang='lat' dir='ltr'><strong>ei</strong></span> <span class='ocrx_word' id='word_1_517' title='bbox 2398 1059 2591 1113; x_wconf 79' lang='lat' dir='ltr'><strong>Sufﬁcit</strong></span> <span class='ocrx_word' id='word_1_518' title='bbox 2619 1078 2632 1114; x_wconf 91' lang='lat'><strong>:</strong></span> <span class='ocrx_word' id='word_1_519' title='bbox 2665 1061 2785 1114; x_wconf 87' lang='lat' dir='ltr'><strong>luna</strong></span> <span class='ocrx_word' id='word_1_520' title='bbox 2815 1071 2868 1117; x_wconf 84' lang='lat' dir='ltr'><strong>et</strong></span> <span class='ocrx_word' id='word_1_521' title='bbox 2895 1064 3060 1118; x_wconf 70' lang='lat' dir='ltr'><strong>stellm</strong></span> <span class='ocrx_word' id='word_1_522' title='bbox 3081 1066 3222 1119; x_wconf 89' lang='lat' dir='ltr'><strong>nocti</strong></span> <span class='ocrx_word' id='word_1_523' title='bbox 3254 1065 3390 1120; x_wconf 71' lang='lat' dir='ltr'><strong>datm</strong></span> <span class='ocrx_word' id='word_1_524' title='bbox 3416 1083 3560 1136; x_wconf 85' lang='lat' dir='ltr'><strong>sunt,</strong></span> 
     </span>
    </p>
   </div>
   <div class='ocr_carea' id='block_1_70' title="bbox 1987 1146 3550 1230">
    <p class='ocr_par' dir='ltr' id='par_1_70' title="bbox 1987 1146 3550 1230">
     <span class='ocr_line' id='line_1_70' title="bbox 1987 1146 3550 1230; baseline 0.012 -32"><span class='ocrx_word' id='word_1_525' title='bbox 1987 1146 2282 1201; x_wconf 86' lang='lat' dir='ltr'><strong>illuminant</strong></span> <span class='ocrx_word' id='word_1_526' title='bbox 2309 1147 2451 1202; x_wconf 90' lang='lat' dir='ltr'><strong>illam</strong></span> <span class='ocrx_word' id='word_1_527' title='bbox 2486 1167 2500 1215; x_wconf 90' lang='lat'><strong>;</strong></span> <span class='ocrx_word' id='word_1_528' title='bbox 2531 1160 2586 1206; x_wconf 87' lang='lat' dir='ltr'><strong>et</strong></span> <span class='ocrx_word' id='word_1_529' title='bbox 2613 1152 2825 1220; x_wconf 80' lang='lat' dir='ltr'><strong>quando</strong></span> <span class='ocrx_word' id='word_1_530' title='bbox 2877 1155 3000 1210; x_wconf 73' lang='lat' dir='ltr'><strong>Pana</strong></span> <span class='ocrx_word' id='word_1_531' title='bbox 3049 1169 3154 1212; x_wconf 90' lang='lat' dir='ltr'><strong>non</strong></span> <span class='ocrx_word' id='word_1_532' title='bbox 3202 1159 3344 1214; x_wconf 91' lang='lat' dir='ltr'><strong>lucet</strong></span> <span class='ocrx_word' id='word_1_533' title='bbox 3389 1164 3550 1230; x_wconf 80' lang='lat' dir='ltr'><strong>super</strong></span> 
     </span>
    </p>
   </div>
   <div class='ocr_carea' id='block_1_71' title="bbox 1987 1240 3558 1313">
    <p class='ocr_par' dir='ltr' id='par_1_71' title="bbox 1987 1240 3558 1313">
     <span class='ocr_line' id='line_1_71' title="bbox 1987 1240 3558 1313; baseline 0.011 -21"><span class='ocrx_word' id='word_1_534' title='bbox 1987 1247 2205 1306; x_wconf 88' lang='lat' dir='ltr'><strong>terram,</strong></span> <span class='ocrx_word' id='word_1_535' title='bbox 2238 1240 2321 1293; x_wconf 77' lang='lat' dir='ltr'><strong>lux</strong></span> <span class='ocrx_word' id='word_1_536' title='bbox 2345 1241 2429 1296; x_wconf 88' lang='lat' dir='ltr'><strong>illa</strong></span> <span class='ocrx_word' id='word_1_537' title='bbox 2461 1247 2579 1312; x_wconf 77' lang='lat' dir='ltr'><strong>quae</strong></span> <span class='ocrx_word' id='word_1_538' title='bbox 2602 1244 2755 1300; x_wconf 88' lang='lat' dir='ltr'><strong>estin</strong></span> <span class='ocrx_word' id='word_1_539' title='bbox 2799 1245 2943 1313; x_wconf 83' lang='lat' dir='ltr'><strong>aere,</strong></span> <span class='ocrx_word' id='word_1_540' title='bbox 2985 1246 3051 1304; x_wconf 92' lang='lat' dir='ltr'><strong>de</strong></span> <span class='ocrx_word' id='word_1_541' title='bbox 3079 1251 3245 1305; x_wconf 90' lang='lat' dir='ltr'><strong>stellis</strong></span> <span class='ocrx_word' id='word_1_542' title='bbox 3271 1260 3371 1307; x_wconf 85' lang='lat' dir='ltr'><strong>est.</strong></span> <span class='ocrx_word' id='word_1_543' title='bbox 3404 1252 3558 1310; x_wconf 83' lang='lat' dir='ltr'><strong>Unde</strong></span> 
     </span>
    </p>
   </div>
   <div class='ocr_carea' id='block_1_72' title="bbox 1986 1329 3566 1410">
    <p class='ocr_par' dir='ltr' id='par_1_72' title="bbox 1986 1329 3566 1410">
     <span class='ocr_line' id='line_1_72' title="bbox 1986 1329 3566 1410; baseline 0.013 -29"><span class='ocrx_word' id='word_1_544' title='bbox 1986 1329 2044 1382; x_wconf 86' lang='lat' dir='ltr'><strong>lit</strong></span> <span class='ocrx_word' id='word_1_545' title='bbox 2071 1337 2394 1386; x_wconf 84' lang='lat' dir='ltr'><strong>utexeamtts</strong></span> <span class='ocrx_word' id='word_1_546' title='bbox 2419 1331 2561 1388; x_wconf 82' lang='lat' dir='ltr'><strong>foras</strong></span> <span class='ocrx_word' id='word_1_547' title='bbox 2587 1343 2760 1402; x_wconf 88' lang='lat' dir='ltr'><strong>nocte,</strong></span> <span class='ocrx_word' id='word_1_548' title='bbox 2793 1341 2846 1391; x_wconf 86' lang='lat' dir='ltr'><strong>et</strong></span> <span class='ocrx_word' id='word_1_549' title='bbox 2890 1338 3162 1395; x_wconf 80' lang='lat' dir='ltr'><strong>videamus</strong></span> <span class='ocrx_word' id='word_1_550' title='bbox 3206 1343 3464 1410; x_wconf 89' lang='lat' dir='ltr'><strong>arbores;</strong></span> <span class='ocrx_word' id='word_1_551' title='bbox 3510 1343 3566 1401; x_wconf 75' lang='lat' dir='ltr'><strong>et</strong></span> 
     </span>
    </p>
   </div>
   <div class='ocr_carea' id='block_1_73' title="bbox 1983 1417 3559 1505">
    <p class='ocr_par' dir='ltr' id='par_1_73' title="bbox 1983 1417 3559 1505">
     <span class='ocr_line' id='line_1_73' title="bbox 1983 1417 3559 1505; baseline 0.011 -31"><span class='ocrx_word' id='word_1_552' title='bbox 1983 1417 2028 1475; x_wconf 91' lang='lat' dir='ltr'><strong>si</strong></span> <span class='ocrx_word' id='word_1_553' title='bbox 2057 1437 2159 1476; x_wconf 93' lang='lat' dir='ltr'><strong>non</strong></span> <span class='ocrx_word' id='word_1_554' title='bbox 2186 1419 2534 1479; x_wconf 88' lang='lat' dir='ltr'><strong>discernimus</strong></span> <span class='ocrx_word' id='word_1_555' title='bbox 2556 1467 2572 1492; x_wconf 93' lang='lat'><strong>,</strong></span> <span class='ocrx_word' id='word_1_556' title='bbox 2604 1433 2780 1482; x_wconf 78' lang='lat' dir='ltr'><strong>tamen</strong></span> <span class='ocrx_word' id='word_1_557' title='bbox 2813 1429 3054 1485; x_wconf 86' lang='lat' dir='ltr'><strong>videmus</strong></span> <span class='ocrx_word' id='word_1_558' title='bbox 3075 1433 3357 1505; x_wconf 85' lang='lat' dir='ltr'><strong>utcumque</strong></span> <span class='ocrx_word' id='word_1_559' title='bbox 3386 1436 3559 1492; x_wconf 88' lang='lat' dir='ltr'><strong>lucem</strong></span> 
     </span>
    </p>
   </div>
   <div class='ocr_carea' id='block_1_74' title="bbox 1984 1511 3559 1593">
    <p class='ocr_par' dir='ltr' id='par_1_74' title="bbox 1984 1511 3559 1593">
     <span class='ocr_line' id='line_1_74' title="bbox 1984 1511 3559 1593; baseline 0.011 -28"><span class='ocrx_word' id='word_1_560' title='bbox 1984 1511 2253 1568; x_wconf 87' lang='lat' dir='ltr'><strong>stellarum</strong></span> <span class='ocrx_word' id='word_1_561' title='bbox 2285 1531 2298 1567; x_wconf 92' lang='lat'>:</span> <span class='ocrx_word' id='word_1_562' title='bbox 2331 1521 2386 1569; x_wconf 91' lang='lat' dir='ltr'><strong>et</strong></span> <span class='ocrx_word' id='word_1_563' title='bbox 2435 1515 2555 1571; x_wconf 86' lang='lat' dir='ltr'><strong>ideo</strong></span> <span class='ocrx_word' id='word_1_564' title='bbox 2580 1518 2788 1588; x_wconf 83' lang='lat' dir='ltr'><strong>quando</strong></span> <span class='ocrx_word' id='word_1_565' title='bbox 2817 1534 2996 1575; x_wconf 91' lang='lat' dir='ltr'><strong>crassa</strong></span> <span class='ocrx_word' id='word_1_566' title='bbox 3026 1532 3151 1578; x_wconf 87' lang='lat' dir='ltr'><strong>sunt</strong></span> <span class='ocrx_word' id='word_1_567' title='bbox 3179 1527 3376 1593; x_wconf 92' lang='lat' dir='ltr'><strong>nubila,</strong></span> <span class='ocrx_word' id='word_1_568' title='bbox 3412 1527 3559 1582; x_wconf 87' lang='lat' dir='ltr'><strong>tolli-</strong></span> 
     </span>
    </p>
   </div>
   <div class='ocr_carea' id='block_1_75' title="bbox 1986 1603 3565 1673">
    <p class='ocr_par' dir='ltr' id='par_1_75' title="bbox 1986 1603 3565 1673">
     <span class='ocr_line' id='line_1_75' title="bbox 1986 1603 3565 1673; baseline 0.011 -18"><span class='ocrx_word' id='word_1_569' title='bbox 1986 1609 2070 1656; x_wconf 85' lang='lat' dir='ltr'><strong>tur</strong></span> <span class='ocrx_word' id='word_1_570' title='bbox 2088 1609 2141 1658; x_wconf 87' lang='lat' dir='ltr'><strong>ct</strong></span> <span class='ocrx_word' id='word_1_571' title='bbox 2167 1603 2256 1658; x_wconf 79' lang='lat' dir='ltr'><strong>lux</strong></span> <span class='ocrx_word' id='word_1_572' title='bbox 2285 1603 2578 1672; x_wconf 85' lang='lat' dir='ltr'><strong>stellarum,</strong></span> <span class='ocrx_word' id='word_1_573' title='bbox 2606 1618 2658 1663; x_wconf 89' lang='lat' dir='ltr'><strong>et</strong></span> <span class='ocrx_word' id='word_1_574' title='bbox 2682 1609 2759 1664; x_wconf 81' lang='lat' dir='ltr'><strong>sic</strong></span> <span class='ocrx_word' id='word_1_575' title='bbox 2787 1621 2871 1666; x_wconf 88' lang='lat' dir='ltr'><strong>est</strong></span> <span class='ocrx_word' id='word_1_576' title='bbox 2892 1613 3052 1668; x_wconf 87' lang='lat' dir='ltr'><strong>homo</strong></span> <span class='ocrx_word' id='word_1_577' title='bbox 3077 1623 3199 1671; x_wconf 86' lang='lat' dir='ltr'><strong>ante</strong></span> <span class='ocrx_word' id='word_1_578' title='bbox 3239 1629 3297 1671; x_wconf 90' lang='lat' dir='ltr'><strong>se</strong></span> <span class='ocrx_word' id='word_1_579' title='bbox 3315 1617 3413 1672; x_wconf 83' lang='lat' dir='ltr'><strong>Sub</strong></span> <span class='ocrx_word' id='word_1_580' title='bbox 3442 1617 3565 1673; x_wconf 79' lang='lat' dir='ltr'><strong>divo</strong></span> 
     </span>
    </p>
   </div>
   <div class='ocr_carea' id='block_1_76' title="bbox 1990 1690 3564 1776">
    <p class='ocr_par' dir='ltr' id='par_1_76' title="bbox 1990 1690 3564 1776">
     <span class='ocr_line' id='line_1_76' title="bbox 1990 1690 3564 1776; baseline 0.013 -31"><span class='ocrx_word' id='word_1_581' title='bbox 1990 1690 2089 1764; x_wconf 87' lang='lat' dir='ltr'><strong>(a),</strong></span> <span class='ocrx_word' id='word_1_582' title='bbox 2135 1695 2401 1764; x_wconf 88' lang='lat' dir='ltr'><strong>quomodo</strong></span> <span class='ocrx_word' id='word_1_583' title='bbox 2432 1697 2573 1753; x_wconf 82' lang='lat' dir='ltr'><strong>intus</strong></span> <span class='ocrx_word' id='word_1_584' title='bbox 2612 1699 2666 1754; x_wconf 88' lang='lat' dir='ltr'><strong>in</strong></span> <span class='ocrx_word' id='word_1_585' title='bbox 2699 1701 2964 1757; x_wconf 87' lang='lat' dir='ltr'><strong>cubiculo.</strong></span> <span class='ocrx_word' id='word_1_586' title='bbox 2998 1701 3140 1776; x_wconf 88' lang='lat' dir='ltr'><strong>Ergo</strong></span> <span class='ocrx_word' id='word_1_587' title='bbox 3170 1706 3330 1764; x_wconf 80' lang='lat' dir='ltr'><strong>habet</strong></span> <span class='ocrx_word' id='word_1_588' title='bbox 3371 1717 3427 1765; x_wconf 86' lang='lat' dir='ltr'><strong>et</strong></span> <span class='ocrx_word' id='word_1_589' title='bbox 3458 1724 3564 1766; x_wconf 80' lang='lat' dir='ltr'><strong>nox</strong></span> 
     </span>
    </p>
   </div>
   <div class='ocr_carea' id='block_1_77' title="bbox 1981 1781 3566 1869">
    <p class='ocr_par' dir='ltr' id='par_1_77' title="bbox 1981 1781 3566 1869">
     <span class='ocr_line' id='line_1_77' title="bbox 1981 1781 3566 1869; baseline 0.012 -33"><span class='ocrx_word' id='word_1_590' title='bbox 1981 1781 2155 1842; x_wconf 78' lang='lat' dir='ltr'><strong>lucem</strong></span> <span class='ocrx_word' id='word_1_591' title='bbox 2183 1785 2463 1853; x_wconf 84' lang='lat' dir='ltr'><strong>quamdam</strong></span> <span class='ocrx_word' id='word_1_592' title='bbox 2493 1802 2664 1842; x_wconf 89' lang='lat' dir='ltr'><strong>suam.</strong></span> <span class='ocrx_word' id='word_1_593' title='bbox 2706 1791 2986 1848; x_wconf 77' lang='lat' dir='ltr'><strong>Videamus</strong></span> <span class='ocrx_word' id='word_1_594' title='bbox 3015 1795 3140 1864; x_wconf 91' lang='lat' dir='ltr'><strong>quid</strong></span> <span class='ocrx_word' id='word_1_595' title='bbox 3170 1796 3296 1852; x_wconf 92' lang='lat' dir='ltr'><strong>dicit</strong></span> <span class='ocrx_word' id='word_1_596' title='bbox 3333 1800 3566 1869; x_wconf 84' lang='lat' dir='ltr'><strong>Aposto-</strong></span> 
     </span>
    </p>
   </div>
   <div class='ocr_carea' id='block_1_78' title="bbox 1984 1873 3558 1958">
    <p class='ocr_par' dir='ltr' id='par_1_78' title="bbox 1984 1873 3558 1958">
     <span class='ocr_line' id='line_1_78' title="bbox 1984 1873 3558 1958; baseline 0.013 -31"><span class='ocrx_word' id='word_1_597' title='bbox 1984 1873 2067 1928; x_wconf 88' lang='lat' dir='ltr'><strong>lus</strong></span> <span class='ocrx_word' id='word_1_598' title='bbox 2110 1875 2162 1929; x_wconf 94' lang='lat' dir='ltr'><strong>in</strong></span> <span class='ocrx_word' id='word_1_599' title='bbox 2214 1875 2317 1932; x_wconf 89' lang='lat' dir='ltr'><strong>illis</strong></span> <span class='ocrx_word' id='word_1_600' title='bbox 2369 1880 2700 1948; x_wconf 91' lang='lat' dir='ltr'><strong>muneribus,</strong></span> <span class='ocrx_word' id='word_1_601' title='bbox 2734 1882 2789 1936; x_wconf 94' lang='lat' dir='ltr'><strong>in</strong></span> <span class='ocrx_word' id='word_1_602' title='bbox 2834 1883 2938 1938; x_wconf 92' lang='lat' dir='ltr'><strong>lllis</strong></span> <span class='ocrx_word' id='word_1_603' title='bbox 2964 1884 3118 1941; x_wconf 90' lang='lat' dir='ltr'><strong>donis</strong></span> <span class='ocrx_word' id='word_1_604' title='bbox 3145 1889 3506 1958; x_wconf 89' lang='lat' dir='ltr'><strong>spiritualibus</strong></span> <span class='ocrx_word' id='word_1_605' title='bbox 3544 1910 3558 1946; x_wconf 92' lang='lat'><strong>:</strong></span> 
     </span>
    </p>
   </div>
   <div class='ocr_carea' id='block_1_79' title="bbox 1987 1962 3561 2045">
    <p class='ocr_par' dir='ltr' id='par_1_79' title="bbox 1987 1962 3561 2045">
     <span class='ocr_line' id='line_1_79' title="bbox 1987 1962 3561 2045; baseline 0.013 -28"><span class='ocrx_word' id='word_1_606' title='bbox 1987 1962 2267 2037; x_wconf 82' lang='lat' dir='ltr'><strong>Unicuique</strong></span> <span class='ocrx_word' id='word_1_607' title='bbox 2311 1969 2463 2023; x_wconf 81' lang='lat' dir='ltr'><strong>datur</strong></span> <span class='ocrx_word' id='word_1_608' title='bbox 2511 1972 2850 2043; x_wconf 78' lang='lat' dir='ltr'><strong>manifestatio</strong></span> <span class='ocrx_word' id='word_1_609' title='bbox 2886 1974 3111 2045; x_wconf 83' lang='lat' dir='ltr'><strong>Spiritus</strong></span> <span class='ocrx_word' id='word_1_610' title='bbox 3156 1980 3225 2034; x_wconf 86' lang='lat' dir='ltr'><strong>ad</strong></span> <span class='ocrx_word' id='word_1_611' title='bbox 3270 1983 3561 2038; x_wconf 84' lang='lat' dir='ltr'><strong>utilitatem.</strong></span> 
     </span>
    </p>
   </div>
   <div class='ocr_carea' id='block_1_80' title="bbox 1979 2053 3566 2142">
    <p class='ocr_par' dir='ltr' id='par_1_80' title="bbox 1979 2053 3566 2142">
     <span class='ocr_line' id='line_1_80' title="bbox 1979 2053 3566 2142; baseline 0.014 -34"><span class='ocrx_word' id='word_1_612' title='bbox 1979 2053 2259 2121; x_wconf 85' lang='lat' dir='ltr'><strong>Quomodo</strong></span> <span class='ocrx_word' id='word_1_613' title='bbox 2283 2055 2482 2115; x_wconf 75' lang='lat' dir='ltr'><strong>datur?</strong></span> <span class='ocrx_word' id='word_1_614' title='bbox 2515 2062 2620 2116; x_wconf 92' lang='lat' dir='ltr'><strong>Alii</strong></span> <span class='ocrx_word' id='word_1_615' title='bbox 2636 2064 2837 2134; x_wconf 84' lang='lat' dir='ltr'><strong>quidem</strong></span> <span class='ocrx_word' id='word_1_616' title='bbox 2875 2066 3027 2120; x_wconf 89' lang='lat' dir='ltr'><strong>datur</strong></span> <span class='ocrx_word' id='word_1_617' title='bbox 3050 2075 3139 2138; x_wconf 86' lang='lat' dir='ltr'><strong>per</strong></span> <span class='ocrx_word' id='word_1_618' title='bbox 3184 2069 3433 2142; x_wconf 85' lang='lat' dir='ltr'><strong>Spiritum</strong></span> <span class='ocrx_word' id='word_1_619' title='bbox 3455 2092 3566 2129; x_wconf 88' lang='lat' dir='ltr'><strong>ser-</strong></span> 
     </span>
    </p>
   </div>
   <div class='ocr_carea' id='block_1_81' title="bbox 1982 2149 3566 2238">
    <p class='ocr_par' dir='ltr' id='par_1_81' title="bbox 1982 2149 3566 2238">
     <span class='ocr_line' id='line_1_81' title="bbox 1982 2149 3566 2238; baseline 0.016 -41"><span class='ocrx_word' id='word_1_620' title='bbox 1982 2161 2078 2238; x_wconf 11' lang='lat' dir='ltr'><strong>mo,</strong></span> <span class='ocrx_word' id='word_1_621' title='bbox 2111 2149 2388 2217; x_wconf 64' lang='lat' dir='ltr'><strong>sapientiae,</strong></span> <span class='ocrx_word' id='word_1_622' title='bbox 2429 2149 2520 2206; x_wconf 90' lang='lat' dir='ltr'><strong>alii</strong></span> <span class='ocrx_word' id='word_1_623' title='bbox 2562 2169 2726 2208; x_wconf 83' lang='lat' dir='ltr'><strong>sermo</strong></span> <span class='ocrx_word' id='word_1_624' title='bbox 2759 2157 3018 2229; x_wconf 75' lang='lat' dir='ltr'><strong>scientite(</strong></span> <span class='ocrx_word' id='word_1_625' title='bbox 3042 2157 3062 2212; x_wconf 93' lang='grc'><strong>1</strong></span> <span class='ocrx_word' id='word_1_626' title='bbox 3087 2159 3206 2215; x_wconf 86' lang='lat' dir='ltr'><strong>Cor.</strong></span> <span class='ocrx_word' id='word_1_627' title='bbox 3238 2179 3331 2229; x_wconf 80' lang='lat' dir='ltr'><strong>xu,</strong></span> <span class='ocrx_word' id='word_1_628' title='bbox 3379 2166 3430 2231; x_wconf 91' lang='lat'><strong>7,</strong></span> <span class='ocrx_word' id='word_1_629' title='bbox 3463 2165 3566 2238; x_wconf 92' lang='lat'><strong>8).</strong></span> 
     </span>
    </p>
   </div>
   <div class='ocr_carea' id='block_1_82' title="bbox 1983 2236 3548 2322">
    <p class='ocr_par' dir='ltr' id='par_1_82' title="bbox 1983 2236 3548 2322">
     <span class='ocr_line' id='line_1_82' title="bbox 1983 2236 3548 2322; baseline 0.017 -34"><span class='ocrx_word' id='word_1_630' title='bbox 1983 2236 2082 2303; x_wconf 90' lang='lat' dir='ltr'><strong>Qui</strong></span> <span class='ocrx_word' id='word_1_631' title='bbox 2114 2238 2499 2309; x_wconf 76' lang='lat' dir='ltr'><strong>intelligitquid</strong></span> <span class='ocrx_word' id='word_1_632' title='bbox 2539 2244 2745 2300; x_wconf 90' lang='lat' dir='ltr'><strong>intersit</strong></span> <span class='ocrx_word' id='word_1_633' title='bbox 2774 2247 2911 2303; x_wconf 91' lang='lat' dir='ltr'><strong>inter</strong></span> <span class='ocrx_word' id='word_1_634' title='bbox 2939 2264 3240 2308; x_wconf 88' lang='lat' dir='ltr'><strong>sermonem</strong></span> <span class='ocrx_word' id='word_1_635' title='bbox 3271 2236 3548 2322; x_wconf 69' lang='lat' dir='ltr'><strong>sapientia:</strong></span> 
     </span>
    </p>
   </div>
   <div class='ocr_carea' id='block_1_83' title="bbox 1982 2335 3550 2413">
    <p class='ocr_par' dir='ltr' id='par_1_83' title="bbox 1982 2335 3550 2413">
     <span class='ocr_line' id='line_1_83' title="bbox 1982 2335 3550 2413; baseline 0.013 -29"><span class='ocrx_word' id='word_1_636' title='bbox 1982 2338 2036 2384; x_wconf 87' lang='lat' dir='ltr'><strong>et</strong></span> <span class='ocrx_word' id='word_1_637' title='bbox 2060 2344 2358 2387; x_wconf 87' lang='lat' dir='ltr'><strong>sermonem</strong></span> <span class='ocrx_word' id='word_1_638' title='bbox 2384 2335 2639 2402; x_wconf 57' lang='lat' dir='ltr'><strong>scientiae,</strong></span> <span class='ocrx_word' id='word_1_639' title='bbox 2685 2339 2947 2395; x_wconf 82' lang='lat' dir='ltr'><strong>intellexit</strong></span> <span class='ocrx_word' id='word_1_640' title='bbox 2991 2343 3116 2413; x_wconf 85' lang='lat' dir='ltr'><strong>quid</strong></span> <span class='ocrx_word' id='word_1_641' title='bbox 3151 2345 3364 2402; x_wconf 88' lang='lat' dir='ltr'><strong>intersit</strong></span> <span class='ocrx_word' id='word_1_642' title='bbox 3410 2350 3550 2404; x_wconf 88' lang='lat' dir='ltr'><strong>inter</strong></span> 
     </span>
    </p>
   </div>
   <div class='ocr_carea' id='block_1_84' title="bbox 1982 2421 3562 2495">
    <p class='ocr_par' dir='ltr' id='par_1_84' title="bbox 1982 2421 3562 2495">
     <span class='ocr_line' id='line_1_84' title="bbox 1982 2421 3562 2495; baseline 0.013 -20"><span class='ocrx_word' id='word_1_643' title='bbox 1982 2421 2240 2479; x_wconf 88' lang='lat' dir='ltr'><strong>luminare</strong></span> <span class='ocrx_word' id='word_1_644' title='bbox 2271 2425 2440 2495; x_wconf 88' lang='lat' dir='ltr'><strong>majus</strong></span> <span class='ocrx_word' id='word_1_645' title='bbox 2469 2434 2524 2481; x_wconf 93' lang='lat' dir='ltr'><strong>et</strong></span> <span class='ocrx_word' id='word_1_646' title='bbox 2577 2427 2836 2486; x_wconf 87' lang='lat' dir='ltr'><strong>luminare</strong></span> <span class='ocrx_word' id='word_1_647' title='bbox 2881 2433 3076 2490; x_wconf 91' lang='lat' dir='ltr'><strong>minus.</strong></span> <span class='ocrx_word' id='word_1_648' title='bbox 3127 2437 3418 2493; x_wconf 88' lang='lat' dir='ltr'><strong>Audiamus</strong></span> <span class='ocrx_word' id='word_1_649' title='bbox 3444 2456 3562 2495; x_wconf 90' lang='lat' dir='ltr'><strong>ser-</strong></span> 
     </span>
    </p>
   </div>
   <div class='ocr_carea' id='block_1_85' title="bbox 1981 2517 3566 2594">
    <p class='ocr_par' dir='ltr' id='par_1_85' title="bbox 1981 2517 3566 2594">
     <span class='ocr_line' id='line_1_85' title="bbox 1981 2517 3566 2594; baseline 0.013 -29"><span class='ocrx_word' id='word_1_650' title='bbox 1981 2527 2196 2568; x_wconf 87' lang='lat' dir='ltr'><strong>monem</strong></span> <span class='ocrx_word' id='word_1_651' title='bbox 2233 2517 2544 2584; x_wconf 76' lang='lat' dir='ltr'><strong>sapientizn:</strong></span> <span class='ocrx_word' id='word_1_652' title='bbox 2578 2517 2643 2573; x_wconf 87' lang='lat' dir='ltr'><strong>In</strong></span> <span class='ocrx_word' id='word_1_653' title='bbox 2682 2519 2931 2591; x_wconf 76' lang='lat' dir='ltr'><strong>principio</strong></span> <span class='ocrx_word' id='word_1_654' title='bbox 2953 2534 3058 2578; x_wconf 83' lang='lat' dir='ltr'><strong>erat</strong></span> <span class='ocrx_word' id='word_1_655' title='bbox 3094 2524 3328 2594; x_wconf 84' lang='lat' dir='ltr'><strong>Verbum,</strong></span> <span class='ocrx_word' id='word_1_656' title='bbox 3354 2540 3402 2583; x_wconf 87' lang='lat' dir='ltr'><strong>et</strong></span> <span class='ocrx_word' id='word_1_657' title='bbox 3438 2529 3566 2584; x_wconf 77' lang='lat' dir='ltr'><strong>Ver-</strong></span> 
     </span>
    </p>
   </div>
   <div class='ocr_carea' id='block_1_86' title="bbox 1984 2602 3568 2682">
    <p class='ocr_par' dir='ltr' id='par_1_86' title="bbox 1984 2602 3568 2682">
     <span class='ocr_line' id='line_1_86' title="bbox 1984 2602 3568 2682; baseline 0.011 -26"><span class='ocrx_word' id='word_1_658' title='bbox 1984 2602 2100 2656; x_wconf 88' lang='lat' dir='ltr'><strong>bum</strong></span> <span class='ocrx_word' id='word_1_659' title='bbox 2126 2613 2232 2658; x_wconf 84' lang='lat' dir='ltr'><strong>erat</strong></span> <span class='ocrx_word' id='word_1_660' title='bbox 2251 2606 2392 2676; x_wconf 81' lang='lat' dir='ltr'><strong>apud</strong></span> <span class='ocrx_word' id='word_1_661' title='bbox 2433 2605 2618 2674; x_wconf 87' lang='lat' dir='ltr'><strong>Deum,</strong></span> <span class='ocrx_word' id='word_1_662' title='bbox 2646 2619 2693 2664; x_wconf 83' lang='lat' dir='ltr'><strong>et</strong></span> <span class='ocrx_word' id='word_1_663' title='bbox 2719 2608 2858 2664; x_wconf 86' lang='lat' dir='ltr'><strong>Deus</strong></span> <span class='ocrx_word' id='word_1_664' title='bbox 2885 2622 2992 2666; x_wconf 87' lang='lat' dir='ltr'><strong>erat</strong></span> <span class='ocrx_word' id='word_1_665' title='bbox 3025 2613 3237 2669; x_wconf 80' lang='lat' dir='ltr'><strong>Verbum</strong></span> <span class='ocrx_word' id='word_1_666' title='bbox 3263 2632 3284 2682; x_wconf 87' lang='lat'><strong>;</strong></span> <span class='ocrx_word' id='word_1_667' title='bbox 3322 2618 3417 2671; x_wconf 81' lang='lat' dir='ltr'><strong>Itoc</strong></span> <span class='ocrx_word' id='word_1_668' title='bbox 3460 2629 3568 2674; x_wconf 80' lang='lat' dir='ltr'><strong>erat</strong></span> 
     </span>
    </p>
   </div>
   <div class='ocr_carea' id='block_1_87' title="bbox 1980 2691 3556 2775">
    <p class='ocr_par' dir='ltr' id='par_1_87' title="bbox 1980 2691 3556 2775">
     <span class='ocr_line' id='line_1_87' title="bbox 1980 2691 3556 2775; baseline 0.013 -30"><span class='ocrx_word' id='word_1_669' title='bbox 1980 2691 2035 2745; x_wconf 86' lang='lat' dir='ltr'><strong>in</strong></span> <span class='ocrx_word' id='word_1_670' title='bbox 2060 2693 2329 2764; x_wconf 79' lang='lat' dir='ltr'><strong>principio,</strong></span> <span class='ocrx_word' id='word_1_671' title='bbox 2361 2704 2465 2751; x_wconf 91' lang='lat' dir='ltr'><strong>etc.</strong></span> <span class='ocrx_word' id='word_1_672' title='bbox 2493 2697 2594 2764; x_wconf 90' lang='lat' dir='ltr'><strong>Qui</strong></span> <span class='ocrx_word' id='word_1_673' title='bbox 2644 2701 3124 2773; x_wconf 86' lang='lat' dir='ltr'><strong>comprehendunt,</strong></span> <span class='ocrx_word' id='word_1_674' title='bbox 3168 2705 3284 2761; x_wconf 90' lang='lat' dir='ltr'><strong>dies</strong></span> <span class='ocrx_word' id='word_1_675' title='bbox 3339 2718 3442 2775; x_wconf 91' lang='lat' dir='ltr'><strong>est,</strong></span> <span class='ocrx_word' id='word_1_676' title='bbox 3475 2702 3556 2765; x_wconf 69' lang='lat' dir='ltr'><strong>so&#39;l</strong></span> 
     </span>
    </p>
   </div>
   <div class='ocr_carea' id='block_1_88' title="bbox 1983 2782 3566 2861">
    <p class='ocr_par' dir='ltr' id='par_1_88' title="bbox 1983 2782 3566 2861">
     <span class='ocr_line' id='line_1_88' title="bbox 1983 2782 3566 2861; baseline 0.013 -25"><span class='ocrx_word' id='word_1_677' title='bbox 1983 2782 2088 2837; x_wconf 91' lang='lat' dir='ltr'><strong>illis</strong></span> <span class='ocrx_word' id='word_1_678' title='bbox 2117 2784 2258 2840; x_wconf 89' lang='lat' dir='ltr'><strong>lucet</strong></span> <span class='ocrx_word' id='word_1_679' title='bbox 2288 2803 2301 2840; x_wconf 91' lang='lat'><strong>:</strong></span> <span class='ocrx_word' id='word_1_680' title='bbox 2333 2787 2426 2842; x_wconf 90' lang='lat' dir='ltr'><strong>sed</strong></span> <span class='ocrx_word' id='word_1_681' title='bbox 2480 2789 2582 2844; x_wconf 90' lang='lat' dir='ltr'><strong>nisi</strong></span> <span class='ocrx_word' id='word_1_682' title='bbox 2610 2792 2840 2861; x_wconf 91' lang='lat' dir='ltr'><strong>primum</strong></span> <span class='ocrx_word' id='word_1_683' title='bbox 2880 2807 2910 2848; x_wconf 87' lang='lat' dir='ltr'><strong>a</strong></span> <span class='ocrx_word' id='word_1_684' title='bbox 2961 2805 3134 2860; x_wconf 89' lang='lat' dir='ltr'><strong>nocte,</strong></span> <span class='ocrx_word' id='word_1_685' title='bbox 3168 2813 3274 2853; x_wconf 92' lang='lat' dir='ltr'><strong>non</strong></span> <span class='ocrx_word' id='word_1_686' title='bbox 3303 2815 3566 2858; x_wconf 90' lang='lat' dir='ltr'><strong>venerunt</strong></span> 
     </span>
    </p>
   </div>
   <div class='ocr_carea' id='block_1_89' title="bbox 1981 2873 3558 2961">
    <p class='ocr_par' dir='ltr' id='par_1_89' title="bbox 1981 2873 3558 2961">
     <span class='ocr_line' id='line_1_89' title="bbox 1981 2873 3558 2961; baseline 0.013 -32"><span class='ocrx_word' id='word_1_687' title='bbox 1981 2875 2046 2951; x_wconf 84' lang='lat' dir='ltr'><strong>ad</strong></span> <span class='ocrx_word' id='word_1_688' title='bbox 2069 2877 2271 2942; x_wconf 88' lang='lat' dir='ltr'><strong>lucem;</strong></span> <span class='ocrx_word' id='word_1_689' title='bbox 2299 2873 2536 2936; x_wconf 77' lang='lat' dir='ltr'><strong>Tenebra:</strong></span> <span class='ocrx_word' id='word_1_690' title='bbox 2554 2884 2698 2938; x_wconf 91' lang='lat' dir='ltr'><strong>enim</strong></span> <span class='ocrx_word' id='word_1_691' title='bbox 2721 2893 2864 2939; x_wconf 84' lang='lat' dir='ltr'><strong>eranl</strong></span> <span class='ocrx_word' id='word_1_692' title='bbox 2893 2903 3045 2958; x_wconf 83' lang='lat' dir='ltr'><strong>super</strong></span> <span class='ocrx_word' id='word_1_693' title='bbox 3077 2889 3334 2961; x_wconf 83' lang='lat' dir='ltr'><strong>abyssum,</strong></span> <span class='ocrx_word' id='word_1_694' title='bbox 3357 2903 3404 2948; x_wconf 89' lang='lat' dir='ltr'><strong>et</strong></span> <span class='ocrx_word' id='word_1_695' title='bbox 3428 2893 3558 2949; x_wconf 62' lang='lat' dir='ltr'><strong>dixit</strong></span> 
     </span>
    </p>
   </div>
   <div class='ocr_carea' id='block_1_90' title="bbox 1980 2963 3563 3050">
    <p class='ocr_par' dir='ltr' id='par_1_90' title="bbox 1980 2963 3563 3050">
     <span class='ocr_line' id='line_1_90' title="bbox 1980 2963 3563 3050; baseline 0.014 -32"><span class='ocrx_word' id='word_1_696' title='bbox 1980 2963 2140 3032; x_wconf 86' lang='lat' dir='ltr'><strong>Deus,</strong></span> <span class='ocrx_word' id='word_1_697' title='bbox 2166 2966 2290 3022; x_wconf 80' lang='lat' dir='ltr'><strong>Fiat</strong></span> <span class='ocrx_word' id='word_1_698' title='bbox 2311 2969 2417 3025; x_wconf 75' lang='lat' dir='ltr'><strong>lux.</strong></span> <span class='ocrx_word' id='word_1_699' title='bbox 2440 2970 2609 3026; x_wconf 88' lang='lat' dir='ltr'><strong>Nemo</strong></span> <span class='ocrx_word' id='word_1_700' title='bbox 2633 2973 2909 3043; x_wconf 89' lang='lat' dir='ltr'><strong>dicatquia</strong></span> <span class='ocrx_word' id='word_1_701' title='bbox 2936 2993 2968 3032; x_wconf 90' lang='lat' dir='ltr'><strong>a</strong></span> <span class='ocrx_word' id='word_1_702' title='bbox 2995 2977 3114 3034; x_wconf 88' lang='lat' dir='ltr'><strong>luce</strong></span> <span class='ocrx_word' id='word_1_703' title='bbox 3144 2980 3324 3050; x_wconf 60' lang='lat' dir='ltr'><strong>erupit.</strong></span> <span class='ocrx_word' id='word_1_704' title='bbox 3358 2982 3563 3040; x_wconf 86' lang='lat' dir='ltr'><strong>Omnes</strong></span> 
     </span>
    </p>
   </div>
   <div class='ocr_carea' id='block_1_91' title="bbox 1981 3055 3556 3145">
    <p class='ocr_par' dir='ltr' id='par_1_91' title="bbox 1981 3055 3556 3145">
     <span class='ocr_line' id='line_1_91' title="bbox 1981 3055 3556 3145; baseline 0.012 -34"><span class='ocrx_word' id='word_1_705' title='bbox 1981 3055 2122 3111; x_wconf 86' lang='lat' dir='ltr'><strong>enim</strong></span> <span class='ocrx_word' id='word_1_706' title='bbox 2152 3073 2217 3112; x_wconf 89' lang='lat' dir='ltr'><strong>ex</strong></span> <span class='ocrx_word' id='word_1_707' title='bbox 2246 3063 2611 3129; x_wconf 84' lang='lat' dir='ltr'><strong>peccatoribus</strong></span> <span class='ocrx_word' id='word_1_708' title='bbox 2632 3065 3002 3133; x_wconf 83' lang='lat' dir='ltr'><strong>justiﬁeamur.</strong></span> <span class='ocrx_word' id='word_1_709' title='bbox 3032 3069 3255 3139; x_wconf 87' lang='lat' dir='ltr'><strong>Capiant</strong></span> <span class='ocrx_word' id='word_1_710' title='bbox 3300 3089 3426 3144; x_wconf 85' lang='lat' dir='ltr'><strong>ergo</strong></span> <span class='ocrx_word' id='word_1_711' title='bbox 3467 3077 3556 3145; x_wconf 87' lang='lat' dir='ltr'><strong>qui</strong></span> 
     </span>
    </p>
   </div>
   <div class='ocr_carea' id='block_1_92' title="bbox 1982 3152 3563 3232">
    <p class='ocr_par' dir='ltr' id='par_1_92' title="bbox 1982 3152 3563 3232">
     <span class='ocr_line' id='line_1_92' title="bbox 1982 3152 3563 3232; baseline 0.012 -30"><span class='ocrx_word' id='word_1_712' title='bbox 1982 3158 2206 3217; x_wconf 90' lang='lat' dir='ltr'><strong>possunt</strong></span> <span class='ocrx_word' id='word_1_713' title='bbox 2228 3152 2366 3220; x_wconf 90' lang='lat' dir='ltr'><strong>quod</strong></span> <span class='ocrx_word' id='word_1_714' title='bbox 2411 3153 2518 3208; x_wconf 91' lang='lat' dir='ltr'><strong>dixi</strong></span> <span class='ocrx_word' id='word_1_715' title='bbox 2565 3153 2634 3210; x_wconf 91' lang='lat' dir='ltr'><strong>de</strong></span> <span class='ocrx_word' id='word_1_716' title='bbox 2686 3156 2993 3228; x_wconf 84' lang='lat' dir='ltr'><strong>Evangelio.</strong></span> <span class='ocrx_word' id='word_1_717' title='bbox 3046 3161 3151 3216; x_wconf 89' lang='lat' dir='ltr'><strong>Sed</strong></span> <span class='ocrx_word' id='word_1_718' title='bbox 3195 3162 3377 3219; x_wconf 90' lang='lat' dir='ltr'><strong>dicunt</strong></span> <span class='ocrx_word' id='word_1_719' title='bbox 3411 3167 3563 3232; x_wconf 85' lang='lat' dir='ltr'><strong>mihi,</strong></span> 
     </span>
    </p>
   </div>
   <div class='ocr_carea' id='block_1_93' title="bbox 1980 3236 3558 3322">
    <p class='ocr_par' dir='ltr' id='par_1_93' title="bbox 1980 3236 3558 3322">
     <span class='ocr_line' id='line_1_93' title="bbox 1980 3236 3558 3322; baseline 0.012 -30"><span class='ocrx_word' id='word_1_720' title='bbox 1980 3236 2095 3292; x_wconf 88' lang='lat' dir='ltr'><strong>Non</strong></span> <span class='ocrx_word' id='word_1_721' title='bbox 2123 3239 2482 3298; x_wconf 85' lang='lat' dir='ltr'><strong>intelleximus</strong></span> <span class='ocrx_word' id='word_1_722' title='bbox 2513 3245 2637 3315; x_wconf 89' lang='lat' dir='ltr'><strong>quid</strong></span> <span class='ocrx_word' id='word_1_723' title='bbox 2667 3256 2769 3314; x_wconf 89' lang='lat' dir='ltr'><strong>est,</strong></span> <span class='ocrx_word' id='word_1_724' title='bbox 2803 3245 2869 3302; x_wconf 88' lang='lat' dir='ltr'><strong>In</strong></span> <span class='ocrx_word' id='word_1_725' title='bbox 2897 3249 3147 3322; x_wconf 87' lang='lat' dir='ltr'><strong>principio</strong></span> <span class='ocrx_word' id='word_1_726' title='bbox 3174 3263 3284 3307; x_wconf 86' lang='lat' dir='ltr'><strong>erat</strong></span> <span class='ocrx_word' id='word_1_727' title='bbox 3321 3253 3558 3311; x_wconf 85' lang='lat' dir='ltr'><strong>Verbum.</strong></span> 
     </span>
    </p>
   </div>
   <div class='ocr_carea' id='block_1_94' title="bbox 1979 3327 3562 3412">
    <p class='ocr_par' dir='ltr' id='par_1_94' title="bbox 1979 3327 3562 3412">
     <span class='ocr_line' id='line_1_94' title="bbox 1979 3327 3562 3412; baseline 0.013 -30"><span class='ocrx_word' id='word_1_728' title='bbox 1979 3327 2034 3382; x_wconf 91' lang='lat' dir='ltr'><strong>Si</strong></span> <span class='ocrx_word' id='word_1_729' title='bbox 2064 3344 2191 3399; x_wconf 86' lang='lat' dir='ltr'><strong>ergo</strong></span> <span class='ocrx_word' id='word_1_730' title='bbox 2219 3328 2389 3387; x_wconf 88' lang='lat' dir='ltr'><strong>adhuc</strong></span> <span class='ocrx_word' id='word_1_731' title='bbox 2406 3349 2506 3389; x_wconf 83' lang='lat' dir='ltr'><strong>nox</strong></span> <span class='ocrx_word' id='word_1_732' title='bbox 2531 3345 2630 3402; x_wconf 89' lang='lat' dir='ltr'><strong>est,</strong></span> <span class='ocrx_word' id='word_1_733' title='bbox 2650 3337 2865 3393; x_wconf 88' lang='lat' dir='ltr'><strong>attende</strong></span> <span class='ocrx_word' id='word_1_734' title='bbox 2886 3341 3008 3410; x_wconf 92' lang='lat' dir='ltr'><strong>quia</strong></span> <span class='ocrx_word' id='word_1_735' title='bbox 3034 3344 3326 3412; x_wconf 87' lang='lat' dir='ltr'><strong>assumpsit</strong></span> <span class='ocrx_word' id='word_1_736' title='bbox 3345 3361 3562 3403; x_wconf 88' lang='lat' dir='ltr'><strong>carnem</strong></span> 
     </span>
    </p>
   </div>
   <div class='ocr_carea' id='block_1_95' title="bbox 1981 3417 3562 3496">
    <p class='ocr_par' dir='ltr' id='par_1_95' title="bbox 1981 3417 3562 3496">
     <span class='ocr_line' id='line_1_95' title="bbox 1981 3417 3562 3496; baseline 0.012 -23"><span class='ocrx_word' id='word_1_737' title='bbox 1981 3417 2234 3488; x_wconf 80' lang='lat' dir='ltr'><strong>Verbum,</strong></span> <span class='ocrx_word' id='word_1_738' title='bbox 2255 3431 2308 3478; x_wconf 92' lang='lat' dir='ltr'><strong>et</strong></span> <span class='ocrx_word' id='word_1_739' title='bbox 2335 3423 2457 3478; x_wconf 83' lang='lat' dir='ltr'><strong>fecit</strong></span> <span class='ocrx_word' id='word_1_740' title='bbox 2486 3425 2580 3480; x_wconf 88' lang='lat' dir='ltr'><strong>tibi</strong></span> <span class='ocrx_word' id='word_1_741' title='bbox 2605 3429 2752 3496; x_wconf 87' lang='lat' dir='ltr'><strong>quasi</strong></span> <span class='ocrx_word' id='word_1_742' title='bbox 2775 3429 2947 3483; x_wconf 88' lang='lat' dir='ltr'><strong>lumen</strong></span> <span class='ocrx_word' id='word_1_743' title='bbox 2968 3435 3310 3490; x_wconf 83' lang='lat' dir='ltr'><strong>nocturnum.</strong></span> <span class='ocrx_word' id='word_1_744' title='bbox 3343 3435 3562 3492; x_wconf 85' lang='lat' dir='ltr'><strong>Verbum</strong></span> 
     </span>
    </p>
   </div>
   <div class='ocr_carea' id='block_1_96' title="bbox 1981 3511 3561 3599">
    <p class='ocr_par' dir='ltr' id='par_1_96' title="bbox 1981 3511 3561 3599">
     <span class='ocr_line' id='line_1_96' title="bbox 1981 3511 3561 3599; baseline 0.011 -33"><span class='ocrx_word' id='word_1_745' title='bbox 1981 3511 2122 3566; x_wconf 89' lang='lat' dir='ltr'><strong>enim</strong></span> <span class='ocrx_word' id='word_1_746' title='bbox 2154 3527 2274 3568; x_wconf 88' lang='lat' dir='ltr'><strong>caro</strong></span> <span class='ocrx_word' id='word_1_747' title='bbox 2322 3517 2514 3586; x_wconf 80' lang='lat' dir='ltr'><strong>factum</strong></span> <span class='ocrx_word' id='word_1_748' title='bbox 2555 3525 2645 3584; x_wconf 74' lang='lat' dir='ltr'><strong>est,</strong></span> <span class='ocrx_word' id='word_1_749' title='bbox 2686 3529 2734 3573; x_wconf 91' lang='lat' dir='ltr'><strong>et</strong></span> <span class='ocrx_word' id='word_1_750' title='bbox 2763 3519 3003 3575; x_wconf 84' lang='lat' dir='ltr'><strong>habitavit</strong></span> <span class='ocrx_word' id='word_1_751' title='bbox 3043 3525 3097 3578; x_wconf 91' lang='lat' dir='ltr'><strong>in</strong></span> <span class='ocrx_word' id='word_1_752' title='bbox 3126 3525 3266 3580; x_wconf 88' lang='lat' dir='ltr'><strong>nobis</strong></span> <span class='ocrx_word' id='word_1_753' title='bbox 3287 3525 3308 3599; x_wconf 85' lang='lat'><strong>(</strong></span> <span class='ocrx_word' id='word_1_754' title='bbox 3331 3528 3488 3582; x_wconf 84' lang='lat' dir='ltr'><strong>Joan.</strong></span> <span class='ocrx_word' id='word_1_755' title='bbox 3522 3546 3561 3595; x_wconf 84' lang='grc' dir='ltr'>ι,</span> 
     </span>
    </p>
   </div>
   <div class='ocr_carea' id='block_1_97' title="bbox 1983 3601 3575 3686">
    <p class='ocr_par' dir='ltr' id='par_1_97' title="bbox 1983 3601 3575 3686">
     <span class='ocr_line' id='line_1_97' title="bbox 1983 3601 3575 3686; baseline 0.013 -32"><span class='ocrx_word' id='word_1_756' title='bbox 1983 3601 2034 3665; x_wconf 77' lang='grc' dir='ltr'><strong>Ι,</strong></span> <span class='ocrx_word' id='word_1_757' title='bbox 2056 3601 2182 3669; x_wconf 73' lang='lat'><strong>2,5,</strong></span> <span class='ocrx_word' id='word_1_758' title='bbox 2212 3604 2329 3670; x_wconf 72' lang='grc'><strong>14).</strong></span> <span class='ocrx_word' id='word_1_759' title='bbox 2359 3604 2428 3660; x_wconf 88' lang='lat' dir='ltr'><strong>Et</strong></span> <span class='ocrx_word' id='word_1_760' title='bbox 2466 3609 2518 3661; x_wconf 91' lang='lat' dir='ltr'><strong>in</strong></span> <span class='ocrx_word' id='word_1_761' title='bbox 2549 3607 2682 3663; x_wconf 89' lang='lat' dir='ltr'><strong>rubo</strong></span> <span class='ocrx_word' id='word_1_762' title='bbox 2717 3609 2949 3679; x_wconf 85' lang='lat' dir='ltr'><strong>loquitur</strong></span> <span class='ocrx_word' id='word_1_763' title='bbox 2994 3611 3136 3668; x_wconf 89' lang='lat' dir='ltr'><strong>Deus</strong></span> <span class='ocrx_word' id='word_1_764' title='bbox 3184 3631 3278 3683; x_wconf 91' lang='lat' dir='ltr'><strong>per</strong></span> <span class='ocrx_word' id='word_1_765' title='bbox 3315 3618 3575 3686; x_wconf 38' lang='lat' dir='ltr'><strong>angelum;</strong></span> 
     </span>
    </p>
   </div>
   <div class='ocr_carea' id='block_1_98' title="bbox 1983 3689 3556 3773">
    <p class='ocr_par' dir='ltr' id='par_1_98' title="bbox 1983 3689 3556 3773">
     <span class='ocr_line' id='line_1_98' title="bbox 1983 3689 3556 3773; baseline 0.011 -29"><span class='ocrx_word' id='word_1_766' title='bbox 1983 3689 2171 3762; x_wconf 72' lang='lat' dir='ltr'><strong>Moysi.</strong></span> <span class='ocrx_word' id='word_1_767' title='bbox 2204 3694 2342 3748; x_wconf 89' lang='lat' dir='ltr'><strong>Audi</strong></span> <span class='ocrx_word' id='word_1_768' title='bbox 2369 3695 2458 3750; x_wconf 91' lang='lat' dir='ltr'><strong>ubi</strong></span> <span class='ocrx_word' id='word_1_769' title='bbox 2483 3705 2567 3750; x_wconf 89' lang='lat' dir='ltr'><strong>est</strong></span> <span class='ocrx_word' id='word_1_770' title='bbox 2594 3707 2772 3752; x_wconf 85' lang='lat' dir='ltr'><strong>sermo</strong></span> <span class='ocrx_word' id='word_1_771' title='bbox 2809 3699 3102 3768; x_wconf 81' lang='lat' dir='ltr'><strong>sapientiae.</strong></span> <span class='ocrx_word' id='word_1_772' title='bbox 3151 3703 3288 3770; x_wconf 91' lang='lat' dir='ltr'><strong>Quid</strong></span> <span class='ocrx_word' id='word_1_773' title='bbox 3330 3707 3556 3773; x_wconf 83' lang='lat' dir='ltr'><strong>vocaris,</strong></span> 
     </span>
    </p>
   </div>
   <div class='ocr_carea' id='block_1_99' title="bbox 1981 3777 3556 3861">
    <p class='ocr_par' dir='ltr' id='par_1_99' title="bbox 1981 3777 3556 3861">
     <span class='ocr_line' id='line_1_99' title="bbox 1981 3777 3556 3861; baseline 0.01 -25"><span class='ocrx_word' id='word_1_774' title='bbox 1981 3777 2114 3836; x_wconf 82' lang='lat' dir='ltr'><strong>dixit</strong></span> <span class='ocrx_word' id='word_1_775' title='bbox 2139 3781 2395 3854; x_wconf 77' lang='lat' dir='ltr'><strong>Moyses?</strong></span> <span class='ocrx_word' id='word_1_776' title='bbox 2419 3785 2686 3855; x_wconf 90' lang='lat' dir='ltr'><strong>quomodo</strong></span> <span class='ocrx_word' id='word_1_777' title='bbox 2707 3794 2758 3842; x_wconf 90' lang='lat' dir='ltr'><strong>te</strong></span> <span class='ocrx_word' id='word_1_778' title='bbox 2784 3789 2970 3843; x_wconf 91' lang='lat' dir='ltr'><strong>nuntio</strong></span> <span class='ocrx_word' id='word_1_779' title='bbox 2997 3791 3236 3861; x_wconf 87' lang='lat' dir='ltr'><strong>populo?</strong></span> <span class='ocrx_word' id='word_1_780' title='bbox 3272 3793 3328 3848; x_wconf 91' lang='lat' dir='ltr'><strong>Si</strong></span> <span class='ocrx_word' id='word_1_781' title='bbox 3356 3795 3556 3852; x_wconf 91' lang='lat' dir='ltr'><strong>dictum</strong></span> 
     </span>
    </p>
   </div>
   <div class='ocr_carea' id='block_1_100' title="bbox 1983 3875 3564 3950">
    <p class='ocr_par' dir='ltr' id='par_1_100' title="bbox 1983 3875 3564 3950">
     <span class='ocr_line' id='line_1_100' title="bbox 1983 3875 3564 3950; baseline 0.009 -20"><span class='ocrx_word' id='word_1_782' title='bbox 1983 3875 2162 3944; x_wconf 81' lang='lat' dir='ltr'><strong>fuerit,</strong></span> <span class='ocrx_word' id='word_1_783' title='bbox 2181 3876 2312 3944; x_wconf 89' lang='lat' dir='ltr'><strong>Quis</strong></span> <span class='ocrx_word' id='word_1_784' title='bbox 2349 3887 2400 3934; x_wconf 85' lang='lat' dir='ltr'><strong>te</strong></span> <span class='ocrx_word' id='word_1_785' title='bbox 2438 3880 2618 3935; x_wconf 88' lang='lat' dir='ltr'><strong>misit?</strong></span> <span class='ocrx_word' id='word_1_786' title='bbox 2647 3881 2772 3950; x_wconf 91' lang='lat' dir='ltr'><strong>quid</strong></span> <span class='ocrx_word' id='word_1_787' title='bbox 2824 3882 3042 3937; x_wconf 88' lang='lat' dir='ltr'><strong>diram?</strong></span> <span class='ocrx_word' id='word_1_788' title='bbox 3075 3884 3210 3940; x_wconf 89' lang='lat' dir='ltr'><strong>Audi</strong></span> <span class='ocrx_word' id='word_1_789' title='bbox 3260 3902 3564 3945; x_wconf 89' lang='lat' dir='ltr'><strong>sermonem</strong></span> 
     </span>
    </p>
   </div>
   <div class='ocr_carea' id='block_1_101' title="bbox 1981 3967 3561 4039">
    <p class='ocr_par' dir='ltr' id='par_1_101' title="bbox 1981 3967 3561 4039">
     <span class='ocr_line' id='line_1_101' title="bbox 1981 3967 3561 4039; baseline 0.007 -18"><span class='ocrx_word' id='word_1_790' title='bbox 1981 3967 2255 4037; x_wconf 66' lang='lat' dir='ltr'><strong>sapientite</strong></span> <span class='ocrx_word' id='word_1_791' title='bbox 2289 3986 2304 4024; x_wconf 88' lang='lat'><strong>:</strong></span> <span class='ocrx_word' id='word_1_792' title='bbox 2332 3968 2479 4024; x_wconf 86' lang='lat' dir='ltr'><strong>Dices</strong></span> <span class='ocrx_word' id='word_1_793' title='bbox 2499 3969 2620 4038; x_wconf 80' lang='lat' dir='ltr'><strong>ﬁliis</strong></span> <span class='ocrx_word' id='word_1_794' title='bbox 2640 3969 2825 4039; x_wconf 83' lang='lat' dir='ltr'><strong>Israel,</strong></span> <span class='ocrx_word' id='word_1_795' title='bbox 2858 3972 2958 4038; x_wconf 84' lang='lat' dir='ltr'><strong>Qui</strong></span> <span class='ocrx_word' id='word_1_796' title='bbox 3004 3982 3077 4028; x_wconf 88' lang='lat' dir='ltr'><strong>est</strong></span> <span class='ocrx_word' id='word_1_797' title='bbox 3105 3975 3240 4030; x_wconf 84' lang='lat' dir='ltr'><strong>misit</strong></span> <span class='ocrx_word' id='word_1_798' title='bbox 3264 3993 3344 4031; x_wconf 84' lang='lat' dir='ltr'><strong>me</strong></span> <span class='ocrx_word' id='word_1_799' title='bbox 3367 3979 3435 4031; x_wconf 89' lang='lat' dir='ltr'><strong>ad</strong></span> <span class='ocrx_word' id='word_1_800' title='bbox 3453 3994 3561 4034; x_wconf 79' lang='lat' dir='ltr'><strong>vos.</strong></span> 
     </span>
    </p>
   </div>
   <div class='ocr_carea' id='block_1_102' title="bbox 1982 4059 3564 4130">
    <p class='ocr_par' dir='ltr' id='par_1_102' title="bbox 1982 4059 3564 4130">
     <span class='ocr_line' id='line_1_102' title="bbox 1982 4059 3564 4130; baseline 0.008 -18"><span class='ocrx_word' id='word_1_801' title='bbox 1982 4059 2111 4128; x_wconf 88' lang='lat' dir='ltr'><strong>Quis</strong></span> <span class='ocrx_word' id='word_1_802' title='bbox 2138 4067 2314 4130; x_wconf 87' lang='lat' dir='ltr'><strong>potest</strong></span> <span class='ocrx_word' id='word_1_803' title='bbox 2341 4074 2552 4129; x_wconf 87' lang='lat' dir='ltr'><strong>capere,</strong></span> <span class='ocrx_word' id='word_1_804' title='bbox 2589 4061 2688 4129; x_wconf 86' lang='lat' dir='ltr'><strong>Qui</strong></span> <span class='ocrx_word' id='word_1_805' title='bbox 2722 4065 2792 4117; x_wconf 81' lang='lat' dir='ltr'><strong>est</strong></span> <span class='ocrx_word' id='word_1_806' title='bbox 2815 4063 2841 4117; x_wconf 79' lang='lat'><strong><em>7</em></strong></span> <span class='ocrx_word' id='word_1_807' title='bbox 2863 4062 3065 4119; x_wconf 57' lang='lat' dir='ltr'><strong>Caetera</strong></span> <span class='ocrx_word' id='word_1_808' title='bbox 3112 4081 3241 4121; x_wconf 78' lang='lat' dir='ltr'><strong>vero</strong></span> <span class='ocrx_word' id='word_1_809' title='bbox 3285 4081 3390 4123; x_wconf 90' lang='lat' dir='ltr'><strong>non</strong></span> <span class='ocrx_word' id='word_1_810' title='bbox 3419 4079 3564 4124; x_wconf 91' lang='lat' dir='ltr'><strong>sunt.</strong></span> 
     </span>
    </p>
   </div>
   <div class='ocr_carea' id='block_1_103' title="bbox 1981 4149 3574 4229">
    <p class='ocr_par' dir='ltr' id='par_1_103' title="bbox 1981 4149 3574 4229">
     <span class='ocr_line' id='line_1_103' title="bbox 1981 4149 3574 4229; baseline 0.009 -27"><span class='ocrx_word' id='word_1_811' title='bbox 1981 4149 2112 4218; x_wconf 88' lang='lat' dir='ltr'><strong>Quis</strong></span> <span class='ocrx_word' id='word_1_812' title='bbox 2163 4165 2288 4207; x_wconf 77' lang='lat' dir='ltr'><strong>vere</strong></span> <span class='ocrx_word' id='word_1_813' title='bbox 2334 4153 2449 4207; x_wconf 84' lang='lat' dir='ltr'><strong>est?</strong></span> <span class='ocrx_word' id='word_1_814' title='bbox 2481 4150 2581 4219; x_wconf 90' lang='lat' dir='ltr'><strong>Qui</strong></span> <span class='ocrx_word' id='word_1_815' title='bbox 2611 4163 2715 4207; x_wconf 86' lang='lat' dir='ltr'><strong>non</strong></span> <span class='ocrx_word' id='word_1_816' title='bbox 2754 4155 2961 4223; x_wconf 81' lang='lat' dir='ltr'><strong>tranSit,</strong></span> <span class='ocrx_word' id='word_1_817' title='bbox 3005 4157 3092 4227; x_wconf 93' lang='lat' dir='ltr'><strong>qui</strong></span> <span class='ocrx_word' id='word_1_818' title='bbox 3130 4173 3344 4229; x_wconf 91' lang='lat' dir='ltr'><strong>semper</strong></span> <span class='ocrx_word' id='word_1_819' title='bbox 3389 4171 3574 4217; x_wconf 82' lang='lat' dir='ltr'><strong>manet</strong></span> 
     </span>
    </p>
   </div>
   <div class='ocr_carea' id='block_1_104' title="bbox 1983 4237 3576 4316">
    <p class='ocr_par' dir='ltr' id='par_1_104' title="bbox 1983 4237 3576 4316">
     <span class='ocr_line' id='line_1_104' title="bbox 1983 4237 3576 4316; baseline 0.008 -22"><span class='ocrx_word' id='word_1_820' title='bbox 1983 4237 2454 4297; x_wconf 88' lang='lat' dir='ltr'><strong>incommutabilis.</strong></span> <span class='ocrx_word' id='word_1_821' title='bbox 2483 4241 2591 4297; x_wconf 88' lang='lat' dir='ltr'><strong>Sed</strong></span> <span class='ocrx_word' id='word_1_822' title='bbox 2618 4241 2718 4298; x_wconf 87' lang='lat' dir='ltr'><strong>iste</strong></span> <span class='ocrx_word' id='word_1_823' title='bbox 2741 4244 2891 4298; x_wconf 85' lang='lat' dir='ltr'><strong>cibus</strong></span> <span class='ocrx_word' id='word_1_824' title='bbox 2914 4245 3194 4316; x_wconf 82' lang='lat' dir='ltr'><strong>grandium</strong></span> <span class='ocrx_word' id='word_1_825' title='bbox 3222 4257 3325 4314; x_wconf 89' lang='lat' dir='ltr'><strong>est,</strong></span> <span class='ocrx_word' id='word_1_826' title='bbox 3357 4250 3457 4304; x_wconf 89' lang='lat' dir='ltr'><strong>iste</strong></span> <span class='ocrx_word' id='word_1_827' title='bbox 3483 4252 3576 4306; x_wconf 61' lang='lat' dir='ltr'><strong>soli</strong></span> 
     </span>
    </p>
   </div>
   <div class='ocr_carea' id='block_1_105' title="bbox 1983 4329 3574 4410">
    <p class='ocr_par' dir='ltr' id='par_1_105' title="bbox 1983 4329 3574 4410">
     <span class='ocr_line' id='line_1_105' title="bbox 1983 4329 3574 4410; baseline 0.007 -24"><span class='ocrx_word' id='word_1_828' title='bbox 1983 4329 2087 4387; x_wconf 88' lang='lat' dir='ltr'><strong>diei</strong></span> <span class='ocrx_word' id='word_1_829' title='bbox 2111 4341 2212 4388; x_wconf 87' lang='lat' dir='ltr'><strong>est.</strong></span> <span class='ocrx_word' id='word_1_830' title='bbox 2238 4333 2306 4388; x_wconf 89' lang='lat' dir='ltr'><strong>Et</strong></span> <span class='ocrx_word' id='word_1_831' title='bbox 2323 4335 2474 4404; x_wconf 86' lang='lat' dir='ltr'><strong>quasi</strong></span> <span class='ocrx_word' id='word_1_832' title='bbox 2503 4334 2705 4390; x_wconf 84' lang='lat' dir='ltr'><strong>diceret</strong></span> <span class='ocrx_word' id='word_1_833' title='bbox 2725 4335 2933 4406; x_wconf 83' lang='lat' dir='ltr'><strong>Moyses</strong></span> <span class='ocrx_word' id='word_1_834' title='bbox 2954 4337 3051 4404; x_wconf 92' lang='lat' dir='ltr'><strong>illi,</strong></span> <span class='ocrx_word' id='word_1_835' title='bbox 3083 4338 3270 4394; x_wconf 84' lang='lat' dir='ltr'><strong>Adhuc</strong></span> <span class='ocrx_word' id='word_1_836' title='bbox 3290 4355 3394 4396; x_wconf 87' lang='lat' dir='ltr'><strong>nox</strong></span> <span class='ocrx_word' id='word_1_837' title='bbox 3420 4356 3574 4410; x_wconf 81' lang='lat' dir='ltr'><strong>sum,</strong></span> 
     </span>
    </p>
   </div>
   <div class='ocr_carea' id='block_1_106' title="bbox 1983 4425 3560 4505">
    <p class='ocr_par' dir='ltr' id='par_1_106' title="bbox 1983 4425 3560 4505">
     <span class='ocr_line' id='line_1_106' title="bbox 1983 4425 3560 4505; baseline 0.006 -27"><span class='ocrx_word' id='word_1_838' title='bbox 1983 4427 2192 4480; x_wconf 84' lang='lat' dir='ltr'><strong>noctem</strong></span> <span class='ocrx_word' id='word_1_839' title='bbox 2216 4425 2471 4480; x_wconf 88' lang='lat' dir='ltr'><strong>illumina.</strong></span> <span class='ocrx_word' id='word_1_840' title='bbox 2505 4425 2712 4498; x_wconf 83' lang='lat' dir='ltr'><strong>Aliquid</strong></span> <span class='ocrx_word' id='word_1_841' title='bbox 2751 4426 2922 4483; x_wconf 89' lang='lat' dir='ltr'><strong>dicam</strong></span> <span class='ocrx_word' id='word_1_842' title='bbox 2952 4429 3093 4499; x_wconf 90' lang='lat' dir='ltr'><strong>quod</strong></span> <span class='ocrx_word' id='word_1_843' title='bbox 3132 4439 3306 4500; x_wconf 86' lang='lat' dir='ltr'><strong>potest</strong></span> <span class='ocrx_word' id='word_1_844' title='bbox 3330 4447 3432 4505; x_wconf 85' lang='lat' dir='ltr'><strong>nox</strong></span> <span class='ocrx_word' id='word_1_845' title='bbox 3465 4449 3560 4488; x_wconf 89' lang='lat' dir='ltr'><strong>ca-</strong></span> 
     </span>
    </p>
   </div>
   <div class='ocr_carea' id='block_1_107' title="bbox 1983 4515 3570 4590">
    <p class='ocr_par' dir='ltr' id='par_1_107' title="bbox 1983 4515 3570 4590">
     <span class='ocr_line' id='line_1_107' title="bbox 1983 4515 3570 4590; baseline 0.005 -20"><span class='ocrx_word' id='word_1_846' title='bbox 1983 4531 2131 4586; x_wconf 89' lang='lat' dir='ltr'><strong>pere,</strong></span> <span class='ocrx_word' id='word_1_847' title='bbox 2160 4515 2357 4586; x_wconf 90' lang='lat' dir='ltr'><strong>aliquid</strong></span> <span class='ocrx_word' id='word_1_848' title='bbox 2373 4517 2544 4572; x_wconf 86' lang='lat' dir='ltr'><strong>dicam</strong></span> <span class='ocrx_word' id='word_1_849' title='bbox 2575 4517 2716 4588; x_wconf 90' lang='lat' dir='ltr'><strong>quod</strong></span> <span class='ocrx_word' id='word_1_850' title='bbox 2767 4526 2988 4588; x_wconf 88' lang='lat' dir='ltr'><strong>possunt</strong></span> <span class='ocrx_word' id='word_1_851' title='bbox 3033 4520 3236 4590; x_wconf 79' lang='lat' dir='ltr'><strong>parvuli</strong></span> <span class='ocrx_word' id='word_1_852' title='bbox 3281 4523 3515 4578; x_wconf 89' lang='lat' dir='ltr'><strong>retinere</strong></span> <span class='ocrx_word' id='word_1_853' title='bbox 3549 4542 3570 4579; x_wconf 69' lang='grc' dir='ltr'><em>τ</em></span> 
     </span>
    </p>
   </div>
   <div class='ocr_carea' id='block_1_108' title="bbox 1985 4605 3575 4677">
    <p class='ocr_par' dir='ltr' id='par_1_108' title="bbox 1985 4605 3575 4677">
     <span class='ocr_line' id='line_1_108' title="bbox 1985 4605 3575 4677; baseline 0.007 -18"><span class='ocrx_word' id='word_1_854' title='bbox 1985 4605 2097 4677; x_wconf 78' lang='lat' dir='ltr'><strong>Ego</strong></span> <span class='ocrx_word' id='word_1_855' title='bbox 2117 4622 2229 4661; x_wconf 86' lang='lat' dir='ltr'><strong>sum</strong></span> <span class='ocrx_word' id='word_1_856' title='bbox 2255 4605 2391 4662; x_wconf 84' lang='lat' dir='ltr'><strong>Deus</strong></span> <span class='ocrx_word' id='word_1_857' title='bbox 2417 4609 2694 4676; x_wconf 82' lang='lat' dir='ltr'><strong>Abraham,</strong></span> <span class='ocrx_word' id='word_1_858' title='bbox 2715 4620 2761 4665; x_wconf 84' lang='lat' dir='ltr'><strong>et</strong></span> <span class='ocrx_word' id='word_1_859' title='bbox 2781 4611 2918 4666; x_wconf 84' lang='lat' dir='ltr'><strong>Deus</strong></span> <span class='ocrx_word' id='word_1_860' title='bbox 2946 4609 3112 4676; x_wconf 84' lang='lat' dir='ltr'><strong>Isaac,</strong></span> <span class='ocrx_word' id='word_1_861' title='bbox 3145 4622 3192 4668; x_wconf 90' lang='lat' dir='ltr'><strong>et</strong></span> <span class='ocrx_word' id='word_1_862' title='bbox 3213 4611 3351 4668; x_wconf 84' lang='lat' dir='ltr'><strong>Deus</strong></span> <span class='ocrx_word' id='word_1_863' title='bbox 3377 4613 3575 4670; x_wconf 68' lang='lat' dir='ltr'><strong>Iacob-</strong></span> 
     </span>
    </p>
   </div>
   <div class='ocr_carea' id='block_1_109' title="bbox 1985 4690 3560 4777">
    <p class='ocr_par' dir='ltr' id='par_1_109' title="bbox 1985 4690 3560 4777">
     <span class='ocr_line' id='line_1_109' title="bbox 1985 4690 3560 4777; baseline 0.006 -25"><span class='ocrx_word' id='word_1_864' title='bbox 1985 4695 2145 4776; x_wconf 81' lang='lat' dir='ltr'><strong>Ergo,</strong></span> <span class='ocrx_word' id='word_1_865' title='bbox 2177 4697 2288 4770; x_wconf 79' lang='lat' dir='ltr'><strong>Ego</strong></span> <span class='ocrx_word' id='word_1_866' title='bbox 2313 4711 2422 4753; x_wconf 84' lang='lat' dir='ltr'><strong>sum</strong></span> <span class='ocrx_word' id='word_1_867' title='bbox 2446 4703 2533 4771; x_wconf 87' lang='lat' dir='ltr'><strong>qui</strong></span> <span class='ocrx_word' id='word_1_868' title='bbox 2551 4701 2701 4774; x_wconf 64' lang='grc' dir='ltr'><strong>διατι(</strong></span> <span class='ocrx_word' id='word_1_869' title='bbox 2727 4690 2894 4757; x_wconf 79' lang='lat' dir='ltr'><strong>Exod.</strong></span> <span class='ocrx_word' id='word_1_870' title='bbox 2925 4719 3003 4769; x_wconf 87' lang='lat' dir='ltr'><strong>ut,</strong></span> <span class='ocrx_word' id='word_1_871' title='bbox 3037 4704 3124 4772; x_wconf 73' lang='grc' dir='ltr'><strong>Η,</strong></span> <span class='ocrx_word' id='word_1_872' title='bbox 3156 4705 3222 4759; x_wconf 79' lang='grc'><strong>15</strong></span> <span class='ocrx_word' id='word_1_873' title='bbox 3245 4703 3286 4777; x_wconf 88' lang='grc'><strong>),</strong></span> <span class='ocrx_word' id='word_1_874' title='bbox 3320 4705 3385 4759; x_wconf 91' lang='lat' dir='ltr'><strong>ad</strong></span> <span class='ocrx_word' id='word_1_875' title='bbox 3409 4715 3560 4776; x_wconf 83' lang='lat' dir='ltr'><strong>pote-</strong></span> 
     </span>
    </p>
   </div>
   <div class='ocr_carea' id='block_1_110' title="bbox 1985 4791 3573 4869">
    <p class='ocr_par' dir='ltr' id='par_1_110' title="bbox 1985 4791 3573 4869">
     <span class='ocr_line' id='line_1_110' title="bbox 1985 4791 3573 4869; baseline 0.008 -25"><span class='ocrx_word' id='word_1_876' title='bbox 1985 4799 2176 4844; x_wconf 88' lang='lat' dir='ltr'><strong>statem</strong></span> <span class='ocrx_word' id='word_1_877' title='bbox 2204 4791 2307 4846; x_wconf 89' lang='lat' dir='ltr'><strong>diei</strong></span> <span class='ocrx_word' id='word_1_878' title='bbox 2334 4810 2347 4846; x_wconf 89' lang='lat'>:</span> <span class='ocrx_word' id='word_1_879' title='bbox 2379 4791 2492 4864; x_wconf 85' lang='lat' dir='ltr'><strong>Ego</strong></span> <span class='ocrx_word' id='word_1_880' title='bbox 2532 4811 2643 4847; x_wconf 90' lang='lat' dir='ltr'><strong>sum</strong></span> <span class='ocrx_word' id='word_1_881' title='bbox 2670 4794 2806 4850; x_wconf 88' lang='lat' dir='ltr'><strong>Deus</strong></span> <span class='ocrx_word' id='word_1_882' title='bbox 2835 4797 3110 4864; x_wconf 80' lang='lat' dir='ltr'><strong>Abraham,</strong></span> <span class='ocrx_word' id='word_1_883' title='bbox 3154 4798 3218 4852; x_wconf 83' lang='lat' dir='ltr'><strong>a&#39;d</strong></span> <span class='ocrx_word' id='word_1_884' title='bbox 3250 4803 3573 4869; x_wconf 81' lang='lat' dir='ltr'><strong>potestatem</strong></span> 
     </span>
    </p>
   </div>
   <div class='ocr_carea' id='block_1_111' title="bbox 1986 4880 3565 4955">
    <p class='ocr_par' dir='ltr' id='par_1_111' title="bbox 1986 4880 3565 4955">
     <span class='ocr_line' id='line_1_111' title="bbox 1986 4880 3565 4955; baseline 0.007 -21"><span class='ocrx_word' id='word_1_885' title='bbox 1986 4880 2178 4935; x_wconf 89' lang='lat' dir='ltr'><strong>noctis.</strong></span> <span class='ocrx_word' id='word_1_886' title='bbox 2208 4881 2366 4936; x_wconf 81' lang='lat' dir='ltr'><strong>Fides</strong></span> <span class='ocrx_word' id='word_1_887' title='bbox 2424 4884 2790 4954; x_wconf 87' lang='lat' dir='ltr'><strong>tetnporaliter</strong></span> <span class='ocrx_word' id='word_1_888' title='bbox 2827 4885 3150 4955; x_wconf 90' lang='lat' dir='ltr'><strong>dispensata,</strong></span> <span class='ocrx_word' id='word_1_889' title='bbox 3180 4887 3321 4943; x_wconf 91' lang='lat' dir='ltr'><strong>lucet</strong></span> <span class='ocrx_word' id='word_1_890' title='bbox 3371 4890 3513 4946; x_wconf 92' lang='lat' dir='ltr'><strong>nocti</strong></span> <span class='ocrx_word' id='word_1_891' title='bbox 3549 4908 3565 4945; x_wconf 90' lang='lat'><strong>:</strong></span> 
     </span>
    </p>
   </div>
   <div class='ocr_carea' id='block_1_112' title="bbox 1988 4959 3562 5047">
    <p class='ocr_par' dir='ltr' id='par_1_112' title="bbox 1988 4959 3562 5047">
     <span class='ocr_line' id='line_1_112' title="bbox 1988 4959 3562 5047; baseline 0.008 -21"><span class='ocrx_word' id='word_1_892' title='bbox 1988 4972 2241 5042; x_wconf 88' lang='lat' dir='ltr'><strong>sapientia</strong></span> <span class='ocrx_word' id='word_1_893' title='bbox 2265 4988 2477 5044; x_wconf 89' lang='lat' dir='ltr'><strong>semper</strong></span> <span class='ocrx_word' id='word_1_894' title='bbox 2497 4990 2737 5041; x_wconf 88' lang='lat' dir='ltr'><strong>manens,</strong></span> <span class='ocrx_word' id='word_1_895' title='bbox 2773 4977 2912 5033; x_wconf 85' lang='lat' dir='ltr'><strong>lucet</strong></span> <span class='ocrx_word' id='word_1_896' title='bbox 2936 4978 3060 5033; x_wconf 92' lang='lat' dir='ltr'><strong>diei.</strong></span> <span class='ocrx_word' id='word_1_897' title='bbox 3092 4959 3267 5035; x_wconf 76' lang='lat' dir='ltr'><strong>Nutrit</strong></span> <span class='ocrx_word' id='word_1_898' title='bbox 3289 4981 3342 5036; x_wconf 93' lang='lat' dir='ltr'><strong>in</strong></span> <span class='ocrx_word' id='word_1_899' title='bbox 3381 4991 3562 5047; x_wconf 87' lang='lat' dir='ltr'><strong>nocte,</strong></span> 
     </span>
    </p>
   </div>
   <div class='ocr_carea' id='block_1_113' title="bbox 1988 5063 3563 5140">
    <p class='ocr_par' dir='ltr' id='par_1_113' title="bbox 1988 5063 3563 5140">
     <span class='ocr_line' id='line_1_113' title="bbox 1988 5063 3563 5140; baseline 0.007 -22"><span class='ocrx_word' id='word_1_900' title='bbox 1988 5072 2046 5118; x_wconf 91' lang='lat' dir='ltr'><strong>ut</strong></span> <span class='ocrx_word' id='word_1_901' title='bbox 2066 5063 2414 5134; x_wconf 91' lang='lat' dir='ltr'><strong>procedamus</strong></span> <span class='ocrx_word' id='word_1_902' title='bbox 2446 5065 2498 5119; x_wconf 91' lang='lat' dir='ltr'><strong>in</strong></span> <span class='ocrx_word' id='word_1_903' title='bbox 2545 5066 2705 5121; x_wconf 90' lang='lat' dir='ltr'><strong>diem.</strong></span> <span class='ocrx_word' id='word_1_904' title='bbox 2735 5066 2914 5123; x_wconf 67' lang='lat' dir='ltr'><strong>Stella:</strong></span> <span class='ocrx_word' id='word_1_905' title='bbox 2937 5084 3066 5140; x_wconf 87' lang='lat' dir='ltr'><strong>ergo</strong></span> <span class='ocrx_word' id='word_1_906' title='bbox 3099 5080 3289 5126; x_wconf 58' lang='lat' dir='ltr'><strong>caetera</strong></span> <span class='ocrx_word' id='word_1_907' title='bbox 3319 5088 3563 5129; x_wconf 89' lang='lat' dir='ltr'><strong>munera.</strong></span> 
     </span>
    </p>
   </div>
   <div class='ocr_carea' id='block_1_114' title="bbox 1989 5154 3560 5232">
    <p class='ocr_par' dir='ltr' id='par_1_114' title="bbox 1989 5154 3560 5232">
     <span class='ocr_line' id='line_1_114' title="bbox 1989 5154 3560 5232; baseline 0.008 -25"><span class='ocrx_word' id='word_1_908' title='bbox 1989 5154 2119 5223; x_wconf 89' lang='lat' dir='ltr'><strong>Quia</strong></span> <span class='ocrx_word' id='word_1_909' title='bbox 2141 5171 2261 5209; x_wconf 92' lang='lat' dir='ltr'><strong>cum</strong></span> <span class='ocrx_word' id='word_1_910' title='bbox 2290 5155 2530 5218; x_wconf 77' lang='lat' dir='ltr'><strong>dixisset,</strong></span> <span class='ocrx_word' id='word_1_911' title='bbox 2590 5157 2693 5211; x_wconf 88' lang='lat' dir='ltr'><strong>Alii</strong></span> <span class='ocrx_word' id='word_1_912' title='bbox 2721 5158 2874 5212; x_wconf 87' lang='lat' dir='ltr'><strong>datur</strong></span> <span class='ocrx_word' id='word_1_913' title='bbox 2901 5176 3063 5214; x_wconf 82' lang='lat' dir='ltr'><strong>sermo</strong></span> <span class='ocrx_word' id='word_1_914' title='bbox 3104 5161 3386 5232; x_wconf 55' lang='lat' dir='ltr'><strong>sapientia&quot;,</strong></span> <span class='ocrx_word' id='word_1_915' title='bbox 3439 5173 3560 5218; x_wconf 81' lang='lat' dir='ltr'><strong>tan-</strong></span> 
     </span>
    </p>
   </div>
   <div class='ocr_carea' id='block_1_115' title="bbox 1989 5248 3564 5320">
    <p class='ocr_par' dir='ltr' id='par_1_115' title="bbox 1989 5248 3564 5320">
     <span class='ocr_line' id='line_1_115' title="bbox 1989 5248 3564 5320; baseline 0.004 -17"><span class='ocrx_word' id='word_1_916' title='bbox 1989 5264 2147 5319; x_wconf 87' lang='lat' dir='ltr'><strong>quam</strong></span> <span class='ocrx_word' id='word_1_917' title='bbox 2169 5248 2325 5304; x_wconf 83' lang='lat' dir='ltr'><strong>solem</strong></span> <span class='ocrx_word' id='word_1_918' title='bbox 2347 5250 2399 5303; x_wconf 86' lang='lat' dir='ltr'><strong>in</strong></span> <span class='ocrx_word' id='word_1_919' title='bbox 2420 5259 2709 5320; x_wconf 83' lang='lat' dir='ltr'><strong>potestatem</strong></span> <span class='ocrx_word' id='word_1_920' title='bbox 2740 5250 2840 5305; x_wconf 89' lang='lat' dir='ltr'><strong>diei</strong></span> <span class='ocrx_word' id='word_1_921' title='bbox 2867 5267 2886 5306; x_wconf 88' lang='lat'><strong><em>:</em></strong></span> <span class='ocrx_word' id='word_1_922' title='bbox 2905 5253 2994 5306; x_wconf 89' lang='lat' dir='ltr'><strong>alii</strong></span> <span class='ocrx_word' id='word_1_923' title='bbox 3031 5253 3182 5308; x_wconf 86' lang='lat' dir='ltr'><strong>datur</strong></span> <span class='ocrx_word' id='word_1_924' title='bbox 3216 5272 3378 5310; x_wconf 90' lang='lat' dir='ltr'><strong>sermo</strong></span> <span class='ocrx_word' id='word_1_925' title='bbox 3398 5256 3564 5310; x_wconf 81' lang='lat' dir='ltr'><strong>scien-</strong></span> 
     </span>
    </p>
   </div>
   <div class='ocr_carea' id='block_1_116' title="bbox 1991 5340 3567 5412">
    <p class='ocr_par' dir='ltr' id='par_1_116' title="bbox 1991 5340 3567 5412">
     <span class='ocr_line' id='line_1_116' title="bbox 1991 5340 3567 5412; baseline 0.005 -20"><span class='ocrx_word' id='word_1_926' title='bbox 1991 5341 2092 5405; x_wconf 75' lang='lat' dir='ltr'><strong>tire,</strong></span> <span class='ocrx_word' id='word_1_927' title='bbox 2112 5350 2358 5410; x_wconf 87' lang='lat' dir='ltr'><strong>tanquam</strong></span> <span class='ocrx_word' id='word_1_928' title='bbox 2382 5340 2554 5394; x_wconf 85' lang='lat' dir='ltr'><strong>lunam</strong></span> <span class='ocrx_word' id='word_1_929' title='bbox 2577 5342 2625 5394; x_wconf 87' lang='lat' dir='ltr'><strong>iu</strong></span> <span class='ocrx_word' id='word_1_930' title='bbox 2643 5351 2933 5412; x_wconf 83' lang='lat' dir='ltr'><strong>potestatem</strong></span> <span class='ocrx_word' id='word_1_931' title='bbox 2956 5345 3114 5399; x_wconf 85' lang='lat' dir='ltr'><strong>noctis</strong></span> <span class='ocrx_word' id='word_1_932' title='bbox 3135 5361 3154 5400; x_wconf 92' lang='lat'><strong><em>:</em></strong></span> <span class='ocrx_word' id='word_1_933' title='bbox 3183 5346 3272 5400; x_wconf 87' lang='lat' dir='ltr'><strong>dat</strong></span> <span class='ocrx_word' id='word_1_934' title='bbox 3296 5355 3350 5400; x_wconf 89' lang='lat' dir='ltr'><strong>et</strong></span> <span class='ocrx_word' id='word_1_935' title='bbox 3365 5347 3567 5412; x_wconf 86' lang='lat' dir='ltr'><strong>stellas,</strong></span> 
     </span>
    </p>
   </div>
   <div class='ocr_carea' id='block_1_117' title="bbox 1991 5432 3245 5506">
    <p class='ocr_par' dir='ltr' id='par_1_117' title="bbox 1991 5432 3245 5506">
     <span class='ocr_line' id='line_1_117' title="bbox 1991 5432 3245 5506; baseline 0.004 -21"><span class='ocrx_word' id='word_1_936' title='bbox 1991 5432 2080 5486; x_wconf 90' lang='lat' dir='ltr'><strong>alii</strong></span> <span class='ocrx_word' id='word_1_937' title='bbox 2108 5433 2312 5488; x_wconf 84' lang='lat' dir='ltr'><strong>donatio</strong></span> <span class='ocrx_word' id='word_1_938' title='bbox 2337 5434 2673 5497; x_wconf 84' lang='lat' dir='ltr'><strong>curationum,</strong></span> <span class='ocrx_word' id='word_1_939' title='bbox 2699 5433 2791 5489; x_wconf 87' lang='lat' dir='ltr'><strong>alii</strong></span> <span class='ocrx_word' id='word_1_940' title='bbox 2832 5436 3117 5506; x_wconf 82' lang='lat' dir='ltr'><strong>prophetia,</strong></span> <span class='ocrx_word' id='word_1_941' title='bbox 3137 5443 3245 5492; x_wconf 77' lang='lat' dir='ltr'><strong>etc.</strong></span> 
     </span>
    </p>
   </div>
   <div class='ocr_carea' id='block_1_118' title="bbox 1994 5521 3570 5594">
    <p class='ocr_par' dir='ltr' id='par_1_118' title="bbox 1994 5521 3570 5594">
     <span class='ocr_line' id='line_1_118' title="bbox 1994 5521 3570 5594; baseline 0.001 -15"><span class='ocrx_word' id='word_1_942' title='bbox 1994 5521 2215 5594; x_wconf 84' lang='lat' dir='ltr'><strong>Reptilia</strong></span> <span class='ocrx_word' id='word_1_943' title='bbox 2239 5525 2520 5578; x_wconf 86' lang='lat' dir='ltr'><strong>animarum</strong></span> <span class='ocrx_word' id='word_1_944' title='bbox 2538 5525 2778 5580; x_wconf 74' lang='lat' dir='ltr'><strong>vittarum.</strong></span> <span class='ocrx_word' id='word_1_945' title='bbox 2817 5525 2987 5582; x_wconf 88' lang='lat' dir='ltr'><strong>Virtus</strong></span> <span class='ocrx_word' id='word_1_946' title='bbox 3011 5526 3312 5581; x_wconf 84' lang='lat' dir='ltr'><strong>sacramenti</strong></span> <span class='ocrx_word' id='word_1_947' title='bbox 3325 5523 3570 5580; x_wconf 81' lang='lat' dir='ltr'><strong>charilas.</strong></span> 
     </span>
    </p>
   </div>
   <div class='ocr_carea' id='block_1_119' title="bbox 2063 5613 3568 5688">
    <p class='ocr_par' dir='ltr' id='par_1_119' title="bbox 2063 5613 3568 5688">
     <span class='ocr_line' id='line_1_119' title="bbox 2063 5613 3568 5688; baseline 0 -18"><span class='ocrx_word' id='word_1_948' title='bbox 2063 5616 2116 5670; x_wconf 68' lang='grc'><strong>4.</strong></span> <span class='ocrx_word' id='word_1_949' title='bbox 2159 5613 2300 5669; x_wconf 80' lang='lat' dir='ltr'><strong>Dixit</strong></span> <span class='ocrx_word' id='word_1_950' title='bbox 2326 5614 2489 5683; x_wconf 76' lang='lat' dir='ltr'><strong>Deus,</strong></span> <span class='ocrx_word' id='word_1_951' title='bbox 2529 5615 2821 5674; x_wconf 85' lang='lat' dir='ltr'><strong>Producant</strong></span> <span class='ocrx_word' id='word_1_952' title='bbox 2858 5632 3004 5688; x_wconf 75' lang='lat' dir='ltr'><strong>aqua</strong></span> <span class='ocrx_word' id='word_1_953' title='bbox 3041 5616 3241 5686; x_wconf 85' lang='lat' dir='ltr'><strong>reptilia</strong></span> <span class='ocrx_word' id='word_1_954' title='bbox 3281 5615 3568 5670; x_wconf 83' lang='lat' dir='ltr'><strong>animarum</strong></span> 
     </span>
    </p>
   </div>
   <div class='ocr_carea' id='block_1_120' title="bbox 2057 5748 3570 5813">
    <p class='ocr_par' dir='ltr' id='par_1_120' title="bbox 2057 5748 3570 5813">
     <span class='ocr_line' id='line_1_120' title="bbox 2057 5748 3570 5813; baseline -0.001 -14"><span class='ocrx_word' id='word_1_955' title='bbox 2057 5748 2130 5811; x_wconf 78' lang='grc' dir='ltr'><strong>(α)</strong></span> <span class='ocrx_word' id='word_1_956' title='bbox 2154 5757 2250 5813; x_wconf 67' lang='grc' dir='ltr'>ιντο</span> <span class='ocrx_word' id='word_1_957' title='bbox 2287 5749 2375 5804; x_wconf 80' lang='lat' dir='ltr'><strong>sub</strong></span> <span class='ocrx_word' id='word_1_958' title='bbox 2396 5761 2533 5813; x_wconf 76' lang='lat' dir='ltr'><strong>aere,</strong></span> <span class='ocrx_word' id='word_1_959' title='bbox 2577 5757 2630 5802; x_wconf 85' lang='lat' dir='ltr'><strong>ut</strong></span> <span class='ocrx_word' id='word_1_960' title='bbox 2651 5758 2809 5804; x_wconf 75' lang='lat' dir='ltr'><strong>uorat.</strong></span> <span class='ocrx_word' id='word_1_961' title='bbox 2842 5749 2929 5806; x_wconf 78' lang='lat' dir='ltr'><strong>lib.</strong></span> <span class='ocrx_word' id='word_1_962' title='bbox 2947 5749 2980 5801; x_wconf 74' lang='lat'><strong>2</strong></span> <span class='ocrx_word' id='word_1_963' title='bbox 2997 5757 3150 5801; x_wconf 82' lang='lat' dir='ltr'><strong>carm.</strong></span> <span class='ocrx_word' id='word_1_964' title='bbox 3171 5749 3274 5802; x_wconf 83' lang='lat' dir='ltr'><strong>ode</strong></span> <span class='ocrx_word' id='word_1_965' title='bbox 3293 5751 3359 5806; x_wconf 70' lang='grc' dir='ltr'><strong>ὅ.</strong></span> <span class='ocrx_word' id='word_1_966' title='bbox 3381 5750 3570 5806; x_wconf 81' lang='lat' dir='ltr'><strong>etPlln.</strong></span> 
     </span>
    </p>
   </div>
   <div class='ocr_carea' id='block_1_121' title="bbox 1995 5811 2894 5879">
    <p class='ocr_par' dir='ltr' id='par_1_121' title="bbox 1995 5811 2894 5879">
     <span class='ocr_line' id='line_1_121' title="bbox 1995 5811 2894 5879; baseline 0.001 -18"><span class='ocrx_word' id='word_1_967' title='bbox 1995 5811 2078 5863; x_wconf 86' lang='lat' dir='ltr'><strong>lib.</strong></span> <span class='ocrx_word' id='word_1_968' title='bbox 2110 5812 2409 5879; x_wconf 63' lang='lat'><strong>14,039.21.</strong></span> <span class='ocrx_word' id='word_1_969' title='bbox 2520 5811 2526 5813; x_wconf 72' lang='lat'><strong><em>&#39;</em></strong></span> <span class='ocrx_word' id='word_1_970' title='bbox 2891 5857 2894 5862; x_wconf 91' lang='lat'><em>_</em></span> 
     </span>
    </p>
   </div>
  </div>
