3980 6538
474 364 614 426 I781

473 483 719 547 vivarum,
758 487 807 533 et
845 474 1089 532 volatilia.
1131 471 1194 525 Et
1241 468 1588 540 produxerunt
1631 481 1775 530 aqua
1801 463 1977 533 pisces,
2009 469 2055 516 et

470 581 609 629 cetos
635 587 866 641 magnos,
899 577 945 622 et
971 564 1196 621 volatilia
1224 561 1355 617 ctzli.
1385 561 1452 614 Et
1477 560 1600 614 vidit
1635 557 1775 611 Deus
1817 558 1934 626 quia
1965 554 2055 608 bo-

472 679 598 718 num
636 671 728 726 est,
769 667 875 714 etc.
909 656 1194 711 Videamus
1231 667 1360 722 ergo
1387 649 1512 720 quid
1540 648 1723 703 dicunt
1747 646 2054 714 Scriptum.

477 754 592 809 Lux
637 767 731 822 per
782 750 974 811 lucem,
1012 745 1143 816 justi
1197 758 1292 814 per
1342 742 1582 797 verbum.
1637 738 2056 791 Firmamentum

469 845 617 910 cmli,
645 840 1054 897 solidamentum
1088 836 1502 904 Scripturarum.
1542 831 1706 900 Aquae
1745 827 1844 882 sub
1872 826 2057 880 ﬁrma-

471 941 676 997 mento,
699 941 949 987 terrenus
975 929 1204 1000 populus
1229 944 1240 979 :
1270 940 1422 995 aqua:
1452 936 1610 991 supra
1640 921 2053 983 ﬁrmamentum,

473 1023 707 1081 cmicstis
728 1021 974 1092 populus.
1000 1019 1164 1073 Terra
1184 1016 1332 1070 arida
1351 1014 1419 1069 ab
1437 1012 1586 1083 aquis
1609 1011 1769 1064 maris
1790 1017 2054 1079 separata,

472 1114 667 1168 animae
691 1112 931 1167 sitientes
960 1109 1126 1164 Deum
1163 1121 1194 1161 a
1237 1104 1574 1160 multitudine
1613 1102 1928 1156 delictorum
1957 1113 2060 1153 sae-

474 1205 601 1260 culi.
641 1203 919 1260 Germinat
958 1208 1100 1255 terra
1137 1197 1358 1253 herbam
1387 1193 1566 1264 pabuli
1602 1201 1656 1247 et
1689 1192 1832 1261 ligna
1869 1189 2059 1244 fructi-

470 1297 610 1363 fera,
653 1311 815 1366 opera
846 1290 1244 1347 misericordiae.
1275 1285 1582 1342 Luminaria
1623 1286 1677 1339 in
1721 1284 2058 1366 ﬁrmamento

475 1379 622 1448 creti,
667 1363 1044 1448 praedicatores
1084 1373 1254 1438 verbi,
1295 1369 1653 1439 Evangelistre
1699 1375 1753 1422 et
1793 1363 2054 1436 Apostoli,

474 1471 618 1526 dona
657 1466 972 1538 spiritualia.
1000 1463 1354 1519 Attendamus
1378 1476 1505 1530 ergo
1528 1458 1806 1514 luminaria
1832 1458 2058 1512 circum-

474 1562 656 1617 euntia
689 1569 852 1615 totum
872 1556 1150 1622 mundum,
1175 1564 1229 1610 et
1253 1554 1427 1609 videte
1453 1550 1900 1623 quemadmodum
1932 1563 2059 1618 pro-

479 1653 674 1708 ducant
712 1666 865 1720 aquzc
894 1648 1099 1719 reptilia
1127 1647 1424 1701 animarum
1453 1645 1712 1699 vivarum.
1745 1641 2062 1696 Discurrunt

487 1741 862 1812 Evangelistm,
910 1737 1338 1808 evangelizantur
1367 1737 1628 1789 homines.
1672 1734 1810 1802 Ergo
1851 1729 2060 1813 reptilia

475 1833 774 1887 animarum
793 1831 1053 1894 vivarum,
1077 1827 1416 1882 Sacramenta
1443 1825 1828 1894 intelliguntur.
1851 1822 2060 1889 Quare?

475 1922 612 1992 Quia
642 1921 707 1975 ad
738 1922 836 1975 hoc
857 1928 980 1974 sunt
1001 1918 1344 1973 Sacramenta
1370 1916 1692 1983 necessaria,
1725 1925 1779 1969 ut
1801 1913 2061 1970 Gentibus

479 2013 931 2084 evangelizentur,
963 2019 1018 2065 et
1047 2009 1113 2064 de
1138 2009 1398 2064 Gentibus
1436 2007 1682 2063 homines
1713 2015 2060 2076 separentur;

479 2102 586 2158 hoc
611 2111 711 2168 est,
746 2109 802 2155 ut
830 2116 983 2170 aqua:
1022 2099 1316 2169 producant
1354 2098 1458 2152 illae
1492 2113 1708 2164 amarzc,
1745 2105 1798 2150 et
1823 2095 1950 2149 liaut
1979 2096 2062 2164 pi-

481 2209 601 2250 sces
621 2194 821 2249 dulces.
855 2194 1040 2262 Magna
1061 2191 1201 2245 enim
1230 2205 1317 2244 res
1346 2199 1461 2255 est;
1487 2200 1701 2259 gustare
1727 2203 1917 2257 aquam
1952 2202 2065 2240 ma-

479 2287 557 2342 ris
594 2301 753 2340 nemo
786 2294 979 2354 potest,
1021 2282 1098 2354 (a)
1129 2283 1297 2352 pisces
1328 2283 1648 2336 manducare
1674 2299 1685 2334 :
1710 2280 2063 2334 amaritudine

481 2384 793 2440 nascuntur,
836 2383 890 2430 et
918 2384 1248 2444 vegetamur.
1279 2373 1382 2427 Ista
1417 2381 1543 2426 sunt
1569 2372 1911 2426 Sacramenta
1942 2370 2062 2424 dul-

478 2467 583 2532 cia,
603 2483 721 2537 quae
749 2467 908 2520 missa
940 2473 1063 2520 sunt
1094 2481 1186 2535 per
1210 2473 1377 2518 totum
1411 2464 1688 2519 mundum.
1718 2463 1822 2537 Sed
1853 2464 2062 2533 reptilia

479 2557 728 2614 dicuntur
766 2558 1062 2611 animarum
1107 2557 1344 2609 vivarum
1377 2573 1389 2606 :
1423 2555 1659 2608 nondum
1707 2556 1884 2608 anima
1913 2556 2056 2608 viva.

484 2648 701 2717 Quare?
745 2647 858 2703 [loc
907 2647 1233 2716 aliquantum
1272 2646 1337 2700 ad
1383 2645 1780 2714 intelligendum
1833 2647 2062 2714 spissum

480 2747 585 2792 est.
614 2737 851 2792 Audistis
872 2736 1053 2801 modo,
1086 2751 1205 2789 cum
1233 2735 1392 2790 lectio
1418 2737 1704 2804 legeretur,
1730 2736 1851 2804 quia
1877 2735 2062 2789 Simon

480 2828 665 2899 Magus
703 2827 999 2896 baptizatus
1029 2836 1129 2888 est,
1168 2835 1221 2880 et
1259 2841 1365 2879 non
1401 2825 1646 2894 deposuit
1675 2826 1867 2878 malam
1910 2841 2062 2879 men-

485 2926 590 2973 tem
626 2917 760 2988 (Act.
813 2906 925 2984 vni,
958 2915 1142 2986 15-25)
1173 2933 1185 2968 :
1217 2915 1398 2970 habuit
1447 2915 1667 2968 formam
1711 2915 2058 2982 Sacramenti,

481 3005 728 3060 virtutem
772 3005 1099 3060 Sacramenti
1155 3020 1258 3058 non
1310 3004 1510 3057 habuit.
1565 3004 1700 3057 Audi
1748 3006 2060 3072 Apestolum

480 3096 606 3166 quid
630 3096 774 3151 dicat
792 3097 860 3152 de
881 3097 1058 3166 impiis
1085 3115 1096 3150 :
1128 3095 1400 3162 Habentes,
1433 3097 1620 3164 inquit,
1653 3097 1870 3164 [armum
1899 3098 2062 3166 pieta-

480 3185 564 3251 tis,
592 3185 822 3240 virtutem
842 3194 1006 3239 autem
1029 3187 1136 3256 ejus
1161 3185 1459 3254 abnegrmtes
1483 3184 1548 3257 (ll
1571 3184 1702 3237 Tim.
1727 3202 1803 3250 ιιι,
1935 3187 2062 3254 Qua:

479 3287 562 3333 est
601 3278 768 3332 forma
811 3277 1064 3348 pietatis?
1116 3276 1516 3331 Sacramentum
1555 3277 1779 3330 visibilc.
1812 3277 1940 3343 Qua:
1983 3287 2064 3331 est

484 3369 654 3423 virtus
698 3368 948 3438 pietatis?
986 3367 1268 3424 Invisibilis
1316 3369 1565 3423 charitas.
1619 3369 1756 3422 Audi
1812 3369 2060 3426 virtutem

481 3461 738 3530 pietatis:
772 3460 833 3515 Si
879 3461 1065 3532 linguis
1114 3461 1373 3514 hominum
1421 3461 1602 3532 loquar
1649 3471 1695 3514 et
1734 3461 2059 3532 Angelorum,

478 3553 773 3607 charitatem
801 3561 967 3606 autem
1003 3569 1104 3606 non
1127 3553 1356 3618 habeam,
1393 3549 1558 3620 factus
1582 3569 1695 3606 sum
1725 3562 1780 3606 ut
1813 3569 2062 3608 wramen-

481 3652 583 3698 tum
611 3659 818 3710 sonans,
851 3650 956 3698 etc.
991 3643 1056 3696 Et
1085 3643 1128 3696 si
1162 3641 1290 3696 illud
1322 3650 1375 3695 ct
1401 3641 1530 3695 illud
1566 3642 1810 3709 habeam,
1843 3644 2065 3698 charita-

479 3745 581 3788 tem
609 3745 776 3788 autem
813 3751 914 3788 non
945 3733 1176 3798 habeam,
1210 3732 1338 3786 nihil
1376 3749 1488 3786 sum
1531 3732 1573 3804 (l
1615 3732 1732 3786 Cor.
1775 3730 1893 3801 xm,
1925 3736 2059 3805 1-5).

477 3825 613 3880 Nam
637 3827 982 3881 Sacramenta
1009 3834 1192 3880 sancta
1221 3834 1274 3880 et
1301 3841 1488 3894 magna
1518 3835 1641 3880 sunt
1665 3843 1679 3880 :
1709 3827 1802 3881 sed
1833 3827 1961 3880 nihil
1983 3836 2065 3882 est

479 3916 665 3982 homo,
701 3918 744 3970 si
769 3917 1086 3970 charitatem
1117 3931 1222 3970 non
1265 3915 1476 3970 habeat.
1517 3917 1658 3987 Ergo
1686 3919 1848 3972 virtus
1877 3919 2066 3972 Sacra-

478 4009 646 4064 menti
680 4008 930 4063 Charitas.
974 4008 1142 4074 Quam
1165 4007 1478 4062 charitatem
1512 4023 1616 4062 non
1649 4009 1807 4063 habet
1847 4009 2062 4064 haareti-

484 4114 600 4167 cus,
633 4114 754 4154 cum
799 4097 939 4166 apud
982 4113 1105 4152 eum
1153 4097 1416 4151 inveniam
1443 4097 1667 4151 formam
1709 4098 2059 4154 Sacramenti.

485 4191 671 4262 Itaque
696 4205 815 4246 cum
847 4189 912 4244 ad
937 4204 1023 4244 me
1046 4189 1191 4243 venit
1225 4187 1527 4257 htereticus,
1554 4189 1735 4244 defero
1768 4192 1948 4245 formae
1970 4191 2066 4246 Sa-

477 4283 761 4348 cramenti,
813 4289 871 4335 ut
910 4296 1014 4334 non
1053 4279 1379 4349 rebaptizem
1409 4279 1541 4334 :scd
1592 4280 1758 4335 reddo
1812 4282 2063 4336 virtutem

476 4371 826 4437 Sacramenti,
849 4380 907 4426 ut
932 4371 1164 4425 radicem
1183 4369 1455 4424 charitatis
1477 4370 1762 4426 insinuem.
1793 4371 1908 4441 lpsa
1936 4387 2065 4440 ergo

475 4465 582 4520 erit
607 4465 782 4518 anima
807 4464 946 4529 viva,
978 4477 1138 4532 quam
1187 4471 1325 4516 terra
1352 4461 1615 4530 producit,
1655 4472 1712 4516 ut
1740 4464 1914 4516 anima
1947 4463 2064 4518 viva

475 4556 567 4629 sit,
590 4556 699 4627 jam
729 4555 931 4610 habens
964 4554 1219 4608 virtutem
1261 4555 1610 4610 Sacramenti.
1659 4554 1771 4608 lloc
1813 4564 1895 4609 est
1938 4571 2065 4624 ergo

475 4649 619 4721 quod
649 4649 849 4705 dictum
893 4655 996 4715 est,
1041 4645 1342 4701 Producanl
1379 4662 1524 4716 aqua:
1551 4646 1749 4718 reptilia
1780 4648 2066 4702 animarum

476 4743 724 4806 vivarum,
754 4750 860 4796 etc.

477 4832 676 4888 Anima:
693 4833 815 4886 vim
841 4833 1047 4886 creatio.
1077 4830 1261 4884 Anima
1286 4831 1412 4884 viva.
1439 4829 1608 4884 Pietas
1622 4831 1795 4886 virtus.
1812 4830 2062 4887 Charitas.

918 4901 1085 4956 Homo
1110 4902 1177 4954 ad
1205 4902 1474 4972 imaginem
1497 4901 1608 4955 Dei.

548 4992 604 5048 5.
649 4991 784 5046 Dixit
805 5009 996 5064 quoque
1025 4991 1182 5058 Deus,
1211 4990 1469 5045 Producat
1495 5001 1624 5046 terra
1651 4993 1872 5045 animam
1895 4993 2064 5047 viven-

484 5091 579 5138 tem
601 5081 655 5135 in
687 5097 863 5152 genere
888 5098 1000 5149 suo,
1028 5091 1130 5138 etc.
1155 5082 1321 5138 Sexto
1345 5082 1432 5136 die
1452 5081 1584 5135 dixit
1608 5083 1766 5146 Deus,
1804 5082 2063 5138 Producat

482 5182 616 5228 terra
643 5172 867 5226 animam
888 5173 1050 5227 vivam
1072 5190 1091 5228 :
1113 5189 1222 5229 non
1244 5173 1449 5244 reptilia
1477 5174 1770 5227 animarum
1802 5175 2061 5240 vivarum,

477 5263 574 5320 sed
613 5263 844 5317 animam
872 5264 1065 5320 vivam.
1094 5266 1162 5319 Et
1194 5265 1442 5334 produxit
1473 5273 1612 5319 terra
1645 5265 1820 5318 omnia
1850 5281 2063 5332 pecora,

479 5364 536 5411 et
563 5355 784 5420 bestias,
819 5363 873 5409 et
895 5366 1192 5426 serpentes,
1231 5363 1285 5409 et
1323 5354 1576 5425 quidquid
1607 5355 1742 5424 repit
1769 5370 1928 5424 super
1954 5364 2063 5410 ter-

480 5461 616 5502 ram.
649 5446 716 5502 Et
739 5447 860 5500 vidit
889 5446 1024 5501 Deus
1055 5448 1171 5518 quia
1211 5447 1392 5500 bonum
1421 5457 1512 5500 est.
1542 5446 1608 5500 Et
1631 5447 1757 5501 dixit
1784 5447 1941 5510 Deus,
1968 5464 2061 5502 eo-

480 5537 604 5593 dem
639 5539 727 5596 die
768 5548 942 5605 sexto,
974 5538 1187 5609 quando
1231 5538 1390 5607 ejecit
1434 5547 1573 5592 terra
1603 5539 1832 5592 animam
1864 5540 2058 5605 vivam,

485 5626 760 5684 Faciamus
800 5630 1050 5684 hominem
1078 5629 1144 5682 ad
1169 5628 1438 5695 imaginem
1469 5638 1513 5681 et
1548 5629 1923 5684 similitudinem
1967 5647 2062 5682 no-

481 5733 661 5793 sirena,
707 5737 809 5783 etc.
857 5727 1094 5783 Diximus
1133 5723 1256 5795 quia
1302 5722 1427 5778 fecit
1455 5721 1598 5778 Deus
1633 5723 1826 5790 lucem,
1871 5721 1923 5776 id
1953 5726 2054 5787 est,

470 5845 762 5962 Ραρίῖοτὲ
785 5849 927 5904 deest
951 5859 1180 5918 potest.-
1203 5854 1332 5916 Quod
1356 5861 1525 5909 censet
1540 5855 1854 5923 Morel,£lem.
1869 5861 2044 5929 Critic.,

1713 345 1770 399 S.
1812 339 2176 397 AUGUSTINI
2219 337 2516 397 EPISCOPI

3609 335 3786 392 "'38

2165 477 2350 518 omnes
2387 461 2608 517 ﬁdeles:
2635 460 2757 516 fecit
2787 460 3178 516 lirmamentum
3218 461 3272 516 in
3303 460 3517 525 mundo,
3554 461 3784 514 cmlutn

2163 553 2300 608 inter
2328 568 2491 622 aquas
2517 563 2570 608 et
2588 566 2751 622 aquas
2775 569 2790 618 ;
2824 551 2946 607 fecit
2973 551 3365 607 ﬁrmamentum
3392 552 3445 607 in
3470 551 3716 609 Ecclesia
3733 589 3760 616 ,

2162 643 2527 698 auctoritatem
2553 642 2942 712 Scripturarum
2972 643 3123 711 ’intcr
3145 643 3370 712 populos
3395 644 3768 714 Angelorun);

2161 732 2351 801 quibus
2376 731 2479 786 hoc
2503 746 2606 785 non
2627 740 2708 786 est
2729 732 3107 797 necessarium,
3130 740 3183 787 et
3199 733 3423 802 populos
3439 733 3762 796 hominum,

2162 822 2251 892 qui
2282 822 2352 875 ibi
2387 832 2687 892 qutcrerent
2724 822 2890 876 Deum
2918 839 2931 874 :
2965 821 3094 877 fecit
3120 823 3262 877 Deus
3289 823 3340 876 in
3373 823 3761 892 mundosepa-

2163 913 2421 966 rationem
2459 914 2620 966 maris
2654 928 2684 965 a
2713 921 2874 978 terra,
2905 913 3028 967 fecit
3058 913 3195 968 Deus
3223 914 3276 967 in
3306 913 3543 967 Ecclesia
3583 928 3773 983 sepa-

2163 1005 2421 1060 rationem
2445 1006 2681 1075 gentium
2709 1020 2739 1060 a
2775 1006 2944 1060 servis
2971 1005 3081 1060 suis
3107 1024 3120 1060 z
3148 1006 3260 1061 sitit
3287 1015 3427 1061 terra
3462 1008 3608 1061 arida
3637 1009 3767 1063 imo-

2163 1095 2332 1162 brem,
2360 1098 2544 1152 sitiunt
2569 1099 2816 1153 homines
2842 1098 2893 1152 in
2917 1098 3155 1153 Ecclesia
3184 1099 3408 1155 imbrem
3431 1101 3706 1156 caelestem
3740 1119 3760 1154 :

2164 1188 2414 1258 produxit
2438 1197 2578 1243 terra
2602 1188 2823 1243 herbam
2855 1188 3032 1256 pabuli
3059 1198 3113 1243 et
3137 1189 3275 1260 ligna
3299 1188 3593 1257 fructifera,
3621 1205 3774 1260 pro-

2165 1278 2368 1334 ducunt
2402 1288 2457 1333 et
2485 1279 2730 1333 homines
2765 1279 2816 1332 in
2848 1279 3084 1333 Ecclesia
3115 1295 3278 1348 opera
3323 1281 3703 1335 misericordia:
3743 1298 3765 1334 :

2168 1367 2300 1423 ﬁunt
2329 1369 2608 1423 luminaria
2650 1369 2701 1423 in
2728 1369 2886 1436 cazlo,
2916 1370 3176 1424 luminare
3218 1370 3412 1439 majus,
3449 1386 3625 1426 sermo
3661 1386 3771 1426 sa-

2165 1461 2414 1530 pientiae;
2455 1460 2719 1515 luminare
2757 1460 2964 1527 minus,
3006 1476 3184 1515 sermo
3238 1463 3512 1517 scientiae:
3557 1465 3768 1531 stellas,

2165 1551 2304 1606 dona
2334 1552 2688 1620 curationum,
2718 1552 3009 1622 prophetia:
3034 1552 3189 1618 ﬁdes,
3217 1562 3345 1618 ete.;
3366 1553 3540 1608 omnia
3567 1555 3663 1608 ista
3698 1556 3771 1610 in

2166 1643 2504 1697 ﬁrmamento
2535 1643 2677 1698 cceli.
2714 1642 2845 1697 Cum
2895 1658 3024 1712 ergo
3064 1642 3354 1712 cmpissent
3391 1644 3662 1700 ambulare
3698 1653 3773 1701 et

2165 1749 2449 1803 peragrare
2481 1743 2646 1789 totum
2685 1734 2963 1799 mundum,
2992 1743 3316 1804 generarent
3356 1751 3527 1805 aqum,
3560 1737 3608 1790 id
3639 1746 3758 1800 est,

2166 1823 2233 1878 de
2270 1823 2528 1879 Gentibus
2565 1824 2882 1879 exstiterunt
2912 1826 3122 1894 reptilia
3159 1827 3454 1880 animarum
3488 1828 3761 1896 vivarum,

2166 1915 2510 1970 Sacramenta
2542 1923 2754 1979 saneta;
2785 1926 2836 1970 et
2883 1916 3124 1970 homines
3161 1919 3458 1971 consecrati
3494 1917 3768 1972 habentes

2167 2006 2390 2061 formam
2424 2025 2435 2058 :
2466 2006 2637 2061 forma
2681 2017 2764 2062 est
2795 2009 2939 2062 enim
2976 2008 3305 2064 Sacramenti
3343 2009 3393 2063 in
3430 2008 3662 2074 homine,
3699 2020 3770 2065 et.

2167 2096 2449 2166 aliquando
2474 2098 2642 2151 virtus
2671 2098 3000 2153 Sacramenti
3040 2099 3220 2153 statim
3260 2101 3620 2169 consequitur,
3654 2101 3766 2155 sed

2163 2187 2271 2256 jam
2304 2189 2356 2241 in
2389 2197 2528 2242 terra
2557 2205 2675 2258 quae
2723 2197 2968 2258 separata
2999 2197 3115 2254 est;
3167 2189 3286 2244 ideo
3325 2189 3568 2260 producit
3606 2199 3763 2245 terra

2167 2277 2396 2330 animam
2430 2278 2622 2331 vivam.
2657 2279 2723 2332 Et
2752 2294 2935 2334 revera
2971 2280 3158 2334 fratres
3181 2281 3411 2334 animam
3434 2281 3604 2335 vivam
3630 2297 3764 2336 esse

2168 2386 2302 2439 epus
2331 2370 2986 2440 est.Aeeeperuntfratrcs
3019 2372 3342 2441 Baptismum
3373 2373 3475 2444 (a),
3501 2383 3766 2444 sequatur

2169 2460 2391 2512 formam
2433 2462 2617 2514 virtus.
2661 2461 2776 2515 Non
2817 2462 2883 2516 sit
2915 2462 3216 2530 Baptismus
3245 2463 3312 2517 ad
3345 2465 3621 2534 judicium,
3653 2466 3758 2520 sed

2170 2549 2233 2603 ad
2261 2551 2507 2604 salutem.
2540 2551 2620 2604 Ad
2645 2551 2900 2621 judicium
2947 2552 3042 2605 fuit
3077 2553 3282 2608 Simoni
3318 2555 3489 2624 Mago,
3517 2555 3580 2609 ad
3609 2557 3764 2610 mlu-

2170 2648 2275 2692 tem
2310 2641 2484 2694 Petro.
2510 2641 2796 2696 Videamus
2818 2658 2942 2712 ergo
2972 2643 3096 2712 quid
3118 2653 3200 2698 est
3226 2646 3401 2698 anima
3425 2647 3562 2712 viva,
3592 2663 3761 2716 quam

2171 2739 2308 2784 terra
2354 2731 2620 2800 produxit.
2672 2733 2942 2788 Attendite
2997 2734 3299 2800 hominem;
3335 2735 3496 2790 habet
3533 2753 3757 2806 corpus,

2171 2819 2332 2873 habet
2372 2821 2625 2874 animam.
2658 2820 2714 2876 In
2766 2823 2878 2891 ipsa
2921 2823 3095 2876 anima
3136 2825 3331 2878 multos
3371 2835 3548 2880 motus
3591 2826 3761 2882 habet

2171 2910 2371 2965 similes
2399 2912 2612 2976 bestiis;
2640 2922 2693 2967 et
2729 2913 2888 2967 habet
2916 2915 3095 2968 nescio
3126 2915 3252 2984 quid
3281 2916 3443 2982 aliud,
3478 2918 3616 2986 quod
3645 2934 3759 2972 non

2169 2997 2367 3055 habent
2403 3002 2612 3057 bestim.
2660 3002 2807 3068 Quos
2847 3015 3022 3059 motus
3069 3003 3232 3060 habet
3279 3007 3481 3062 similes
3529 3008 3764 3064 bestiis?

2169 3090 2487 3149 ltlanducare
2531 3103 2585 3149 et
2620 3095 2822 3161 bibere,
2855 3095 3092 3150 dormire
3133 3106 3185 3152 et
3223 3099 3458 3168 vigilare,
3498 3110 3553 3154 et
3591 3116 3762 3170 gene—

2170 3197 2308 3237 rare.
2344 3183 2531 3239 Nonne
2558 3200 2870 3240 communes
2896 3195 3020 3241 sunt
3040 3188 3192 3243 nobis
3219 3204 3338 3244 cum
3363 3190 3578 3245 bestiis?
3617 3193 3760 3248 Istos

2171 3285 2347 3329 motus
2374 3277 2612 3346 quisquis
2641 3278 2694 3331 in
2726 3278 2986 3332 luxuriam
3016 3281 3319 3349 projccerit,
3346 3283 3574 3336 animam
3602 3300 3758 3338 mor-

2173 3375 2313 3419 tuam
2347 3368 2527 3433 habet,
2574 3384 2680 3422 non
2729 3370 2958 3424 animam
2995 3371 3189 3425 vivam.
3233 3371 3384 3427 Unde
3423 3375 3762 3443 probamus?

2170 3457 2306 3511 Audi
2347 3460 2659 3527 Apostolum
2692 3478 2704 3514 :
2737 3461 2864 3528 Qua:
2891 3471 3056 3515 autem
3083 3463 3134 3516 in
3178 3464 3370 3519 deliciis
3413 3467 3536 3536 agit,
3581 3468 3755 3521 vivens

2169 3559 2366 3602 mortua
2396 3560 2465 3603 est
2508 3549 2564 3622 (ι
2587 3551 2715 3604 Tim.
2747 3568 2800 3619 v,
2834 3553 2912 3623 6).
2943 3554 3078 3620 Quid
3119 3563 3205 3610 est
3246 3571 3404 3626 agerc
3443 3559 3492 3610 in
3524 3557 3749 3626 deliciis,

2170 3643 2268 3697 nisi
2300 3643 2419 3698 illos
2445 3654 2618 3698 motus
2640 3645 2851 3713 animm,
2875 3661 3008 3714 quos
3024 3663 3332 3704 communes
3355 3650 3610 3706 habemus
3629 3667 3755 3706 cum

2170 3734 2480 3803 pecudibus,
2527 3737 2707 3790 laxare
2751 3737 2804 3791 in
2851 3739 3150 3807 voluptates
3195 3749 3248 3794 et
3294 3744 3756 3812 concupiscentias

2170 3823 2572 3890 immoderatas,
2598 3827 2649 3880 in
2677 3828 3038 3894 voracitatcm,
3068 3830 3120 3883 in
3151 3831 3480 3898 ebrietatem,
3515 3835 3562 3886 in
3587 3833 3757 3889 forni—

2169 3918 2456 3983 cationem,
2488 3921 2538 3973 in
2575 3921 3024 3974 somnolentiam?
3058 3922 3111 3976 ln
3140 3923 3344 3978 deliciis
3371 3935 3531 3994 agunt
3557 3926 3643 3995 qui
3676 3927 3758 3982 sic

2169 4011 2379 4076 vivunt;
2413 4012 2506 4067 sed
2535 4013 2636 4066 vivi
2659 4014 2852 4067 mortui
2876 4023 3018 4068 sunt.
3047 4015 3100 4070 Si
3127 4026 3301 4069 autem
3325 4019 3758 4086 constringantur

2172 4102 2285 4157 istae
2317 4118 2505 4158 omnes
2544 4105 2873 4169 affectiones,
2924 4115 2979 4161 et
3022 4108 3109 4161 isti
3151 4118 3327 4163 motus
3372 4120 3648 4165 teneantur
3682 4113 3754 4167 ad

2170 4197 2486 4262 castitatem,
2519 4197 2584 4250 ad
2610 4199 3011 4264 continentiam,
3046 4201 3290 4270 producit
3316 4211 3454 4257 terra
3482 4205 3710 4258 animam
3735 4223 3750 4270 ;

2172 4304 2289 4358 qua:
2315 4290 2435 4360 quia
2459 4301 2662 4344 mortua
2691 4301 2805 4345 erat
2829 4292 2881 4346 in
2907 4293 3129 4357 deliciis,
3159 4303 3319 4349 restat
3346 4305 3401 4349 ut
3427 4296 3690 4351 refrenata
3721 4314 3755 4351 a

2173 4379 2377 4435 deliciis
2421 4382 2636 4452 incipiat
2672 4383 2868 4448 vivere,
2911 4394 2965 4439 et
3007 4385 3200 4441 habere
3231 4388 3474 4443 virtutem
3521 4391 3750 4458 pietatis.

2171 4473 2298 4539 Qua:
2332 4483 2414 4528 est
2439 4483 2617 4528 autem
2646 4476 2812 4530 virtus
2841 4478 3089 4545 pietatis?
3131 4479 3378 4534 Charitas
3423 4483 3474 4534 in
3502 4483 3665 4536 Deum
3699 4494 3756 4538 et

2169 4564 2491 4633 proximum.
2518 4565 2614 4632 Qui
2646 4574 2819 4620 autem
2849 4567 3008 4622 habet
3030 4567 3363 4638 charitatem,
3398 4571 3627 4625 refrenat
3657 4590 3756 4641 per

2171 4655 2329 4710 ﬁdem
2352 4671 2538 4710 omnes
2561 4657 2825 4723 libidines,
2849 4673 3037 4712 omnes
3063 4662 3538 4729 concupiscentias,
3565 4677 3755 4719 omnes

2173 4757 2346 4801 motus
2373 4747 2534 4800 animi
2568 4749 2670 4812 sui,
2693 4765 2824 4817 quos
2852 4765 3163 4804 communes
3200 4752 3358 4806 habet
3386 4769 3506 4807 eum
3537 4756 3756 4823 pecudi—

2171 4836 2291 4902 bus,
2337 4837 2440 4890 erit
2483 4839 2656 4890 anima
2697 4839 2832 4891 viva.
2877 4840 2940 4892 Et
2983 4842 3220 4910 sequitur
3267 4853 3320 4895 ut
3345 4843 3451 4911 jam
3495 4845 3756 4901 formetur

2172 4926 2332 4980 homo
2369 4927 2435 4981 ad
2465 4929 2748 4998 imaginem
2789 4938 2843 4983 et
2883 4931 3282 4987 similitudinem
3309 4933 3423 4988 Dei.
3469 4934 3756 4990 Formatur

2171 5029 2343 5072 autem
2367 5018 2500 5073 cum'
2518 5021 2694 5074 omnia
2725 5021 2843 5086 ista,
2874 5039 2992 5092 qua:
3019 5023 3158 5078 dicta
3197 5034 3340 5090 sunt,
3370 5026 3435 5080 ad
3468 5027 3610 5080 illum
3649 5027 3750 5082 ho-

2171 5114 2367 5167 minem
2397 5112 2841 5167 concluduntur‘.
2873 5114 3005 5181 Quia
3045 5122 3099 5170 et
3137 5113 3260 5169 fecit
3295 5116 3436 5170 Deus
3462 5117 3654 5183 lucem,
3683 5119 3755 5175 de

2171 5206 2383 5261 homine
2408 5206 2604 5261 dictum
2626 5216 2708 5260 est
2729 5207 2778 5260 in
2802 5207 3036 5261 Ecclesia
3064 5226 3075 5260 :
3105 5217 3158 5262 et
3183 5208 3306 5262 fecit
3333 5208 3748 5278 ﬁrmamentum,

2171 5307 2383 5366 propter
2406 5296 2672 5351 hominem
2699 5298 2983 5350 auctoritas
3009 5297 3397 5366 Scripturarum
3419 5316 3434 5354 :
3459 5311 3510 5355 et
3540 5318 3753 5372 separa-

2174 5390 2246 5441 vit
2272 5403 2433 5456 aquas
2458 5404 2487 5441 a
2515 5398 2673 5452 terra,
2703 5387 2898 5443 Gentes
2924 5404 2951 5440 a
2984 5390 3323 5444 credentibus
3353 5409 3365 5447 :
3397 5400 3450 5445 et
3479 5394 3749 5461 germina-

2170 5479 2242 5530 \‘il
2275 5487 2408 5531 terra
2455 5477 2670 5531 herbam
2705 5477 2899 5546 pabuli,
2929 5493 3090 5547 opera
3135 5480 3515 5542 misericordiae
3547 5499 3559 5536 :
3588 5491 3641 5538 et
3666 5483 3753 5537 lu-

2172 5570 2313 5623 mina
2343 5567 2396 5622 in
2425 5569 2579 5634 cmlo,
2603 5568 2948 5640 Evangelistaa
2978 5571 3146 5624 sancti
3176 5570 3227 5624 in
3251 5569 3466 5626 homine
3497 5590 3510 5626 :
3543 5581 3596 5627 et
3623 5586 3748 5644 pro-

2252 5762 2268 5796 ί
2293 5768 2448 5823 Forte,
2471 5762 2537 5813 ad
2556 5761 2844 5815 intellectum
2864 5764 3064 5819 hamatis
3087 5767 3460 5833 cmtjunguntur.

2251 5843 2328 5907 (a)
2349 5843 2524 5897 tmticat
2544 5857 2719 5900 recens
2737 5849 3009 5914 baptizatos.
