4006 6454
177 431 326 484 dnxit
357 437 495 485 terra
527 425 712 500 reptile
752 427 1044 484 animarum
1075 427 1334 494 vivarum,
1369 431 1755 498 Sacramenta;

178 533 233 574 et
263 521 364 576 hoc
391 522 442 574 in
475 519 807 576 hominibus:
833 529 1015 589 postea
1039 519 1284 590 produxit
1313 523 1540 576 animam
1563 523 1757 590 vivam,

179 611 566 666 refrenationes
593 611 830 666 omnium
861 611 1170 678 libidinum;
1201 621 1256 667 et
1285 612 1388 666 hoc
1439 613 1489 667 in
1521 613 1758 670 homine.

179 701 349 772 Junge
382 703 479 757 ista
506 702 683 758 omnia
707 702 772 757 ad
813 703 1135 758 intellectum
1159 719 1172 769 ;
1216 713 1268 760 et
1299 703 1471 760 factus
1493 715 1576 761 est
1605 709 1764 761 homo

181 795 252 849 ad
293 797 572 864 imaginem
609 805 662 851 et
691 797 1090 852 similitudinem
1125 798 1238 852 Dei.
1271 799 1499 854 Attende
1530 799 1672 854 unde
1703 799 1762 853 il-

183 885 276 939 lud
321 887 624 956 probemus.
657 887 780 942 Ideo
820 887 886 942 de
925 889 1145 958 singulis
1186 889 1412 955 dicebat,
1453 889 1590 944 Vidit
1629 891 1766 946 Deus

181 979 304 1046 quia
330 977 512 1032 bonum
551 987 643 1034 est.
685 978 908 1045 Quando
937 990 1115 1034 autem
1155 980 1281 1035 fecit
1323 997 1435 1036 rem
1465 983 1762 1050 meliorem,

183 1083 296 1122 non
337 1069 468 1124 vidit
492 1069 614 1137 quia
647 1071 834 1124 melior
873 1069 1008 1124 facta
1034 1081 1134 1125 est.
1163 1071 1266 1126 Sed
1313 1072 1366 1125 in
1409 1073 1524 1141 ipso
1549 1073 1766 1128 homine

182 1159 458 1214 concludit
481 1162 658 1214 omnia
688 1177 804 1231 qua:
833 1161 964 1214 facta
991 1169 1133 1226 sunt,
1172 1171 1224 1215 ct
1252 1161 1448 1214 dictum
1492 1171 1593 1228 est,
1633 1162 1768 1216 Vidit

181 1247 328 1305 Deus
369 1253 540 1304 omnia
565 1267 676 1321 qua:
715 1253 851 1322 fecit,
881 1261 928 1304 et
962 1267 1072 1304 ecre
1098 1251 1226 1304 bona
1255 1250 1416 1306 valde.
1451 1251 1766 1307 Iamdudum

184 1340 402 1396 diccbat
435 1341 502 1396 de
541 1342 783 1412 singulis,
815 1342 935 1410 quia
963 1343 1100 1394 bona
1141 1351 1359 1404 essent;
1389 1343 1604 1397 homine
1632 1343 1770 1398 facto

183 1433 364 1486 omnia
397 1433 705 1486 nominavit.
739 1431 1052 1502 Intelligitur
1077 1433 1196 1502 quia
1225 1435 1310 1486 illa
1356 1435 1559 1502 singula
1596 1434 1647 1488 in
1677 1433 1771 1488 ho-

182 1526 334 1578 mine
371 1526 548 1578 omnia
587 1524 946 1578 inveniuntur.
993 1523 1196 1589 Qnu‘ris
1237 1524 1288 1578 in
1321 1524 1532 1578 homine
1559 1524 1774 1578 lucem?

183 1615 401 1670 Iuvenis
431 1615 608 1668 fidem.
635 1613 840 1681 Quaeris
871 1613 1297 1668 firmamentum?
1339 1614 1544 1668 Iuvenis
1592 1621 1772 1668 aucto-

183 1707 402 1760 ritatem
437 1707 853 1775 Scripturarnm.
899 1705 1106 1770 aneris
1151 1707 1566 1774 scgregationem
1607 1719 1771 1775 aqua-

185 1797 350 1852 rum?
381 1797 586 1850 Iuvenis
615 1795 826 1850 ﬁdelem
849 1805 1182 1865 segregatum
1214 1811 1242 1848 a
1269 1795 1544 1851 Gentibus.
1569 1795 1773 1866 Quaeris

187 1889 452 1959 pullulare
491 1887 710 1942 herbam
753 1895 808 1941 et
849 1887 988 1956 ligna
1025 1885 1328 1942 fructifera?
1375 1886 1581 1940 Iuvenis
1611 1901 1772 1955 opera

185 1979 352 2042 bona,
393 1993 556 2046 opera
598 1978 999 2033 misericordiae.
1041 1977 1246 2045 Quzeris
1295 1978 1572 2032 luminaria
1617 1977 1774 2032 creti?

187 2071 402 2126 Iuvenis
433 2070 814 2139 Evangelistas.
843 2069 1050 2136 Qmeris
1079 2069 1286 2138 reptilia
1307 2071 1602 2122 animarum
1631 2069 1778 2123 viva-

188 2161 350 2217 rum?
395 2161 606 2216 Iuvenis
646 2161 1006 2214 Sacramenta.
1041 2159 1244 2227 Quzeris
1290 2161 1520 2214 animam
1559 2159 1776 2214 vivam?

129 2257 142 2272 '
187 2255 404 2310 Iuvenis
440 2252 840 2308 continentiam.
871 2252 1076 2319 Quaeris
1109 2251 1160 2306 in
1205 2251 1420 2306 homine
1467 2251 1776 2306 hominem?

189 2349 408 2404 Iuvenis
439 2347 722 2417 imaginem
753 2355 808 2401 et
844 2346 1244 2400 similitudinem
1273 2345 1387 2398 Dei.

193 2437 282 2494 Ea:
309 2439 552 2494 Sermone
591 2437 652 2490 de
689 2435 1113 2506 Quinquagesima
1147 2434 1554 2498 resurrectionis,
1587 2433 1778 2487 Florus

821 2525 889 2578 ad
916 2525 934 2579 I
965 2524 1082 2579 Cor.
1111 2541 1149 2578 ι.

267 2589 584 2676 ιίιῖηιίιίιιωε
609 2627 690 2675 est
727 2619 983 2673 Dominus
1005 2617 1252 2672 Christus
1271 2659 1285 2684 ,
1315 2625 1374 2672 ut
1399 2633 1518 2672 esse
1547 2618 1776 2673 humiles

189 2725 541 2766 noscercmus
581 2729 594 2764 :
631 2715 921 2780 conceptus
960 2717 1042 2763 est
1071 2709 1351 2764 continens
1377 2709 1553 2762 omnia
1577 2749 1592 2774 ,
1621 2716 1776 2762 natus

193 2811 282 2859 est
311 2803 530 2872 gignens
555 2801 752 2864 omnia,
785 2807 1025 2854 mortuus
1044 2807 1126 2854 est
1147 2799 1416 2854 viviticans
1441 2799 1616 2852 omnia
1645 2815 1658 2850 :
1684 2797 1777 2851 sed

193 2903 317 2963 post
361 2892 592 2945 triduum
641 2891 959 2953 resurrexit,
1003 2897 1058 2943 et
1094 2889 1333 2944 ascendit
1373 2891 1424 2942 in
1467 2891 1696 2954 malum,
1726 2897 1778 2944 et

193 2986 483 3038 humanam
510 2997 666 3052 quam
695 2989 1001 3051 susceperat
1035 2997 1269 3048 carnem,
1300 2981 1364 3034 ad
1390 2981 1561 3035 Patris
1589 2981 1776 3036 dexte-

193 3089 312 3130 ram
339 3075 637 3128 colloeavit.
667 3073 905 3127 Mirabile
934 3083 1014 3127 est
1039 3115 1052 3136 ,
1083 3072 1302 3140 fratres,
1325 3081 1378 3126 ct
1402 3071 1502 3126 hoc
1532 3083 1613 3126 est
1635 3071 1778 3142 quod

192 3165 417 3220 credere
455 3165 602 3234 impii
629 3165 848 3228 nolunt;
889 3163 1132 3217 mirabile
1166 3171 1248 3217 est
1289 3161 1554 3217 hominem
1595 3177 1778 3216 resur-

193 3257 402 3311 rexisse
429 3255 482 3309 in
512 3269 690 3320 carne,
719 3263 772 3309 et
803 3255 854 3308 in
881 3255 1072 3308 etelum
1099 3253 1400 3308 ascendisse
1425 3269 1544 3308 cum
1577 3269 1736 3308 carne
1760 3271 1792 3309 :-

192 3351 294 3405 sed
329 3351 495 3405 multo
529 3357 612 3404 est
647 3349 940 3403 mirabilius
965 3391 979 3414 ,
1011 3357 1177 3402 totum
1217 3347 1472 3402 mundum
1511 3363 1626 3402 rem
1670 3355 1776 3402 tam

193 3439 560 3495 incredibilem
581 3439 894 3494 credidisse.
931 3438 1068 3506 Quid
1093 3447 1175 3492 est
1209 3437 1570 3492 incredibilius
1611 3437 1776 3493 Deum
1813 3497 1824 3508 κ

193 3532 322 3586 talia
345 3531 536 3588 fecisse
555 3572 570 3596 ,
597 3545 662 3585 an
689 3531 943 3585 mundum
972 3529 1192 3584 credere
1224 3529 1493 3598 potuisse?
1529 3527 1666 3596 Quid
1689 3571 1701 3592 ,
1733 3530 1776 3583 si

191 3635 250 3680 et
291 3625 402 3696 ipse
449 3623 642 3678 modus
683 3623 1050 3678 consideretur
1089 3637 1119 3676 a
1164 3621 1316 3676 nobis
1343 3664 1358 3690 ,
1407 3636 1513 3692 quo
1556 3619 1780 3675 credidit

193 3713 430 3769 mundus
447 3714 472 3766 ?
493 3715 650 3768 etiam
681 3713 794 3784 ipse
819 3727 946 3767 vere
972 3713 1182 3766 divinus
1205 3712 1519 3777 advertitur,
1547 3710 1778 3765 etvalde

193 3807 460 3862 mirabilis
491 3804 774 3860 invenitur.
805 3805 1100 3859 Ineruditos
1127 3803 1433 3858 liberalibus
1461 3803 1774 3870 disciplinis,

193 3905 254 3953 et
283 3896 502 3952 omnino
537 3903 792 3966 quantum
821 3894 888 3948 ad
921 3895 1099 3948 saeculi
1129 3893 1398 3947 doctrinas
1421 3891 1654 3962 pertinet
1681 3891 1780 3944 im-

195 3987 424 4059 politos,
453 4000 560 4039 non
587 3985 786 4054 peritos
810 3983 1152 4053 grammatica
1171 4023 1186 4048 ,
1219 3997 1323 4036 non
1355 3993 1590 4036 armatos
1616 3981 1780 4036 diale.

193 4082 368 4146 ctica,
397 4079 690 4148 piscatores
711 4075 954 4130 Christus
979 4089 1097 4129 cum
1125 4075 1327 4129 retibus
1365 4073 1486 4128 ﬁdei
1526 4073 1592 4126 ad
1633 4089 1780 4128 mare

195 4169 380 4226 surculi
437 4168 784 4237 paucissimos
837 4167 1002 4220 misit.
1045 4165 1184 4231 Quid
1228 4165 1347 4219 dico
1394 4165 1780 4234 paucissimos?

199 4259 492 4316 Duodecim
531 4258 708 4322 misit;
747 4265 802 4312 et
841 4265 1014 4311 tamen
1057 4273 1151 4326 per
1175 4271 1269 4311 eos
1307 4257 1383 4310 sic
1413 4257 1555 4310 omni
1585 4253 1792 4326 genere

199 4353 426 4422 piscium
455 4349 692 4418 implevit
717 4347 1004 4410 Ecclesias,
1037 4355 1094 4402 ut
1117 4347 1334 4417 plurimi
1365 4347 1523 4401 etiam
1559 4363 1624 4400 ex
1655 4347 1780 4416 ipsis

199 4439 532 4511 sapientibus
549 4438 750 4505 sreculi,
771 4439 962 4508 quibus
979 4439 1260 4493 videbatur
1276 4438 1626 4508 ignominiosa
1651 4455 1780 4494 crux

199 4531 437 4598 Christi,
469 4545 531 4585 ea
559 4529 612 4584 in
641 4529 812 4584 fronte
835 4530 1141 4600 signentur;
1165 4529 1308 4584 etde
1332 4545 1434 4599 qua
1459 4531 1780 4586 erubescen-

200 4623 330 4678 dum
357 4619 634 4692 putabant,
663 4620 923 4690 nobisque
949 4621 1300 4690 insultabant,
1331 4635 1450 4676 eam
1479 4621 1531 4675 in
1565 4621 1779 4692 pudoris

199 4727 330 4770 arce
357 4711 702 4768 constituant.

201 4878 288 4934 Ea:
318 4877 562 4934 Sermone
579 4881 648 4931 de
668 4877 912 4946 Apostolo
941 4875 1110 4928 Paulo
1129 4915 1146 4940 ,
1179 4875 1234 4928 in
1260 4873 1578 4930 conuersione
1601 4877 1780 4945 cujus-

391 4967 508 5020 dam
539 4964 720 5020 Fausti
746 4965 931 5036 pagani
949 5005 964 5028 ,
997 4962 1184 5018 Florus
1208 4963 1276 5017 ad
1303 4963 1454 5019 Rom.
1488 4979 1600 5018 xw.

272 5059 382 5116 Cor
409 5057 638 5114 hominis
668 5073 766 5114 nec
794 5056 979 5113 videre
1007 5071 1284 5127 possumus
1303 5095 1318 5120 ,
1355 5071 1452 5112 nec
1479 5055 1778 5111 ostendere.

203 5151 346 5206 Deus
373 5150 522 5216 dicit,
547 5149 674 5214 Quae
701 5149 872 5220 palam
895 5157 1014 5204 sunt
1033 5189 1048 5215 ,
1083 5147 1254 5210 vobis;
1276 5162 1388 5217 qua:
1412 5147 1606 5200 occulta
1629 5155 1748 5201 sunt
1763 5187 1780 5214 ,

204 5244 352 5298 mild.
398 5242 594 5299 Paulus
621 5242 749 5297 dicit
775 5241 1094 5311 Apostolus,
1127 5259 1146 5292 ι
1182 5239 1426 5304 Fratres,
1461 5239 1626 5294 nolite
1659 5248 1784 5296 ante

211 5351 230 5384 σ
265 5343 476 5403 tempus
495 5332 733 5402 judicare
757 5331 1043 5402 quidquam
1063 5369 1078 5395 ,
1104 5329 1274 5384 donec
1293 5327 1468 5384 veniat
1491 5329 1746 5382 Dominus
1764 5369 1780 5396 ,

213 5441 233 5476 ι
265 5433 320 5480 et
345 5423 610 5478 illuminct
629 5421 940 5477 abscondita
967 5419 1324 5484 tenebrarum,
1347 5427 1400 5474 et
1425 5418 1786 5474 manifestabit

214 5532 232 5566 I
265 5516 618 5588 cogitationes
639 5513 914 5581 cordium;
949 5521 1000 5568 et
1031 5521 1156 5568 tunc
1175 5515 1286 5568 laus
1315 5513 1418 5568 erit
1446 5511 1730 5581 unicuique
1753 5509 1786 5566 ὲ

215 5624 233 5656 α
269 5605 380 5662 Deo
415 5625 436 5658 ι
467 5605 522 5676 (l
547 5603 666 5660 Cor.
697 5617 752 5659 tv
775 5641 791 5671 ,
824 5603 900 5674 5).
929 5601 1046 5657 Non
1079 5611 1229 5672 potes
1259 5603 1518 5671 inspicere
1545 5615 1637 5656 cor
1664 5601 1785 5656 novi

209 5697 504 5753 christiani.
545 5695 702 5764 Quid,
731 5709 824 5751 cor
849 5693 1044 5751 veteris
1067 5693 1338 5750 christiani
1365 5693 1554 5764 potes?
1583 5693 1786 5750 Dicturl

1393 319 1810 376 FRAGMENTA
1850 321 2242 381 SERMONUM.

3315 331 3454 390 1730

1871 435 2032 502 estis,
2069 435 2171 491 Sed
2201 451 2265 490 ex
2303 437 2618 495 necessitate
2660 439 2902 496 credidit.
2944 441 3129 498 Posset
3164 451 3218 499 et
3256 441 3324 500 de
3359 445 3455 501 illo

1871 525 2009 592 dici,
2036 526 2234 598 dequo
2263 531 2418 598 paulo
2456 539 2582 586 ante
2621 531 3003 602 loquebamur,
3041 534 3142 602 Qui
3179 537 3321 607 prius
3355 535 3456 594 fuit

1873 615 2212 686 blasphemus,
2243 629 2292 674 et
2317 631 2620 691 persecutor,
2647 633 2692 676 et
2719 625 2992 694 injuriosus
3015 627 3066 698 (I
3101 627 3230 680 Tim.
3259 645 3308 696 ι,
3337 631 3452 703 15).

1874 707 1936 761 Et
1969 708 2066 776 ipsi
2093 709 2235 763 enim
2267 711 2508 780 quaedam
2533 715 2822 769 necessitas
2849 716 3074 785 impacta
3101 727 3184 773 est
3213 721 3458 778 :cazlesti

1873 815 2004 854 voce
2033 810 2324 870 prostratus
2349 812 2460 870 est;
2501 813 2556 858 ut
2581 805 2760 860 lumen
2789 807 3039 876 haberet,
3069 810 3242 866 lumen
3277 813 3456 882 perdi-

1873 891 1970 945 dit.
2001 892 2200 948 Minarc
2239 895 2378 964 quod
2419 897 2690 964 volueris,
2736 909 2790 954 ct
2825 911 3081 970 quantum
3120 905 3350 960 volueris
3388 907 3457 962 da

1875 983 2090 1039 cuilibet
2115 985 2314 1040 homini
2343 1005 2355 1040 :
2385 989 2510 1056 quid
2541 991 2748 1045 dulcius
2773 991 2870 1046 ista
2900 993 3058 1048 luce?
3084 995 3250 1062 Quam
3279 1007 3458 1055 tamen

1875 1077 2070 1134 Paulus
2097 1081 2194 1135 nisi
2231 1083 2580 1152 perdidisset,
2610 1094 2862 1141 aeternam
2893 1103 2998 1142 non
3037 1089 3349 1159 accepisset.
3385 1091 3460 1146 De

1877 1173 2196 1228 necessitate
2230 1175 2474 1233 credidit.
2501 1177 2638 1244 Quid
2677 1179 2891 1232 timuit?
2925 1182 3138 1236 Dicatur
3171 1183 3300 1250 mihi
3330 1181 3460 1253 quid

1879 1261 2070 1315 timuit.
2096 1263 2397 1318 Clamautes
2418 1267 2578 1320 oves?
2603 1266 2742 1322 Oves
2769 1269 3000 1323 clamare
3027 1281 3277 1339 possunt,
3310 1287 3460 1326 mor-

1877 1349 2006 1405 dere
2035 1367 2138 1406 non
2163 1365 2403 1423 possunt.
2431 1355 2608 1410 Potuit
2631 1366 2684 1411 et
2707 1357 2756 1410 in
2781 1359 2895 1427 ipso
2915 1359 3146 1414 clamore
3167 1361 3342 1416 oviu‘m
3367 1363 3458 1417 Dei

1878 1441 2156 1498 advertere
2181 1445 2402 1514 gloriam
2427 1447 2540 1512 Dei,
2565 1457 2618 1501 et
2649 1449 2838 1502 timere
2863 1449 3118 1517 judiciqu
3152 1451 3267 1505 Dei.
3300 1452 3458 1506 Exci-

1880 1541 2022 1587 tatus
2043 1545 2120 1588 est
2144 1549 2172 1588 a
2198 1551 2385 1590 somno
2415 1538 2643 1606 quodam
2673 1539 2854 1606 modo,
2883 1549 2940 1592 ut
2969 1541 3334 1594 consideraret
3363 1541 3462 1594 im-

1879 1623 2012 1692 pleri
2037 1625 2102 1679 dc
2122 1625 2336 1680 Christo
2359 1643 2476 1696 qua:
2497 1638 2618 1683 sunt
2640 1629 2892 1700 przedicta
2912 1631 2978 1684 de
2997 1629 3232 1698 Christo,
3259 1639 3460 1686 tantum

1879 1729 2037 1784 posse
2064 1731 2255 1770 nomen
2287 1718 2515 1783 Christi,
2548 1729 2748 1774 tantum
2779 1723 3070 1790 praevalere
3097 1723 3315 1792 gloriam
3341 1725 3459 1778 Dei.

1881 1803 2062 1874 Itaque
2092 1805 2327 1862 breviter
2353 1809 2472 1862 dico
2502 1809 2756 1864 Charitati
2785 1821 3011 1876 vestrze;
3046 1813 3336 1867 Ecclesium
3369 1815 3462 1870 Dei

1881 1896 2142 1966 alloquor,
2169 1900 2420 1968 populum
2451 1901 2544 1953 Dei
2570 1901 2812 1970 alloquor
2841 1901 2932 1955 :Si
2957 1901 3202 1966 credidit,
3233 1911 3286 1956 tu
3314 1903 3464 1958 inve-

1881 1987 2034 2052 nisti;
2072 1989 2115 2041 si
2144 1989 2320 2042 timuit
2340 2029 2356 2055 ,
2389 1999 2443 2043 tu
2471 1991 2660 2045 vicisti.
2695 1991 2912 2045 Interim
2931 2033 2946 2057 ,
2977 1991 3196 2058 fratres,
3225 1993 3292 2046 ad
3321 1993 3464 2063 quod

1882 2087 2104 2148 possunt
2137 2079 2418 2144 homines,
2457 2078 2596 2134 ultra
2637 2081 2790 2136 nobis
2829 2097 2934 2134 non
2975 2097 3294 2152 nsurpemus
3321 2085 3462 2154 quod

1881 2181 2196 2223 concessum
2229 2185 2336 2224 non
2364 2177 2467 2224 est.
2491 2171 2778 2239 Apostolus
2797 2171 2925 2225 dicit
2959 2189 2971 2224 :
2998 2171 3270 2241 Inﬁrmum
3294 2185 3464 2228 autent

1881 2257 1934 2310 in
1951 2257 2066 2326 .[ide
2103 2259 2338 2328 recipite,
2384 2275 2486 2313 non
2527 2261 2580 2312 in
2619 2261 3060 2326 diiudicationibus
3105 2263 3464 2332 cogitationum

1887 2349 2058 2420 (Rom.
2093 2367 2199 2416 xxv,
2231 2351 2306 2421 l).
2339 2351 2452 2405 Non
2481 2353 2634 2407 nobis
2663 2367 2980 2422 nsurpemus
3003 2353 3290 2423 diiudicare
3314 2357 3462 2426 cogi-

1883 2443 2110 2498 tationes
2125 2445 2348 2498 aliorum
2369 2461 2382 2496 :
2401 2445 2494 2498 sed
2515 2445 2622 2498 Deo
2640 2447 2971 2512 praebeamus
2991 2448 3338 2517 cogitationes
3365 2467 3464 2505 no-

1884 2541 2042 2596 stras,
2062 2532 2219 2586 etiam
2243 2549 2339 2602 pro
2361 2534 2462 2588 illis
2482 2534 2549 2588 de
2569 2535 2760 2604 quibus
2779 2537 2910 2590 forte
2927 2537 3118 2606 aliquid
3138 2539 3460 2596 dubitamus.

1883 2619 2043 2675 Forte
2060 2622 2262 2676 dubitat
2275 2622 2470 2692 aliquid
2487 2623 2690 2678 novitas
2709 2619 2893 2694 ipsius.
2911 2627 3098 2682 Amate
3111 2628 3466 2684 abundantius

1882 2711 2212 2768 dubitantem
2240 2731 2252 2766 :
2275 2729 2456 2768 amore
2479 2721 2660 2766 vestro
2687 2725 2868 2770 curate
2890 2715 2956 2770 de
2979 2716 3138 2772 corde
3161 2717 3352 2772 iutirmi
3371 2719 3468 2773 du—

1887 2801 2214 2856 bitationem.
2231 2801 2538 2858 Interiorem
2557 2802 2742 2858 faciem
2759 2804 2955 2870 videte,
2971 2805 3036 2860 de
3052 2821 3150 2876 qua
3170 2807 3463 2876 gaudeatis;

1885 2905 1979 2944 cor
2007 2892 2112 2944 Deo
2137 2891 2470 2957 committite,
2487 2908 2585 2962 pro
2607 2908 2710 2962 quo
2731 2895 2914 2948 oretis.
2934 2893 3124 2950 Sciatis
3145 2911 3264 2950 eum
3291 2897 3464 2952 deseri

1884 2997 1914 3034 a
1929 2982 2102 3048 malis,
2118 2982 2478 3050 suscipiatura
2493 2981 2659 3035 vobis.
2677 2983 2801 3036 Plus
2818 2993 2990 3038 amate
3011 2985 3465 3055 hominem,quam

1885 3072 2030 3140 prius
2057 3071 2288 3126 odoratis
2316 3087 2571 3126 errorem.
2605 3073 2692 3126 Sic
2719 3075 2864 3128 venit
2901 3074 3145 3129 Christus
3183 3092 3354 3148 argros
3379 3092 3466 3132 sa-

1887 3163 2108 3230 nare,de
2122 3181 2224 3233 quo
2239 3164 2578 3234 Evangelium
2597 3165 2896 3218 audivimus
2913 3185 2924 3218 :
2940 3184 2954 3215 ι
2970 3165 3099 3234 Quia
3117 3183 3219 3222 non
3235 3176 3318 3222 est
3331 3183 3467 3238 opus

1891 3273 1912 3308 ι
1937 3257 2082 3309 sanis
2103 3255 2357 3320 medicus,
2375 3255 2466 3310 sed
2487 3256 2626 3309 male
2649 3255 2993 3311 habentibus:
3024 3257 3236 3326 (Matth.
3265 3259 3464 3330 tx,t‘2).

1891 3363 1912 3396 ι
1951 3347 2016 3399 Ει
2053 3345 2169 3416 quis
2209 3355 2290 3399 est
2319 3345 2478 3399 homo
2503 3347 2590 3414 qui
2623 3361 2741 3400 eum
2775 3347 3064 3416 perdiderit
3095 3363 3250 3402 unam
3279 3365 3466 3416 ovem,

1891 3455 1912 3488 α
1947 3451 2123 3491 nonne
2153 3437 2402 3504 relinquit
2443 3437 2726 3506 nonaginta
2765 3453 2952 3491 novem
2985 3438 3036 3491 in
3082 3440 3383 3506 mentibus,
3415 3451 3470 3496 et

1892 3546 1910 3579 r
1948 3529 1988 3583 it
2012 3544 2252 3598 quaerere
2283 3543 2440 3580 unam
2480 3543 2598 3596 quae
2639 3528 2866 3596 perierat
2891 3567 2904 3594 ,
2949 3537 3002 3582 et
3045 3545 3165 3582 cum
3209 3529 3470 3584 invenerit

1893 3638 1912 3672 ι
1945 3619 2139 3690 gaudet
2168 3619 2233 3673 dc
2267 3619 2394 3672 illa?
2421 3619 2508 3672 Sic
2537 3619 2730 3687 gaudet
2757 3617 2916 3672 Pater
2944 3635 3095 3673 meus
3125 3619 3190 3674 de
3217 3637 3323 3676 uno
3353 3637 3470 3691 pte-

1892 3727 1912 3760 ‹
1950 3709 2149 3763 nitente
2171 3750 2184 3776 ,
2218 3725 2374 3778 quam
2401 3709 2468 3763 dc
2494 3709 2780 3776 nonaginta
2803 3723 3007 3774 (novem
3044 3709 3234 3778 jnstis,
3274 3713 3468 3780 quibus

1892 3816 1912 3850 ι
1949 3813 2056 3852 non
2084 3807 2166 3874 est
2193 3813 2324 3868 opus
2341 3798 2653 3867 ptenitentia
2684 3817 2702 3849 ι
2737 3797 2845 3871 (Id.
2871 3815 2996 3852 xviu
3015 3839 3030 3866 ,
3053 3799 3244 3866 l2-l4,
3272 3811 3318 3854 et
3341 3802 3467 3856 Luc.

1888 3907 1982 3958 xv,
2010 3893 2146 3960 4-7).
2171 3891 2258 3946 Sic
2284 3907 2502 3961 prorsus
2527 3892 2671 3946 venit
2693 3893 2936 3946 Christus
2958 3907 3130 3962 azgros
3159 3908 3368 3960 sanare,
3393 3895 3469 3950 sic

1886 3998 1944 4038 se
1973 3983 2116 4037 novit
2137 3981 2202 4038 de
2231 3983 2459 4036 inimicis
2487 3983 2598 4038 suis
2621 3983 2928 4037 misericors
2949 3983 3238 4040 vindicare.
3263 3985 3468 4054 Quibus

1889 4070 2023 4126 forte
2049 4073 2258 4126 animus
2279 4071 2423 4126 dolet
2447 4071 2783 4126 consortibus
2813 4073 2926 4142 ejus
2951 4075 3168 4140 erroris,
3194 4075 3260 4128 ad
3282 4075 3470 4131 horam

1888 4164 2187 4218 irascuntur
2207 4205 2221 4228 ,
2253 4172 2434 4232 postea
2465 4163 2706 4218 fortassis
2737 4164 3099 4220 imitabuntur‘.
3129 4165 3330 4234 Itaque,
3361 4167 3470 4221 fra-

1889 4265 2032 4322 tres,
2063 4255 2500 4312 commcndamus
2540 4271 2660 4310 eum
2700 4263 2754 4310 et
2796 4257 3125 4310 orationibus
3154 4259 3370 4322 vestris,
3417 4269 3472 4314 et

1887 4346 2154 4400 dilectioni
2197 4356 2416 4409 vestrae,
2454 4355 2508 4400 et
2535 4346 2782 4400 amicitia:
2820 4345 3176 4413 fidelissima),
3206 4357 3467 4405 etsusce-

1887 4439 2056 4508 ptioui
2083 4439 2402 4492 infirmitatis
2427 4439 2563 4508 ejus.
2595 4437 2873 4506 Quomodo
2907 4439 3136 4510 prazitis,
3175 4441 3252 4495 sic
3286 4443 3466 4511 sequi-

1891 4539 1976 4584 tur
2002 4547 2014 4583 :
2044 4529 2235 4583 bonam
2265 4529 2404 4588 viam
2436 4529 2625 4584 docete
2646 4571 2660 4596 ,
2697 4529 2890 4584 bonam
2924 4529 2976 4584 in
3021 4530 3172 4586 vobis
3213 4531 3468 4587 inveniat.

1887 4619 2002 4676 Iam
2031 4620 2199 4674 factus
2221 4621 2562 4687 christianos,
2593 4620 2859 4675 discernat
2883 4619 3007 4691 quid
3035 4621 3240 4675 intersit
3263 4622 3399 4676 inter
3419 4621 3472 4677 id

1889 4710 2031 4780 quod
2059 4711 2259 4764 dimisit
2284 4719 2339 4764 et
2367 4711 2418 4764 id
2444 4709 2586 4780 quod
2623 4711 2844 4765 invenit.
2877 4711 3050 4766 Vitam
3085 4711 3251 4780 ipsius
3276 4723 3328 4767 et
3359 4721 3472 4767 stu-

1889 4799 2036 4854 dium
2066 4799 2206 4853 circa
2231 4799 2390 4856 fidem
2413 4800 2608 4854 Christi
2633 4801 2926 4869 posteriora
2957 4809 3191 4870 tempora
3223 4815 3470 4872 compro-

1889 4891 2091 4946 babunt
2121 4909 2135 4946 :
2161 4906 2304 4945 nunc
2326 4901 2502 4945 autem
2524 4933 2538 4957 ,
2567 4889 2760 4946 fratres
2795 4891 2934 4958 mei,
2963 4907 3069 4946 non
3097 4893 3193 4946 fuit
3221 4907 3474 4962 necesse,

1890 4981 2121 5039 nonfuit
2161 4983 2367 5037 consilii
2403 4993 2674 5053 pastorum
2713 4985 2978 5054 repellere
3011 4986 3336 5054 pulsantem,
3370 4989 3472 5043 dif-

1890 5075 2028 5131 ferre
2055 5083 2402 5146 quaerentem.
2441 5075 2516 5131 De
2552 5076 2776 5130 occultis
2814 5075 2992 5132 cordis
3031 5077 3167 5133 velle
3211 5079 3468 5148 judicare,

1889 5175 1944 5220 et
1989 5181 2175 5220 vocem
2217 5165 2551 5220 manifestam
2595 5181 2701 5220 nou
2747 5175 3066 5236 acceptare,
3113 5184 3212 5226 nec
3263 5171 3472 5224 consilii

1893 5258 2010 5324 fuit,
2045 5273 2143 5314 nec
2171 5257 2430 5329 propositi
2451 5259 2640 5313 nostri.
2669 5259 2923 5314 Novimus
2948 5261 3089 5314 enim
3127 5261 3472 5330 quemadmo-

1890 5350 2016 5405 dum
2065 5351 2300 5405 minetur
2341 5349 2646 5404 misericors
2691 5350 2782 5405 illa
2829 5349 2926 5406 Dei
2979 5351 3192 5403 avaritia
3241 5349 3472 5417 undique

1891 5441 2034 5495 lucra
2080 5441 2367 5512 qurerentis
2413 5441 2480 5496 de
2523 5441 2744 5512 pecunia
2792 5457 2908 5509 sua,
2957 5451 3010 5495 et
3057 5439 3279 5494 dicentis
3321 5440 3471 5508 pigro

1891 5549 2046 5590 servo
2069 5533 2310 5604 judicare
2330 5535 2524 5590 volenti
2547 5533 2684 5605 quod
2707 5535 2812 5589 non
2837 5533 3068 5598 videbat,
3093 5541 3144 5586 et
3163 5531 3300 5584 circa
3324 5531 3470 5586 lucra

1891 5625 2189 5694 colligenda
2217 5625 2425 5680 Domini
2465 5625 2786 5696 lorpesceuti
2812 5643 2824 5678 :
2863 5643 2880 5674 ι
2909 5621 3072 5676 Serve
3109 5635 3332 5690 nequam
3355 5657 3373 5685 ,
3401 5635 3472 5678 ex

1899 5735 1916 5770 ι
1951 5732 2044 5773 ore
2073 5725 2163 5773 tuo
2188 5723 2240 5774 te
2268 5715 2588 5773 condemno.
2621 5715 2700 5770 Tu
2727 5731 2810 5770 me
2831 5711 3008 5768 dixisti
3045 5711 3316 5768 hominem
3346 5723 3464 5766 mo-
