  <div class='ocr_page' id='page_1' title='image "/cluster/home/n/w/nwhite01/storage/ocr_20150623/39/umn.319510024773323/131.png"; bbox 0 0 4006 6456; ppageno 0'>
   <div class='ocr_carea' id='block_1_1' title="bbox 509 294 645 356">
    <p class='ocr_par' dir='ltr' id='par_1_1' title="bbox 509 294 645 356">
     <span class='ocr_line' id='line_1_1' title="bbox 509 294 645 356; baseline -0.044 0"><span class='ocrx_word' id='word_1_1' title='bbox 509 294 645 356; x_wconf 74' lang='grc'>1751</span> 
     </span>
    </p>
   </div>
   <div class='ocr_carea' id='block_1_2' title="bbox 509 390 2085 483">
    <p class='ocr_par' dir='ltr' id='par_1_2' title="bbox 509 390 2085 483">
     <span class='ocr_line' id='line_1_2' title="bbox 509 390 2085 483; baseline -0.016 -16"><span class='ocrx_word' id='word_1_2' title='bbox 509 429 537 477; x_wconf 56' lang='grc' dir='ltr'><strong>ι⁴</strong></span> <span class='ocrx_word' id='word_1_3' title='bbox 570 412 786 483; x_wconf 70' lang='lat' dir='ltr'><strong>lostum.</strong></span> <span class='ocrx_word' id='word_1_4' title='bbox 817 416 1017 465; x_wconf 87' lang='lat' dir='ltr'><strong>metere</strong></span> <span class='ocrx_word' id='word_1_5' title='bbox 1044 404 1133 459; x_wconf 91' lang='lat' dir='ltr'><strong>ubi</strong></span> <span class='ocrx_word' id='word_1_6' title='bbox 1161 416 1263 458; x_wconf 93' lang='lat' dir='ltr'><strong>nou</strong></span> <span class='ocrx_word' id='word_1_7' title='bbox 1285 395 1565 460; x_wconf 75' lang='lat' dir='ltr'><strong>seminari,</strong></span> <span class='ocrx_word' id='word_1_8' title='bbox 1596 392 1846 465; x_wconf 81' lang='lat' dir='ltr'><strong>colligere</strong></span> <span class='ocrx_word' id='word_1_9' title='bbox 1868 390 1953 445; x_wconf 90' lang='lat' dir='ltr'><strong>ubi</strong></span> <span class='ocrx_word' id='word_1_10' title='bbox 1980 403 2085 444; x_wconf 91' lang='lat' dir='ltr'><strong>non</strong></span> 
     </span>
    </p>
   </div>
   <div class='ocr_carea' id='block_1_3' title="bbox 405 481 2090 575">
    <p class='ocr_par' dir='ltr' id='par_1_3' title="bbox 405 481 2090 575">
     <span class='ocr_line' id='line_1_3' title="bbox 405 481 2090 575; baseline -0.016 -13"><span class='ocrx_word' id='word_1_11' title='bbox 405 522 412 529; x_wconf 85' lang='lat'>&#39;</span> <span class='ocrx_word' id='word_1_12' title='bbox 505 522 531 559; x_wconf 70' lang='grc' dir='ltr'><strong><em>ε</em></strong></span> <span class='ocrx_word' id='word_1_13' title='bbox 569 481 739 575; x_wconf 79' lang='lat' dir='ltr'><strong>sparSl</strong></span> <span class='ocrx_word' id='word_1_14' title='bbox 764 520 778 557; x_wconf 93' lang='lat'><strong>:</strong></span> <span class='ocrx_word' id='word_1_15' title='bbox 810 520 828 553; x_wconf 77' lang='grc' dir='ltr'><strong><em>ι</em></strong></span> <span class='ocrx_word' id='word_1_16' title='bbox 856 512 1082 556; x_wconf 77' lang='lat' dir='ltr'><strong>noveras</strong></span> <span class='ocrx_word' id='word_1_17' title='bbox 1104 509 1230 567; x_wconf 86' lang='lat' dir='ltr'><strong>ergo</strong></span> <span class='ocrx_word' id='word_1_18' title='bbox 1258 491 1535 547; x_wconf 84' lang='lat' dir='ltr'><strong>avaritiam</strong></span> <span class='ocrx_word' id='word_1_19' title='bbox 1566 500 1758 542; x_wconf 82' lang='lat' dir='ltr'><strong>meam.</strong></span> <span class='ocrx_word' id='word_1_20' title='bbox 1788 500 1806 534; x_wconf 74' lang='grc' dir='ltr'><strong><em>ι</em></strong></span> <span class='ocrx_word' id='word_1_21' title='bbox 1836 482 1915 537; x_wconf 83' lang='lat' dir='ltr'><strong>Tu</strong></span> <span class='ocrx_word' id='word_1_22' title='bbox 1934 481 2090 536; x_wconf 86' lang='lat' dir='ltr'><strong>dares</strong></span> 
     </span>
    </p>
   </div>
   <div class='ocr_carea' id='block_1_4' title="bbox 506 574 2089 666">
    <p class='ocr_par' dir='ltr' id='par_1_4' title="bbox 506 574 2089 666">
     <span class='ocr_line' id='line_1_4' title="bbox 506 574 2089 666; baseline -0.016 -17"><span class='ocrx_word' id='word_1_23' title='bbox 506 615 531 649; x_wconf 75' lang='grc' dir='ltr'>ι</span> <span class='ocrx_word' id='word_1_24' title='bbox 569 574 849 666; x_wconf 85' lang='lat' dir='ltr'><strong>pecuniam</strong></span> <span class='ocrx_word' id='word_1_25' title='bbox 891 603 1064 645; x_wconf 85' lang='lat' dir='ltr'><strong>meam</strong></span> <span class='ocrx_word' id='word_1_26' title='bbox 1106 582 1507 644; x_wconf 80' lang='lat' dir='ltr'><strong>utunmulariis,</strong></span> <span class='ocrx_word' id='word_1_27' title='bbox 1554 593 1654 649; x_wconf 92' lang='lat' dir='ltr'><strong>ego</strong></span> <span class='ocrx_word' id='word_1_28' title='bbox 1700 574 1918 629; x_wconf 84' lang='lat' dir='ltr'><strong>veniens</strong></span> <span class='ocrx_word' id='word_1_29' title='bbox 1968 586 2089 625; x_wconf 85' lang='lat' dir='ltr'><strong>eum</strong></span> 
     </span>
    </p>
   </div>
   <div class='ocr_carea' id='block_1_5' title="bbox 506 666 2091 753">
    <p class='ocr_par' dir='ltr' id='par_1_5' title="bbox 506 666 2091 753">
     <span class='ocr_line' id='line_1_5' title="bbox 506 666 2091 753; baseline -0.013 -15"><span class='ocrx_word' id='word_1_30' title='bbox 506 704 530 738; x_wconf 82' lang='grc'><em>‹</em></span> <span class='ocrx_word' id='word_1_31' title='bbox 568 685 743 743; x_wconf 87' lang='lat' dir='ltr'><strong>usuris</strong></span> <span class='ocrx_word' id='word_1_32' title='bbox 767 683 1031 753; x_wconf 82' lang='lat' dir='ltr'><strong>exigerem</strong></span> <span class='ocrx_word' id='word_1_33' title='bbox 1067 696 1086 729; x_wconf 86' lang='grc'><strong>›</strong></span> <span class='ocrx_word' id='word_1_34' title='bbox 1114 674 1262 748; x_wconf 89' lang='lat' dir='ltr'><strong>(Luc.</strong></span> <span class='ocrx_word' id='word_1_35' title='bbox 1288 688 1377 727; x_wconf 72' lang='lat' dir='ltr'><strong>xxx</strong></span> <span class='ocrx_word' id='word_1_36' title='bbox 1403 713 1419 739; x_wconf 96' lang='lat'><strong>,</strong></span> <span class='ocrx_word' id='word_1_37' title='bbox 1449 669 1541 737; x_wconf 72' lang='lat'><strong>22,</strong></span> <span class='ocrx_word' id='word_1_38' title='bbox 1568 668 1681 739; x_wconf 73' lang='grc'>25).</span> <span class='ocrx_word' id='word_1_39' title='bbox 1708 666 1816 722; x_wconf 87' lang='lat' dir='ltr'><strong>Nos</strong></span> <span class='ocrx_word' id='word_1_40' title='bbox 1835 679 1963 733; x_wconf 86' lang='lat' dir='ltr'><strong>ergo</strong></span> <span class='ocrx_word' id='word_1_41' title='bbox 1984 678 2091 717; x_wconf 89' lang='lat' dir='ltr'><strong>non</strong></span> 
     </span>
    </p>
   </div>
   <div class='ocr_carea' id='block_1_6' title="bbox 503 756 2093 848">
    <p class='ocr_par' dir='ltr' id='par_1_6' title="bbox 503 756 2093 848">
     <span class='ocr_line' id='line_1_6' title="bbox 503 756 2093 848; baseline -0.015 -16"><span class='ocrx_word' id='word_1_42' title='bbox 503 778 774 848; x_wconf 85' lang='lat' dir='ltr'><strong>potuimus</strong></span> <span class='ocrx_word' id='word_1_43' title='bbox 802 772 901 827; x_wconf 84' lang='lat' dir='ltr'><strong>nisi</strong></span> <span class='ocrx_word' id='word_1_44' title='bbox 932 783 1153 837; x_wconf 75' lang='lat' dir='ltr'><strong>erogare</strong></span> <span class='ocrx_word' id='word_1_45' title='bbox 1180 765 1457 838; x_wconf 78' lang='lat' dir='ltr'><strong>pecuniam</strong></span> <span class='ocrx_word' id='word_1_46' title='bbox 1487 760 1827 816; x_wconf 84' lang='lat' dir='ltr'><strong>dominicam.</strong></span> <span class='ocrx_word' id='word_1_47' title='bbox 1864 756 2093 810; x_wconf 79' lang='lat' dir='ltr'><strong>Exactor</strong></span> 
     </span>
    </p>
   </div>
   <div class='ocr_carea' id='block_1_7' title="bbox 504 853 2089 935">
    <p class='ocr_par' dir='ltr' id='par_1_7' title="bbox 504 853 2089 935">
     <span class='ocr_line' id='line_1_7' title="bbox 504 853 2089 935; baseline -0.018 -8"><span class='ocrx_word' id='word_1_48' title='bbox 504 874 594 929; x_wconf 83' lang='lat' dir='ltr'><strong>ille</strong></span> <span class='ocrx_word' id='word_1_49' title='bbox 617 870 750 935; x_wconf 90' lang='lat' dir='ltr'><strong>erit,</strong></span> <span class='ocrx_word' id='word_1_50' title='bbox 782 883 886 922; x_wconf 92' lang='lat' dir='ltr'><strong>non</strong></span> <span class='ocrx_word' id='word_1_51' title='bbox 911 875 1110 920; x_wconf 81' lang='lat' dir='ltr'><strong>tantum</strong></span> <span class='ocrx_word' id='word_1_52' title='bbox 1137 862 1331 931; x_wconf 80' lang='lat' dir='ltr'><strong>ipsius,</strong></span> <span class='ocrx_word' id='word_1_53' title='bbox 1363 857 1457 913; x_wconf 91' lang='lat' dir='ltr'><strong>sed</strong></span> <span class='ocrx_word' id='word_1_54' title='bbox 1480 866 1532 912; x_wconf 91' lang='lat' dir='ltr'><strong>et</strong></span> <span class='ocrx_word' id='word_1_55' title='bbox 1556 853 1795 908; x_wconf 90' lang='lat' dir='ltr'><strong>omnium</strong></span> <span class='ocrx_word' id='word_1_56' title='bbox 1826 859 2089 905; x_wconf 83' lang='lat' dir='ltr'><strong>nostrum.</strong></span> 
     </span>
    </p>
   </div>
   <div class='ocr_carea' id='block_1_8' title="bbox 506 946 2092 1035">
    <p class='ocr_par' dir='ltr' id='par_1_8' title="bbox 506 946 2092 1035">
     <span class='ocr_line' id='line_1_8' title="bbox 506 946 2092 1035; baseline -0.016 -15"><span class='ocrx_word' id='word_1_57' title='bbox 506 964 827 1035; x_wconf 74' lang='lat' dir='ltr'><strong>ltupleamus</strong></span> <span class='ocrx_word' id='word_1_58' title='bbox 861 974 988 1033; x_wconf 84' lang='lat' dir='ltr'><strong>ergo</strong></span> <span class='ocrx_word' id='word_1_59' title='bbox 1016 955 1251 1011; x_wconf 85' lang='lat' dir='ltr'><strong>ofticium</strong></span> <span class='ocrx_word' id='word_1_60' title='bbox 1281 946 1654 1025; x_wconf 68' lang='lat' dir='ltr'><strong>puerogatoris</strong></span> <span class='ocrx_word' id='word_1_61' title='bbox 1676 987 1690 1015; x_wconf 92' lang='lat'><strong>,</strong></span> <span class='ocrx_word' id='word_1_62' title='bbox 1732 958 1837 998; x_wconf 90' lang='lat' dir='ltr'><strong>non</strong></span> <span class='ocrx_word' id='word_1_63' title='bbox 1866 954 2092 1035; x_wconf 40' lang='lat' dir='ltr'><strong>usurpet</strong></span> 
     </span>
    </p>
   </div>
   <div class='ocr_carea' id='block_1_9' title="bbox 506 1028 2093 1115">
    <p class='ocr_par' dir='ltr' id='par_1_9' title="bbox 506 1028 2093 1115">
     <span class='ocr_line' id='line_1_9' title="bbox 506 1028 2093 1115; baseline -0.016 -6"><span class='ocrx_word' id='word_1_64' title='bbox 506 1028 625 1109; x_wconf 78' lang='lat' dir='ltr'><strong>mus</strong></span> <span class='ocrx_word' id='word_1_65' title='bbox 656 1054 827 1108; x_wconf 88' lang='lat' dir='ltr'><strong>locum</strong></span> <span class='ocrx_word' id='word_1_66' title='bbox 863 1028 1146 1115; x_wconf 66' lang='lat' dir='ltr'><strong>exactoris.</strong></span> <span class='ocrx_word' id='word_1_67' title='bbox 1191 1043 1402 1112; x_wconf 85' lang='lat' dir='ltr'><strong>itaque,</strong></span> <span class='ocrx_word' id='word_1_68' title='bbox 1436 1038 1628 1092; x_wconf 76' lang='lat' dir='ltr'><strong>fratres</strong></span> <span class='ocrx_word' id='word_1_69' title='bbox 1663 1035 1803 1099; x_wconf 88' lang='lat' dir='ltr'><strong>mei,</strong></span> <span class='ocrx_word' id='word_1_70' title='bbox 1834 1046 1968 1102; x_wconf 89' lang='lat' dir='ltr'><strong>opus</strong></span> <span class='ocrx_word' id='word_1_71' title='bbox 2000 1028 2093 1084; x_wconf 89' lang='lat' dir='ltr'><strong>Dei</strong></span> 
     </span>
    </p>
   </div>
   <div class='ocr_carea' id='block_1_10' title="bbox 506 1120 2093 1205">
    <p class='ocr_par' dir='ltr' id='par_1_10' title="bbox 506 1120 2093 1205">
     <span class='ocr_line' id='line_1_10' title="bbox 506 1120 2093 1205; baseline -0.016 -6"><span class='ocrx_word' id='word_1_72' title='bbox 506 1146 560 1200; x_wconf 88' lang='lat' dir='ltr'><strong>in</strong></span> <span class='ocrx_word' id='word_1_73' title='bbox 588 1144 764 1199; x_wconf 75' lang='lat' dir='ltr'><strong>animo</strong></span> <span class='ocrx_word' id='word_1_74' title='bbox 793 1141 982 1197; x_wconf 88' lang='lat' dir='ltr'><strong>habete</strong></span> <span class='ocrx_word' id='word_1_75' title='bbox 1010 1155 1025 1193; x_wconf 91' lang='lat'><strong>:</strong></span> <span class='ocrx_word' id='word_1_76' title='bbox 1049 1134 1190 1191; x_wconf 80' lang='lat' dir='ltr'><strong>aliud</strong></span> <span class='ocrx_word' id='word_1_77' title='bbox 1225 1130 1564 1205; x_wconf 75' lang='lat' dir='ltr'><strong>quaerebatis,</strong></span> <span class='ocrx_word' id='word_1_78' title='bbox 1596 1125 1740 1182; x_wconf 83' lang='lat' dir='ltr'><strong>aliud</strong></span> <span class='ocrx_word' id='word_1_79' title='bbox 1769 1120 2093 1193; x_wconf 85' lang='lat' dir='ltr'><strong>disponeba-</strong></span> 
     </span>
    </p>
   </div>
   <div class='ocr_carea' id='block_1_11' title="bbox 505 1212 2091 1305">
    <p class='ocr_par' dir='ltr' id='par_1_11' title="bbox 505 1212 2091 1305">
     <span class='ocr_line' id='line_1_11' title="bbox 505 1212 2091 1305; baseline -0.017 -12"><span class='ocrx_word' id='word_1_80' title='bbox 505 1240 610 1305; x_wconf 86' lang='lat' dir='ltr'><strong>tis,</strong></span> <span class='ocrx_word' id='word_1_81' title='bbox 653 1234 795 1291; x_wconf 80' lang='lat' dir='ltr'><strong>aliud</strong></span> <span class='ocrx_word' id='word_1_82' title='bbox 838 1229 1134 1287; x_wconf 75' lang='lat' dir='ltr'><strong>invenistis.</strong></span> <span class='ocrx_word' id='word_1_83' title='bbox 1179 1226 1322 1296; x_wconf 86' lang='lat' dir='ltr'><strong>Opus</strong></span> <span class='ocrx_word' id='word_1_84' title='bbox 1364 1220 1575 1278; x_wconf 88' lang='lat' dir='ltr'><strong>Domini</strong></span> <span class='ocrx_word' id='word_1_85' title='bbox 1622 1212 2091 1283; x_wconf 81' lang='lat' dir='ltr'><strong>commendamus,</strong></span> 
     </span>
    </p>
   </div>
   <div class='ocr_carea' id='block_1_12' title="bbox 509 1307 2097 1393">
    <p class='ocr_par' dir='ltr' id='par_1_12' title="bbox 509 1307 2097 1393">
     <span class='ocr_line' id='line_1_12' title="bbox 509 1307 2097 1393; baseline -0.016 -6"><span class='ocrx_word' id='word_1_86' title='bbox 509 1335 649 1388; x_wconf 84' lang='lat' dir='ltr'><strong>servi</strong></span> <span class='ocrx_word' id='word_1_87' title='bbox 676 1331 973 1389; x_wconf 77' lang='lat' dir='ltr'><strong>conservis.</strong></span> <span class='ocrx_word' id='word_1_88' title='bbox 1005 1328 1132 1384; x_wconf 88' lang='lat' dir='ltr'><strong>Plus</strong></span> <span class='ocrx_word' id='word_1_89' title='bbox 1169 1325 1221 1380; x_wconf 87' lang='lat' dir='ltr'><strong>in</strong></span> <span class='ocrx_word' id='word_1_90' title='bbox 1252 1338 1320 1380; x_wconf 91' lang='lat' dir='ltr'><strong>eo</strong></span> <span class='ocrx_word' id='word_1_91' title='bbox 1354 1321 1634 1393; x_wconf 82' lang='lat' dir='ltr'><strong>diligamus</strong></span> <span class='ocrx_word' id='word_1_92' title='bbox 1660 1311 1804 1387; x_wconf 91' lang='lat' dir='ltr'><strong>quod</strong></span> <span class='ocrx_word' id='word_1_93' title='bbox 1838 1307 2097 1365; x_wconf 83' lang='lat' dir='ltr'><strong>Dominus</strong></span> 
     </span>
    </p>
   </div>
   <div class='ocr_carea' id='block_1_13' title="bbox 509 1399 2096 1491">
    <p class='ocr_par' dir='ltr' id='par_1_13' title="bbox 509 1399 2096 1491">
     <span class='ocr_line' id='line_1_13' title="bbox 509 1399 2096 1491; baseline -0.018 -11"><span class='ocrx_word' id='word_1_94' title='bbox 509 1434 693 1479; x_wconf 78' lang='lat' dir='ltr'><strong>noster</strong></span> <span class='ocrx_word' id='word_1_95' title='bbox 714 1423 852 1487; x_wconf 87' lang='lat' dir='ltr'><strong>fecit,</strong></span> <span class='ocrx_word' id='word_1_96' title='bbox 886 1436 1042 1491; x_wconf 88' lang='lat' dir='ltr'><strong>quam</strong></span> <span class='ocrx_word' id='word_1_97' title='bbox 1071 1419 1121 1472; x_wconf 92' lang='lat' dir='ltr'><strong>id</strong></span> <span class='ocrx_word' id='word_1_98' title='bbox 1142 1414 1281 1487; x_wconf 91' lang='lat' dir='ltr'><strong>quod</strong></span> <span class='ocrx_word' id='word_1_99' title='bbox 1314 1412 1489 1468; x_wconf 86' lang='lat' dir='ltr'><strong>facere</strong></span> <span class='ocrx_word' id='word_1_100' title='bbox 1522 1407 1851 1472; x_wconf 85' lang='lat' dir='ltr'><strong>volebamus.</strong></span> <span class='ocrx_word' id='word_1_101' title='bbox 1880 1399 2096 1455; x_wconf 83' lang='lat' dir='ltr'><strong>Meliora</strong></span> 
     </span>
    </p>
   </div>
   <div class='ocr_carea' id='block_1_14' title="bbox 510 1496 2095 1582">
    <p class='ocr_par' dir='ltr' id='par_1_14' title="bbox 510 1496 2095 1582">
     <span class='ocr_line' id='line_1_14' title="bbox 510 1496 2095 1582; baseline -0.016 -13"><span class='ocrx_word' id='word_1_102' title='bbox 510 1516 651 1575; x_wconf 91' lang='lat' dir='ltr'><strong>enim</strong></span> <span class='ocrx_word' id='word_1_103' title='bbox 674 1521 798 1568; x_wconf 89' lang='lat' dir='ltr'><strong>sunt</strong></span> <span class='ocrx_word' id='word_1_104' title='bbox 816 1526 975 1582; x_wconf 82' lang='lat' dir='ltr'><strong>Opera</strong></span> <span class='ocrx_word' id='word_1_105' title='bbox 1000 1509 1185 1580; x_wconf 89' lang='lat' dir='ltr'><strong>ipsius.</strong></span> <span class='ocrx_word' id='word_1_106' title='bbox 1208 1507 1271 1561; x_wconf 84' lang='lat' dir='ltr'><strong>Et</strong></span> <span class='ocrx_word' id='word_1_107' title='bbox 1294 1516 1536 1575; x_wconf 85' lang='lat' dir='ltr'><strong>magnam</strong></span> <span class='ocrx_word' id='word_1_108' title='bbox 1559 1506 1614 1555; x_wconf 91' lang='lat' dir='ltr'><strong>et</strong></span> <span class='ocrx_word' id='word_1_109' title='bbox 1639 1496 1885 1552; x_wconf 88' lang='lat' dir='ltr'><strong>devotam</strong></span> <span class='ocrx_word' id='word_1_110' title='bbox 1910 1503 2095 1545; x_wconf 87' lang='lat' dir='ltr'><strong>vocem</strong></span> 
     </span>
    </p>
   </div>
   <div class='ocr_carea' id='block_1_15' title="bbox 510 1587 2099 1675">
    <p class='ocr_par' dir='ltr' id='par_1_15' title="bbox 510 1587 2099 1675">
     <span class='ocr_line' id='line_1_15' title="bbox 510 1587 2099 1675; baseline -0.016 -14"><span class='ocrx_word' id='word_1_111' title='bbox 510 1607 627 1675; x_wconf 89' lang='lat' dir='ltr'><strong>ejus</strong></span> <span class='ocrx_word' id='word_1_112' title='bbox 663 1605 960 1659; x_wconf 81' lang='lat' dir='ltr'><strong>audivimus</strong></span> <span class='ocrx_word' id='word_1_113' title='bbox 1001 1617 1014 1654; x_wconf 91' lang='lat'><strong>:</strong></span> <span class='ocrx_word' id='word_1_114' title='bbox 1060 1600 1371 1670; x_wconf 77' lang='lat' dir='ltr'><strong>Majoratum</strong></span> <span class='ocrx_word' id='word_1_115' title='bbox 1417 1595 1576 1658; x_wconf 87' lang='lat' dir='ltr'><strong>nolo,</strong></span> <span class='ocrx_word' id='word_1_116' title='bbox 1621 1587 1944 1646; x_wconf 84' lang='lat' dir='ltr'><strong>christianus</strong></span> <span class='ocrx_word' id='word_1_117' title='bbox 1978 1595 2099 1639; x_wconf 89' lang='lat' dir='ltr'><strong>esse</strong></span> 
     </span>
    </p>
   </div>
   <div class='ocr_carea' id='block_1_16' title="bbox 511 1675 2099 1762">
    <p class='ocr_par' dir='ltr' id='par_1_16' title="bbox 511 1675 2099 1762">
     <span class='ocr_line' id='line_1_16' title="bbox 511 1675 2099 1762; baseline -0.011 -11"><span class='ocrx_word' id='word_1_118' title='bbox 511 1698 656 1753; x_wconf 88' lang='lat' dir='ltr'><strong>volo.</strong></span> <span class='ocrx_word' id='word_1_119' title='bbox 699 1694 1010 1762; x_wconf 69' lang='lat' dir='ltr'><strong>Ltetamini,</strong></span> <span class='ocrx_word' id='word_1_120' title='bbox 1062 1692 1362 1756; x_wconf 82' lang='lat' dir='ltr'><strong>exsultate,</strong></span> <span class='ocrx_word' id='word_1_121' title='bbox 1404 1685 1633 1756; x_wconf 85' lang='lat' dir='ltr'><strong>amplius</strong></span> <span class='ocrx_word' id='word_1_122' title='bbox 1665 1695 1823 1753; x_wconf 89' lang='lat' dir='ltr'><strong>quam</strong></span> <span class='ocrx_word' id='word_1_123' title='bbox 1864 1675 2099 1734; x_wconf 86' lang='lat' dir='ltr'><strong>oderatis</strong></span> 
     </span>
    </p>
   </div>
   <div class='ocr_carea' id='block_1_17' title="bbox 512 1769 2095 1857">
    <p class='ocr_par' dir='ltr' id='par_1_17' title="bbox 512 1769 2095 1857">
     <span class='ocr_line' id='line_1_17' title="bbox 512 1769 2095 1857; baseline -0.013 -14"><span class='ocrx_word' id='word_1_124' title='bbox 512 1800 707 1843; x_wconf 90' lang='lat' dir='ltr'><strong>amate.</strong></span> <span class='ocrx_word' id='word_1_125' title='bbox 732 1787 877 1857; x_wconf 88' lang='lat' dir='ltr'><strong>Opus</strong></span> <span class='ocrx_word' id='word_1_126' title='bbox 906 1801 1062 1851; x_wconf 89' lang='lat' dir='ltr'><strong>suum</strong></span> <span class='ocrx_word' id='word_1_127' title='bbox 1089 1784 1304 1849; x_wconf 80' lang='lat' dir='ltr'><strong>Christo</strong></span> <span class='ocrx_word' id='word_1_128' title='bbox 1322 1778 1652 1836; x_wconf 87' lang='lat' dir='ltr'><strong>orationibus</strong></span> <span class='ocrx_word' id='word_1_129' title='bbox 1679 1769 2052 1841; x_wconf 77' lang='lat' dir='ltr'><strong>commendata</strong></span> <span class='ocrx_word' id='word_1_130' title='bbox 2079 1784 2095 1822; x_wconf 92' lang='lat'><strong>:</strong></span> 
     </span>
    </p>
   </div>
   <div class='ocr_carea' id='block_1_18' title="bbox 510 1864 2100 1947">
    <p class='ocr_par' dir='ltr' id='par_1_18' title="bbox 510 1864 2100 1947">
     <span class='ocr_line' id='line_1_18' title="bbox 510 1864 2100 1947; baseline -0.012 -12"><span class='ocrx_word' id='word_1_131' title='bbox 510 1880 746 1937; x_wconf 86' lang='lat' dir='ltr'><strong>animum</strong></span> <span class='ocrx_word' id='word_1_132' title='bbox 778 1878 986 1947; x_wconf 71' lang='lat' dir='ltr'><strong>fidelem</strong></span> <span class='ocrx_word' id='word_1_133' title='bbox 1008 1919 1022 1945; x_wconf 94' lang='lat'><strong>,</strong></span> <span class='ocrx_word' id='word_1_134' title='bbox 1053 1878 1218 1947; x_wconf 87' lang='lat' dir='ltr'><strong>pium,</strong></span> <span class='ocrx_word' id='word_1_135' title='bbox 1247 1874 1476 1928; x_wconf 86' lang='lat' dir='ltr'><strong>amicum</strong></span> <span class='ocrx_word' id='word_1_136' title='bbox 1497 1866 1810 1925; x_wconf 86' lang='lat' dir='ltr'><strong>rudimentis</strong></span> <span class='ocrx_word' id='word_1_137' title='bbox 1832 1864 1975 1923; x_wconf 88' lang='lat' dir='ltr'><strong>senis</strong></span> <span class='ocrx_word' id='word_1_138' title='bbox 2007 1875 2100 1917; x_wconf 85' lang='lat' dir='ltr'><strong>ex-</strong></span> 
     </span>
    </p>
   </div>
   <div class='ocr_carea' id='block_1_19' title="bbox 512 1957 2097 2037">
    <p class='ocr_par' dir='ltr' id='par_1_19' title="bbox 512 1957 2097 2037">
     <span class='ocr_line' id='line_1_19' title="bbox 512 1957 2097 2037; baseline -0.011 -13"><span class='ocrx_word' id='word_1_139' title='bbox 512 1969 711 2025; x_wconf 90' lang='lat' dir='ltr'><strong>hibete.</strong></span> <span class='ocrx_word' id='word_1_140' title='bbox 735 1968 872 2037; x_wconf 83' lang='lat' dir='ltr'><strong>Quid</strong></span> <span class='ocrx_word' id='word_1_141' title='bbox 894 1968 1115 2029; x_wconf 86' lang='lat' dir='ltr'><strong>interest</strong></span> <span class='ocrx_word' id='word_1_142' title='bbox 1133 1966 1275 2022; x_wconf 90' lang='lat' dir='ltr'><strong>enim</strong></span> <span class='ocrx_word' id='word_1_143' title='bbox 1298 1963 1422 2033; x_wconf 85' lang='lat' dir='ltr'><strong>quia</strong></span> <span class='ocrx_word' id='word_1_144' title='bbox 1448 1958 1640 2019; x_wconf 85' lang='lat' dir='ltr'><strong>videtis</strong></span> <span class='ocrx_word' id='word_1_145' title='bbox 1661 1957 1770 2027; x_wconf 85' lang='lat' dir='ltr'><strong>jam</strong></span> <span class='ocrx_word' id='word_1_146' title='bbox 1791 1960 2097 2026; x_wconf 84' lang='lat' dir='ltr'><strong>provectam</strong></span> 
     </span>
    </p>
   </div>
   <div class='ocr_carea' id='block_1_20' title="bbox 510 2045 2096 2123">
    <p class='ocr_par' dir='ltr' id='par_1_20' title="bbox 510 2045 2096 2123">
     <span class='ocr_line' id='line_1_20' title="bbox 510 2045 2096 2123; baseline -0.011 -6"><span class='ocrx_word' id='word_1_147' title='bbox 510 2060 767 2117; x_wconf 64' lang='lat' dir='ltr'><strong>aetatem?</strong></span> <span class='ocrx_word' id='word_1_148' title='bbox 813 2059 953 2115; x_wconf 80' lang='lat' dir='ltr'><strong>Hora</strong></span> <span class='ocrx_word' id='word_1_149' title='bbox 996 2072 1135 2123; x_wconf 84' lang='lat' dir='ltr'><strong>nona</strong></span> <span class='ocrx_word' id='word_1_150' title='bbox 1182 2056 1330 2111; x_wconf 90' lang='lat' dir='ltr'><strong>venit</strong></span> <span class='ocrx_word' id='word_1_151' title='bbox 1378 2052 1446 2113; x_wconf 83' lang='lat' dir='ltr'><strong>ad</strong></span> <span class='ocrx_word' id='word_1_152' title='bbox 1496 2052 1745 2117; x_wconf 74' lang='lat' dir='ltr'><strong>vineam,</strong></span> <span class='ocrx_word' id='word_1_153' title='bbox 1795 2045 2096 2107; x_wconf 80' lang='lat' dir='ltr'><strong>mercedem</strong></span> 
     </span>
    </p>
   </div>
   <div class='ocr_carea' id='block_1_21' title="bbox 508 2152 1285 2222">
    <p class='ocr_par' dir='ltr' id='par_1_21' title="bbox 508 2152 1285 2222">
     <span class='ocr_line' id='line_1_21' title="bbox 508 2152 1285 2222; baseline -0.01 -14"><span class='ocrx_word' id='word_1_154' title='bbox 508 2152 773 2222; x_wconf 76' lang='lat' dir='ltr'><strong>aequalem</strong></span> <span class='ocrx_word' id='word_1_155' title='bbox 801 2158 1116 2221; x_wconf 89' lang='lat' dir='ltr'><strong>accepturus</strong></span> <span class='ocrx_word' id='word_1_156' title='bbox 1136 2188 1152 2215; x_wconf 92' lang='lat'><strong>,</strong></span> <span class='ocrx_word' id='word_1_157' title='bbox 1180 2155 1285 2211; x_wconf 87' lang='lat' dir='ltr'><strong>etc.</strong></span> 
     </span>
    </p>
   </div>
   <div class='ocr_carea' id='block_1_22' title="bbox 514 2253 2100 2328">
    <p class='ocr_par' dir='ltr' id='par_1_22' title="bbox 514 2253 2100 2328">
     <span class='ocr_line' id='line_1_22' title="bbox 514 2253 2100 2328; baseline -0.012 -3"><span class='ocrx_word' id='word_1_158' title='bbox 514 2269 601 2324; x_wconf 74' lang='lat' dir='ltr'><strong>Ex</strong></span> <span class='ocrx_word' id='word_1_159' title='bbox 627 2268 872 2325; x_wconf 82' lang='lat' dir='ltr'><strong>Sermone</strong></span> <span class='ocrx_word' id='word_1_160' title='bbox 897 2269 959 2319; x_wconf 84' lang='lat' dir='ltr'><strong>de</strong></span> <span class='ocrx_word' id='word_1_161' title='bbox 985 2264 1165 2319; x_wconf 78' lang='lat' dir='ltr'><strong>Natali</strong></span> <span class='ocrx_word' id='word_1_162' title='bbox 1193 2261 1354 2317; x_wconf 80' lang='lat' dir='ltr'><strong>sancti</strong></span> <span class='ocrx_word' id='word_1_163' title='bbox 1386 2257 1636 2328; x_wconf 78' lang='lat' dir='ltr'><strong>Quadrati</strong></span> <span class='ocrx_word' id='word_1_164' title='bbox 1662 2258 1739 2328; x_wconf 91' lang='lat' dir='ltr'><strong>(a)</strong></span> <span class='ocrx_word' id='word_1_165' title='bbox 1760 2298 1776 2323; x_wconf 96' lang='lat'><strong>,</strong></span> <span class='ocrx_word' id='word_1_166' title='bbox 1800 2253 1941 2311; x_wconf 85' lang='lat' dir='ltr'><strong>Beda</strong></span> <span class='ocrx_word' id='word_1_167' title='bbox 1967 2268 2100 2307; x_wconf 82' lang='lat' dir='ltr'><strong>non-</strong></span> 
     </span>
    </p>
   </div>
   <div class='ocr_carea' id='block_1_23' title="bbox 912 2350 1707 2426">
    <p class='ocr_par' dir='ltr' id='par_1_23' title="bbox 912 2350 1707 2426">
     <span class='ocr_line' id='line_1_23' title="bbox 912 2350 1707 2426; baseline -0.013 -14"><span class='ocrx_word' id='word_1_168' title='bbox 912 2356 1033 2412; x_wconf 88' lang='lat' dir='ltr'><strong>dum</strong></span> <span class='ocrx_word' id='word_1_169' title='bbox 1060 2355 1294 2426; x_wconf 80' lang='lat' dir='ltr'><strong>vulgatus</strong></span> <span class='ocrx_word' id='word_1_170' title='bbox 1322 2353 1390 2405; x_wconf 91' lang='lat' dir='ltr'><strong>ad</strong></span> <span class='ocrx_word' id='word_1_171' title='bbox 1421 2350 1461 2405; x_wconf 92' lang='lat' dir='ltr'><strong>ll</strong></span> <span class='ocrx_word' id='word_1_172' title='bbox 1488 2350 1606 2406; x_wconf 81' lang='lat' dir='ltr'><strong>Cor.</strong></span> <span class='ocrx_word' id='word_1_173' title='bbox 1633 2364 1707 2403; x_wconf 86' lang='lat' dir='ltr'><strong>tv.</strong></span> 
     </span>
    </p>
   </div>
   <div class='ocr_carea' id='block_1_24' title="bbox 584 2452 2101 2541">
    <p class='ocr_par' dir='ltr' id='par_1_24' title="bbox 584 2452 2101 2541">
     <span class='ocr_line' id='line_1_24' title="bbox 584 2452 2101 2541; baseline -0.012 -14"><span class='ocrx_word' id='word_1_174' title='bbox 584 2473 777 2529; x_wconf 89' lang='lat' dir='ltr'><strong>Beatus</strong></span> <span class='ocrx_word' id='word_1_175' title='bbox 812 2469 1083 2541; x_wconf 85' lang='lat' dir='ltr'><strong>apostolus</strong></span> <span class='ocrx_word' id='word_1_176' title='bbox 1111 2466 1310 2533; x_wconf 83' lang='lat' dir='ltr'><strong>Paulus</strong></span> <span class='ocrx_word' id='word_1_177' title='bbox 1348 2460 1591 2530; x_wconf 86' lang='lat' dir='ltr'><strong>adhibuit</strong></span> <span class='ocrx_word' id='word_1_178' title='bbox 1629 2456 1991 2513; x_wconf 90' lang='lat' dir='ltr'><strong>testimonium</strong></span> <span class='ocrx_word' id='word_1_179' title='bbox 2028 2452 2101 2509; x_wconf 86' lang='lat' dir='ltr'><strong>de</strong></span> 
     </span>
    </p>
   </div>
   <div class='ocr_carea' id='block_1_25' title="bbox 512 2552 2100 2633">
    <p class='ocr_par' dir='ltr' id='par_1_25' title="bbox 512 2552 2100 2633">
     <span class='ocr_line' id='line_1_25' title="bbox 512 2552 2100 2633; baseline -0.013 -14"><span class='ocrx_word' id='word_1_180' title='bbox 512 2562 802 2633; x_wconf 84' lang='lat' dir='ltr'><strong>Scripturis</strong></span> <span class='ocrx_word' id='word_1_181' title='bbox 819 2601 834 2624; x_wconf 91' lang='lat'><strong>,</strong></span> <span class='ocrx_word' id='word_1_182' title='bbox 861 2561 914 2614; x_wconf 90' lang='lat' dir='ltr'><strong>in</strong></span> <span class='ocrx_word' id='word_1_183' title='bbox 944 2571 1050 2627; x_wconf 93' lang='lat' dir='ltr'><strong>quo</strong></span> <span class='ocrx_word' id='word_1_184' title='bbox 1072 2556 1226 2610; x_wconf 90' lang='lat' dir='ltr'><strong>nobis</strong></span> <span class='ocrx_word' id='word_1_185' title='bbox 1252 2552 1476 2623; x_wconf 81' lang='lat' dir='ltr'><strong>gloriam</strong></span> <span class='ocrx_word' id='word_1_186' title='bbox 1501 2558 1792 2620; x_wconf 82' lang='lat' dir='ltr'><strong>martyrum</strong></span> <span class='ocrx_word' id='word_1_187' title='bbox 1823 2558 2100 2602; x_wconf 87' lang='lat' dir='ltr'><strong>commen-</strong></span> 
     </span>
    </p>
   </div>
   <div class='ocr_carea' id='block_1_26' title="bbox 514 2639 2099 2720">
    <p class='ocr_par' dir='ltr' id='par_1_26' title="bbox 514 2639 2099 2720">
     <span class='ocr_line' id='line_1_26' title="bbox 514 2639 2099 2720; baseline -0.013 -10"><span class='ocrx_word' id='word_1_188' title='bbox 514 2656 679 2711; x_wconf 87' lang='lat' dir='ltr'><strong>davit.</strong></span> <span class='ocrx_word' id='word_1_189' title='bbox 712 2652 929 2720; x_wconf 84' lang='lat' dir='ltr'><strong>Propter</strong></span> <span class='ocrx_word' id='word_1_190' title='bbox 957 2648 1093 2720; x_wconf 88' lang='lat' dir='ltr'><strong>quod</strong></span> <span class='ocrx_word' id='word_1_191' title='bbox 1118 2647 1358 2717; x_wconf 80' lang='lat' dir='ltr'><strong>scriptum</strong></span> <span class='ocrx_word' id='word_1_192' title='bbox 1384 2653 1476 2707; x_wconf 87' lang='lat' dir='ltr'><strong>est,</strong></span> <span class='ocrx_word' id='word_1_193' title='bbox 1500 2642 1705 2712; x_wconf 88' lang='lat' dir='ltr'><strong>inquit,</strong></span> <span class='ocrx_word' id='word_1_194' title='bbox 1735 2639 1937 2695; x_wconf 77' lang='lat' dir='ltr'><strong>Credidi</strong></span> <span class='ocrx_word' id='word_1_195' title='bbox 1976 2653 2099 2710; x_wconf 89' lang='lat' dir='ltr'><strong>pro-</strong></span> 
     </span>
    </p>
   </div>
   <div class='ocr_carea' id='block_1_27' title="bbox 514 2728 2105 2816">
    <p class='ocr_par' dir='ltr' id='par_1_27' title="bbox 514 2728 2105 2816">
     <span class='ocr_line' id='line_1_27' title="bbox 514 2728 2105 2816; baseline -0.013 -14"><span class='ocrx_word' id='word_1_196' title='bbox 514 2755 627 2816; x_wconf 79' lang='lat' dir='ltr'><strong>pter</strong></span> <span class='ocrx_word' id='word_1_197' title='bbox 663 2744 797 2814; x_wconf 90' lang='lat' dir='ltr'><strong>quod</strong></span> <span class='ocrx_word' id='word_1_198' title='bbox 824 2741 1018 2796; x_wconf 88' lang='lat' dir='ltr'><strong>locutus</strong></span> <span class='ocrx_word' id='word_1_199' title='bbox 1055 2756 1188 2803; x_wconf 85' lang='lat' dir='ltr'><strong>sum.</strong></span> <span class='ocrx_word' id='word_1_200' title='bbox 1218 2737 1284 2792; x_wconf 87' lang='lat' dir='ltr'><strong>Et</strong></span> <span class='ocrx_word' id='word_1_201' title='bbox 1312 2753 1403 2791; x_wconf 87' lang='lat' dir='ltr'><strong>nos</strong></span> <span class='ocrx_word' id='word_1_202' title='bbox 1431 2735 1679 2790; x_wconf 88' lang='lat' dir='ltr'><strong>credimus</strong></span> <span class='ocrx_word' id='word_1_203' title='bbox 1696 2776 1710 2799; x_wconf 93' lang='lat'><strong>,</strong></span> <span class='ocrx_word' id='word_1_204' title='bbox 1737 2740 1941 2804; x_wconf 74' lang='lat' dir='ltr'><strong>prapter</strong></span> <span class='ocrx_word' id='word_1_205' title='bbox 1965 2728 2105 2801; x_wconf 87' lang='lat' dir='ltr'><strong>quod</strong></span> 
     </span>
    </p>
   </div>
   <div class='ocr_carea' id='block_1_28' title="bbox 512 2819 2101 2905">
    <p class='ocr_par' dir='ltr' id='par_1_28' title="bbox 512 2819 2101 2905">
     <span class='ocr_line' id='line_1_28' title="bbox 512 2819 2101 2905; baseline -0.011 -14"><span class='ocrx_word' id='word_1_206' title='bbox 512 2835 830 2905; x_wconf 67' lang='lat' dir='ltr'><strong>alloquimur</strong></span> <span class='ocrx_word' id='word_1_207' title='bbox 854 2830 1155 2903; x_wconf 67' lang='lat' dir='ltr'><strong>(ll‘Corav,</strong></span> <span class='ocrx_word' id='word_1_208' title='bbox 1190 2828 1364 2898; x_wconf 81' lang='lat' dir='ltr'><strong>l5).Si</strong></span> <span class='ocrx_word' id='word_1_209' title='bbox 1386 2822 1901 2882; x_wconf 87' lang='lat' dir='ltr'><strong>cnimtantummodo</strong></span> <span class='ocrx_word' id='word_1_210' title='bbox 1922 2819 2101 2876; x_wconf 88' lang='lat' dir='ltr'><strong>credi-</strong></span> 
     </span>
    </p>
   </div>
   <div class='ocr_carea' id='block_1_29' title="bbox 511 2912 2103 2994">
    <p class='ocr_par' dir='ltr' id='par_1_29' title="bbox 511 2912 2103 2994">
     <span class='ocr_line' id='line_1_29' title="bbox 511 2912 2103 2994; baseline -0.009 -13"><span class='ocrx_word' id='word_1_211' title='bbox 511 2928 740 2992; x_wconf 85' lang='lat' dir='ltr'><strong>dissent,</strong></span> <span class='ocrx_word' id='word_1_212' title='bbox 763 2934 943 2987; x_wconf 86' lang='lat' dir='ltr'><strong>etnon</strong></span> <span class='ocrx_word' id='word_1_213' title='bbox 965 2925 1329 2994; x_wconf 87' lang='lat' dir='ltr'><strong>loquerentur,</strong></span> <span class='ocrx_word' id='word_1_214' title='bbox 1350 2937 1453 2975; x_wconf 92' lang='lat' dir='ltr'><strong>non</strong></span> <span class='ocrx_word' id='word_1_215' title='bbox 1479 2926 1802 2989; x_wconf 90' lang='lat' dir='ltr'><strong>paterentur.</strong></span> <span class='ocrx_word' id='word_1_216' title='bbox 1821 2912 2103 2970; x_wconf 90' lang='lat' dir='ltr'><strong>Credeudo</strong></span> 
     </span>
    </p>
   </div>
   <div class='ocr_carea' id='block_1_30' title="bbox 512 3011 2100 3089">
    <p class='ocr_par' dir='ltr' id='par_1_30' title="bbox 512 3011 2100 3089">
     <span class='ocr_line' id='line_1_30' title="bbox 512 3011 2100 3089; baseline -0.008 -16"><span class='ocrx_word' id='word_1_217' title='bbox 512 3016 983 3089; x_wconf 88' lang='lat' dir='ltr'><strong>apprehenderunt</strong></span> <span class='ocrx_word' id='word_1_218' title='bbox 1008 3015 1191 3079; x_wconf 88' lang='lat' dir='ltr'><strong>vitam,</strong></span> <span class='ocrx_word' id='word_1_219' title='bbox 1214 3022 1268 3069; x_wconf 91' lang='lat' dir='ltr'><strong>et</strong></span> <span class='ocrx_word' id='word_1_220' title='bbox 1296 3011 1561 3083; x_wconf 89' lang='lat' dir='ltr'><strong>loquendo</strong></span> <span class='ocrx_word' id='word_1_221' title='bbox 1600 3011 1915 3065; x_wconf 83' lang='lat' dir='ltr'><strong>invenerunt</strong></span> <span class='ocrx_word' id='word_1_222' title='bbox 1953 3020 2100 3061; x_wconf 89' lang='lat' dir='ltr'><strong>mor-</strong></span> 
     </span>
    </p>
   </div>
   <div class='ocr_carea' id='block_1_31' title="bbox 516 3090 2102 3181">
    <p class='ocr_par' dir='ltr' id='par_1_31' title="bbox 516 3090 2102 3181">
     <span class='ocr_line' id='line_1_31' title="bbox 516 3090 2102 3181; baseline -0.009 -15"><span class='ocrx_word' id='word_1_223' title='bbox 516 3122 662 3181; x_wconf 88' lang='lat' dir='ltr'><strong>tem;</strong></span> <span class='ocrx_word' id='word_1_224' title='bbox 693 3112 785 3167; x_wconf 92' lang='lat' dir='ltr'><strong>sed</strong></span> <span class='ocrx_word' id='word_1_225' title='bbox 809 3119 1057 3173; x_wconf 91' lang='lat' dir='ltr'><strong>mortem,</strong></span> <span class='ocrx_word' id='word_1_226' title='bbox 1082 3109 1136 3163; x_wconf 90' lang='lat' dir='ltr'><strong>in</strong></span> <span class='ocrx_word' id='word_1_227' title='bbox 1161 3121 1263 3177; x_wconf 89' lang='lat' dir='ltr'><strong>qua</strong></span> <span class='ocrx_word' id='word_1_228' title='bbox 1285 3119 1478 3175; x_wconf 86' lang='lat' dir='ltr'><strong>corpus</strong></span> <span class='ocrx_word' id='word_1_229' title='bbox 1498 3090 1841 3171; x_wconf 84' lang='lat' dir='ltr'><strong>corruptibile</strong></span> <span class='ocrx_word' id='word_1_230' title='bbox 1866 3098 2102 3154; x_wconf 87' lang='lat' dir='ltr'><strong>semina-</strong></span> 
     </span>
    </p>
   </div>
   <div class='ocr_carea' id='block_1_32' title="bbox 517 3191 2099 3269">
    <p class='ocr_par' dir='ltr' id='par_1_32' title="bbox 517 3191 2099 3269">
     <span class='ocr_line' id='line_1_32' title="bbox 517 3191 2099 3269; baseline -0.008 -12"><span class='ocrx_word' id='word_1_231' title='bbox 517 3212 684 3267; x_wconf 88' lang='lat' dir='ltr'><strong>retur,</strong></span> <span class='ocrx_word' id='word_1_232' title='bbox 704 3210 758 3257; x_wconf 92' lang='lat' dir='ltr'><strong>et</strong></span> <span class='ocrx_word' id='word_1_233' title='bbox 782 3199 1111 3269; x_wconf 88' lang='lat' dir='ltr'><strong>incorruptio</strong></span> <span class='ocrx_word' id='word_1_234' title='bbox 1140 3206 1449 3252; x_wconf 89' lang='lat' dir='ltr'><strong>meterctur.</strong></span> <span class='ocrx_word' id='word_1_235' title='bbox 1479 3194 1640 3249; x_wconf 90' lang='lat' dir='ltr'><strong>Istum</strong></span> <span class='ocrx_word' id='word_1_236' title='bbox 1662 3207 1896 3257; x_wconf 87' lang='lat' dir='ltr'><strong>sensum,</strong></span> <span class='ocrx_word' id='word_1_237' title='bbox 1918 3191 1969 3247; x_wconf 89' lang='lat' dir='ltr'><strong>id</strong></span> <span class='ocrx_word' id='word_1_238' title='bbox 1998 3198 2099 3259; x_wconf 89' lang='lat' dir='ltr'><strong>est,</strong></span> 
     </span>
    </p>
   </div>
   <div class='ocr_carea' id='block_1_33' title="bbox 514 3281 2104 3363">
    <p class='ocr_par' dir='ltr' id='par_1_33' title="bbox 514 3281 2104 3363">
     <span class='ocr_line' id='line_1_33' title="bbox 514 3281 2104 3363; baseline -0.006 -16"><span class='ocrx_word' id='word_1_239' title='bbox 514 3291 659 3363; x_wconf 86' lang='lat' dir='ltr'><strong>quod</strong></span> <span class='ocrx_word' id='word_1_240' title='bbox 688 3290 958 3346; x_wconf 89' lang='lat' dir='ltr'><strong>credimus</strong></span> <span class='ocrx_word' id='word_1_241' title='bbox 995 3296 1213 3362; x_wconf 89' lang='lat' dir='ltr'><strong>propter</strong></span> <span class='ocrx_word' id='word_1_242' title='bbox 1250 3286 1391 3359; x_wconf 88' lang='lat' dir='ltr'><strong>quod</strong></span> <span class='ocrx_word' id='word_1_243' title='bbox 1433 3295 1487 3341; x_wconf 91' lang='lat' dir='ltr'><strong>et</strong></span> <span class='ocrx_word' id='word_1_244' title='bbox 1520 3284 1813 3354; x_wconf 89' lang='lat' dir='ltr'><strong>loquimur,</strong></span> <span class='ocrx_word' id='word_1_245' title='bbox 1849 3282 1955 3337; x_wconf 85' lang='lat' dir='ltr'><strong>alio</strong></span> <span class='ocrx_word' id='word_1_246' title='bbox 1982 3281 2104 3337; x_wconf 90' lang='lat' dir='ltr'><strong>loco</strong></span> 
     </span>
    </p>
   </div>
   <div class='ocr_carea' id='block_1_34' title="bbox 520 3374 2103 3451">
    <p class='ocr_par' dir='ltr' id='par_1_34' title="bbox 520 3374 2103 3451">
     <span class='ocr_line' id='line_1_34' title="bbox 520 3374 2103 3451; baseline -0.006 -15"><span class='ocrx_word' id='word_1_247' title='bbox 520 3382 661 3437; x_wconf 89' lang='lat' dir='ltr'><strong>idem</strong></span> <span class='ocrx_word' id='word_1_248' title='bbox 694 3380 968 3451; x_wconf 88' lang='lat' dir='ltr'><strong>apostolus</strong></span> <span class='ocrx_word' id='word_1_249' title='bbox 1010 3379 1087 3435; x_wconf 86' lang='lat' dir='ltr'><strong>sic</strong></span> <span class='ocrx_word' id='word_1_250' title='bbox 1124 3377 1406 3447; x_wconf 73' lang='lat' dir='ltr'><strong>explicavit</strong></span> <span class='ocrx_word' id='word_1_251' title='bbox 1436 3394 1449 3431; x_wconf 88' lang='lat'><strong>:</strong></span> <span class='ocrx_word' id='word_1_252' title='bbox 1484 3374 1645 3430; x_wconf 78' lang='lat' dir='ltr'><strong>Corde</strong></span> <span class='ocrx_word' id='word_1_253' title='bbox 1680 3374 1900 3430; x_wconf 85' lang='lat' dir='ltr'><strong>creditur</strong></span> <span class='ocrx_word' id='word_1_254' title='bbox 1924 3374 1992 3427; x_wconf 89' lang='lat' dir='ltr'><strong>ad</strong></span> <span class='ocrx_word' id='word_1_255' title='bbox 2006 3374 2103 3445; x_wconf 85' lang='lat' dir='ltr'><strong>ju-</strong></span> 
     </span>
    </p>
   </div>
   <div class='ocr_carea' id='block_1_35' title="bbox 518 3465 2100 3543">
    <p class='ocr_par' dir='ltr' id='par_1_35' title="bbox 518 3465 2100 3543">
     <span class='ocr_line' id='line_1_35' title="bbox 518 3465 2100 3543; baseline -0.005 -17"><span class='ocrx_word' id='word_1_256' title='bbox 518 3474 730 3541; x_wconf 88' lang='lat' dir='ltr'><strong>stitiam,</strong></span> <span class='ocrx_word' id='word_1_257' title='bbox 755 3488 841 3526; x_wconf 88' lang='lat' dir='ltr'><strong>ore</strong></span> <span class='ocrx_word' id='word_1_258' title='bbox 860 3480 1029 3525; x_wconf 82' lang='lat' dir='ltr'><strong>autent</strong></span> <span class='ocrx_word' id='word_1_259' title='bbox 1049 3469 1298 3543; x_wconf 72' lang='lat' dir='ltr'><strong>confessio</strong></span> <span class='ocrx_word' id='word_1_260' title='bbox 1320 3470 1376 3539; x_wconf 77' lang='lat' dir='ltr'><strong>ﬁt</strong></span> <span class='ocrx_word' id='word_1_261' title='bbox 1396 3471 1466 3521; x_wconf 86' lang='lat' dir='ltr'><strong>ad</strong></span> <span class='ocrx_word' id='word_1_262' title='bbox 1482 3470 1697 3522; x_wconf 76' lang='lat' dir='ltr'><strong>salutem</strong></span> <span class='ocrx_word' id='word_1_263' title='bbox 1718 3465 1895 3537; x_wconf 81' lang='lat' dir='ltr'><strong>(Rom.</strong></span> <span class='ocrx_word' id='word_1_264' title='bbox 1912 3483 1968 3531; x_wconf 73' lang='grc' dir='ltr'><strong>ι,</strong></span> <span class='ocrx_word' id='word_1_265' title='bbox 1988 3465 2100 3535; x_wconf 89' lang='grc'>10).</span> 
     </span>
    </p>
   </div>
   <div class='ocr_carea' id='block_1_36' title="bbox 519 3555 2097 3631">
    <p class='ocr_par' dir='ltr' id='par_1_36' title="bbox 519 3555 2097 3631">
     <span class='ocr_line' id='line_1_36' title="bbox 519 3555 2097 3631; baseline -0.006 -12"><span class='ocrx_word' id='word_1_266' title='bbox 519 3563 605 3619; x_wconf 74' lang='lat' dir='ltr'><strong>Ea:</strong></span> <span class='ocrx_word' id='word_1_267' title='bbox 624 3564 869 3619; x_wconf 87' lang='lat' dir='ltr'><strong>Sermone</strong></span> <span class='ocrx_word' id='word_1_268' title='bbox 888 3562 951 3617; x_wconf 87' lang='lat' dir='ltr'><strong>de</strong></span> <span class='ocrx_word' id='word_1_269' title='bbox 969 3562 1126 3615; x_wconf 87' lang='lat' dir='ltr'><strong>tribus</strong></span> <span class='ocrx_word' id='word_1_270' title='bbox 1146 3559 1318 3631; x_wconf 86' lang='lat' dir='ltr'><strong>virgis,</strong></span> <span class='ocrx_word' id='word_1_271' title='bbox 1343 3557 1481 3612; x_wconf 86' lang='lat' dir='ltr'><strong>Beda</strong></span> <span class='ocrx_word' id='word_1_272' title='bbox 1502 3568 1549 3613; x_wconf 90' lang='lat' dir='ltr'><strong>et</strong></span> <span class='ocrx_word' id='word_1_273' title='bbox 1571 3556 1761 3614; x_wconf 86' lang='lat' dir='ltr'><strong>Florus</strong></span> <span class='ocrx_word' id='word_1_274' title='bbox 1781 3557 1849 3611; x_wconf 91' lang='lat' dir='ltr'><strong>ad</strong></span> <span class='ocrx_word' id='word_1_275' title='bbox 1871 3556 1888 3610; x_wconf 97' lang='grc' dir='ltr'><strong>Ι</strong></span> <span class='ocrx_word' id='word_1_276' title='bbox 1916 3555 2033 3611; x_wconf 87' lang='lat' dir='ltr'><strong>Cor.</strong></span> <span class='ocrx_word' id='word_1_277' title='bbox 2058 3571 2097 3609; x_wconf 84' lang='grc' dir='ltr'>ι.</span> 
     </span>
    </p>
   </div>
   <div class='ocr_carea' id='block_1_37' title="bbox 589 3648 2106 3724">
    <p class='ocr_par' dir='ltr' id='par_1_37' title="bbox 589 3648 2106 3724">
     <span class='ocr_line' id='line_1_37' title="bbox 589 3648 2106 3724; baseline -0.005 -15"><span class='ocrx_word' id='word_1_278' title='bbox 589 3654 767 3722; x_wconf 83' lang='lat' dir='ltr'><strong>Quare</strong></span> <span class='ocrx_word' id='word_1_279' title='bbox 795 3660 971 3713; x_wconf 90' lang='lat' dir='ltr'><strong>autem</strong></span> <span class='ocrx_word' id='word_1_280' title='bbox 997 3652 1171 3724; x_wconf 88' lang='lat' dir='ltr'><strong>primo</strong></span> <span class='ocrx_word' id='word_1_281' title='bbox 1197 3650 1459 3721; x_wconf 90' lang='lat' dir='ltr'><strong>ignobiles</strong></span> <span class='ocrx_word' id='word_1_282' title='bbox 1477 3692 1492 3717; x_wconf 94' lang='lat'><strong>,</strong></span> <span class='ocrx_word' id='word_1_283' title='bbox 1524 3662 1717 3718; x_wconf 92' lang='lat' dir='ltr'><strong>paucos</strong></span> <span class='ocrx_word' id='word_1_284' title='bbox 1746 3648 2021 3718; x_wconf 86' lang='lat' dir='ltr'><strong>imperitos</strong></span> <span class='ocrx_word' id='word_1_285' title='bbox 2051 3656 2106 3703; x_wconf 89' lang='lat' dir='ltr'><strong>et</strong></span> 
     </span>
    </p>
   </div>
   <div class='ocr_carea' id='block_1_38' title="bbox 519 3739 2104 3814">
    <p class='ocr_par' dir='ltr' id='par_1_38' title="bbox 519 3739 2104 3814">
     <span class='ocr_line' id='line_1_38' title="bbox 519 3739 2104 3814; baseline -0.003 -16"><span class='ocrx_word' id='word_1_286' title='bbox 519 3745 789 3814; x_wconf 87' lang='lat' dir='ltr'><strong>impolitos</strong></span> <span class='ocrx_word' id='word_1_287' title='bbox 812 3743 1031 3813; x_wconf 87' lang='lat' dir='ltr'><strong>elegerit</strong></span> <span class='ocrx_word' id='word_1_288' title='bbox 1060 3743 1335 3810; x_wconf 89' lang='lat' dir='ltr'><strong>Dominus,</strong></span> <span class='ocrx_word' id='word_1_289' title='bbox 1363 3756 1483 3796; x_wconf 93' lang='lat' dir='ltr'><strong>cum</strong></span> <span class='ocrx_word' id='word_1_290' title='bbox 1514 3740 1735 3795; x_wconf 86' lang='lat' dir='ltr'><strong>haberet</strong></span> <span class='ocrx_word' id='word_1_291' title='bbox 1764 3748 1889 3795; x_wconf 88' lang='lat' dir='ltr'><strong>ante</strong></span> <span class='ocrx_word' id='word_1_292' title='bbox 1917 3739 2104 3795; x_wconf 91' lang='lat' dir='ltr'><strong>oculos</strong></span> 
     </span>
    </p>
   </div>
   <div class='ocr_carea' id='block_1_39' title="bbox 521 3831 2106 3901">
    <p class='ocr_par' dir='ltr' id='par_1_39' title="bbox 521 3831 2106 3901">
     <span class='ocr_line' id='line_1_39' title="bbox 521 3831 2106 3901; baseline -0.001 -14"><span class='ocrx_word' id='word_1_293' title='bbox 521 3848 650 3887; x_wconf 78' lang='lat' dir='ltr'><strong>suos</strong></span> <span class='ocrx_word' id='word_1_294' title='bbox 680 3833 887 3887; x_wconf 90' lang='lat' dir='ltr'><strong>turbam</strong></span> <span class='ocrx_word' id='word_1_295' title='bbox 916 3846 1191 3901; x_wconf 85' lang='lat' dir='ltr'><strong>magnam,</strong></span> <span class='ocrx_word' id='word_1_296' title='bbox 1226 3833 1277 3885; x_wconf 90' lang='lat' dir='ltr'><strong>in</strong></span> <span class='ocrx_word' id='word_1_297' title='bbox 1308 3833 1704 3901; x_wconf 90' lang='lat' dir='ltr'><strong>comparatione</strong></span> <span class='ocrx_word' id='word_1_298' title='bbox 1738 3831 1949 3901; x_wconf 85' lang='lat' dir='ltr'><strong>quidem</strong></span> <span class='ocrx_word' id='word_1_299' title='bbox 1986 3831 2106 3886; x_wconf 82' lang='lat' dir='ltr'><strong>illo-</strong></span> 
     </span>
    </p>
   </div>
   <div class='ocr_carea' id='block_1_40' title="bbox 522 3922 2107 3994">
    <p class='ocr_par' dir='ltr' id='par_1_40' title="bbox 522 3922 2107 3994">
     <span class='ocr_line' id='line_1_40' title="bbox 522 3922 2107 3994; baseline -0.001 -15"><span class='ocrx_word' id='word_1_300' title='bbox 522 3940 642 3991; x_wconf 87' lang='lat' dir='ltr'><strong>rum</strong></span> <span class='ocrx_word' id='word_1_301' title='bbox 666 3923 1037 3994; x_wconf 88' lang='lat' dir='ltr'><strong>pauperiorum</strong></span> <span class='ocrx_word' id='word_1_302' title='bbox 1064 3922 1361 3991; x_wconf 88' lang='lat' dir='ltr'><strong>pauciores,</strong></span> <span class='ocrx_word' id='word_1_303' title='bbox 1392 3923 1483 3977; x_wconf 92' lang='lat' dir='ltr'><strong>sed</strong></span> <span class='ocrx_word' id='word_1_304' title='bbox 1506 3923 1557 3975; x_wconf 89' lang='lat' dir='ltr'><strong>in</strong></span> <span class='ocrx_word' id='word_1_305' title='bbox 1579 3937 1773 3994; x_wconf 91' lang='lat' dir='ltr'><strong>genere</strong></span> <span class='ocrx_word' id='word_1_306' title='bbox 1794 3937 1890 3978; x_wconf 93' lang='lat' dir='ltr'><strong>suo</strong></span> <span class='ocrx_word' id='word_1_307' title='bbox 1910 3922 2107 3978; x_wconf 87' lang='lat' dir='ltr'><strong>multos</strong></span> 
     </span>
    </p>
   </div>
   <div class='ocr_carea' id='block_1_41' title="bbox 523 4012 2109 4085">
    <p class='ocr_par' dir='ltr' id='par_1_41' title="bbox 523 4012 2109 4085">
     <span class='ocr_line' id='line_1_41' title="bbox 523 4012 2109 4085; baseline 0.001 -17"><span class='ocrx_word' id='word_1_308' title='bbox 523 4015 737 4079; x_wconf 86' lang='lat' dir='ltr'><strong>divites,</strong></span> <span class='ocrx_word' id='word_1_309' title='bbox 770 4012 1186 4077; x_wconf 90' lang='lat' dir='ltr'><strong>nobiles,doctos</strong></span> <span class='ocrx_word' id='word_1_310' title='bbox 1204 4053 1219 4077; x_wconf 94' lang='lat'><strong>,</strong></span> <span class='ocrx_word' id='word_1_311' title='bbox 1246 4014 1542 4082; x_wconf 81' lang='lat' dir='ltr'><strong>sapientes,</strong></span> <span class='ocrx_word' id='word_1_312' title='bbox 1569 4027 1703 4085; x_wconf 92' lang='lat' dir='ltr'><strong>quos</strong></span> <span class='ocrx_word' id='word_1_313' title='bbox 1732 4021 1916 4082; x_wconf 90' lang='lat' dir='ltr'><strong>postea</strong></span> <span class='ocrx_word' id='word_1_314' title='bbox 1946 4014 2109 4069; x_wconf 91' lang='lat' dir='ltr'><strong>etiam</strong></span> 
     </span>
    </p>
   </div>
   <div class='ocr_carea' id='block_1_42' title="bbox 515 4103 2108 4176">
    <p class='ocr_par' dir='ltr' id='par_1_42' title="bbox 515 4103 2108 4176">
     <span class='ocr_line' id='line_1_42' title="bbox 515 4103 2108 4176; baseline 0 -16"><span class='ocrx_word' id='word_1_315' title='bbox 515 4105 773 4176; x_wconf 73' lang='lat' dir='ltr'><strong>collegit,</strong></span> <span class='ocrx_word' id='word_1_316' title='bbox 804 4104 1023 4174; x_wconf 83' lang='lat' dir='ltr'><strong>exponit</strong></span> <span class='ocrx_word' id='word_1_317' title='bbox 1062 4104 1350 4174; x_wconf 82' lang='lat' dir='ltr'><strong>Apostolus</strong></span> <span class='ocrx_word' id='word_1_318' title='bbox 1397 4112 1790 4159; x_wconf 87' lang='lat' dir='ltr'><strong>sacramentum</strong></span> <span class='ocrx_word' id='word_1_319' title='bbox 1833 4122 1845 4157; x_wconf 95' lang='lat'><strong>:</strong></span> <span class='ocrx_word' id='word_1_320' title='bbox 1887 4103 2108 4174; x_wconf 65' lang='lat' dir='ltr'><strong>Inﬁt-ma</strong></span> 
     </span>
    </p>
   </div>
   <div class='ocr_carea' id='block_1_43' title="bbox 514 4193 2110 4267">
    <p class='ocr_par' dir='ltr' id='par_1_43' title="bbox 514 4193 2110 4267">
     <span class='ocr_line' id='line_1_43' title="bbox 514 4193 2110 4267; baseline 0 -18"><span class='ocrx_word' id='word_1_321' title='bbox 514 4194 1034 4267; x_wconf 73' lang='lat' dir='ltr'><strong>ijusmundielegit</strong></span> <span class='ocrx_word' id='word_1_322' title='bbox 1065 4193 1234 4262; x_wconf 87' lang='lat' dir='ltr'><strong>Deus,</strong></span> <span class='ocrx_word' id='word_1_323' title='bbox 1258 4202 1313 4248; x_wconf 91' lang='lat' dir='ltr'><strong>ut</strong></span> <span class='ocrx_word' id='word_1_324' title='bbox 1333 4193 1609 4261; x_wconf 77' lang='lat' dir='ltr'><strong>confundat</strong></span> <span class='ocrx_word' id='word_1_325' title='bbox 1642 4194 1833 4265; x_wconf 82' lang='lat' dir='ltr'><strong>fortia;</strong></span> <span class='ocrx_word' id='word_1_326' title='bbox 1871 4203 1916 4248; x_wconf 91' lang='lat' dir='ltr'><strong>et</strong></span> <span class='ocrx_word' id='word_1_327' title='bbox 1953 4195 2110 4250; x_wconf 87' lang='lat' dir='ltr'><strong>stulta</strong></span> 
     </span>
    </p>
   </div>
   <div class='ocr_carea' id='block_1_44' title="bbox 514 4282 2111 4358">
    <p class='ocr_par' dir='ltr' id='par_1_44' title="bbox 514 4282 2111 4358">
     <span class='ocr_line' id='line_1_44' title="bbox 514 4282 2111 4358; baseline 0.001 -18"><span class='ocrx_word' id='word_1_328' title='bbox 514 4288 676 4358; x_wconf 70' lang='lat' dir='ltr'><strong>ijus</strong></span> <span class='ocrx_word' id='word_1_329' title='bbox 696 4286 874 4340; x_wconf 88' lang='lat' dir='ltr'><strong>mundi</strong></span> <span class='ocrx_word' id='word_1_330' title='bbox 901 4284 1046 4356; x_wconf 87' lang='lat' dir='ltr'><strong>elegit</strong></span> <span class='ocrx_word' id='word_1_331' title='bbox 1057 4282 1215 4351; x_wconf 87' lang='lat' dir='ltr'><strong>Deus,</strong></span> <span class='ocrx_word' id='word_1_332' title='bbox 1236 4294 1290 4338; x_wconf 92' lang='lat' dir='ltr'><strong>ut</strong></span> <span class='ocrx_word' id='word_1_333' title='bbox 1310 4285 1588 4356; x_wconf 80' lang='lat' dir='ltr'><strong>confundat</strong></span> <span class='ocrx_word' id='word_1_334' title='bbox 1606 4285 1886 4354; x_wconf 88' lang='lat' dir='ltr'><strong>sapientes;</strong></span> <span class='ocrx_word' id='word_1_335' title='bbox 1901 4294 1947 4340; x_wconf 86' lang='lat' dir='ltr'><strong>et</strong></span> <span class='ocrx_word' id='word_1_336' title='bbox 1966 4285 2111 4357; x_wconf 80' lang='lat' dir='ltr'><strong>igne-.-</strong></span> 
     </span>
    </p>
   </div>
   <div class='ocr_carea' id='block_1_45' title="bbox 514 4376 2109 4449">
    <p class='ocr_par' dir='ltr' id='par_1_45' title="bbox 514 4376 2109 4449">
     <span class='ocr_line' id='line_1_45' title="bbox 514 4376 2109 4449; baseline 0.001 -16"><span class='ocrx_word' id='word_1_337' title='bbox 514 4382 647 4434; x_wconf 73' lang='lat' dir='ltr'><strong>bilia</strong></span> <span class='ocrx_word' id='word_1_338' title='bbox 675 4380 827 4449; x_wconf 85' lang='lat' dir='ltr'><strong>hujus</strong></span> <span class='ocrx_word' id='word_1_339' title='bbox 861 4378 1037 4432; x_wconf 88' lang='lat' dir='ltr'><strong>mundi</strong></span> <span class='ocrx_word' id='word_1_340' title='bbox 1067 4378 1213 4449; x_wconf 82' lang='lat' dir='ltr'><strong>elegit</strong></span> <span class='ocrx_word' id='word_1_341' title='bbox 1238 4376 1377 4431; x_wconf 86' lang='lat' dir='ltr'><strong>Deus</strong></span> <span class='ocrx_word' id='word_1_342' title='bbox 1396 4419 1410 4443; x_wconf 90' lang='lat'><strong>,</strong></span> <span class='ocrx_word' id='word_1_343' title='bbox 1449 4387 1497 4431; x_wconf 86' lang='lat' dir='ltr'><strong>et</strong></span> <span class='ocrx_word' id='word_1_344' title='bbox 1527 4393 1585 4431; x_wconf 88' lang='lat' dir='ltr'><strong>ea</strong></span> <span class='ocrx_word' id='word_1_345' title='bbox 1610 4393 1722 4445; x_wconf 70' lang='lat' dir='ltr'><strong>qui:</strong></span> <span class='ocrx_word' id='word_1_346' title='bbox 1756 4394 1856 4432; x_wconf 91' lang='lat' dir='ltr'><strong>non</strong></span> <span class='ocrx_word' id='word_1_347' title='bbox 1879 4388 2031 4445; x_wconf 85' lang='lat' dir='ltr'><strong>sunt,</strong></span> <span class='ocrx_word' id='word_1_348' title='bbox 2056 4379 2109 4434; x_wconf 89' lang='lat' dir='ltr'><strong>id</strong></span> 
     </span>
    </p>
   </div>
   <div class='ocr_carea' id='block_1_46' title="bbox 518 4469 2106 4541">
    <p class='ocr_par' dir='ltr' id='par_1_46' title="bbox 518 4469 2106 4541">
     <span class='ocr_line' id='line_1_46' title="bbox 518 4469 2106 4541; baseline -0.001 -15"><span class='ocrx_word' id='word_1_349' title='bbox 518 4482 629 4537; x_wconf 76' lang='lat' dir='ltr'><strong>est,</strong></span> <span class='ocrx_word' id='word_1_350' title='bbox 654 4486 758 4525; x_wconf 92' lang='lat' dir='ltr'><strong>non</strong></span> <span class='ocrx_word' id='word_1_351' title='bbox 781 4478 1173 4540; x_wconf 87' lang='lat' dir='ltr'><strong>computantur,</strong></span> <span class='ocrx_word' id='word_1_352' title='bbox 1196 4479 1250 4522; x_wconf 90' lang='lat' dir='ltr'><strong>ut</strong></span> <span class='ocrx_word' id='word_1_353' title='bbox 1269 4484 1382 4540; x_wconf 71' lang='lat' dir='ltr'><strong>qua:</strong></span> <span class='ocrx_word' id='word_1_354' title='bbox 1400 4478 1513 4522; x_wconf 85' lang='lat' dir='ltr'><strong>sunt</strong></span> <span class='ocrx_word' id='word_1_355' title='bbox 1535 4479 1833 4524; x_wconf 86' lang='lat' dir='ltr'><strong>evacuentur</strong></span> <span class='ocrx_word' id='word_1_356' title='bbox 1858 4469 1907 4541; x_wconf 92' lang='lat' dir='ltr'><strong>(l</strong></span> <span class='ocrx_word' id='word_1_357' title='bbox 1929 4470 2045 4524; x_wconf 79' lang='lat' dir='ltr'><strong>Cor.</strong></span> <span class='ocrx_word' id='word_1_358' title='bbox 2070 4486 2106 4538; x_wconf 90' lang='grc' dir='ltr'><strong>ι,</strong></span> 
     </span>
    </p>
   </div>
   <div class='ocr_carea' id='block_1_47' title="bbox 524 4562 2109 4637">
    <p class='ocr_par' dir='ltr' id='par_1_47' title="bbox 524 4562 2109 4637">
     <span class='ocr_line' id='line_1_47' title="bbox 524 4562 2109 4637; baseline -0.003 -16"><span class='ocrx_word' id='word_1_359' title='bbox 524 4567 597 4622; x_wconf 72' lang='grc'><strong>27</strong></span> <span class='ocrx_word' id='word_1_360' title='bbox 617 4576 661 4621; x_wconf 89' lang='lat' dir='ltr'><strong>et</strong></span> <span class='ocrx_word' id='word_1_361' title='bbox 683 4565 799 4637; x_wconf 73' lang='lat'><strong>28).</strong></span> <span class='ocrx_word' id='word_1_362' title='bbox 835 4564 1064 4623; x_wconf 78' lang='lat' dir='ltr'><strong>Venerat</strong></span> <span class='ocrx_word' id='word_1_363' title='bbox 1092 4563 1233 4619; x_wconf 90' lang='lat' dir='ltr'><strong>enim</strong></span> <span class='ocrx_word' id='word_1_364' title='bbox 1259 4563 1450 4619; x_wconf 90' lang='lat' dir='ltr'><strong>docere</strong></span> <span class='ocrx_word' id='word_1_365' title='bbox 1472 4562 1846 4629; x_wconf 86' lang='lat' dir='ltr'><strong>humilitatem,</strong></span> <span class='ocrx_word' id='word_1_366' title='bbox 1863 4572 1916 4617; x_wconf 93' lang='lat' dir='ltr'><strong>et</strong></span> <span class='ocrx_word' id='word_1_367' title='bbox 1940 4578 2109 4634; x_wconf 76' lang='lat' dir='ltr'><strong>expu-</strong></span> 
     </span>
    </p>
   </div>
   <div class='ocr_carea' id='block_1_48' title="bbox 516 4655 2110 4731">
    <p class='ocr_par' dir='ltr' id='par_1_48' title="bbox 516 4655 2110 4731">
     <span class='ocr_line' id='line_1_48' title="bbox 516 4655 2110 4731; baseline -0.001 -19"><span class='ocrx_word' id='word_1_368' title='bbox 516 4674 691 4728; x_wconf 66' lang='lat' dir='ltr'><strong>gnare</strong></span> <span class='ocrx_word' id='word_1_369' title='bbox 724 4657 1049 4731; x_wconf 81' lang='lat' dir='ltr'><strong>superbiam.</strong></span> <span class='ocrx_word' id='word_1_370' title='bbox 1074 4656 1307 4712; x_wconf 77' lang='lat' dir='ltr'><strong>Venerat</strong></span> <span class='ocrx_word' id='word_1_371' title='bbox 1332 4655 1550 4712; x_wconf 87' lang='lat' dir='ltr'><strong>humilis</strong></span> <span class='ocrx_word' id='word_1_372' title='bbox 1578 4656 1714 4719; x_wconf 89' lang='lat' dir='ltr'><strong>Deus</strong></span> <span class='ocrx_word' id='word_1_373' title='bbox 1740 4674 1751 4708; x_wconf 93' lang='lat'><strong>:</strong></span> <span class='ocrx_word' id='word_1_374' title='bbox 1779 4656 1921 4711; x_wconf 91' lang='lat' dir='ltr'><strong>nullo</strong></span> <span class='ocrx_word' id='word_1_375' title='bbox 1952 4656 2110 4711; x_wconf 86' lang='lat' dir='ltr'><strong>modo</strong></span> 
     </span>
    </p>
   </div>
   <div class='ocr_carea' id='block_1_49' title="bbox 524 4747 2105 4822">
    <p class='ocr_par' dir='ltr' id='par_1_49' title="bbox 524 4747 2105 4822">
     <span class='ocr_line' id='line_1_49' title="bbox 524 4747 2105 4822; baseline -0.003 -15"><span class='ocrx_word' id='word_1_376' title='bbox 524 4754 617 4807; x_wconf 81' lang='lat' dir='ltr'><strong>hic</strong></span> <span class='ocrx_word' id='word_1_377' title='bbox 653 4752 799 4822; x_wconf 90' lang='lat' dir='ltr'><strong>prius</strong></span> <span class='ocrx_word' id='word_1_378' title='bbox 828 4751 965 4805; x_wconf 90' lang='lat' dir='ltr'><strong>altos</strong></span> <span class='ocrx_word' id='word_1_379' title='bbox 1003 4756 1297 4822; x_wconf 67' lang='lat' dir='ltr'><strong>quaireret,</strong></span> <span class='ocrx_word' id='word_1_380' title='bbox 1329 4748 1419 4822; x_wconf 88' lang='lat' dir='ltr'><strong>qui</strong></span> <span class='ocrx_word' id='word_1_381' title='bbox 1464 4756 1570 4802; x_wconf 90' lang='lat' dir='ltr'><strong>tam</strong></span> <span class='ocrx_word' id='word_1_382' title='bbox 1610 4747 1825 4803; x_wconf 87' lang='lat' dir='ltr'><strong>humilis</strong></span> <span class='ocrx_word' id='word_1_383' title='bbox 1868 4756 2105 4804; x_wconf 89' lang='lat' dir='ltr'><strong>venerat.</strong></span> 
     </span>
    </p>
   </div>
   <div class='ocr_carea' id='block_1_50' title="bbox 520 4839 2109 4913">
    <p class='ocr_par' dir='ltr' id='par_1_50' title="bbox 520 4839 2109 4913">
     <span class='ocr_line' id='line_1_50' title="bbox 520 4839 2109 4913; baseline -0.001 -17"><span class='ocrx_word' id='word_1_384' title='bbox 520 4843 731 4907; x_wconf 70' lang='lat' dir='ltr'><strong>Primo,</strong></span> <span class='ocrx_word' id='word_1_385' title='bbox 762 4842 880 4913; x_wconf 86' lang='lat' dir='ltr'><strong>quia</strong></span> <span class='ocrx_word' id='word_1_386' title='bbox 907 4841 1067 4911; x_wconf 84' lang='lat' dir='ltr'><strong>elegit</strong></span> <span class='ocrx_word' id='word_1_387' title='bbox 1096 4840 1240 4897; x_wconf 89' lang='lat' dir='ltr'><strong>nasci</strong></span> <span class='ocrx_word' id='word_1_388' title='bbox 1269 4839 1336 4895; x_wconf 92' lang='lat' dir='ltr'><strong>de</strong></span> <span class='ocrx_word' id='word_1_389' title='bbox 1368 4839 1455 4894; x_wconf 89' lang='lat' dir='ltr'><strong>illa</strong></span> <span class='ocrx_word' id='word_1_390' title='bbox 1488 4839 1702 4911; x_wconf 85' lang='lat' dir='ltr'><strong>femina,</strong></span> <span class='ocrx_word' id='word_1_391' title='bbox 1730 4855 1847 4910; x_wconf 62' lang='lat' dir='ltr'><strong>qua}</strong></span> <span class='ocrx_word' id='word_1_392' title='bbox 1874 4839 2109 4910; x_wconf 82' lang='lat' dir='ltr'><strong>deSpou-</strong></span> 
     </span>
    </p>
   </div>
   <div class='ocr_carea' id='block_1_51' title="bbox 526 4934 2111 5007">
    <p class='ocr_par' dir='ltr' id='par_1_51' title="bbox 526 4934 2111 5007">
     <span class='ocr_line' id='line_1_51' title="bbox 526 4934 2111 5007; baseline 0.001 -19"><span class='ocrx_word' id='word_1_393' title='bbox 526 4945 641 4988; x_wconf 88' lang='lat' dir='ltr'><strong>sata</strong></span> <span class='ocrx_word' id='word_1_394' title='bbox 670 4944 785 4989; x_wconf 87' lang='lat' dir='ltr'><strong>erat</strong></span> <span class='ocrx_word' id='word_1_395' title='bbox 812 4936 976 4990; x_wconf 87' lang='lat' dir='ltr'><strong>fabro.</strong></span> <span class='ocrx_word' id='word_1_396' title='bbox 1018 4934 1134 4989; x_wconf 85' lang='lat' dir='ltr'><strong>Non</strong></span> <span class='ocrx_word' id='word_1_397' title='bbox 1165 4934 1322 5007; x_wconf 81' lang='lat' dir='ltr'><strong>elegit</strong></span> <span class='ocrx_word' id='word_1_398' title='bbox 1365 4949 1492 5006; x_wconf 87' lang='lat' dir='ltr'><strong>ergo</strong></span> <span class='ocrx_word' id='word_1_399' title='bbox 1533 4934 1738 5001; x_wconf 73' lang='lat' dir='ltr'><strong>amplos</strong></span> <span class='ocrx_word' id='word_1_400' title='bbox 1774 4934 2008 4999; x_wconf 88' lang='lat' dir='ltr'><strong>natales,</strong></span> <span class='ocrx_word' id='word_1_401' title='bbox 2043 4949 2111 4989; x_wconf 90' lang='lat' dir='ltr'><strong>ne</strong></span> 
     </span>
    </p>
   </div>
   <div class='ocr_carea' id='block_1_52' title="bbox 522 5023 2109 5095">
    <p class='ocr_par' dir='ltr' id='par_1_52' title="bbox 522 5023 2109 5095">
     <span class='ocr_line' id='line_1_52' title="bbox 522 5023 2109 5095; baseline -0.001 -15"><span class='ocrx_word' id='word_1_402' title='bbox 522 5026 582 5080; x_wconf 81' lang='lat' dir='ltr'><strong>in</strong></span> <span class='ocrx_word' id='word_1_403' title='bbox 628 5023 725 5078; x_wconf 89' lang='lat' dir='ltr'><strong>hac</strong></span> <span class='ocrx_word' id='word_1_404' title='bbox 762 5034 899 5081; x_wconf 89' lang='lat' dir='ltr'><strong>terra</strong></span> <span class='ocrx_word' id='word_1_405' title='bbox 944 5026 1193 5081; x_wconf 89' lang='lat' dir='ltr'><strong>nobilitas</strong></span> <span class='ocrx_word' id='word_1_406' title='bbox 1235 5025 1553 5095; x_wconf 84' lang='lat' dir='ltr'><strong>superbiret.</strong></span> <span class='ocrx_word' id='word_1_407' title='bbox 1586 5024 1702 5078; x_wconf 90' lang='lat' dir='ltr'><strong>Non</strong></span> <span class='ocrx_word' id='word_1_408' title='bbox 1734 5024 1893 5094; x_wconf 84' lang='lat' dir='ltr'><strong>elegit</strong></span> <span class='ocrx_word' id='word_1_409' title='bbox 1921 5025 2109 5079; x_wconf 88' lang='lat' dir='ltr'><strong>saltem</strong></span> 
     </span>
    </p>
   </div>
   <div class='ocr_carea' id='block_1_53' title="bbox 522 5117 2110 5191">
    <p class='ocr_par' dir='ltr' id='par_1_53' title="bbox 522 5117 2110 5191">
     <span class='ocr_line' id='line_1_53' title="bbox 522 5117 2110 5191; baseline 0 -18"><span class='ocrx_word' id='word_1_410' title='bbox 522 5118 675 5174; x_wconf 82' lang='lat' dir='ltr'><strong>nasci</strong></span> <span class='ocrx_word' id='word_1_411' title='bbox 704 5118 757 5171; x_wconf 86' lang='lat' dir='ltr'><strong>in</strong></span> <span class='ocrx_word' id='word_1_412' title='bbox 786 5119 1109 5191; x_wconf 85' lang='lat' dir='ltr'><strong>amplissima</strong></span> <span class='ocrx_word' id='word_1_413' title='bbox 1140 5120 1372 5181; x_wconf 85' lang='lat' dir='ltr'><strong>civitate,</strong></span> <span class='ocrx_word' id='word_1_414' title='bbox 1396 5117 1489 5172; x_wconf 86' lang='lat' dir='ltr'><strong>sed</strong></span> <span class='ocrx_word' id='word_1_415' title='bbox 1520 5125 1674 5177; x_wconf 85' lang='lat' dir='ltr'><strong>natus</strong></span> <span class='ocrx_word' id='word_1_416' title='bbox 1700 5127 1782 5172; x_wconf 89' lang='lat' dir='ltr'><strong>est</strong></span> <span class='ocrx_word' id='word_1_417' title='bbox 1813 5119 1862 5172; x_wconf 93' lang='lat' dir='ltr'><strong>in</strong></span> <span class='ocrx_word' id='word_1_418' title='bbox 1896 5117 2110 5179; x_wconf 81' lang='lat' dir='ltr'><strong>Bethle-</strong></span> 
     </span>
    </p>
   </div>
   <div class='ocr_carea' id='block_1_54' title="bbox 531 5206 2111 5279">
    <p class='ocr_par' dir='ltr' id='par_1_54' title="bbox 531 5206 2111 5279">
     <span class='ocr_line' id='line_1_54' title="bbox 531 5206 2111 5279; baseline -0.001 -16"><span class='ocrx_word' id='word_1_419' title='bbox 531 5211 655 5264; x_wconf 81' lang='lat' dir='ltr'><strong>hem</strong></span> <span class='ocrx_word' id='word_1_420' title='bbox 696 5206 880 5275; x_wconf 70' lang='lat' dir='ltr'><strong>Judm,</strong></span> <span class='ocrx_word' id='word_1_421' title='bbox 925 5224 1043 5278; x_wconf 72' lang='lat' dir='ltr'><strong>qua:</strong></span> <span class='ocrx_word' id='word_1_422' title='bbox 1091 5224 1189 5263; x_wconf 91' lang='lat' dir='ltr'><strong>nec</strong></span> <span class='ocrx_word' id='word_1_423' title='bbox 1230 5208 1460 5265; x_wconf 82' lang='lat' dir='ltr'><strong>civitatis</strong></span> <span class='ocrx_word' id='word_1_424' title='bbox 1503 5212 1717 5263; x_wconf 87' lang='lat' dir='ltr'><strong>nomine</strong></span> <span class='ocrx_word' id='word_1_425' title='bbox 1757 5218 2111 5279; x_wconf 84' lang='lat' dir='ltr'><strong>nuncupatur.</strong></span> 
     </span>
    </p>
   </div>
   <div class='ocr_carea' id='block_1_55' title="bbox 528 5297 2111 5370">
    <p class='ocr_par' dir='ltr' id='par_1_55' title="bbox 528 5297 2111 5370">
     <span class='ocr_line' id='line_1_55' title="bbox 528 5297 2111 5370; baseline -0.001 -15"><span class='ocrx_word' id='word_1_426' title='bbox 528 5299 808 5369; x_wconf 80' lang='lat' dir='ltr'><strong>Hodieque</strong></span> <span class='ocrx_word' id='word_1_427' title='bbox 846 5297 991 5352; x_wconf 88' lang='lat' dir='ltr'><strong>illam</strong></span> <span class='ocrx_word' id='word_1_428' title='bbox 1030 5298 1217 5353; x_wconf 81' lang='lat' dir='ltr'><strong>incolae</strong></span> <span class='ocrx_word' id='word_1_429' title='bbox 1250 5300 1353 5354; x_wconf 91' lang='lat' dir='ltr'><strong>loci</strong></span> <span class='ocrx_word' id='word_1_430' title='bbox 1394 5298 1537 5352; x_wconf 91' lang='lat' dir='ltr'><strong>illius</strong></span> <span class='ocrx_word' id='word_1_431' title='bbox 1576 5299 1753 5353; x_wconf 89' lang='lat' dir='ltr'><strong>villam</strong></span> <span class='ocrx_word' id='word_1_432' title='bbox 1794 5298 2065 5370; x_wconf 90' lang='lat' dir='ltr'><strong>appellant</strong></span> <span class='ocrx_word' id='word_1_433' title='bbox 2098 5316 2111 5353; x_wconf 91' lang='lat'><strong>:</strong></span> 
     </span>
    </p>
   </div>
   <div class='ocr_carea' id='block_1_56' title="bbox 530 5390 2117 5463">
    <p class='ocr_par' dir='ltr' id='par_1_56' title="bbox 530 5390 2117 5463">
     <span class='ocr_line' id='line_1_56' title="bbox 530 5390 2117 5463; baseline -0.001 -16"><span class='ocrx_word' id='word_1_434' title='bbox 530 5404 636 5447; x_wconf 89' lang='lat' dir='ltr'><strong>tam</strong></span> <span class='ocrx_word' id='word_1_435' title='bbox 661 5405 822 5463; x_wconf 90' lang='lat' dir='ltr'><strong>parva</strong></span> <span class='ocrx_word' id='word_1_436' title='bbox 844 5432 859 5457; x_wconf 96' lang='lat'><strong>,</strong></span> <span class='ocrx_word' id='word_1_437' title='bbox 883 5398 990 5445; x_wconf 91' lang='lat' dir='ltr'><strong>tam</strong></span> <span class='ocrx_word' id='word_1_438' title='bbox 1013 5390 1198 5458; x_wconf 80' lang='lat' dir='ltr'><strong>exigua</strong></span> <span class='ocrx_word' id='word_1_439' title='bbox 1218 5431 1233 5456; x_wconf 96' lang='lat'><strong>,</strong></span> <span class='ocrx_word' id='word_1_440' title='bbox 1257 5405 1423 5461; x_wconf 84' lang='lat' dir='ltr'><strong>prope</strong></span> <span class='ocrx_word' id='word_1_441' title='bbox 1452 5391 1593 5445; x_wconf 84' lang='lat' dir='ltr'><strong>nulla</strong></span> <span class='ocrx_word' id='word_1_442' title='bbox 1619 5399 1734 5457; x_wconf 86' lang='lat' dir='ltr'><strong>est,</strong></span> <span class='ocrx_word' id='word_1_443' title='bbox 1767 5392 1867 5445; x_wconf 84' lang='lat' dir='ltr'><strong>nisi</strong></span> <span class='ocrx_word' id='word_1_444' title='bbox 1896 5390 2117 5461; x_wconf 89' lang='lat' dir='ltr'><strong>pristina</strong></span> 
     </span>
    </p>
   </div>
   <div class='ocr_carea' id='block_1_57' title="bbox 529 5481 2117 5554">
    <p class='ocr_par' dir='ltr' id='par_1_57' title="bbox 529 5481 2117 5554">
     <span class='ocr_line' id='line_1_57' title="bbox 529 5481 2117 5554; baseline -0.003 -13"><span class='ocrx_word' id='word_1_445' title='bbox 529 5485 743 5542; x_wconf 90' lang='lat' dir='ltr'><strong>Domini</strong></span> <span class='ocrx_word' id='word_1_446' title='bbox 780 5482 979 5539; x_wconf 88' lang='lat' dir='ltr'><strong>Christi</strong></span> <span class='ocrx_word' id='word_1_447' title='bbox 1024 5481 1305 5545; x_wconf 70' lang='lat' dir='ltr'><strong>nativitate,</strong></span> <span class='ocrx_word' id='word_1_448' title='bbox 1337 5482 1724 5537; x_wconf 90' lang='lat' dir='ltr'><strong>nobilitaretur.</strong></span> <span class='ocrx_word' id='word_1_449' title='bbox 1771 5482 1943 5554; x_wconf 85' lang='lat' dir='ltr'><strong>Elegit</strong></span> <span class='ocrx_word' id='word_1_450' title='bbox 1988 5496 2117 5553; x_wconf 87' lang='lat' dir='ltr'><strong>ergo</strong></span> 
     </span>
    </p>
   </div>
   <div class='ocr_carea' id='block_1_58' title="bbox 590 5591 2118 5658">
    <p class='ocr_par' dir='ltr' id='par_1_58' title="bbox 590 5591 2118 5658">
     <span class='ocr_line' id='line_1_58' title="bbox 590 5591 2118 5658; baseline -0.001 -13"><span class='ocrx_word' id='word_1_451' title='bbox 590 5595 665 5658; x_wconf 88' lang='lat' dir='ltr'><strong>(a)</strong></span> <span class='ocrx_word' id='word_1_452' title='bbox 696 5601 748 5645; x_wconf 90' lang='lat' dir='ltr'><strong>tn</strong></span> <span class='ocrx_word' id='word_1_453' title='bbox 782 5593 1061 5658; x_wconf 76' lang='lat' dir='ltr'><strong>calendario</strong></span> <span class='ocrx_word' id='word_1_454' title='bbox 1116 5591 1487 5658; x_wconf 76' lang='lat' dir='ltr'><strong>Carmaginensi</strong></span> <span class='ocrx_word' id='word_1_455' title='bbox 1507 5604 1699 5658; x_wconf 72' lang='lat' dir='ltr'><strong>mense</strong></span> <span class='ocrx_word' id='word_1_456' title='bbox 1733 5591 2118 5658; x_wconf 80' lang='lat' dir='ltr'><strong>angusto__cele-</strong></span> 
     </span>
    </p>
   </div>
   <div class='ocr_carea' id='block_1_59' title="bbox 523 5653 2117 5777">
    <p class='ocr_par' dir='ltr' id='par_1_59' title="bbox 523 5653 2117 5777">
     <span class='ocr_line' id='line_1_59' title="bbox 523 5653 2117 5777; baseline -0.003 -70"><span class='ocrx_word' id='word_1_457' title='bbox 523 5653 691 5777; x_wconf 53' lang='lat' dir='ltr'><strong>mm;</strong></span> <span class='ocrx_word' id='word_1_458' title='bbox 714 5655 1006 5719; x_wconf 85' lang='lat' dir='ltr'><strong>Quadratus,</strong></span> <span class='ocrx_word' id='word_1_459' title='bbox 1032 5661 1084 5706; x_wconf 89' lang='lat' dir='ltr'><strong>et</strong></span> <span class='ocrx_word' id='word_1_460' title='bbox 1104 5661 1282 5717; x_wconf 78' lang='lat' dir='ltr'><strong>martyr</strong></span> <span class='ocrx_word' id='word_1_461' title='bbox 1295 5653 1342 5702; x_wconf 69' lang='lat' dir='ltr'><strong>&#39;a</strong></span> <span class='ocrx_word' id='word_1_462' title='bbox 1362 5654 1573 5705; x_wconf 81' lang='lat' dir='ltr'><strong>Possidio</strong></span> <span class='ocrx_word' id='word_1_463' title='bbox 1610 5653 1784 5703; x_wconf 86' lang='lat' dir='ltr'><strong>dicitur</strong></span> <span class='ocrx_word' id='word_1_464' title='bbox 1800 5653 1868 5702; x_wconf 67' lang='lat' dir='ltr'><strong>&#39;in</strong></span> <span class='ocrx_word' id='word_1_465' title='bbox 1889 5653 2117 5717; x_wconf 75' lang='lat' dir='ltr'><strong>lodicula,</strong></span> 
     </span>
    </p>
   </div>
   <div class='ocr_carea' id='block_1_60' title="bbox 1751 267 2552 333">
    <p class='ocr_par' dir='ltr' id='par_1_60' title="bbox 1751 267 2552 333">
     <span class='ocr_line' id='line_1_60' title="bbox 1751 267 2552 333; baseline -0.002 -7"><span class='ocrx_word' id='word_1_466' title='bbox 1751 271 1808 327; x_wconf 87' lang='lat' dir='ltr'><strong>S.</strong></span> <span class='ocrx_word' id='word_1_467' title='bbox 1844 271 2210 333; x_wconf 78' lang='lat' dir='ltr'><strong>AUGUS&#39;I‘INI</strong></span> <span class='ocrx_word' id='word_1_468' title='bbox 2248 267 2552 327; x_wconf 84' lang='lat' dir='ltr'><strong>EPISCOPI</strong></span> 
     </span>
    </p>
   </div>
   <div class='ocr_carea' id='block_1_61' title="bbox 3650 259 3800 318">
    <p class='ocr_par' dir='ltr' id='par_1_61' title="bbox 3650 259 3800 318">
     <span class='ocr_line' id='line_1_61' title="bbox 3650 259 3800 318; baseline 0 -1"><span class='ocrx_word' id='word_1_469' title='bbox 3650 259 3800 318; x_wconf 67' lang='lat'><strong>1732</strong></span> 
     </span>
    </p>
   </div>
   <div class='ocr_carea' id='block_1_62' title="bbox 2200 376 3793 454">
    <p class='ocr_par' dir='ltr' id='par_1_62' title="bbox 2200 376 3793 454">
     <span class='ocr_line' id='line_1_62' title="bbox 2200 376 3793 454; baseline -0.006 -13"><span class='ocrx_word' id='word_1_470' title='bbox 2200 386 2440 443; x_wconf 77' lang='lat' dir='ltr'><strong>inﬁmos</strong></span> <span class='ocrx_word' id='word_1_471' title='bbox 2459 426 2474 452; x_wconf 92' lang='lat'><strong>,</strong></span> <span class='ocrx_word' id='word_1_472' title='bbox 2507 396 2796 454; x_wconf 85' lang='lat' dir='ltr'><strong>pauperes,</strong></span> <span class='ocrx_word' id='word_1_473' title='bbox 2829 378 3071 438; x_wconf 87' lang='lat' dir='ltr'><strong>indoctos</strong></span> <span class='ocrx_word' id='word_1_474' title='bbox 3102 392 3250 436; x_wconf 85' lang='lat' dir='ltr'><strong>:nou</strong></span> <span class='ocrx_word' id='word_1_475' title='bbox 3286 378 3411 451; x_wconf 85' lang='lat' dir='ltr'><strong>quia</strong></span> <span class='ocrx_word' id='word_1_476' title='bbox 3442 376 3668 450; x_wconf 78' lang='lat' dir='ltr'><strong>reliquit</strong></span> <span class='ocrx_word' id='word_1_477' title='bbox 3695 377 3793 431; x_wconf 82' lang='lat' dir='ltr'><strong>ﬂr-</strong></span> 
     </span>
    </p>
   </div>
   <div class='ocr_carea' id='block_1_63' title="bbox 2196 468 3794 543">
    <p class='ocr_par' dir='ltr' id='par_1_63' title="bbox 2196 468 3794 543">
     <span class='ocr_line' id='line_1_63' title="bbox 2196 468 3794 543; baseline -0.007 -12"><span class='ocrx_word' id='word_1_478' title='bbox 2196 491 2344 543; x_wconf 88' lang='lat' dir='ltr'><strong>mos,</strong></span> <span class='ocrx_word' id='word_1_479' title='bbox 2374 473 2566 530; x_wconf 80' lang='lat' dir='ltr'><strong>divites</strong></span> <span class='ocrx_word' id='word_1_480' title='bbox 2584 516 2599 541; x_wconf 94' lang='lat'><strong>,</strong></span> <span class='ocrx_word' id='word_1_481' title='bbox 2627 472 2895 543; x_wconf 87' lang='lat' dir='ltr'><strong>sapientes</strong></span> <span class='ocrx_word' id='word_1_482' title='bbox 2915 512 2930 537; x_wconf 93' lang='lat'><strong>,</strong></span> <span class='ocrx_word' id='word_1_483' title='bbox 2956 470 3193 536; x_wconf 87' lang='lat' dir='ltr'><strong>nobiles;</strong></span> <span class='ocrx_word' id='word_1_484' title='bbox 3223 468 3320 526; x_wconf 84' lang='lat' dir='ltr'><strong>sed</strong></span> <span class='ocrx_word' id='word_1_485' title='bbox 3338 469 3384 524; x_wconf 90' lang='lat' dir='ltr'><strong>si</strong></span> <span class='ocrx_word' id='word_1_486' title='bbox 3412 469 3558 540; x_wconf 84' lang='lat' dir='ltr'><strong>ipsos</strong></span> <span class='ocrx_word' id='word_1_487' title='bbox 3577 469 3794 539; x_wconf 81' lang='lat' dir='ltr'><strong>primos</strong></span> 
     </span>
    </p>
   </div>
   <div class='ocr_carea' id='block_1_64' title="bbox 2198 561 3797 641">
    <p class='ocr_par' dir='ltr' id='par_1_64' title="bbox 2198 561 3797 641">
     <span class='ocr_line' id='line_1_64' title="bbox 2198 561 3797 641; baseline -0.007 -17"><span class='ocrx_word' id='word_1_488' title='bbox 2198 569 2451 641; x_wconf 85' lang='lat' dir='ltr'><strong>eligeret,</strong></span> <span class='ocrx_word' id='word_1_489' title='bbox 2482 566 2672 623; x_wconf 89' lang='lat' dir='ltr'><strong>merito</strong></span> <span class='ocrx_word' id='word_1_490' title='bbox 2698 565 3000 620; x_wconf 88' lang='lat' dir='ltr'><strong>divitiarum</strong></span> <span class='ocrx_word' id='word_1_491' title='bbox 3035 577 3249 619; x_wconf 89' lang='lat' dir='ltr'><strong>suarum</strong></span> <span class='ocrx_word' id='word_1_492' title='bbox 3270 603 3285 628; x_wconf 93' lang='lat'><strong>,</strong></span> <span class='ocrx_word' id='word_1_493' title='bbox 3310 562 3501 618; x_wconf 88' lang='lat' dir='ltr'><strong>merito</strong></span> <span class='ocrx_word' id='word_1_494' title='bbox 3534 561 3797 617; x_wconf 85' lang='lat' dir='ltr'><strong>substan-</strong></span> 
     </span>
    </p>
   </div>
   <div class='ocr_carea' id='block_1_65' title="bbox 2199 653 3797 724">
    <p class='ocr_par' dir='ltr' id='par_1_65' title="bbox 2199 653 3797 724">
     <span class='ocr_line' id='line_1_65' title="bbox 2199 653 3797 724; baseline -0.006 -9"><span class='ocrx_word' id='word_1_495' title='bbox 2199 661 2390 714; x_wconf 90' lang='lat' dir='ltr'><strong>tiarum</strong></span> <span class='ocrx_word' id='word_1_496' title='bbox 2413 700 2427 724; x_wconf 95' lang='lat'><strong>,</strong></span> <span class='ocrx_word' id='word_1_497' title='bbox 2454 658 2648 714; x_wconf 91' lang='lat' dir='ltr'><strong>merito</strong></span> <span class='ocrx_word' id='word_1_498' title='bbox 2682 656 2937 711; x_wconf 88' lang='lat' dir='ltr'><strong>natalium</strong></span> <span class='ocrx_word' id='word_1_499' title='bbox 2972 655 3073 710; x_wconf 83' lang='lat' dir='ltr'><strong>sibi</strong></span> <span class='ocrx_word' id='word_1_500' title='bbox 3103 653 3225 724; x_wconf 82' lang='lat' dir='ltr'><strong>eligi</strong></span> <span class='ocrx_word' id='word_1_501' title='bbox 3251 653 3560 709; x_wconf 88' lang='lat' dir='ltr'><strong>viderentur</strong></span> <span class='ocrx_word' id='word_1_502' title='bbox 3579 693 3594 719; x_wconf 92' lang='lat'><strong>,</strong></span> <span class='ocrx_word' id='word_1_503' title='bbox 3624 660 3797 721; x_wconf 80' lang='lat' dir='ltr'><strong>atque</strong></span> 
     </span>
    </p>
   </div>
   <div class='ocr_carea' id='block_1_66' title="bbox 2200 746 3795 816">
    <p class='ocr_par' dir='ltr' id='par_1_66' title="bbox 2200 746 3795 816">
     <span class='ocr_line' id='line_1_66' title="bbox 2200 746 3795 816; baseline -0.006 -10"><span class='ocrx_word' id='word_1_504' title='bbox 2200 751 2365 806; x_wconf 86' lang='lat' dir='ltr'><strong>inﬂati</strong></span> <span class='ocrx_word' id='word_1_505' title='bbox 2394 750 2462 806; x_wconf 92' lang='lat' dir='ltr'><strong>de</strong></span> <span class='ocrx_word' id='word_1_506' title='bbox 2491 749 2574 805; x_wconf 87' lang='lat' dir='ltr'><strong>his</strong></span> <span class='ocrx_word' id='word_1_507' title='bbox 2597 748 2787 816; x_wconf 90' lang='lat' dir='ltr'><strong>rebus,</strong></span> <span class='ocrx_word' id='word_1_508' title='bbox 2817 747 3043 804; x_wconf 88' lang='lat' dir='ltr'><strong>salutem</strong></span> <span class='ocrx_word' id='word_1_509' title='bbox 3076 746 3389 803; x_wconf 88' lang='lat' dir='ltr'><strong>humilitatis</strong></span> <span class='ocrx_word' id='word_1_510' title='bbox 3424 760 3532 801; x_wconf 89' lang='lat' dir='ltr'><strong>non</strong></span> <span class='ocrx_word' id='word_1_511' title='bbox 3570 746 3795 814; x_wconf 85' lang='lat' dir='ltr'><strong>recipe-</strong></span> 
     </span>
    </p>
   </div>
   <div class='ocr_carea' id='block_1_67' title="bbox 2197 836 3791 913">
    <p class='ocr_par' dir='ltr' id='par_1_67' title="bbox 2197 836 3791 913">
     <span class='ocr_line' id='line_1_67' title="bbox 2197 836 3791 913; baseline -0.006 -14"><span class='ocrx_word' id='word_1_512' title='bbox 2197 853 2352 910; x_wconf 86' lang='lat' dir='ltr'><strong>rent,</strong></span> <span class='ocrx_word' id='word_1_513' title='bbox 2398 843 2515 898; x_wconf 88' lang='lat' dir='ltr'><strong>sine</strong></span> <span class='ocrx_word' id='word_1_514' title='bbox 2551 857 2654 913; x_wconf 91' lang='lat' dir='ltr'><strong>qua</strong></span> <span class='ocrx_word' id='word_1_515' title='bbox 2698 856 2854 897; x_wconf 86' lang='lat' dir='ltr'><strong>nemo</strong></span> <span class='ocrx_word' id='word_1_516' title='bbox 2898 848 3071 910; x_wconf 88' lang='lat' dir='ltr'><strong>potest</strong></span> <span class='ocrx_word' id='word_1_517' title='bbox 3108 838 3285 894; x_wconf 91' lang='lat' dir='ltr'><strong>redire</strong></span> <span class='ocrx_word' id='word_1_518' title='bbox 3314 837 3379 891; x_wconf 89' lang='lat' dir='ltr'><strong>ad</strong></span> <span class='ocrx_word' id='word_1_519' title='bbox 3406 837 3549 893; x_wconf 82' lang='lat' dir='ltr'><strong>illam</strong></span> <span class='ocrx_word' id='word_1_520' title='bbox 3578 836 3791 905; x_wconf 87' lang='lat' dir='ltr'><strong>vitam,</strong></span> 
     </span>
    </p>
   </div>
   <div class='ocr_carea' id='block_1_68' title="bbox 2199 930 3407 1002">
    <p class='ocr_par' dir='ltr' id='par_1_68' title="bbox 2199 930 3407 1002">
     <span class='ocr_line' id='line_1_68' title="bbox 2199 930 3407 1002; baseline -0.005 -12"><span class='ocrx_word' id='word_1_521' title='bbox 2199 935 2343 990; x_wconf 91' lang='lat' dir='ltr'><strong>unde</strong></span> <span class='ocrx_word' id='word_1_522' title='bbox 2369 949 2474 990; x_wconf 90' lang='lat' dir='ltr'><strong>non</strong></span> <span class='ocrx_word' id='word_1_523' title='bbox 2503 934 2805 989; x_wconf 88' lang='lat' dir='ltr'><strong>laberemur</strong></span> <span class='ocrx_word' id='word_1_524' title='bbox 2831 932 2931 987; x_wconf 86' lang='lat' dir='ltr'><strong>nisi</strong></span> <span class='ocrx_word' id='word_1_525' title='bbox 2958 946 3055 1002; x_wconf 91' lang='lat' dir='ltr'><strong>per</strong></span> <span class='ocrx_word' id='word_1_526' title='bbox 3081 930 3407 1001; x_wconf 84' lang='lat' dir='ltr'><strong>superbiam.</strong></span> 
     </span>
    </p>
   </div>
   <div class='ocr_carea' id='block_1_69' title="bbox 2199 1020 3794 1094">
    <p class='ocr_par' dir='ltr' id='par_1_69' title="bbox 2199 1020 3794 1094">
     <span class='ocr_line' id='line_1_69' title="bbox 2199 1020 3794 1094; baseline -0.004 -15"><span class='ocrx_word' id='word_1_527' title='bbox 2199 1025 2331 1081; x_wconf 88' lang='lat' dir='ltr'><strong>Item</strong></span> <span class='ocrx_word' id='word_1_528' title='bbox 2349 1042 2411 1081; x_wconf 77' lang='lat' dir='ltr'><strong>ex</strong></span> <span class='ocrx_word' id='word_1_529' title='bbox 2433 1025 2676 1083; x_wconf 83' lang='lat' dir='ltr'><strong>Sermone</strong></span> <span class='ocrx_word' id='word_1_530' title='bbox 2696 1024 2757 1077; x_wconf 85' lang='lat' dir='ltr'><strong>de</strong></span> <span class='ocrx_word' id='word_1_531' title='bbox 2777 1022 2930 1079; x_wconf 86' lang='lat' dir='ltr'><strong>tribus</strong></span> <span class='ocrx_word' id='word_1_532' title='bbox 2945 1024 3118 1094; x_wconf 82' lang='lat' dir='ltr'><strong>virgis,</strong></span> <span class='ocrx_word' id='word_1_533' title='bbox 3136 1020 3276 1078; x_wconf 84' lang='lat' dir='ltr'><strong>Beda</strong></span> <span class='ocrx_word' id='word_1_534' title='bbox 3296 1021 3519 1089; x_wconf 79' lang='lat' dir='ltr'><strong>nondum</strong></span> <span class='ocrx_word' id='word_1_535' title='bbox 3542 1020 3794 1092; x_wconf 75' lang='lat' dir='ltr'><strong>vulgatus</strong></span> 
     </span>
    </p>
   </div>
   <div class='ocr_carea' id='block_1_70' title="bbox 2783 1113 3189 1169">
    <p class='ocr_par' dir='ltr' id='par_1_70' title="bbox 2783 1113 3189 1169">
     <span class='ocr_line' id='line_1_70' title="bbox 2783 1113 3189 1169; baseline 0 -2"><span class='ocrx_word' id='word_1_536' title='bbox 2783 1115 2851 1167; x_wconf 86' lang='lat' dir='ltr'><strong>ad</strong></span> <span class='ocrx_word' id='word_1_537' title='bbox 2874 1115 2890 1169; x_wconf 94' lang='lat' dir='ltr'><strong>l</strong></span> <span class='ocrx_word' id='word_1_538' title='bbox 2923 1113 3100 1169; x_wconf 80' lang='lat' dir='ltr'><strong>Thess.</strong></span> <span class='ocrx_word' id='word_1_539' title='bbox 3132 1129 3189 1168; x_wconf 85' lang='grc' dir='ltr'>η.</span> 
     </span>
    </p>
   </div>
   <div class='ocr_carea' id='block_1_71' title="bbox 2273 1206 3797 1277">
    <p class='ocr_par' dir='ltr' id='par_1_71' title="bbox 2273 1206 3797 1277">
     <span class='ocr_line' id='line_1_71' title="bbox 2273 1206 3797 1277; baseline -0.001 -15"><span class='ocrx_word' id='word_1_540' title='bbox 2273 1208 2468 1262; x_wconf 84' lang='lat' dir='ltr'><strong>Factus</strong></span> <span class='ocrx_word' id='word_1_541' title='bbox 2487 1224 2598 1261; x_wconf 86' lang='lat' dir='ltr'><strong>sum</strong></span> <span class='ocrx_word' id='word_1_542' title='bbox 2627 1206 2866 1277; x_wconf 82' lang='lat' dir='ltr'><strong>parvulas</strong></span> <span class='ocrx_word' id='word_1_543' title='bbox 2890 1207 2942 1260; x_wconf 85' lang='lat' dir='ltr'><strong>in</strong></span> <span class='ocrx_word' id='word_1_544' title='bbox 2965 1206 3127 1260; x_wconf 84' lang='lat' dir='ltr'><strong>medio</strong></span> <span class='ocrx_word' id='word_1_545' title='bbox 3159 1216 3397 1269; x_wconf 83' lang='lat' dir='ltr'><strong>vestrum.</strong></span> <span class='ocrx_word' id='word_1_546' title='bbox 3425 1218 3667 1275; x_wconf 85' lang='lat' dir='ltr'><strong>tanquam</strong></span> <span class='ocrx_word' id='word_1_547' title='bbox 3692 1223 3797 1260; x_wconf 79' lang='lat' dir='ltr'><strong>nu-</strong></span> 
     </span>
    </p>
   </div>
   <div class='ocr_carea' id='block_1_72' title="bbox 2202 1298 3786 1371">
    <p class='ocr_par' dir='ltr' id='par_1_72' title="bbox 2202 1298 3786 1371">
     <span class='ocr_line' id='line_1_72' title="bbox 2202 1298 3786 1371; baseline -0.001 -19"><span class='ocrx_word' id='word_1_548' title='bbox 2202 1301 2303 1354; x_wconf 74' lang='lat' dir='ltr'><strong>trix</strong></span> <span class='ocrx_word' id='word_1_549' title='bbox 2343 1304 2514 1371; x_wconf 78' lang='lat' dir='ltr'><strong>fovens</strong></span> <span class='ocrx_word' id='word_1_550' title='bbox 2540 1298 2673 1367; x_wconf 76' lang='lat' dir='ltr'><strong>ﬁlios</strong></span> <span class='ocrx_word' id='word_1_551' title='bbox 2697 1315 2815 1354; x_wconf 89' lang='lat' dir='ltr'><strong>suos</strong></span> <span class='ocrx_word' id='word_1_552' title='bbox 2850 1299 2889 1370; x_wconf 91' lang='grc'><strong>(1</strong></span> <span class='ocrx_word' id='word_1_553' title='bbox 2924 1301 3100 1356; x_wconf 81' lang='lat' dir='ltr'><strong>Thess.</strong></span> <span class='ocrx_word' id='word_1_554' title='bbox 3132 1313 3188 1364; x_wconf 87' lang='lat' dir='ltr'><strong>ll,</strong></span> <span class='ocrx_word' id='word_1_555' title='bbox 3219 1300 3296 1369; x_wconf 88' lang='grc'><strong>7).</strong></span> <span class='ocrx_word' id='word_1_556' title='bbox 3327 1300 3451 1357; x_wconf 85' lang='lat' dir='ltr'><strong>ldeo</strong></span> <span class='ocrx_word' id='word_1_557' title='bbox 3489 1313 3596 1354; x_wconf 85' lang='lat' dir='ltr'><strong>non</strong></span> <span class='ocrx_word' id='word_1_558' title='bbox 3626 1298 3786 1360; x_wconf 80' lang='lat' dir='ltr'><strong>dixit,</strong></span> 
     </span>
    </p>
   </div>
   <div class='ocr_carea' id='block_1_73' title="bbox 2200 1390 3794 1463">
    <p class='ocr_par' dir='ltr' id='par_1_73' title="bbox 2200 1390 3794 1463">
     <span class='ocr_line' id='line_1_73' title="bbox 2200 1390 3794 1463; baseline 0 -17"><span class='ocrx_word' id='word_1_559' title='bbox 2200 1390 2385 1458; x_wconf 85' lang='lat' dir='ltr'><strong>Mater,</strong></span> <span class='ocrx_word' id='word_1_560' title='bbox 2412 1391 2537 1463; x_wconf 91' lang='lat' dir='ltr'><strong>quia</strong></span> <span class='ocrx_word' id='word_1_561' title='bbox 2551 1392 2834 1462; x_wconf 86' lang='lat' dir='ltr'><strong>aliquando</strong></span> <span class='ocrx_word' id='word_1_562' title='bbox 2851 1404 3047 1449; x_wconf 87' lang='lat' dir='ltr'><strong>matres</strong></span> <span class='ocrx_word' id='word_1_563' title='bbox 3064 1394 3147 1449; x_wconf 87' lang='lat' dir='ltr'><strong>vel</strong></span> <span class='ocrx_word' id='word_1_564' title='bbox 3172 1392 3511 1449; x_wconf 88' lang='lat' dir='ltr'><strong>delicatiores</strong></span> <span class='ocrx_word' id='word_1_565' title='bbox 3533 1401 3680 1455; x_wconf 86' lang='lat' dir='ltr'><strong>sunt,</strong></span> <span class='ocrx_word' id='word_1_566' title='bbox 3701 1391 3794 1446; x_wconf 86' lang='lat' dir='ltr'><strong>vel</strong></span> 
     </span>
    </p>
   </div>
   <div class='ocr_carea' id='block_1_74' title="bbox 2202 1482 3793 1555">
    <p class='ocr_par' dir='ltr' id='par_1_74' title="bbox 2202 1482 3793 1555">
     <span class='ocr_line' id='line_1_74' title="bbox 2202 1482 3793 1555; baseline -0.001 -17"><span class='ocrx_word' id='word_1_567' title='bbox 2202 1482 2379 1538; x_wconf 88' lang='lat' dir='ltr'><strong>minus</strong></span> <span class='ocrx_word' id='word_1_568' title='bbox 2418 1492 2658 1537; x_wconf 91' lang='lat' dir='ltr'><strong>amantes</strong></span> <span class='ocrx_word' id='word_1_569' title='bbox 2706 1483 2842 1539; x_wconf 88' lang='lat' dir='ltr'><strong>ﬁlios</strong></span> <span class='ocrx_word' id='word_1_570' title='bbox 2880 1498 3024 1550; x_wconf 88' lang='lat' dir='ltr'><strong>suos,</strong></span> <span class='ocrx_word' id='word_1_571' title='bbox 3071 1499 3191 1540; x_wconf 90' lang='lat' dir='ltr'><strong>cum</strong></span> <span class='ocrx_word' id='word_1_572' title='bbox 3231 1483 3537 1555; x_wconf 90' lang='lat' dir='ltr'><strong>pepererint</strong></span> <span class='ocrx_word' id='word_1_573' title='bbox 3567 1482 3793 1537; x_wconf 90' lang='lat' dir='ltr'><strong>tradunt</strong></span> 
     </span>
    </p>
   </div>
   <div class='ocr_carea' id='block_1_75' title="bbox 2201 1574 3795 1643">
    <p class='ocr_par' dir='ltr' id='par_1_75' title="bbox 2201 1574 3795 1643">
     <span class='ocr_line' id='line_1_75' title="bbox 2201 1574 3795 1643; baseline -0.001 -10"><span class='ocrx_word' id='word_1_574' title='bbox 2201 1575 2321 1643; x_wconf 86' lang='lat' dir='ltr'><strong>aliis</strong></span> <span class='ocrx_word' id='word_1_575' title='bbox 2351 1575 2679 1631; x_wconf 86' lang='lat' dir='ltr'><strong>nutriendos.</strong></span> <span class='ocrx_word' id='word_1_576' title='bbox 2709 1576 2939 1633; x_wconf 83' lang='lat' dir='ltr'><strong>Rursum</strong></span> <span class='ocrx_word' id='word_1_577' title='bbox 2972 1577 3014 1633; x_wconf 88' lang='lat' dir='ltr'><strong>si</strong></span> <span class='ocrx_word' id='word_1_578' title='bbox 3042 1577 3215 1633; x_wconf 90' lang='lat' dir='ltr'><strong>solum</strong></span> <span class='ocrx_word' id='word_1_579' title='bbox 3245 1575 3488 1642; x_wconf 79' lang='lat' dir='ltr'><strong>dixisset,</strong></span> <span class='ocrx_word' id='word_1_580' title='bbox 3519 1574 3795 1643; x_wconf 76' lang='lat' dir='ltr'><strong>Tanquam</strong></span> 
     </span>
    </p>
   </div>
   <div class='ocr_carea' id='block_1_76' title="bbox 2202 1665 3787 1738">
    <p class='ocr_par' dir='ltr' id='par_1_76' title="bbox 2202 1665 3787 1738">
     <span class='ocr_line' id='line_1_76' title="bbox 2202 1665 3787 1738; baseline 0.001 -15"><span class='ocrx_word' id='word_1_581' title='bbox 2202 1665 2375 1725; x_wconf 77' lang='lat' dir='ltr'><strong>nutrix</strong></span> <span class='ocrx_word' id='word_1_582' title='bbox 2396 1668 2596 1738; x_wconf 80' lang='lat' dir='ltr'><strong>fovens;</strong></span> <span class='ocrx_word' id='word_1_583' title='bbox 2622 1676 2676 1721; x_wconf 91' lang='lat' dir='ltr'><strong>et</strong></span> <span class='ocrx_word' id='word_1_584' title='bbox 2699 1682 2807 1723; x_wconf 89' lang='lat' dir='ltr'><strong>non</strong></span> <span class='ocrx_word' id='word_1_585' title='bbox 2834 1668 3143 1730; x_wconf 85' lang='lat' dir='ltr'><strong>addidisset.</strong></span> <span class='ocrx_word' id='word_1_586' title='bbox 3187 1668 3321 1737; x_wconf 79' lang='lat' dir='ltr'><strong>ﬁlios</strong></span> <span class='ocrx_word' id='word_1_587' title='bbox 3347 1683 3504 1725; x_wconf 85' lang='lat' dir='ltr'><strong>suos:</strong></span> <span class='ocrx_word' id='word_1_588' title='bbox 3526 1675 3787 1737; x_wconf 83' lang='lat' dir='ltr'><strong>tanquam</strong></span> 
     </span>
    </p>
   </div>
   <div class='ocr_carea' id='block_1_77' title="bbox 2201 1758 3796 1829">
    <p class='ocr_par' dir='ltr' id='par_1_77' title="bbox 2201 1758 3796 1829">
     <span class='ocr_line' id='line_1_77' title="bbox 2201 1758 3796 1829; baseline 0 -17"><span class='ocrx_word' id='word_1_589' title='bbox 2201 1758 2301 1827; x_wconf 81' lang='lat' dir='ltr'><strong>alia</strong></span> <span class='ocrx_word' id='word_1_590' title='bbox 2336 1759 2574 1828; x_wconf 81' lang='lat' dir='ltr'><strong>pariente</strong></span> <span class='ocrx_word' id='word_1_591' title='bbox 2611 1759 2923 1816; x_wconf 86' lang='lat' dir='ltr'><strong>nutriendos</strong></span> <span class='ocrx_word' id='word_1_592' title='bbox 2952 1759 3227 1829; x_wconf 81' lang='lat' dir='ltr'><strong>accepisse</strong></span> <span class='ocrx_word' id='word_1_593' title='bbox 3254 1759 3544 1815; x_wconf 82' lang='lat' dir='ltr'><strong>videretur.</strong></span> <span class='ocrx_word' id='word_1_594' title='bbox 3594 1759 3665 1815; x_wconf 87' lang='lat' dir='ltr'><strong>Et</strong></span> <span class='ocrx_word' id='word_1_595' title='bbox 3691 1773 3796 1813; x_wconf 79' lang='lat' dir='ltr'><strong>nu-</strong></span> 
     </span>
    </p>
   </div>
   <div class='ocr_carea' id='block_1_78' title="bbox 2205 1848 3797 1920">
    <p class='ocr_par' dir='ltr' id='par_1_78' title="bbox 2205 1848 3797 1920">
     <span class='ocr_line' id='line_1_78' title="bbox 2205 1848 3797 1920; baseline 0.001 -18"><span class='ocrx_word' id='word_1_596' title='bbox 2205 1849 2389 1911; x_wconf 84' lang='lat' dir='ltr'><strong>tricem</strong></span> <span class='ocrx_word' id='word_1_597' title='bbox 2417 1863 2476 1904; x_wconf 88' lang='lat' dir='ltr'><strong>se</strong></span> <span class='ocrx_word' id='word_1_598' title='bbox 2501 1848 2651 1914; x_wconf 83' lang='lat' dir='ltr'><strong>dixit,</strong></span> <span class='ocrx_word' id='word_1_599' title='bbox 2682 1849 2808 1920; x_wconf 90' lang='lat' dir='ltr'><strong>quia</strong></span> <span class='ocrx_word' id='word_1_600' title='bbox 2848 1850 3054 1914; x_wconf 84' lang='lat' dir='ltr'><strong>alebat;</strong></span> <span class='ocrx_word' id='word_1_601' title='bbox 3077 1858 3133 1906; x_wconf 87' lang='lat' dir='ltr'><strong>et</strong></span> <span class='ocrx_word' id='word_1_602' title='bbox 3162 1850 3300 1913; x_wconf 85' lang='lat' dir='ltr'><strong>ﬁlios</strong></span> <span class='ocrx_word' id='word_1_603' title='bbox 3327 1864 3474 1917; x_wconf 92' lang='lat' dir='ltr'><strong>suos,</strong></span> <span class='ocrx_word' id='word_1_604' title='bbox 3502 1863 3637 1920; x_wconf 85' lang='lat' dir='ltr'><strong>quos</strong></span> <span class='ocrx_word' id='word_1_605' title='bbox 3677 1848 3797 1918; x_wconf 84' lang='lat' dir='ltr'><strong>ipse</strong></span> 
     </span>
    </p>
   </div>
   <div class='ocr_carea' id='block_1_79' title="bbox 2203 1939 3793 2011">
    <p class='ocr_par' dir='ltr' id='par_1_79' title="bbox 2203 1939 3793 2011">
     <span class='ocr_line' id='line_1_79' title="bbox 2203 1939 3793 2011; baseline 0 -16"><span class='ocrx_word' id='word_1_606' title='bbox 2203 1947 2504 2009; x_wconf 84' lang='lat' dir='ltr'><strong>pepererat,</strong></span> <span class='ocrx_word' id='word_1_607' title='bbox 2552 1939 2768 2007; x_wconf 83' lang='lat' dir='ltr'><strong>dicens:</strong></span> <span class='ocrx_word' id='word_1_608' title='bbox 2799 1939 2926 1995; x_wconf 87' lang='lat' dir='ltr'><strong>Filii</strong></span> <span class='ocrx_word' id='word_1_609' title='bbox 2964 1942 3095 2007; x_wconf 89' lang='lat' dir='ltr'><strong>mei,</strong></span> <span class='ocrx_word' id='word_1_610' title='bbox 3138 1958 3263 2011; x_wconf 74' lang='lat' dir='ltr'><strong>qrtos</strong></span> <span class='ocrx_word' id='word_1_611' title='bbox 3305 1941 3493 1996; x_wconf 81' lang='lat' dir='ltr'><strong>iterum</strong></span> <span class='ocrx_word' id='word_1_612' title='bbox 3536 1943 3793 2011; x_wconf 71' lang='lat' dir='ltr'><strong>partus-io,</strong></span> 
     </span>
    </p>
   </div>
   <div class='ocr_carea' id='block_1_80' title="bbox 2200 2030 3795 2103">
    <p class='ocr_par' dir='ltr' id='par_1_80' title="bbox 2200 2030 3795 2103">
     <span class='ocr_line' id='line_1_80' title="bbox 2200 2030 3795 2103; baseline 0.002 -20"><span class='ocrx_word' id='word_1_613' title='bbox 2200 2030 2524 2100; x_wconf 80' lang='lat' dir='ltr'><strong>quoadusque</strong></span> <span class='ocrx_word' id='word_1_614' title='bbox 2540 2030 2767 2087; x_wconf 81' lang='lat' dir='ltr'><strong>Christus</strong></span> <span class='ocrx_word' id='word_1_615' title='bbox 2791 2033 3093 2103; x_wconf 79' lang='lat' dir='ltr'><strong>reformatur</strong></span> <span class='ocrx_word' id='word_1_616' title='bbox 3115 2032 3167 2087; x_wconf 83' lang='lat' dir='ltr'><strong>in</strong></span> <span class='ocrx_word' id='word_1_617' title='bbox 3187 2032 3322 2087; x_wconf 82' lang='lat' dir='ltr'><strong>vobis</strong></span> <span class='ocrx_word' id='word_1_618' title='bbox 3346 2031 3539 2102; x_wconf 80' lang='lat' dir='ltr'><strong>(Galat.</strong></span> <span class='ocrx_word' id='word_1_619' title='bbox 3568 2047 3643 2098; x_wconf 80' lang='lat' dir='ltr'><strong>tv,</strong></span> <span class='ocrx_word' id='word_1_620' title='bbox 3675 2031 3795 2102; x_wconf 84' lang='grc'>19).</span> 
     </span>
    </p>
   </div>
   <div class='ocr_carea' id='block_1_81' title="bbox 2203 2118 3797 2193">
    <p class='ocr_par' dir='ltr' id='par_1_81' title="bbox 2203 2118 3797 2193">
     <span class='ocr_line' id='line_1_81' title="bbox 2203 2118 3797 2193; baseline 0.001 -18"><span class='ocrx_word' id='word_1_621' title='bbox 2203 2118 2350 2175; x_wconf 83' lang='lat' dir='ltr'><strong>Parit</strong></span> <span class='ocrx_word' id='word_1_622' title='bbox 2387 2129 2587 2188; x_wconf 86' lang='lat' dir='ltr'><strong>autem,</strong></span> <span class='ocrx_word' id='word_1_623' title='bbox 2636 2121 2775 2187; x_wconf 87' lang='lat' dir='ltr'><strong>sicut</strong></span> <span class='ocrx_word' id='word_1_624' title='bbox 2811 2121 2951 2193; x_wconf 87' lang='lat' dir='ltr'><strong>parit</strong></span> <span class='ocrx_word' id='word_1_625' title='bbox 2990 2123 3233 2185; x_wconf 83' lang='lat' dir='ltr'><strong>Ecclesia</strong></span> <span class='ocrx_word' id='word_1_626' title='bbox 3261 2123 3317 2179; x_wconf 89' lang='lat' dir='ltr'><strong>in</strong></span> <span class='ocrx_word' id='word_1_627' title='bbox 3345 2132 3502 2179; x_wconf 89' lang='lat' dir='ltr'><strong>utero</strong></span> <span class='ocrx_word' id='word_1_628' title='bbox 3528 2137 3650 2190; x_wconf 88' lang='lat' dir='ltr'><strong>suo,</strong></span> <span class='ocrx_word' id='word_1_629' title='bbox 3683 2137 3797 2177; x_wconf 87' lang='lat' dir='ltr'><strong>non</strong></span> 
     </span>
    </p>
   </div>
   <div class='ocr_carea' id='block_1_82' title="bbox 2202 2211 2549 2268">
    <p class='ocr_par' dir='ltr' id='par_1_82' title="bbox 2202 2211 2549 2268">
     <span class='ocr_line' id='line_1_82' title="bbox 2202 2211 2549 2268; baseline 0 -1"><span class='ocrx_word' id='word_1_630' title='bbox 2202 2211 2405 2268; x_wconf 89' lang='lat' dir='ltr'><strong>semine</strong></span> <span class='ocrx_word' id='word_1_631' title='bbox 2432 2226 2549 2267; x_wconf 88' lang='lat' dir='ltr'><strong>suo.</strong></span> 
     </span>
    </p>
   </div>
   <div class='ocr_carea' id='block_1_83' title="bbox 2239 2300 3763 2374">
    <p class='ocr_par' dir='ltr' id='par_1_83' title="bbox 2239 2300 3763 2374">
     <span class='ocr_line' id='line_1_83' title="bbox 2239 2300 3763 2374; baseline 0.005 -20"><span class='ocrx_word' id='word_1_632' title='bbox 2239 2300 2324 2356; x_wconf 76' lang='lat' dir='ltr'><strong>Ex</strong></span> <span class='ocrx_word' id='word_1_633' title='bbox 2349 2301 2593 2358; x_wconf 86' lang='lat' dir='ltr'><strong>Sermone</strong></span> <span class='ocrx_word' id='word_1_634' title='bbox 2614 2302 2678 2359; x_wconf 85' lang='lat' dir='ltr'><strong>de</strong></span> <span class='ocrx_word' id='word_1_635' title='bbox 2702 2302 2830 2359; x_wconf 83' lang='lat' dir='ltr'><strong>bona</strong></span> <span class='ocrx_word' id='word_1_636' title='bbox 2860 2303 3193 2374; x_wconf 78' lang='lat' dir='ltr'><strong>Nuptiarum,</strong></span> <span class='ocrx_word' id='word_1_637' title='bbox 3221 2305 3363 2361; x_wconf 84' lang='lat' dir='ltr'><strong>Beda</strong></span> <span class='ocrx_word' id='word_1_638' title='bbox 3391 2314 3438 2361; x_wconf 89' lang='lat' dir='ltr'><strong>et</strong></span> <span class='ocrx_word' id='word_1_639' title='bbox 3464 2304 3657 2361; x_wconf 87' lang='lat' dir='ltr'><strong>Florus</strong></span> <span class='ocrx_word' id='word_1_640' title='bbox 3690 2306 3763 2369; x_wconf 72' lang='lat' dir='ltr'><strong>ad</strong></span> 
     </span>
    </p>
   </div>
   <div class='ocr_carea' id='block_1_84' title="bbox 2852 2394 3147 2452">
    <p class='ocr_par' dir='ltr' id='par_1_84' title="bbox 2852 2394 3147 2452">
     <span class='ocr_line' id='line_1_84' title="bbox 2852 2394 3147 2452; baseline 0 -3"><span class='ocrx_word' id='word_1_641' title='bbox 2852 2394 2871 2449; x_wconf 90' lang='grc' dir='ltr'><strong>Ι</strong></span> <span class='ocrx_word' id='word_1_642' title='bbox 2908 2394 3027 2452; x_wconf 83' lang='lat' dir='ltr'><strong>Cor.</strong></span> <span class='ocrx_word' id='word_1_643' title='bbox 3056 2411 3147 2450; x_wconf 86' lang='lat' dir='ltr'><strong>vn.</strong></span> 
     </span>
    </p>
   </div>
   <div class='ocr_carea' id='block_1_85' title="bbox 2282 2484 3797 2560">
    <p class='ocr_par' dir='ltr' id='par_1_85' title="bbox 2282 2484 3797 2560">
     <span class='ocr_line' id='line_1_85' title="bbox 2282 2484 3797 2560; baseline 0.005 -24"><span class='ocrx_word' id='word_1_644' title='bbox 2282 2484 2383 2552; x_wconf 84' lang='lat' dir='ltr'><strong>Qui</strong></span> <span class='ocrx_word' id='word_1_645' title='bbox 2409 2492 2567 2556; x_wconf 85' lang='lat' dir='ltr'><strong>potest</strong></span> <span class='ocrx_word' id='word_1_646' title='bbox 2593 2502 2792 2553; x_wconf 82' lang='lat' dir='ltr'><strong>capere,</strong></span> <span class='ocrx_word' id='word_1_647' title='bbox 2833 2487 3000 2557; x_wconf 78' lang='lat' dir='ltr'><strong>capiat</strong></span> <span class='ocrx_word' id='word_1_648' title='bbox 3025 2485 3236 2560; x_wconf 79' lang='lat' dir='ltr'><strong>(Matth.</strong></span> <span class='ocrx_word' id='word_1_649' title='bbox 3270 2503 3381 2556; x_wconf 75' lang='lat' dir='ltr'><strong>six,</strong></span> <span class='ocrx_word' id='word_1_650' title='bbox 3410 2488 3519 2558; x_wconf 76' lang='grc'>12).</span> <span class='ocrx_word' id='word_1_651' title='bbox 3549 2488 3658 2544; x_wconf 82' lang='lat' dir='ltr'><strong>Sed</strong></span> <span class='ocrx_word' id='word_1_652' title='bbox 3686 2503 3797 2544; x_wconf 89' lang='lat' dir='ltr'><strong>non</strong></span> 
     </span>
    </p>
   </div>
   <div class='ocr_carea' id='block_1_86' title="bbox 2205 2575 3802 2649">
    <p class='ocr_par' dir='ltr' id='par_1_86' title="bbox 2205 2575 3802 2649">
     <span class='ocr_line' id='line_1_86' title="bbox 2205 2575 3802 2649; baseline 0.004 -20"><span class='ocrx_word' id='word_1_653' title='bbox 2205 2588 2444 2645; x_wconf 89' lang='lat' dir='ltr'><strong>possum,</strong></span> <span class='ocrx_word' id='word_1_654' title='bbox 2473 2575 2661 2647; x_wconf 91' lang='lat' dir='ltr'><strong>inquit.</strong></span> <span class='ocrx_word' id='word_1_655' title='bbox 2689 2575 2803 2632; x_wconf 88' lang='lat' dir='ltr'><strong>Non</strong></span> <span class='ocrx_word' id='word_1_656' title='bbox 2828 2577 3013 2647; x_wconf 74' lang='lat' dir='ltr'><strong>potes?</strong></span> <span class='ocrx_word' id='word_1_657' title='bbox 3034 2576 3150 2633; x_wconf 86' lang='lat' dir='ltr'><strong>Non</strong></span> <span class='ocrx_word' id='word_1_658' title='bbox 3184 2592 3419 2649; x_wconf 89' lang='lat' dir='ltr'><strong>possum.</strong></span> <span class='ocrx_word' id='word_1_659' title='bbox 3448 2579 3720 2649; x_wconf 89' lang='lat' dir='ltr'><strong>Suscipiat</strong></span> <span class='ocrx_word' id='word_1_660' title='bbox 3745 2588 3802 2635; x_wconf 82' lang='lat' dir='ltr'><strong>te</strong></span> 
     </span>
    </p>
   </div>
   <div class='ocr_carea' id='block_1_87' title="bbox 2204 2668 3803 2741">
    <p class='ocr_par' dir='ltr' id='par_1_87' title="bbox 2204 2668 3803 2741">
     <span class='ocr_line' id='line_1_87' title="bbox 2204 2668 3803 2741; baseline 0.002 -18"><span class='ocrx_word' id='word_1_661' title='bbox 2204 2668 2485 2724; x_wconf 86' lang='lat' dir='ltr'><strong>nutritoria</strong></span> <span class='ocrx_word' id='word_1_662' title='bbox 2504 2669 2521 2700; x_wconf 82' lang='grc'>¹</span> <span class='ocrx_word' id='word_1_663' title='bbox 2549 2668 2790 2739; x_wconf 59' lang='lat' dir='ltr'><strong>quaedam</strong></span> <span class='ocrx_word' id='word_1_664' title='bbox 2822 2670 3064 2741; x_wconf 84' lang='lat' dir='ltr'><strong>Apostoli</strong></span> <span class='ocrx_word' id='word_1_665' title='bbox 3101 2670 3412 2739; x_wconf 87' lang='lat' dir='ltr'><strong>auctoritas,</strong></span> <span class='ocrx_word' id='word_1_666' title='bbox 3443 2679 3503 2726; x_wconf 88' lang='lat' dir='ltr'><strong>ut</strong></span> <span class='ocrx_word' id='word_1_667' title='bbox 3540 2672 3585 2725; x_wconf 88' lang='lat' dir='ltr'><strong>si</strong></span> <span class='ocrx_word' id='word_1_668' title='bbox 3608 2687 3664 2725; x_wconf 86' lang='lat' dir='ltr'><strong>se</strong></span> <span class='ocrx_word' id='word_1_669' title='bbox 3690 2688 3803 2726; x_wconf 77' lang='lat' dir='ltr'><strong>non</strong></span> 
     </span>
    </p>
   </div>
   <div class='ocr_carea' id='block_1_88' title="bbox 2204 2758 3802 2832">
    <p class='ocr_par' dir='ltr' id='par_1_88' title="bbox 2204 2758 3802 2832">
     <span class='ocr_line' id='line_1_88' title="bbox 2204 2758 3802 2832; baseline 0.002 -17"><span class='ocrx_word' id='word_1_670' title='bbox 2204 2759 2479 2823; x_wconf 85' lang='lat' dir='ltr'><strong>continent,</strong></span> <span class='ocrx_word' id='word_1_671' title='bbox 2517 2758 2727 2817; x_wconf 78' lang='lat' dir='ltr'><strong>nubant.</strong></span> <span class='ocrx_word' id='word_1_672' title='bbox 2759 2759 2877 2815; x_wconf 87' lang='lat' dir='ltr'><strong>Fiat</strong></span> <span class='ocrx_word' id='word_1_673' title='bbox 2915 2760 3135 2831; x_wconf 91' lang='lat' dir='ltr'><strong>aliquid,</strong></span> <span class='ocrx_word' id='word_1_674' title='bbox 3180 2761 3321 2829; x_wconf 86' lang='lat' dir='ltr'><strong>unde</strong></span> <span class='ocrx_word' id='word_1_675' title='bbox 3359 2762 3703 2832; x_wconf 89' lang='lat' dir='ltr'><strong>perveniatur</strong></span> <span class='ocrx_word' id='word_1_676' title='bbox 3727 2761 3802 2818; x_wconf 87' lang='lat' dir='ltr'><strong>ad</strong></span> 
     </span>
    </p>
   </div>
   <div class='ocr_carea' id='block_1_89' title="bbox 2204 2849 3803 2919">
    <p class='ocr_par' dir='ltr' id='par_1_89' title="bbox 2204 2849 3803 2919">
     <span class='ocr_line' id='line_1_89' title="bbox 2204 2849 3803 2919; baseline 0.002 -13"><span class='ocrx_word' id='word_1_677' title='bbox 2204 2850 2434 2906; x_wconf 88' lang='lat' dir='ltr'><strong>veniam.</strong></span> <span class='ocrx_word' id='word_1_678' title='bbox 2464 2849 2733 2905; x_wconf 90' lang='lat' dir='ltr'><strong>Pertineat</strong></span> <span class='ocrx_word' id='word_1_679' title='bbox 2757 2849 2824 2906; x_wconf 90' lang='lat' dir='ltr'><strong>ad</strong></span> <span class='ocrx_word' id='word_1_680' title='bbox 2852 2851 3082 2919; x_wconf 85' lang='lat' dir='ltr'><strong>veniam,</strong></span> <span class='ocrx_word' id='word_1_681' title='bbox 3112 2866 3180 2907; x_wconf 91' lang='lat' dir='ltr'><strong>ne</strong></span> <span class='ocrx_word' id='word_1_682' title='bbox 3206 2852 3438 2907; x_wconf 85' lang='lat' dir='ltr'><strong>irruatur</strong></span> <span class='ocrx_word' id='word_1_683' title='bbox 3459 2853 3511 2907; x_wconf 88' lang='lat' dir='ltr'><strong>in</strong></span> <span class='ocrx_word' id='word_1_684' title='bbox 3532 2861 3803 2909; x_wconf 59' lang='lat' dir='ltr'><strong>aeternam</strong></span> 
     </span>
    </p>
   </div>
   <div class='ocr_carea' id='block_1_90' title="bbox 2205 2940 3797 3015">
    <p class='ocr_par' dir='ltr' id='par_1_90' title="bbox 2205 2940 3797 3015">
     <span class='ocr_line' id='line_1_90' title="bbox 2205 2940 3797 3015; baseline 0.004 -20"><span class='ocrx_word' id='word_1_685' title='bbox 2205 2954 2439 3010; x_wconf 72' lang='lat' dir='ltr'><strong>poenam.</strong></span> <span class='ocrx_word' id='word_1_686' title='bbox 2468 2940 2586 2995; x_wconf 86' lang='lat' dir='ltr'><strong>Fiat</strong></span> <span class='ocrx_word' id='word_1_687' title='bbox 2627 2941 2769 3011; x_wconf 90' lang='lat' dir='ltr'><strong>quod</strong></span> <span class='ocrx_word' id='word_1_688' title='bbox 2812 2941 2957 3009; x_wconf 91' lang='lat' dir='ltr'><strong>licet,</strong></span> <span class='ocrx_word' id='word_1_689' title='bbox 3001 2942 3142 2999; x_wconf 89' lang='lat' dir='ltr'><strong>unde</strong></span> <span class='ocrx_word' id='word_1_690' title='bbox 3174 2944 3480 3015; x_wconf 85' lang='lat' dir='ltr'><strong>ignoscatur</strong></span> <span class='ocrx_word' id='word_1_691' title='bbox 3506 2943 3651 3015; x_wconf 92' lang='lat' dir='ltr'><strong>quod</strong></span> <span class='ocrx_word' id='word_1_692' title='bbox 3682 2960 3797 3001; x_wconf 90' lang='lat' dir='ltr'><strong>non</strong></span> 
     </span>
    </p>
   </div>
   <div class='ocr_carea' id='block_1_91' title="bbox 2205 3030 3799 3106">
    <p class='ocr_par' dir='ltr' id='par_1_91' title="bbox 2205 3030 3799 3106">
     <span class='ocr_line' id='line_1_91' title="bbox 2205 3030 3799 3106; baseline 0.004 -20"><span class='ocrx_word' id='word_1_693' title='bbox 2205 3030 2351 3089; x_wconf 89' lang='lat' dir='ltr'><strong>licet.</strong></span> <span class='ocrx_word' id='word_1_694' title='bbox 2380 3031 2493 3086; x_wconf 83' lang='lat' dir='ltr'><strong>Hoc</strong></span> <span class='ocrx_word' id='word_1_695' title='bbox 2531 3032 2731 3101; x_wconf 87' lang='lat' dir='ltr'><strong>iudicat</strong></span> <span class='ocrx_word' id='word_1_696' title='bbox 2764 3033 2906 3104; x_wconf 89' lang='lat' dir='ltr'><strong>quod</strong></span> <span class='ocrx_word' id='word_1_697' title='bbox 2936 3034 3206 3106; x_wconf 88' lang='lat' dir='ltr'><strong>sequitur:</strong></span> <span class='ocrx_word' id='word_1_698' title='bbox 3227 3034 3440 3090; x_wconf 77' lang='lat' dir='ltr'><strong>Mallem</strong></span> <span class='ocrx_word' id='word_1_699' title='bbox 3468 3052 3551 3092; x_wconf 89' lang='lat' dir='ltr'><strong>eos</strong></span> <span class='ocrx_word' id='word_1_700' title='bbox 3583 3037 3799 3103; x_wconf 81' lang='lat' dir='ltr'><strong>nubere,</strong></span> 
     </span>
    </p>
   </div>
   <div class='ocr_carea' id='block_1_92' title="bbox 2204 3123 3801 3198">
    <p class='ocr_par' dir='ltr' id='par_1_92' title="bbox 2204 3123 3801 3198">
     <span class='ocr_line' id='line_1_92' title="bbox 2204 3123 3801 3198; baseline 0.005 -21"><span class='ocrx_word' id='word_1_701' title='bbox 2204 3139 2356 3194; x_wconf 85' lang='lat' dir='ltr'><strong>quam</strong></span> <span class='ocrx_word' id='word_1_702' title='bbox 2384 3123 2465 3178; x_wconf 84' lang='lat' dir='ltr'><strong>uri</strong></span> <span class='ocrx_word' id='word_1_703' title='bbox 2496 3123 2541 3195; x_wconf 91' lang='lat' dir='ltr'><strong>(l</strong></span> <span class='ocrx_word' id='word_1_704' title='bbox 2571 3124 2688 3180; x_wconf 86' lang='lat' dir='ltr'><strong>Cor.</strong></span> <span class='ocrx_word' id='word_1_705' title='bbox 2719 3140 2811 3191; x_wconf 90' lang='lat' dir='ltr'><strong>vu,</strong></span> <span class='ocrx_word' id='word_1_706' title='bbox 2860 3123 2939 3197; x_wconf 91' lang='lat'><strong>9).</strong></span> <span class='ocrx_word' id='word_1_707' title='bbox 2972 3124 3267 3192; x_wconf 87' lang='lat' dir='ltr'><strong>Concessit,</strong></span> <span class='ocrx_word' id='word_1_708' title='bbox 3310 3126 3547 3196; x_wconf 83' lang='lat' dir='ltr'><strong>inquam,</strong></span> <span class='ocrx_word' id='word_1_709' title='bbox 3592 3127 3801 3198; x_wconf 88' lang='lat' dir='ltr'><strong>aliquid</strong></span> 
     </span>
    </p>
   </div>
   <div class='ocr_carea' id='block_1_93' title="bbox 2207 3213 3802 3287">
    <p class='ocr_par' dir='ltr' id='par_1_93' title="bbox 2207 3213 3802 3287">
     <span class='ocr_line' id='line_1_93' title="bbox 2207 3213 3802 3287; baseline 0.002 -18"><span class='ocrx_word' id='word_1_710' title='bbox 2207 3213 2607 3272; x_wconf 65' lang='lat' dir='ltr'><strong>incontinentiae</strong></span> <span class='ocrx_word' id='word_1_711' title='bbox 2636 3215 2761 3286; x_wconf 88' lang='lat' dir='ltr'><strong>quia</strong></span> <span class='ocrx_word' id='word_1_712' title='bbox 2780 3215 2951 3285; x_wconf 87' lang='lat' dir='ltr'><strong>majus</strong></span> <span class='ocrx_word' id='word_1_713' title='bbox 2981 3215 3187 3272; x_wconf 88' lang='lat' dir='ltr'><strong>timuit:</strong></span> <span class='ocrx_word' id='word_1_714' title='bbox 3218 3216 3394 3272; x_wconf 88' lang='lat' dir='ltr'><strong>timuit</strong></span> <span class='ocrx_word' id='word_1_715' title='bbox 3417 3231 3605 3287; x_wconf 67' lang='lat' dir='ltr'><strong>pinnas</strong></span> <span class='ocrx_word' id='word_1_716' title='bbox 3631 3226 3802 3272; x_wconf 58' lang='lat' dir='ltr'><strong>teter-</strong></span> 
     </span>
    </p>
   </div>
   <div class='ocr_carea' id='block_1_94' title="bbox 2206 3305 3801 3377">
    <p class='ocr_par' dir='ltr' id='par_1_94' title="bbox 2206 3305 3801 3377">
     <span class='ocr_line' id='line_1_94' title="bbox 2206 3305 3801 3377; baseline 0.003 -19"><span class='ocrx_word' id='word_1_717' title='bbox 2206 3318 2324 3371; x_wconf 90' lang='lat' dir='ltr'><strong>nas,</strong></span> <span class='ocrx_word' id='word_1_718' title='bbox 2354 3305 2528 3361; x_wconf 90' lang='lat' dir='ltr'><strong>timuit</strong></span> <span class='ocrx_word' id='word_1_719' title='bbox 2546 3305 2686 3376; x_wconf 93' lang='lat' dir='ltr'><strong>quod</strong></span> <span class='ocrx_word' id='word_1_720' title='bbox 2707 3314 2980 3377; x_wconf 79' lang='lat' dir='ltr'><strong>exspectat</strong></span> <span class='ocrx_word' id='word_1_721' title='bbox 3008 3315 3064 3361; x_wconf 91' lang='lat' dir='ltr'><strong>et</strong></span> <span class='ocrx_word' id='word_1_722' title='bbox 3098 3310 3279 3362; x_wconf 91' lang='lat' dir='ltr'><strong>manet</strong></span> <span class='ocrx_word' id='word_1_723' title='bbox 3298 3306 3589 3365; x_wconf 87' lang='lat' dir='ltr'><strong>adulteros.</strong></span> <span class='ocrx_word' id='word_1_724' title='bbox 3619 3308 3801 3373; x_wconf 83' lang='lat' dir='ltr'><strong>Etiam</strong></span> 
     </span>
    </p>
   </div>
   <div class='ocr_carea' id='block_1_95' title="bbox 2208 3395 3801 3470">
    <p class='ocr_par' dir='ltr' id='par_1_95' title="bbox 2208 3395 3801 3470">
     <span class='ocr_line' id='line_1_95' title="bbox 2208 3395 3801 3470; baseline 0.003 -19"><span class='ocrx_word' id='word_1_725' title='bbox 2208 3395 2312 3452; x_wconf 88' lang='lat' dir='ltr'><strong>hoc</strong></span> <span class='ocrx_word' id='word_1_726' title='bbox 2333 3396 2477 3467; x_wconf 91' lang='lat' dir='ltr'><strong>quod</strong></span> <span class='ocrx_word' id='word_1_727' title='bbox 2501 3397 2766 3469; x_wconf 84' lang='lat' dir='ltr'><strong>conjugati</strong></span> <span class='ocrx_word' id='word_1_728' title='bbox 2803 3397 2928 3453; x_wconf 91' lang='lat' dir='ltr'><strong>victi</strong></span> <span class='ocrx_word' id='word_1_729' title='bbox 2953 3399 3382 3470; x_wconf 88' lang='lat' dir='ltr'><strong>concupiscentia</strong></span> <span class='ocrx_word' id='word_1_730' title='bbox 3405 3406 3623 3455; x_wconf 90' lang='lat' dir='ltr'><strong>utuntur</strong></span> <span class='ocrx_word' id='word_1_731' title='bbox 3654 3401 3801 3456; x_wconf 81' lang='lat' dir='ltr'><strong>invi-</strong></span> 
     </span>
    </p>
   </div>
   <div class='ocr_carea' id='block_1_96' title="bbox 2207 3488 3803 3563">
    <p class='ocr_par' dir='ltr' id='par_1_96' title="bbox 2207 3488 3803 3563">
     <span class='ocr_line' id='line_1_96' title="bbox 2207 3488 3803 3563; baseline 0.003 -19"><span class='ocrx_word' id='word_1_732' title='bbox 2207 3502 2325 3544; x_wconf 88' lang='lat' dir='ltr'><strong>cem</strong></span> <span class='ocrx_word' id='word_1_733' title='bbox 2349 3488 2485 3543; x_wconf 91' lang='lat' dir='ltr'><strong>ultra</strong></span> <span class='ocrx_word' id='word_1_734' title='bbox 2514 3490 2888 3545; x_wconf 88' lang='lat' dir='ltr'><strong>necessitatem</strong></span> <span class='ocrx_word' id='word_1_735' title='bbox 2915 3489 3111 3545; x_wconf 90' lang='lat' dir='ltr'><strong>liberos</strong></span> <span class='ocrx_word' id='word_1_736' title='bbox 3135 3492 3479 3561; x_wconf 83' lang='lat' dir='ltr'><strong>procreandi,</strong></span> <span class='ocrx_word' id='word_1_737' title='bbox 3515 3507 3709 3563; x_wconf 88' lang='lat' dir='ltr'><strong>ponam</strong></span> <span class='ocrx_word' id='word_1_738' title='bbox 3740 3494 3803 3549; x_wconf 90' lang='lat' dir='ltr'><strong>in</strong></span> 
     </span>
    </p>
   </div>
   <div class='ocr_carea' id='block_1_97' title="bbox 2208 3581 3804 3654">
    <p class='ocr_par' dir='ltr' id='par_1_97' title="bbox 2208 3581 3804 3654">
     <span class='ocr_line' id='line_1_97' title="bbox 2208 3581 3804 3654; baseline 0.001 -18"><span class='ocrx_word' id='word_1_739' title='bbox 2208 3581 2291 3637; x_wconf 86' lang='lat' dir='ltr'><strong>his</strong></span> <span class='ocrx_word' id='word_1_740' title='bbox 2317 3596 2417 3653; x_wconf 91' lang='lat' dir='ltr'><strong>pro</strong></span> <span class='ocrx_word' id='word_1_741' title='bbox 2444 3581 2634 3652; x_wconf 90' lang='lat' dir='ltr'><strong>quibus</strong></span> <span class='ocrx_word' id='word_1_742' title='bbox 2676 3582 2913 3654; x_wconf 88' lang='lat' dir='ltr'><strong>quotidie</strong></span> <span class='ocrx_word' id='word_1_743' title='bbox 2947 3582 3160 3648; x_wconf 89' lang='lat' dir='ltr'><strong>dicitur,</strong></span> <span class='ocrx_word' id='word_1_744' title='bbox 3199 3582 3408 3645; x_wconf 84' lang='lat' dir='ltr'><strong>Dimitte</strong></span> <span class='ocrx_word' id='word_1_745' title='bbox 3444 3585 3588 3645; x_wconf 81' lang='lat' dir='ltr'><strong>nobis</strong></span> <span class='ocrx_word' id='word_1_746' title='bbox 3625 3585 3804 3651; x_wconf 80' lang='lat' dir='ltr'><strong>debita</strong></span> 
     </span>
    </p>
   </div>
   <div class='ocr_carea' id='block_1_98' title="bbox 2211 3674 3798 3747">
    <p class='ocr_par' dir='ltr' id='par_1_98' title="bbox 2211 3674 3798 3747">
     <span class='ocr_line' id='line_1_98' title="bbox 2211 3674 3798 3747; baseline 0 -16"><span class='ocrx_word' id='word_1_747' title='bbox 2211 3682 2406 3741; x_wconf 81' lang='lat' dir='ltr'><strong>nostra,</strong></span> <span class='ocrx_word' id='word_1_748' title='bbox 2435 3674 2560 3729; x_wconf 84' lang='lat' dir='ltr'><strong>sicut</strong></span> <span class='ocrx_word' id='word_1_749' title='bbox 2575 3682 2620 3729; x_wconf 90' lang='lat' dir='ltr'><strong>et</strong></span> <span class='ocrx_word' id='word_1_750' title='bbox 2637 3689 2728 3728; x_wconf 88' lang='lat' dir='ltr'><strong>nos</strong></span> <span class='ocrx_word' id='word_1_751' title='bbox 2744 3674 3040 3741; x_wconf 82' lang='lat' dir='ltr'><strong>dimittimus</strong></span> <span class='ocrx_word' id='word_1_752' title='bbox 3056 3674 3359 3737; x_wconf 78' lang='lat' dir='ltr'><strong>debitoribus</strong></span> <span class='ocrx_word' id='word_1_753' title='bbox 3380 3677 3563 3741; x_wconf 80' lang='lat' dir='ltr'><strong>nostris</strong></span> <span class='ocrx_word' id='word_1_754' title='bbox 3581 3676 3798 3747; x_wconf 73' lang='lat' dir='ltr'><strong>(Matth.</strong></span> 
     </span>
    </p>
   </div>
   <div class='ocr_carea' id='block_1_99' title="bbox 2210 3766 2425 3836">
    <p class='ocr_par' dir='ltr' id='par_1_99' title="bbox 2210 3766 2425 3836">
     <span class='ocr_line' id='line_1_99' title="bbox 2210 3766 2425 3836; baseline -0.005 -17"><span class='ocrx_word' id='word_1_755' title='bbox 2210 3780 2282 3833; x_wconf 78' lang='lat' dir='ltr'><strong>vr,</strong></span> <span class='ocrx_word' id='word_1_756' title='bbox 2314 3766 2425 3836; x_wconf 76' lang='grc'>12).</span> 
     </span>
    </p>
   </div>
   <div class='ocr_carea' id='block_1_100' title="bbox 2212 3853 3800 3927">
    <p class='ocr_par' dir='ltr' id='par_1_100' title="bbox 2212 3853 3800 3927">
     <span class='ocr_line' id='line_1_100' title="bbox 2212 3853 3800 3927; baseline 0.002 -16"><span class='ocrx_word' id='word_1_757' title='bbox 2212 3853 2299 3911; x_wconf 79' lang='lat' dir='ltr'><strong>Ea:</strong></span> <span class='ocrx_word' id='word_1_758' title='bbox 2317 3854 2561 3913; x_wconf 84' lang='lat' dir='ltr'><strong>Sermone</strong></span> <span class='ocrx_word' id='word_1_759' title='bbox 2582 3856 2646 3912; x_wconf 85' lang='lat' dir='ltr'><strong>de</strong></span> <span class='ocrx_word' id='word_1_760' title='bbox 2667 3872 2727 3912; x_wconf 91' lang='lat' dir='ltr'><strong>eo</strong></span> <span class='ocrx_word' id='word_1_761' title='bbox 2756 3857 2893 3927; x_wconf 83' lang='lat' dir='ltr'><strong>quod</strong></span> <span class='ocrx_word' id='word_1_762' title='bbox 2919 3857 3162 3927; x_wconf 82' lang='lat' dir='ltr'><strong>scriptum</strong></span> <span class='ocrx_word' id='word_1_763' title='bbox 3189 3867 3282 3924; x_wconf 88' lang='lat' dir='ltr'><strong>est,</strong></span> <span class='ocrx_word' id='word_1_764' title='bbox 3313 3857 3524 3927; x_wconf 62' lang='lat' dir='ltr'><strong>Matth,</strong></span> <span class='ocrx_word' id='word_1_765' title='bbox 3548 3875 3661 3927; x_wconf 85' lang='lat' dir='ltr'><strong>cap.</strong></span> <span class='ocrx_word' id='word_1_766' title='bbox 3681 3875 3800 3927; x_wconf 75' lang='lat' dir='ltr'><strong>xvr,</strong></span> 
     </span>
    </p>
   </div>
   <div class='ocr_carea' id='block_1_101' title="bbox 2282 3945 3800 4021">
    <p class='ocr_par' dir='ltr' id='par_1_101' title="bbox 2282 3945 3800 4021">
     <span class='ocr_line' id='line_1_101' title="bbox 2282 3945 3800 4021; baseline 0.004 -21"><span class='ocrx_word' id='word_1_767' title='bbox 2282 3945 2372 4013; x_wconf 72' lang='grc'><strong>24,</strong></span> <span class='ocrx_word' id='word_1_768' title='bbox 2396 3946 2453 4001; x_wconf 91' lang='lat' dir='ltr'><strong>Si</strong></span> <span class='ocrx_word' id='word_1_769' title='bbox 2469 3947 2587 4017; x_wconf 90' lang='lat' dir='ltr'><strong>quis</strong></span> <span class='ocrx_word' id='word_1_770' title='bbox 2602 3948 2713 4002; x_wconf 90' lang='lat' dir='ltr'><strong>vult</strong></span> <span class='ocrx_word' id='word_1_771' title='bbox 2727 3957 2848 4018; x_wconf 84' lang='lat' dir='ltr'><strong>post</strong></span> <span class='ocrx_word' id='word_1_772' title='bbox 2862 3963 2949 4004; x_wconf 90' lang='lat' dir='ltr'><strong>me</strong></span> <span class='ocrx_word' id='word_1_773' title='bbox 2964 3949 3167 4016; x_wconf 88' lang='lat' dir='ltr'><strong>venire,</strong></span> <span class='ocrx_word' id='word_1_774' title='bbox 3186 3949 3414 4021; x_wconf 80' lang='lat' dir='ltr'><strong>abneget</strong></span> <span class='ocrx_word' id='word_1_775' title='bbox 3426 3950 3800 4021; x_wconf 85' lang='lat' dir='ltr'><strong>semetipsum:</strong></span> 
     </span>
    </p>
   </div>
   <div class='ocr_carea' id='block_1_102' title="bbox 2282 4034 3529 4109">
    <p class='ocr_par' dir='ltr' id='par_1_102' title="bbox 2282 4034 3529 4109">
     <span class='ocr_line' id='line_1_102' title="bbox 2282 4034 3529 4109; baseline 0.006 -20"><span class='ocrx_word' id='word_1_776' title='bbox 2282 4034 2425 4089; x_wconf 89' lang='lat' dir='ltr'><strong>Beda</strong></span> <span class='ocrx_word' id='word_1_777' title='bbox 2447 4038 2673 4091; x_wconf 85' lang='lat' dir='ltr'><strong>nondum</strong></span> <span class='ocrx_word' id='word_1_778' title='bbox 2699 4038 2929 4109; x_wconf 80' lang='lat' dir='ltr'><strong>vulgatus</strong></span> <span class='ocrx_word' id='word_1_779' title='bbox 2949 4039 3017 4093; x_wconf 89' lang='lat' dir='ltr'><strong>ad</strong></span> <span class='ocrx_word' id='word_1_780' title='bbox 3041 4039 3060 4094; x_wconf 91' lang='lat' dir='ltr'><strong>l</strong></span> <span class='ocrx_word' id='word_1_781' title='bbox 3084 4039 3258 4095; x_wconf 80' lang='lat' dir='ltr'><strong>Thess.</strong></span> <span class='ocrx_word' id='word_1_782' title='bbox 3286 4057 3340 4095; x_wconf 89' lang='lat' dir='ltr'><strong>v.</strong></span> <span class='ocrx_word' id='word_1_783' title='bbox 3522 4040 3529 4047; x_wconf 87' lang='grc'><em>’</em></span> 
     </span>
    </p>
   </div>
   <div class='ocr_carea' id='block_1_103' title="bbox 2286 4125 3801 4202">
    <p class='ocr_par' dir='ltr' id='par_1_103' title="bbox 2286 4125 3801 4202">
     <span class='ocr_line' id='line_1_103' title="bbox 2286 4125 3801 4202; baseline 0.005 -21"><span class='ocrx_word' id='word_1_784' title='bbox 2286 4125 2541 4196; x_wconf 83' lang='lat' dir='ltr'><strong>Corripite</strong></span> <span class='ocrx_word' id='word_1_785' title='bbox 2573 4128 2838 4199; x_wconf 84' lang='lat' dir='ltr'><strong>inquietos,</strong></span> <span class='ocrx_word' id='word_1_786' title='bbox 2883 4131 3210 4199; x_wconf 77' lang='lat' dir='ltr'><strong>consolamini</strong></span> <span class='ocrx_word' id='word_1_787' title='bbox 3252 4132 3636 4202; x_wconf 80' lang='lat' dir='ltr'><strong>pusillanimes,</strong></span> <span class='ocrx_word' id='word_1_788' title='bbox 3684 4144 3801 4191; x_wconf 76' lang='lat' dir='ltr'><strong>etc.</strong></span> 
     </span>
    </p>
   </div>
   <div class='ocr_carea' id='block_1_104' title="bbox 2214 4215 3807 4292">
    <p class='ocr_par' dir='ltr' id='par_1_104' title="bbox 2214 4215 3807 4292">
     <span class='ocr_line' id='line_1_104' title="bbox 2214 4215 3807 4292; baseline 0.008 -21"><span class='ocrx_word' id='word_1_789' title='bbox 2214 4215 2437 4282; x_wconf 88' lang='lat' dir='ltr'><strong>Quando</strong></span> <span class='ocrx_word' id='word_1_790' title='bbox 2472 4217 2613 4274; x_wconf 90' lang='lat' dir='ltr'><strong>videt</strong></span> <span class='ocrx_word' id='word_1_791' title='bbox 2641 4218 2803 4277; x_wconf 91' lang='lat' dir='ltr'><strong>homo</strong></span> <span class='ocrx_word' id='word_1_792' title='bbox 2828 4220 3059 4292; x_wconf 89' lang='lat' dir='ltr'><strong>aliquem</strong></span> <span class='ocrx_word' id='word_1_793' title='bbox 3089 4221 3225 4278; x_wconf 92' lang='lat' dir='ltr'><strong>male</strong></span> <span class='ocrx_word' id='word_1_794' title='bbox 3250 4224 3535 4292; x_wconf 87' lang='lat' dir='ltr'><strong>viventem,</strong></span> <span class='ocrx_word' id='word_1_795' title='bbox 3576 4236 3632 4283; x_wconf 89' lang='lat' dir='ltr'><strong>et</strong></span> <span class='ocrx_word' id='word_1_796' title='bbox 3659 4225 3807 4283; x_wconf 84' lang='lat' dir='ltr'><strong>forte</strong></span> 
     </span>
    </p>
   </div>
   <div class='ocr_carea' id='block_1_105' title="bbox 2214 4308 3800 4389">
    <p class='ocr_par' dir='ltr' id='par_1_105' title="bbox 2214 4308 3800 4389">
     <span class='ocr_line' id='line_1_105' title="bbox 2214 4308 3800 4389; baseline 0.008 -27"><span class='ocrx_word' id='word_1_797' title='bbox 2214 4308 2413 4380; x_wconf 89' lang='lat' dir='ltr'><strong>aliquid</strong></span> <span class='ocrx_word' id='word_1_798' title='bbox 2442 4310 2695 4367; x_wconf 76' lang='lat' dir='ltr'><strong>Ecclesia:</strong></span> <span class='ocrx_word' id='word_1_799' title='bbox 2724 4322 3087 4382; x_wconf 68' lang='lat' dir='ltr'><strong>praestantem,</strong></span> <span class='ocrx_word' id='word_1_800' title='bbox 3134 4325 3188 4370; x_wconf 92' lang='lat' dir='ltr'><strong>et</strong></span> <span class='ocrx_word' id='word_1_801' title='bbox 3236 4331 3345 4379; x_wconf 87' lang='lat' dir='ltr'><strong>non</strong></span> <span class='ocrx_word' id='word_1_802' title='bbox 3386 4332 3509 4372; x_wconf 89' lang='lat' dir='ltr'><strong>eum</strong></span> <span class='ocrx_word' id='word_1_803' title='bbox 3552 4318 3800 4389; x_wconf 87' lang='lat' dir='ltr'><strong>corripit,</strong></span> 
     </span>
    </p>
   </div>
   <div class='ocr_carea' id='block_1_106' title="bbox 2217 4399 3805 4476">
    <p class='ocr_par' dir='ltr' id='par_1_106' title="bbox 2217 4399 3805 4476">
     <span class='ocr_line' id='line_1_106' title="bbox 2217 4399 3805 4476; baseline 0.008 -23"><span class='ocrx_word' id='word_1_804' title='bbox 2217 4400 2398 4459; x_wconf 89' lang='lat' dir='ltr'><strong>animo</strong></span> <span class='ocrx_word' id='word_1_805' title='bbox 2428 4399 2577 4473; x_wconf 82' lang='lat' dir='ltr'><strong>fugit.</strong></span> <span class='ocrx_word' id='word_1_806' title='bbox 2607 4401 2743 4471; x_wconf 86' lang='lat' dir='ltr'><strong>Quid</strong></span> <span class='ocrx_word' id='word_1_807' title='bbox 2769 4412 2873 4471; x_wconf 90' lang='lat' dir='ltr'><strong>est,</strong></span> <span class='ocrx_word' id='word_1_808' title='bbox 2904 4404 3081 4460; x_wconf 90' lang='lat' dir='ltr'><strong>animo</strong></span> <span class='ocrx_word' id='word_1_809' title='bbox 3104 4404 3318 4476; x_wconf 88' lang='lat' dir='ltr'><strong>fugere?</strong></span> <span class='ocrx_word' id='word_1_810' title='bbox 3352 4408 3583 4463; x_wconf 86' lang='lat' dir='ltr'><strong>Timere.</strong></span> <span class='ocrx_word' id='word_1_811' title='bbox 3613 4409 3805 4466; x_wconf 85' lang='lat' dir='ltr'><strong>Timor</strong></span> 
     </span>
    </p>
   </div>
   <div class='ocr_carea' id='block_1_107' title="bbox 2215 4488 3800 4563">
    <p class='ocr_par' dir='ltr' id='par_1_107' title="bbox 2215 4488 3800 4563">
     <span class='ocr_line' id='line_1_107' title="bbox 2215 4488 3800 4563; baseline 0.006 -19"><span class='ocrx_word' id='word_1_812' title='bbox 2215 4497 2297 4545; x_wconf 89' lang='lat' dir='ltr'><strong>est</strong></span> <span class='ocrx_word' id='word_1_813' title='bbox 2324 4488 2442 4559; x_wconf 87' lang='lat' dir='ltr'><strong>fuga</strong></span> <span class='ocrx_word' id='word_1_814' title='bbox 2470 4491 2711 4547; x_wconf 90' lang='lat' dir='ltr'><strong>interior.</strong></span> <span class='ocrx_word' id='word_1_815' title='bbox 2743 4491 2919 4559; x_wconf 85' lang='lat' dir='ltr'><strong>Quare</strong></span> <span class='ocrx_word' id='word_1_816' title='bbox 2946 4494 3127 4550; x_wconf 82' lang='lat' dir='ltr'><strong>timet?</strong></span> <span class='ocrx_word' id='word_1_817' title='bbox 3151 4496 3285 4563; x_wconf 90' lang='lat' dir='ltr'><strong>Quia</strong></span> <span class='ocrx_word' id='word_1_818' title='bbox 3306 4498 3669 4559; x_wconf 84' lang='lat' dir='ltr'><strong>mercenarius</strong></span> <span class='ocrx_word' id='word_1_819' title='bbox 3693 4508 3800 4555; x_wconf 88' lang='lat' dir='ltr'><strong>est.</strong></span> 
     </span>
    </p>
   </div>
   <div class='ocr_carea' id='block_1_108' title="bbox 2214 4581 3813 4659">
    <p class='ocr_par' dir='ltr' id='par_1_108' title="bbox 2214 4581 3813 4659">
     <span class='ocr_line' id='line_1_108' title="bbox 2214 4581 3813 4659; baseline 0.008 -24"><span class='ocrx_word' id='word_1_820' title='bbox 2214 4581 2291 4637; x_wconf 87' lang='lat' dir='ltr'><strong>Ne</strong></span> <span class='ocrx_word' id='word_1_821' title='bbox 2316 4582 2451 4637; x_wconf 91' lang='lat' dir='ltr'><strong>forte</strong></span> <span class='ocrx_word' id='word_1_822' title='bbox 2473 4582 2561 4638; x_wconf 89' lang='lat' dir='ltr'><strong>ille</strong></span> <span class='ocrx_word' id='word_1_823' title='bbox 2588 4584 2727 4640; x_wconf 90' lang='lat' dir='ltr'><strong>male</strong></span> <span class='ocrx_word' id='word_1_824' title='bbox 2752 4585 2976 4655; x_wconf 87' lang='lat' dir='ltr'><strong>accipiat</strong></span> <span class='ocrx_word' id='word_1_825' title='bbox 3000 4587 3141 4657; x_wconf 84' lang='lat' dir='ltr'><strong>quod</strong></span> <span class='ocrx_word' id='word_1_826' title='bbox 3171 4589 3475 4659; x_wconf 82' lang='lat' dir='ltr'><strong>corripitur,</strong></span> <span class='ocrx_word' id='word_1_827' title='bbox 3503 4599 3558 4646; x_wconf 88' lang='lat' dir='ltr'><strong>et</strong></span> <span class='ocrx_word' id='word_1_828' title='bbox 3580 4606 3688 4648; x_wconf 92' lang='lat' dir='ltr'><strong>non</strong></span> <span class='ocrx_word' id='word_1_829' title='bbox 3709 4591 3813 4648; x_wconf 83' lang='lat' dir='ltr'><strong>det</strong></span> 
     </span>
    </p>
   </div>
   <div class='ocr_carea' id='block_1_109' title="bbox 2216 4672 3805 4748">
    <p class='ocr_par' dir='ltr' id='par_1_109' title="bbox 2216 4672 3805 4748">
     <span class='ocr_line' id='line_1_109' title="bbox 2216 4672 3805 4748; baseline 0.01 -22"><span class='ocrx_word' id='word_1_830' title='bbox 2216 4672 2357 4743; x_wconf 92' lang='lat' dir='ltr'><strong>quod</strong></span> <span class='ocrx_word' id='word_1_831' title='bbox 2381 4674 2517 4729; x_wconf 90' lang='lat' dir='ltr'><strong>solet</strong></span> <span class='ocrx_word' id='word_1_832' title='bbox 2542 4674 2641 4747; x_wconf 89' lang='lat' dir='ltr'><strong>(a).</strong></span> <span class='ocrx_word' id='word_1_833' title='bbox 2671 4675 2824 4731; x_wconf 81' lang='lat' dir='ltr'><strong>Videt</strong></span> <span class='ocrx_word' id='word_1_834' title='bbox 2865 4677 3045 4747; x_wconf 90' lang='lat' dir='ltr'><strong>lupum</strong></span> <span class='ocrx_word' id='word_1_835' title='bbox 3072 4678 3391 4748; x_wconf 83' lang='lat' dir='ltr'><strong>venientem,</strong></span> <span class='ocrx_word' id='word_1_836' title='bbox 3422 4681 3475 4736; x_wconf 91' lang='lat' dir='ltr'><strong>id</strong></span> <span class='ocrx_word' id='word_1_837' title='bbox 3503 4691 3585 4741; x_wconf 88' lang='lat' dir='ltr'><strong>est</strong></span> <span class='ocrx_word' id='word_1_838' title='bbox 3610 4682 3805 4741; x_wconf 84' lang='lat' dir='ltr'><strong>diabo-</strong></span> 
     </span>
    </p>
   </div>
   <div class='ocr_carea' id='block_1_110' title="bbox 2217 4765 3804 4845">
    <p class='ocr_par' dir='ltr' id='par_1_110' title="bbox 2217 4765 3804 4845">
     <span class='ocr_line' id='line_1_110' title="bbox 2217 4765 3804 4845; baseline 0.007 -25"><span class='ocrx_word' id='word_1_839' title='bbox 2217 4765 2326 4821; x_wconf 92' lang='lat' dir='ltr'><strong>lum</strong></span> <span class='ocrx_word' id='word_1_840' title='bbox 2353 4766 2492 4821; x_wconf 91' lang='lat' dir='ltr'><strong>male</strong></span> <span class='ocrx_word' id='word_1_841' title='bbox 2517 4767 2744 4822; x_wconf 90' lang='lat' dir='ltr'><strong>viventis</strong></span> <span class='ocrx_word' id='word_1_842' title='bbox 2771 4769 2905 4824; x_wconf 89' lang='lat' dir='ltr'><strong>colla</strong></span> <span class='ocrx_word' id='word_1_843' title='bbox 2931 4770 3290 4843; x_wconf 86' lang='lat' dir='ltr'><strong>frangentem;</strong></span> <span class='ocrx_word' id='word_1_844' title='bbox 3338 4782 3393 4829; x_wconf 89' lang='lat' dir='ltr'><strong>et</strong></span> <span class='ocrx_word' id='word_1_845' title='bbox 3436 4773 3569 4845; x_wconf 82' lang='lat' dir='ltr'><strong>fugit</strong></span> <span class='ocrx_word' id='word_1_846' title='bbox 3593 4776 3804 4843; x_wconf 88' lang='lat' dir='ltr'><strong>animo,</strong></span> 
     </span>
    </p>
   </div>
   <div class='ocr_carea' id='block_1_111' title="bbox 2219 4858 3807 4934">
    <p class='ocr_par' dir='ltr' id='par_1_111' title="bbox 2219 4858 3807 4934">
     <span class='ocr_line' id='line_1_111' title="bbox 2219 4858 3807 4934; baseline 0.006 -21"><span class='ocrx_word' id='word_1_847' title='bbox 2219 4858 2451 4927; x_wconf 79' lang='lat' dir='ltr'><strong>abstinet</strong></span> <span class='ocrx_word' id='word_1_848' title='bbox 2475 4858 2545 4915; x_wconf 89' lang='lat' dir='ltr'><strong>ab</strong></span> <span class='ocrx_word' id='word_1_849' title='bbox 2571 4860 2686 4915; x_wconf 85' lang='lat' dir='ltr'><strong>utili</strong></span> <span class='ocrx_word' id='word_1_850' title='bbox 2712 4863 3071 4931; x_wconf 81' lang='lat' dir='ltr'><strong>correptione,</strong></span> <span class='ocrx_word' id='word_1_851' title='bbox 3116 4864 3303 4933; x_wconf 88' lang='lat' dir='ltr'><strong>plenus</strong></span> <span class='ocrx_word' id='word_1_852' title='bbox 3334 4867 3543 4922; x_wconf 83' lang='lat' dir='ltr'><strong>timore.</strong></span> <span class='ocrx_word' id='word_1_853' title='bbox 3574 4867 3677 4934; x_wconf 88' lang='lat' dir='ltr'><strong>Qui</strong></span> <span class='ocrx_word' id='word_1_854' title='bbox 3706 4883 3807 4923; x_wconf 79' lang='lat' dir='ltr'><strong>au-</strong></span> 
     </span>
    </p>
   </div>
   <div class='ocr_carea' id='block_1_112' title="bbox 2221 4954 3806 5026">
    <p class='ocr_par' dir='ltr' id='par_1_112' title="bbox 2221 4954 3806 5026">
     <span class='ocr_line' id='line_1_112' title="bbox 2221 4954 3806 5026; baseline 0.008 -21"><span class='ocrx_word' id='word_1_855' title='bbox 2221 4960 2326 5006; x_wconf 91' lang='lat' dir='ltr'><strong>tem</strong></span> <span class='ocrx_word' id='word_1_856' title='bbox 2365 4959 2547 5022; x_wconf 90' lang='lat' dir='ltr'><strong>pastor</strong></span> <span class='ocrx_word' id='word_1_857' title='bbox 2576 4960 2677 5017; x_wconf 88' lang='lat' dir='ltr'><strong>est,</strong></span> <span class='ocrx_word' id='word_1_858' title='bbox 2724 4961 2780 5008; x_wconf 89' lang='lat' dir='ltr'><strong>et</strong></span> <span class='ocrx_word' id='word_1_859' title='bbox 2814 4962 2897 5008; x_wconf 82' lang='lat' dir='ltr'><strong>est</strong></span> <span class='ocrx_word' id='word_1_860' title='bbox 2938 4954 2987 5010; x_wconf 91' lang='lat' dir='ltr'><strong>ei</strong></span> <span class='ocrx_word' id='word_1_861' title='bbox 3018 4970 3143 5011; x_wconf 87' lang='lat' dir='ltr'><strong>cura</strong></span> <span class='ocrx_word' id='word_1_862' title='bbox 3171 4972 3268 5026; x_wconf 83' lang='lat' dir='ltr'><strong>pro</strong></span> <span class='ocrx_word' id='word_1_863' title='bbox 3298 4958 3511 5025; x_wconf 87' lang='lat' dir='ltr'><strong>ovibus,</strong></span> <span class='ocrx_word' id='word_1_864' title='bbox 3542 4975 3649 5014; x_wconf 87' lang='lat' dir='ltr'><strong>non</strong></span> <span class='ocrx_word' id='word_1_865' title='bbox 3678 4977 3806 5017; x_wconf 89' lang='lat' dir='ltr'><strong>eum</strong></span> 
     </span>
    </p>
   </div>
   <div class='ocr_carea' id='block_1_113' title="bbox 2218 5041 3805 5121">
    <p class='ocr_par' dir='ltr' id='par_1_113' title="bbox 2218 5041 3805 5121">
     <span class='ocr_line' id='line_1_113' title="bbox 2218 5041 3805 5121; baseline 0.005 -25"><span class='ocrx_word' id='word_1_866' title='bbox 2218 5041 2466 5106; x_wconf 88' lang='lat' dir='ltr'><strong>dimittat,</strong></span> <span class='ocrx_word' id='word_1_867' title='bbox 2478 5050 2531 5096; x_wconf 90' lang='lat' dir='ltr'><strong>et</strong></span> <span class='ocrx_word' id='word_1_868' title='bbox 2549 5041 2672 5097; x_wconf 85' lang='lat' dir='ltr'><strong>facit</strong></span> <span class='ocrx_word' id='word_1_869' title='bbox 2696 5042 2836 5113; x_wconf 86' lang='lat' dir='ltr'><strong>quod</strong></span> <span class='ocrx_word' id='word_1_870' title='bbox 2857 5045 2934 5098; x_wconf 89' lang='lat' dir='ltr'><strong>ait</strong></span> <span class='ocrx_word' id='word_1_871' title='bbox 2946 5044 3251 5114; x_wconf 85' lang='lat' dir='ltr'><strong>Apostolus,</strong></span> <span class='ocrx_word' id='word_1_872' title='bbox 3271 5047 3519 5118; x_wconf 80' lang='lat' dir='ltr'><strong>Corripite</strong></span> <span class='ocrx_word' id='word_1_873' title='bbox 3533 5050 3805 5121; x_wconf 78' lang='lat' dir='ltr'><strong>inquietos,</strong></span> 
     </span>
    </p>
   </div>
   <div class='ocr_carea' id='block_1_114' title="bbox 2217 5134 3808 5212">
    <p class='ocr_par' dir='ltr' id='par_1_114' title="bbox 2217 5134 3808 5212">
     <span class='ocr_line' id='line_1_114' title="bbox 2217 5134 3808 5212; baseline 0.006 -25"><span class='ocrx_word' id='word_1_874' title='bbox 2217 5134 2547 5188; x_wconf 76' lang='lat' dir='ltr'><strong>consulamini</strong></span> <span class='ocrx_word' id='word_1_875' title='bbox 2570 5135 2936 5205; x_wconf 77' lang='lat' dir='ltr'><strong>pusillanimes,</strong></span> <span class='ocrx_word' id='word_1_876' title='bbox 2954 5147 3057 5193; x_wconf 91' lang='lat' dir='ltr'><strong>etc.</strong></span> <span class='ocrx_word' id='word_1_877' title='bbox 3074 5138 3189 5193; x_wconf 78' lang='lat' dir='ltr'><strong>Non</strong></span> <span class='ocrx_word' id='word_1_878' title='bbox 3206 5155 3333 5211; x_wconf 84' lang='lat' dir='ltr'><strong>ergo</strong></span> <span class='ocrx_word' id='word_1_879' title='bbox 3349 5149 3498 5210; x_wconf 84' lang='lat' dir='ltr'><strong>putet</strong></span> <span class='ocrx_word' id='word_1_880' title='bbox 3512 5141 3631 5212; x_wconf 88' lang='lat' dir='ltr'><strong>quis</strong></span> <span class='ocrx_word' id='word_1_881' title='bbox 3659 5142 3808 5211; x_wconf 90' lang='lat' dir='ltr'><strong>pium</strong></span> 
     </span>
    </p>
   </div>
   <div class='ocr_carea' id='block_1_115' title="bbox 2220 5228 3813 5303">
    <p class='ocr_par' dir='ltr' id='par_1_115' title="bbox 2220 5228 3813 5303">
     <span class='ocr_line' id='line_1_115' title="bbox 2220 5228 3813 5303; baseline 0.008 -23"><span class='ocrx_word' id='word_1_882' title='bbox 2220 5235 2509 5297; x_wconf 82' lang='lat' dir='ltr'><strong>pastorem,</strong></span> <span class='ocrx_word' id='word_1_883' title='bbox 2536 5228 2618 5283; x_wconf 88' lang='lat' dir='ltr'><strong>vel</strong></span> <span class='ocrx_word' id='word_1_884' title='bbox 2646 5228 2738 5298; x_wconf 87' lang='lat' dir='ltr'><strong>qui</strong></span> <span class='ocrx_word' id='word_1_885' title='bbox 2763 5243 2827 5283; x_wconf 88' lang='lat' dir='ltr'><strong>se</strong></span> <span class='ocrx_word' id='word_1_886' title='bbox 2861 5228 2992 5284; x_wconf 84' lang='lat' dir='ltr'><strong>dicit</strong></span> <span class='ocrx_word' id='word_1_887' title='bbox 3022 5240 3308 5301; x_wconf 84' lang='lat' dir='ltr'><strong>pastorem,</strong></span> <span class='ocrx_word' id='word_1_888' title='bbox 3335 5235 3456 5303; x_wconf 88' lang='lat' dir='ltr'><strong>quia</strong></span> <span class='ocrx_word' id='word_1_889' title='bbox 3483 5248 3587 5289; x_wconf 85' lang='lat' dir='ltr'><strong>non</strong></span> <span class='ocrx_word' id='word_1_890' title='bbox 3616 5234 3813 5293; x_wconf 83' lang='lat' dir='ltr'><strong>reddet</strong></span> 
     </span>
    </p>
   </div>
   <div class='ocr_carea' id='block_1_116' title="bbox 2222 5320 3811 5396">
    <p class='ocr_par' dir='ltr' id='par_1_116' title="bbox 2222 5320 3811 5396">
     <span class='ocr_line' id='line_1_116' title="bbox 2222 5320 3811 5396; baseline 0.006 -23"><span class='ocrx_word' id='word_1_891' title='bbox 2222 5320 2417 5374; x_wconf 80' lang='lat' dir='ltr'><strong>malum</strong></span> <span class='ocrx_word' id='word_1_892' title='bbox 2442 5334 2542 5390; x_wconf 87' lang='lat' dir='ltr'><strong>pro</strong></span> <span class='ocrx_word' id='word_1_893' title='bbox 2560 5320 2863 5388; x_wconf 87' lang='lat' dir='ltr'><strong>malo,eum</strong></span> <span class='ocrx_word' id='word_1_894' title='bbox 2892 5321 3079 5376; x_wconf 89' lang='lat' dir='ltr'><strong>reddat</strong></span> <span class='ocrx_word' id='word_1_895' title='bbox 3104 5324 3282 5393; x_wconf 84' lang='lat' dir='ltr'><strong>potius</strong></span> <span class='ocrx_word' id='word_1_896' title='bbox 3306 5326 3502 5380; x_wconf 89' lang='lat' dir='ltr'><strong>malum</strong></span> <span class='ocrx_word' id='word_1_897' title='bbox 3523 5340 3620 5396; x_wconf 90' lang='lat' dir='ltr'><strong>pro</strong></span> <span class='ocrx_word' id='word_1_898' title='bbox 3639 5327 3811 5383; x_wconf 87' lang='lat' dir='ltr'><strong>bono.</strong></span> 
     </span>
    </p>
   </div>
   <div class='ocr_carea' id='block_1_117' title="bbox 2223 5412 3813 5482">
    <p class='ocr_par' dir='ltr' id='par_1_117' title="bbox 2223 5412 3813 5482">
     <span class='ocr_line' id='line_1_117' title="bbox 2223 5412 3813 5482; baseline 0.005 -15"><span class='ocrx_word' id='word_1_899' title='bbox 2223 5412 2317 5467; x_wconf 82' lang='lat' dir='ltr'><strong>Ille</strong></span> <span class='ocrx_word' id='word_1_900' title='bbox 2345 5412 2486 5466; x_wconf 87' lang='lat' dir='ltr'><strong>enim</strong></span> <span class='ocrx_word' id='word_1_901' title='bbox 2514 5413 2617 5467; x_wconf 85' lang='lat' dir='ltr'><strong>etsi</strong></span> <span class='ocrx_word' id='word_1_902' title='bbox 2644 5420 2888 5482; x_wconf 84' lang='lat' dir='ltr'><strong>peccator</strong></span> <span class='ocrx_word' id='word_1_903' title='bbox 2911 5422 2992 5469; x_wconf 87' lang='lat' dir='ltr'><strong>est</strong></span> <span class='ocrx_word' id='word_1_904' title='bbox 3014 5417 3290 5482; x_wconf 88' lang='lat' dir='ltr'><strong>scelestus,</strong></span> <span class='ocrx_word' id='word_1_905' title='bbox 3318 5416 3386 5473; x_wconf 93' lang='lat' dir='ltr'><strong>de</strong></span> <span class='ocrx_word' id='word_1_906' title='bbox 3414 5418 3566 5474; x_wconf 88' lang='lat' dir='ltr'><strong>bonis</strong></span> <span class='ocrx_word' id='word_1_907' title='bbox 3586 5420 3698 5474; x_wconf 90' lang='lat' dir='ltr'><strong>suis</strong></span> <span class='ocrx_word' id='word_1_908' title='bbox 3716 5419 3813 5477; x_wconf 87' lang='lat' dir='ltr'><strong>dat</strong></span> 
     </span>
    </p>
   </div>
   <div class='ocr_carea' id='block_1_118' title="bbox 2226 5503 3816 5580">
    <p class='ocr_par' dir='ltr' id='par_1_118' title="bbox 2226 5503 3816 5580">
     <span class='ocr_line' id='line_1_118' title="bbox 2226 5503 3816 5580; baseline 0.005 -21"><span class='ocrx_word' id='word_1_909' title='bbox 2226 5503 2514 5559; x_wconf 81' lang='lat' dir='ltr'><strong>Ecclesiae:</strong></span> <span class='ocrx_word' id='word_1_910' title='bbox 2545 5503 2636 5558; x_wconf 86' lang='lat' dir='ltr'><strong>ille</strong></span> <span class='ocrx_word' id='word_1_911' title='bbox 2662 5511 2838 5558; x_wconf 88' lang='lat' dir='ltr'><strong>autem</strong></span> <span class='ocrx_word' id='word_1_912' title='bbox 2866 5505 3064 5561; x_wconf 86' lang='lat' dir='ltr'><strong>malum</strong></span> <span class='ocrx_word' id='word_1_913' title='bbox 3096 5522 3193 5579; x_wconf 73' lang='lat' dir='ltr'><strong>pro</strong></span> <span class='ocrx_word' id='word_1_914' title='bbox 3222 5507 3363 5565; x_wconf 88' lang='lat' dir='ltr'><strong>bono</strong></span> <span class='ocrx_word' id='word_1_915' title='bbox 3391 5509 3440 5566; x_wconf 89' lang='lat' dir='ltr'><strong>ei</strong></span> <span class='ocrx_word' id='word_1_916' title='bbox 3485 5509 3683 5580; x_wconf 86' lang='lat' dir='ltr'><strong>reddit,</strong></span> <span class='ocrx_word' id='word_1_917' title='bbox 3723 5512 3816 5569; x_wconf 86' lang='lat' dir='ltr'><strong>cui</strong></span> 
     </span>
    </p>
   </div>
   <div class='ocr_carea' id='block_1_119' title="bbox 2288 5656 3035 5715">
    <p class='ocr_par' dir='ltr' id='par_1_119' title="bbox 2288 5656 3035 5715">
     <span class='ocr_line' id='line_1_119' title="bbox 2288 5656 3035 5715; baseline 0.004 -9"><span class='ocrx_word' id='word_1_918' title='bbox 2288 5658 2306 5689; x_wconf 74' lang='grc'>⁸</span> <span class='ocrx_word' id='word_1_919' title='bbox 2333 5656 2459 5707; x_wconf 80' lang='lat' dir='ltr'><strong>Beda</strong></span> <span class='ocrx_word' id='word_1_920' title='bbox 2480 5658 2529 5707; x_wconf 87' lang='lat' dir='ltr'><strong>in</strong></span> <span class='ocrx_word' id='word_1_921' title='bbox 2551 5662 2679 5715; x_wconf 70' lang='lat' dir='ltr'><strong>Mss,</strong></span> <span class='ocrx_word' id='word_1_922' title='bbox 2706 5656 3035 5715; x_wconf 81' lang='lat' dir='ltr'><strong>nutricatoria.</strong></span> 
     </span>
    </p>
   </div>
   <div class='ocr_carea' id='block_1_120' title="bbox 2289 5718 3001 5782">
    <p class='ocr_par' dir='ltr' id='par_1_120' title="bbox 2289 5718 3001 5782">
     <span class='ocr_line' id='line_1_120' title="bbox 2289 5718 3001 5782; baseline -0.001 -13"><span class='ocrx_word' id='word_1_923' title='bbox 2289 5719 2363 5782; x_wconf 88' lang='lat' dir='ltr'><strong>(a)</strong></span> <span class='ocrx_word' id='word_1_924' title='bbox 2400 5718 2511 5768; x_wconf 74' lang='lat' dir='ltr'><strong>Vide</strong></span> <span class='ocrx_word' id='word_1_925' title='bbox 2534 5730 2683 5767; x_wconf 89' lang='lat' dir='ltr'><strong>serm.</strong></span> <span class='ocrx_word' id='word_1_926' title='bbox 2712 5719 2820 5781; x_wconf 79' lang='grc'>157,</span> <span class='ocrx_word' id='word_1_927' title='bbox 2839 5733 2888 5769; x_wconf 89' lang='lat' dir='ltr'><strong>n.</strong></span> <span class='ocrx_word' id='word_1_928' title='bbox 2929 5720 3001 5770; x_wconf 73' lang='grc'><strong>12.</strong></span> 
     </span>
    </p>
   </div>
  </div>
