4006 6452
174 283 197 339 Ι
210 283 313 351 755

165 403 432 475 subtrahit
455 404 866 477 correptioncm.
908 404 1012 462 Sed
1051 405 1300 476 quoniam
1338 405 1441 461 hoc
1468 415 1635 461 totum
1675 405 1743 461 de

166 494 454 549 dilectione
484 494 781 551 iaciendum
821 503 932 561 est;
962 492 1245 567 aliquando
1283 505 1461 552 autem
1504 496 1747 552 homines

166 593 501 653 correptores
516 601 639 641 suos
660 596 846 657 putant
864 585 1106 641 inimicos
1122 601 1247 642 suos
1267 604 1279 639 :
1300 587 1420 642 ideo
1439 601 1558 642 cum
1583 586 1747 643 dixis-

165 683 269 742 set,
300 672 545 741 Corripite
570 676 813 746 inquietos
826 693 847 741 ;
866 676 1109 745 subjecit,
1131 678 1460 732 consolamini
1481 678 1747 748 pusillani-

164 782 288 820 mes.
319 764 480 819 Forte
517 766 658 821 enim
698 767 766 822 de
801 769 1138 837 correptione
1176 768 1360 839 incipit
1399 767 1651 836 deﬁcere,
1693 776 1748 824 et

164 856 537 926 perturbatur:
568 866 691 913 tunc
713 866 764 914 te
787 867 995 929 Oportet
1014 859 1296 915 consolari.
1326 860 1578 931 Suscipite
1594 861 1745 929 inﬁr-

160 963 272 1001 mos
291 962 310 1001 :
339 962 406 1003 ne
433 962 526 1017 per
554 947 912 1004 inﬁrmitatem
940 949 1150 1005 cadant.
1179 949 1238 1005 Si
1270 950 1494 1005 titubare
1519 966 1639 1005 eum
1664 950 1741 1005 fe-

157 1038 233 1091 cit
263 1037 564 1104 inﬁrmitas,
589 1038 707 1093 sinu
735 1054 834 1094 suo
853 1040 1105 1110 suscipiat
1128 1039 1378 1095 charitas.
1403 1040 1613 1095 Etcum
1642 1041 1741 1095 ista

158 1127 402 1195 dixisset,
444 1129 636 1198 adjecit
673 1130 728 1184 in
768 1130 1077 1197 novissimo,
1128 1130 1301 1184 Videte
1328 1148 1390 1185 ne
1410 1132 1522 1200 quis
1550 1133 1742 1186 malum

155 1234 252 1287 pro
284 1220 416 1273 malo
445 1220 601 1273 alicui
625 1220 805 1274 reddat
850 1220 891 1290 (Ι
922 1220 1095 1275 Thess.
1126 1237 1164 1288 ι,
1201 1222 1287 1290 14,
1321 1222 1433 1291 15).
1463 1221 1605 1293 Ergo
1633 1238 1740 1280 non

153 1319 241 1364 est
280 1312 476 1367 malum
520 1312 786 1381 correptio
826 1311 871 1365 si
914 1312 1003 1367 sit.
1037 1312 1141 1367 Sed
1182 1313 1320 1369 bona
1357 1314 1494 1380 ovis,
1525 1313 1738 1384 quando

150 1402 444 1472 corripitur
471 1417 499 1456 a
532 1404 814 1473 prmposito
835 1417 951 1469 suo,
977 1404 1102 1474 quid
1129 1403 1293 1459 dicit?
1334 1405 1635 1460 Emendabit
1661 1422 1740 1462 me

142 1492 321 1561 justus
342 1494 393 1546 in
421 1493 761 1547 misericordia
783 1492 952 1564 (Psal.
980 1510 1106 1557 CXL,
1138 1495 1217 1565 5).

150 1581 243 1637 Ea:
271 1583 514 1638 Sermone
540 1583 603 1637 de
622 1600 679 1638 eo
702 1584 837 1654 quod
854 1585 925 1638 ait
947 1583 1215 1650 Dominus,
1242 1585 1367 1639 an.
1396 1602 1511 1657 cap.
1540 1602 1615 1655 xt,
1645 1586 1734 1653 10,

230 1676 318 1741 Η,
374 1675 545 1731 Petite
570 1683 624 1731 et
648 1675 919 1747 accipietis
941 1693 955 1730 :
976 1674 1119 1731 Beda
1147 1677 1371 1731 nondum
1408 1679 1641 1752 uulgatus
1668 1678 1738 1732 ad

228 1767 270 1822 ll
295 1766 409 1822 Cor.
438 1783 531 1821 xu.

225 1856 527 1913 Invenimus
552 1858 719 1913 malos
745 1858 941 1928 petisse
970 1866 1026 1915 et
1049 1859 1341 1931 accepisse,
1364 1870 1418 1917 ct
1442 1860 1609 1919 bonos
1636 1876 1734 1932 pe-

144 1949 284 2004 tisse
308 1957 362 2004 et
390 1963 494 2004 non
523 1949 814 2020 accepisse.
851 1949 990 2017 Quid
1017 1952 1158 2006 enim
1190 1951 1342 2022 pejus
1370 1952 1733 2019 daemonibus?

144 2038 224 2094 Et
244 2049 422 2095 tamen
454 2055 641 2110 porcos
667 2041 934 2110 petierunt
958 2050 1011 2096 et
1030 2052 1348 2112 acceperunt
1375 2043 1583 2115 (Matth.
1616 2061 1730 2111 vm,

141 2133 242 2196 3!,
286 2131 398 2203 52).
433 2132 501 2186 Et
527 2132 794 2187 invenitur
823 2132 963 2188 Deus
1014 2147 1119 2187 non
1172 2132 1364 2189 fecisse
1406 2134 1731 2191 desiderium

139 2223 551 2292 Apostolorum,
580 2233 633 2278 et
660 2223 911 2293 implesse
955 2223 1276 2280 desiderium
1322 2225 1727 2282 dmmoniorum.

139 2313 287 2381 Quid
330 2327 460 2383 ergo
483 2314 729 2378 dicimus,
762 2314 863 2368 nisi
906 2314 1028 2385 quia
1055 2316 1191 2369 novit
1228 2315 1477 2371 Dominus
1506 2319 1591 2387 qui
1616 2327 1731 2372 sunt

137 2406 259 2475 ejus
288 2404 354 2475 (ll
388 2403 517 2458 Tim.
548 2422 605 2469 ιι,
637 2403 747 2476 i9),
777 2414 831 2459 et
848 2420 1033 2460 eorum
1059 2408 1220 2461 omnis
1241 2408 1328 2477 qui
1353 2409 1476 2479 petit
1507 2408 1731 2477 accipit?

138 2496 254 2551 Sed
280 2497 455 2551 adhuc
483 2497 550 2552 de
592 2497 850 2567 Apostolo
878 2498 1153 2569 scrupulus
1193 2508 1385 2565 restat;
1432 2516 1538 2555 non
1586 2501 1727 2556 enim

137 2588 263 2657 ipse
288 2604 394 2643 non
422 2597 537 2643 erat
557 2589 695 2644 inter
722 2604 814 2645 eos
837 2590 924 2660 qui
953 2597 1075 2644 sunt
1098 2590 1233 2659 ejus,
1251 2591 1343 2662 qui
1364 2591 1499 2647 hanc
1515 2602 1730 2648 senten-

140 2679 273 2732 tiam
303 2678 459 2744 dixit,
486 2676 638 2732 Novit
667 2678 914 2734 Dominus
941 2679 1028 2752 qui
1052 2690 1167 2734 sunt
1195 2682 1323 2753 ejus.
1373 2683 1510 2753 Ergo
1539 2698 1727 2740 omnes

136 2768 236 2838 qui
259 2768 532 2838 suntejus,
558 2778 739 2839 petunt
757 2778 809 2824 et
829 2771 1109 2841 accipiunt.
1135 2770 1237 2826 Sed
1261 2772 1549 2843 quaerimus
1568 2774 1726 2845 quid?

138 2861 221 2915 Ea
245 2861 439 2932 quippe
471 2877 588 2932 quas
616 2871 832 2931 propter
856 2863 1016 2917 vitam
1061 2863 1215 2917 istam
1254 2866 1600 2934 temporalem
1630 2882 1724 2935 pe-

138 2959 346 3025 luatur,
365 2950 649 3021 aliquando
667 2960 905 3020 prosunt,
923 2954 1203 3023 aliquando
1215 2954 1407 3010 obsunt
1422 2974 1436 3011 :
1450 2966 1501 3011 et
1514 2957 1725 3027 quando

136 3056 207 3095 ea
229 3040 322 3095 scit
357 3041 496 3096 Deus
523 3040 731 3107 obesse,
770 3057 873 3096 non
901 3058 960 3098 ca
985 3044 1072 3097 dat
1098 3044 1520 3101 desiderantibus
1549 3056 1602 3101 et
1635 3063 1726 3117 pe-

136 3131 379 3185 tentibus
413 3132 562 3187 suis:
600 3132 868 3203 quomodo
914 3150 1014 3189 nec
1060 3135 1296 3190 medicus
1338 3137 1429 3191 dat
1470 3138 1723 3209 quidquid

135 3235 291 3291 aeger
316 3223 556 3290 petierit;
601 3232 656 3279 et
699 3224 926 3278 amando
958 3236 1130 3296 negat,
1175 3227 1315 3297 quod
1360 3244 1465 3282 non
1495 3230 1722 3285 amando

135 3313 480 3369 concederet.
509 3314 737 3371 Exaudit
765 3331 892 3389 ergo
921 3332 1108 3389 omnes
1133 3334 1257 3373 suos
1280 3319 1346 3373 ad
1368 3330 1620 3383 mlernam
1639 3338 1724 3377 sa-

134 3404 341 3469 lutem;
376 3421 479 3460 non
509 3421 694 3471 omnes
724 3408 937 3477 exaudit
971 3408 1038 3463 ad
1085 3411 1429 3481 temporalem
1459 3414 1719 3495 cupidita-

135 3505 249 3550 tem
274 3514 285 3549 τ
306 3505 361 3551 et
383 3496 502 3552 ideo
523 3513 628 3552 non
649 3498 863 3554 exaudit
886 3499 950 3553 ad
978 3500 1101 3566 hoc,
1126 3510 1179 3562 ut
1206 3504 1454 3558 exaudiat
1478 3505 1544 3559 ad
1568 3506 1717 3560 illud.

136 3587 381 3657 Denique
400 3590 557 3644 etiam
583 3590 694 3659 ipsa
723 3591 885 3651 verba
913 3593 1210 3659 considera.
1243 3595 1465 3683 Quando
1494 3614 1599 3653 non
1626 3615 1717 3655 ac-

132 3679 285 3749 cepit
310 3690 523 3751 pr0pter
547 3684 688 3754 quod
711 3692 792 3741 ter
813 3685 1090 3741 Dominum
1117 3679 1334 3759 rogavit,
1361 3693 1434 3745 ait
1450 3690 1523 3745 illi
1548 3710 1560 3747 :
1588 3691 1719 3764 Suf-

132 3771 249 3840 ﬁcit
277 3771 364 3824 tibi
392 3775 556 3843 gratia
583 3791 724 3840 mea;
751 3792 867 3829 nam
897 3779 1053 3831 virtus
1082 3780 1133 3832 in
1151 3780 1445 3849 infirmitate
1465 3784 1721 3853 perﬁcitur

135 3861 208 3932 (ll
240 3860 357 3916 Cor.
383 3879 473 3926 xu,
508 3864 584 3933 9).
613 3865 750 3933 Quid
769 3882 799 3920 a
826 3882 914 3922 me
941 3868 1214 3924 desideras
1243 3881 1296 3925 ut
1325 3871 1595 3927 auferatur
1614 3889 1642 3927 a
1670 3884 1720 3931 te

130 3944 388 4006 stimulus
414 3955 609 4019 carnis,
636 3970 791 4024 quem
825 3959 1096 4027 accepisti,
1130 3974 1198 4015 ne
1219 3961 1271 4014 in
1310 3963 1412 4016 tuis
1450 3965 1719 4019 revelatio.

132 4043 298 4097 nihus
334 4043 643 4098 extollaris?
677 4044 866 4115 Utique
905 4058 1187 4117 prapterea
1222 4049 1324 4105 hoc
1361 4054 1555 4121 poscis,
1596 4056 1718 4125 quia

134 4133 233 4187 tibi
264 4132 519 4202 prodesse
549 4134 741 4189 nescis.
774 4135 944 4192 Crede
988 4138 1194 4196 medico
1221 4157 1237 4195 :
1264 4142 1405 4212 quod
1446 4143 1714 4217 imposuit,

132 4239 264 4279 acre
288 4232 389 4287 est,
413 4225 504 4279 sed
529 4226 683 4289 utile;
721 4227 843 4281 facit
864 4227 1124 4294 dolorem,
1155 4231 1247 4286 sed
1278 4235 1499 4301 parturit
1522 4237 1719 4291 sanita-

132 4327 269 4372 tem.
322 4315 493 4371 Virtus
530 4318 583 4371 in
624 4319 915 4387 infirmitate
942 4321 1217 4390 perﬁcitur.
1250 4324 1440 4382 Tolera
1481 4342 1609 4398 ergo
1639 4330 1719 4383 in-

132 4406 465 4473 ﬁrmitatem,
500 4409 543 4461 si
587 4408 858 4465 desideras
902 4413 1214 4468 sanitatem:
1240 4417 1406 4471 tolera
1437 4418 1715 4476 inﬁrmita-

134 4508 268 4563 tem,
300 4498 343 4550 si
376 4497 645 4553 desideras
672 4500 1071 4570 perfectionem,
1104 4505 1225 4575 quia
1250 4507 1407 4562 virtus
1422 4510 1474 4562 in
1494 4509 1714 4580 inﬁrmi-

131 4598 238 4642 tate
267 4590 543 4659 perﬁcitur.
1230 4636 1239 4643 ι

133 4681 221 4735 Ea:
243 4683 484 4737 Sermone
507 4682 570 4736 de
596 4682 751 4738 verbis
775 4684 1025 4755 Apostoli,
1044 4687 1156 4749 Non
1187 4699 1268 4751 est
1287 4693 1440 4750 nobis
1463 4694 1717 4761 collucta-

386 4773 480 4838 tio,
509 4785 602 4825 etc.
630 4772 769 4827 Beda
791 4787 835 4829 et
860 4776 905 4828 F
908 4778 1044 4831 lorus
1065 4781 1132 4832 ad
1152 4780 1344 4851 Ep/tes.
1366 4800 1439 4839 vt.

213 4863 329 4917 Non
355 4873 428 4917 est
453 4865 593 4918 nobis
624 4866 909 4921 colluctatio
930 4870 1169 4925 adversus
1207 4889 1405 4929 carnem
1434 4887 1481 4931 et
1504 4881 1714 4955 sangui-

128 4971 276 5013 nem.
298 4954 426 5019 Quia
449 4970 556 5010 non
590 4966 791 5012 tantum
816 4969 866 5014 te
893 4959 1051 5015 homo
1078 4965 1428 5036 persequitur,
1473 4971 1569 5024 sed
1598 4970 1714 5026 dia-

131 5043 291 5102 bolus
324 5058 417 5112 per
443 5044 620 5111 illum;
652 5055 706 5101 et
729 5056 1009 5118 antequam
1045 5059 1094 5105 te
1126 5052 1282 5108 lmdat
1308 5055 1359 5110 in
1387 5072 1633 5126 corpore,
1654 5076 1714 5117 se

127 5134 327 5188 occidit
348 5136 396 5188 itt
421 5137 600 5190 corde.
630 5136 750 5192 Non
776 5149 849 5193 est
871 5140 1011 5195 nobis
1032 5141 1318 5199 colluctatio
1346 5148 1583 5205 adversus
1602 5169 1715 5206 car-

127 5241 245 5283 nem
271 5235 317 5279 et
352 5228 677 5298 sanguinem;
708 5230 1008 5287 hominibus
1032 5232 1286 5291 adversus
1326 5237 1588 5308 homines,
1621 5245 1711 5313 qui

126 5332 257 5372 caro
280 5326 332 5373 et
357 5319 568 5387 sanguis
599 5329 754 5375 sunt:
784 5322 871 5375 sed
896 5325 1131 5378 adversus
1156 5328 1405 5399 principes
1425 5340 1470 5385 et
1496 5342 1713 5400 potesta-

130 5419 225 5473 tes,
253 5421 469 5466 rectores
517 5414 827 5468 tenebrarum
857 5417 1037 5471 harum
1071 5419 1283 5490 (Epltes.
1332 5439 1403 5489 γι,
1439 5423 1556 5498 12);
1589 5428 1711 5497 quia

129 5504 402 5581 quomodo
429 5520 522 5561 eos
552 5507 641 5576 qui
661 5507 749 5561 lux
775 5519 919 5575 sunt,
944 5510 1185 5569 Christus
1205 5517 1461 5586 gubernat
1483 5532 1535 5574 et
1555 5522 1708 5591 regit;

128 5595 209 5648 sic
233 5609 327 5649 eos
361 5595 451 5665 qui
492 5598 726 5654 tenebra:
751 5608 893 5669 sunt,
935 5601 999 5655 ad
1040 5618 1198 5660 omne
1225 5609 1421 5664 malum
1469 5610 1711 5669 diabolus

130 5684 426 5759 prmcipitat
452 5696 507 5743 et
533 5688 764 5762 instigat.
798 5691 909 5749 iloc
929 5709 1055 5768 ergo
1081 5713 1177 5757 nos
1208 5698 1450 5757 hortatur
1478 5704 1707 5775 Aposto-

1384 291 1803 349 FRAGMENTA
1839 292 2233 355 SERMONUM.

3326 314 3432 369 ’ἶδὸ

1858 406 1960 473 lus,
1990 417 2047 463 ut
2076 424 2181 464 non
2210 422 2390 467 contra
2427 414 2691 473 hominem
2726 419 2947 489 malum,
2982 421 3077 481 sed
3104 436 3289 484 contra
3318 429 3437 485 dia-

1854 498 2035 557 bolum
2078 503 2329 592 quicum
2362 506 2449 560 illo
2491 518 2759 578 operatur,
2802 528 3047 583 oremus;
3089 526 3142 575 et
3182 519 3435 592 quidquid

1853 604 2137 660 possumus
2181 591 2453 659 l'aciamus,
2488 606 2540 651 ut
2580 598 2821 658 diabolus
2864 606 3156 676 expellatur
3182 618 3236 665 et
3275 610 3437 669 homo

1854 681 2126 737 liberetur.
2153 683 2433 752 Quomodo
2447 687 2588 743 enim
2616 691 2661 745 si
2686 692 2751 746 ad
2779 694 3005 765 aliquem
3028 698 3080 753 in
3100 700 3281 769 prmlio
3306 718 3438 758 con-

1852 773 2089 826 stitutum
2117 774 2186 829 de
2213 784 2362 845 parte
2381 777 2682 835 adversaria
2699 795 2933 840 armatus
2959 803 3097 858 equo
3121 792 3314 847 sedens
3335 810 3430 848 ve-

1852 860 1977 927 niat,
2012 878 2117 918 non
2147 879 2303 935 equo,
2337 868 2431 922 sed
2463 871 2626 940 equiti
2657 872 2927 940 irascitur;
2956 888 3010 932 et
3034 890 3288 948 quantum
3329 900 3431 953 po-

1851 958 1972 1017 test,
2001 953 2102 1008 hoc
2130 970 2287 1025 agere
2314 959 2477 1027 cupit,
2507 968 2565 1013 ut
2588 962 2819 1031 equitem
2844 969 3125 1035 percutiat,
3156 981 3209 1025 et
3234 988 3427 1042 equum

1849 1044 2149 1112 possideat:
2175 1046 2251 1101 sic
2287 1048 2427 1104 circa
2457 1048 2698 1108 homines
2733 1056 2900 1112 malos
2926 1059 3186 1128 agendum
3232 1074 3345 1129 eSl;
3376 1075 3431 1120 et

1848 1149 1954 1189 non
1999 1146 2185 1193 contra
2230 1139 2370 1207 illos,
2414 1142 2506 1196 sed
2545 1153 2728 1199 contra
2759 1162 2878 1201 eum
2910 1152 2998 1219 qui
3030 1152 3149 1207 illos
3190 1155 3428 1225 instigat,

1849 1227 1973 1281 totis
2001 1227 2201 1285 viribus
2231 1230 2577 1288 laborandum
2599 1245 2677 1289 est
2711 1252 2726 1302 ;
2759 1248 2814 1292 ut
2839 1238 2964 1293 dum
2992 1240 3231 1300 diabolus
3261 1247 3430 1301 vinci-

1848 1326 1951 1383 tur,
1984 1319 2165 1376 inl'elix
2192 1323 2277 1378 ille
2296 1340 2453 1395 quem
2481 1328 2753 1395 possidere
2775 1342 3011 1401 coeperat
3042 1335 3315 1392 liberetur.

1915 1408 2000 1463 Ea:
2019 1410 2192 1467 eodem
2215 1412 2479 1483 Sermone,
2502 1415 2643 1471 Beda
2663 1428 2710 1473 et
2734 1419 2926 1476 Florus
2954 1423 3022 1476 ad
3052 1423 3068 1477 l
3101 1423 3220 1479 Cor.
3258 1444 3351 1483 xu.

1917 1500 2018 1568 Qui
2053 1503 2176 1558 dicit
2196 1522 2248 1559 se
2268 1506 2321 1559 in
2341 1504 2539 1562 Christo
2567 1526 2789 1579 manere,
2821 1512 2963 1568 debet
2985 1515 3112 1569 sicut
3136 1517 3222 1571 ille
3241 1518 3421 1572 ambu-

1841 1590 1961 1645 lavit
1979 1602 2027 1647 et
2052 1595 2159 1665 ipse
2184 1595 2441 1652 ambulare
2462 1597 2504 1671 (l
2525 1598 2679 1655 Joan.
2710 1616 2769 1663 ιι,
2803 1601 2881 1675 6).
2910 1602 3038 1671 Qum
3064 1613 3150 1662 est
3183 1606 3281 1661 ista
3316 1609 3420 1677 via,

1840 1683 1895 1739 in
1923 1699 2023 1754 qua
2053 1685 2296 1743 Christus
2320 1689 2641 1745 ambulavit?
2665 1692 2794 1758 Quae
2836 1702 2919 1750 est
2944 1695 3068 1761 alia,
3100 1698 3201 1752 nisi
3238 1698 3420 1754 chari-

1840 1785 1941 1841 tas,
1965 1775 2032 1831 de
2059 1792 2163 1847 qua
2183 1778 2312 1834 dicit
2343 1779 2645 1850 Apostolus,
2677 1783 2858 1839 Adhuc
2894 1789 3420 1856 supereminentiorem

1837 1866 1969 1919 viam
1992 1866 2275 1924 demonstro
2296 1870 2431 1926 vobis
2450 1870 2492 1943 (Ι
2511 1871 2631 1928 Cor.
2649 1889 2742 1940 xu,
2774 1875 2903 1946 3i)?
2927 1876 2980 1933 Si
3007 1893 3133 1949 ergo
3149 1879 3420 1938 Christum

1837 1956 2080 2012 volumus
2122 1957 2336 2026 imitari,
2383 1977 2480 2031 per
2509 1963 2676 2032 ipsam
2707 1965 2849 2021 viam
2891 1968 3149 2025 debemus
3176 1987 3414 2040 currere,

1836 2064 1993 2118 quam
2024 2050 2265 2105 Christus
2299 2062 2353 2108 et
2383 2054 2436 2107 in
2466 2069 2623 2110 cruce
2650 2057 2888 2126 pendens
2916 2058 3161 2130 dignatus
3188 2072 3271 2118 est
3302 2078 3417 2119 am-

1834 2137 2040 2194 bulare.
2070 2139 2125 2193 In
2154 2156 2312 2196 cruce
2348 2144 2489 2197 enim
2527 2143 2662 2199 ﬁxus
2691 2154 2822 2212 erat,
2871 2154 2925 2203 et
2965 2149 3237 2206 charitatis
3275 2154 3416 2208 viam

1835 2241 2073 2296 currens,
2102 2244 2200 2297 pro
2221 2230 2331 2284 suis
2354 2234 2791 2300 persecutoribus
2810 2237 3158 2307 supplicabat.
3181 2242 3418 2312 Denique

1835 2317 1911 2371 sic
1935 2317 2097 2374 dixit:
2128 2318 2303 2386 Pater,
2326 2322 2529 2392 ignosce
2549 2324 2671 2390 illis,
2699 2327 2818 2395 quia
2843 2331 3066 2383 nesciunt
3085 2334 3207 2402 quid
3222 2336 3416 2404 faciunt

1836 2405 1985 2477 (Luc.
2016 2424 2167 2475 xxut,
2197 2409 2308 2483 34).
2350 2411 2415 2467 Et
2458 2428 2556 2467 nos
2592 2429 2721 2484 ergo
2762 2432 2859 2486 pro
2898 2420 3143 2475 omnibus
3186 2424 3414 2479 inimicis

1834 2500 2028 2552 nostris
2079 2499 2181 2554 hoc
2221 2500 2419 2571 jugiter
2463 2504 2852 2573 supplicemus,
2902 2516 2959 2562 ut
3001 2510 3101 2564 illis
3151 2512 3405 2570 Dominus

1832 2588 2257 2645 emendationem
2289 2607 2499 2647 morum
2528 2602 2582 2650 et
2611 2595 2984 2667 indulgentiam
3006 2601 3199 2657 tribuat
3225 2620 3413 2674 pecca-

1833 2687 2027 2733 lorum.

1831 2768 1915 2823 Ea:
1935 2768 2196 2837 Sermone,
2230 2771 2409 2840 Qualis
2429 2774 2604 2830 debeat
2628 2778 2892 2852 episcopus
2916 2798 3040 2847 esse,
3063 2792 3111 2838 et
3132 2785 3216 2839 ubi
3237 2804 3409 2858 repre-

1901 2863 2072 2915 hendit
2111 2863 2307 2920 Paulus
2346 2866 2751 2925 Petrum:Beda
2796 2874 3019 2929 nondum
3063 2878 3297 2949 vulgatus
3338 2882 3408 2936 ad

1899 2951 1920 3007 Ι
1949 2951 2081 3005 Tim.
2110 2969 2187 3009 ιιι.

1902 3043 2111 3114 Oportet
2127 3064 2243 3118 ergo
2260 3049 2549 3121 episcopum
2566 3052 3050 3124 irrepreltensibilem
3073 3075 3181 3115 esse
3207 3060 3249 3133 (Ι
3273 3060 3405 3119 Tim.

1828 3150 1905 3204 tu,
1932 3136 2010 3207 2).
2043 3136 2171 3206 Quis
2201 3138 2302 3195 hoc
2324 3142 2515 3213 negat?
2540 3142 2648 3199 Sed
2675 3159 2795 3199 cum
2827 3157 3070 3217 Oporteat
3093 3151 3405 3222 episcopum

1825 3227 2343 3298 irreprchensihilem
2369 3249 2509 3299 esse,
2541 3236 2792 3306 numquid
2822 3239 3293 3307 reprehensibiiem
3314 3244 3410 3301 de-

1825 3328 1909 3387 cet
1938 3335 2055 3381 esse
2074 3321 2454 3391 christianum?
2484 3325 2775 3405 Episcopus
2804 3344 2996 3389 nomen
3026 3345 3256 3401 graecum
3287 3342 3403 3391 est:

1825 3410 1989 3483 latine
2016 3428 2141 3468 vero
2164 3416 2560 3483 superintentor
2580 3418 2661 3471 vel
2680 3418 2921 3481 visitath
2943 3420 3048 3475 dici
3075 3431 3265 3491 potest.
3294 3424 3411 3481 Nos

1824 3500 2057 3571 episc0pi
2091 3517 2293 3567 sumus,
2332 3503 2427 3559 sed
2452 3506 2725 3561 vobiscum
2763 3509 3037 3563 christiani
3064 3525 3266 3565 sumus.
3297 3512 3405 3567 Nos

1823 3594 2036 3663 proprie
2062 3610 2310 3649 vocamur
2332 3612 2359 3649 a
2384 3597 2682 3663 visitatione
2702 3615 2716 3650 :
2739 3601 3092 3657 communiter
3124 3618 3310 3658 omnes
3336 3604 3405 3658 ab

1824 3685 2088 3755 unctione.
2118 3685 2173 3740 Si
2203 3686 2380 3744 unctio
2406 3688 2703 3743 communis
2740 3698 2840 3754 est,
2858 3698 2913 3757 et
2939 3691 3078 3759 lucta
3104 3694 3413 3748 communis

1823 3786 1922 3831 est.
1953 3778 2129 3844 Quare
2159 3788 2334 3832 autem
2364 3792 2462 3833 nos
2480 3779 2776 3847 visitamus,
2795 3782 2839 3835 si
2858 3781 2985 3835 nihil
3008 3781 3130 3837 boni
3149 3793 3231 3837 est
3258 3785 3407 3854 quod

1822 3867 1876 3922 in
1903 3868 2054 3923 vobis
2080 3868 2386 3924 videamus?

1965 3957 2049 4011 Ea:
2067 3957 2311 4014 Sermone
2342 3959 2404 4013 de
2427 3959 2669 4027 Sabbato,
2688 3960 2875 4015 Florus
2894 3962 2961 4029 ad
2982 3962 3024 4016 ll
3045 3962 3159 4018 Cor.
3181 3980 3260 4019 Ill.

1895 4046 2019 4104 Cum
2041 4059 2207 4103 autem
2227 4066 2496 4104 conuersus
2516 4053 2667 4121 fuerit
2691 4052 2759 4105 ad
2776 4051 2962 4119 Deum,
2990 4059 3246 4125 auferetur
3267 4057 3405 4112 vela-

1824 4155 1960 4193 men.
1994 4139 2268 4206 Velamen,
2302 4155 2406 4194 non
2434 4140 2644 4212 Moyses
2668 4153 2985 4197 evacuatur:
3010 4146 3270 4213 velamen,
3294 4163 3405 4202 non

1822 4230 1928 4284 lex.
1959 4229 2230 4285 Attendite
2256 4230 2523 4300 quomodo
2556 4231 2810 4285 Dominus
2840 4234 3058 4297 venerit,
3093 4244 3146 4289 et
3170 4251 3401 4291 evacua-

1823 4331 1908 4378 tur
1950 4323 2189 4377 velamen
2223 4323 2472 4393 :quando
2501 4324 2747 4393 pependit
2773 4325 2824 4377 in
2850 4324 3014 4394 ligno,
3048 4327 3225 4381 velum
3261 4329 3398 4383 scis-

1822 4429 1939 4468 sum
1980 4423 2080 4468 est.
2122 4414 2166 4469 Ο
2194 4429 2442 4484 magnum
2481 4415 2820 4487 mysterium!
2850 4431 2883 4471 o
2913 4416 3177 4473 inell‘abile
3213 4434 3395 4473 sacra-

1821 4505 2086 4559 mentum!
2120 4504 2561 4575 Transgressores
2589 4506 2719 4575 legis
2758 4508 3151 4574 cruciﬁxcrnnt,
3189 4520 3243 4565 et
3263 4510 3402 4579 legis

1820 4604 2025 4651 secreta
2053 4605 2352 4665 patuerunt.
2381 4597 2565 4652 Nonne
2588 4614 2716 4652 crux
2746 4600 2831 4653 illa
2861 4601 3024 4655 clavis
3040 4601 3132 4655 fuit
3155 4601 3402 4655 Domini?

1820 4687 2031 4754 Tenuit,
2062 4696 2116 4743 et
2137 4689 2315 4745 clausa
2346 4689 2605 4745 dissolvit.
2648 4691 2752 4747 Sed
2781 4693 2948 4747 Judaei
2986 4694 3143 4749 etiam
3171 4695 3397 4751 discisso

1818 4780 1939 4833 velo
1956 4789 2257 4850 conpertam
2276 4780 2473 4836 habent
2497 4782 2684 4837 faciem
2704 4782 2801 4856 (α).
2823 4783 2933 4838 Nos
2956 4795 3142 4852 autem,
3160 4787 3233 4839 ait
3252 4788 3398 4855 Apo-

1818 4871 2007 4938 stolus,
2031 4871 2243 4925 revelata
2265 4873 2391 4942 {acie
2406 4873 2619 4943 gloriam
2635 4873 2729 4927 Dei
2747 4875 3077 4944 speculantes,
3103 4876 3152 4929 in
3165 4877 3396 4931 eamdem

1817 4962 2086 5033 imaginem
2108 4966 2525 5034 transformamur
2551 4964 2613 5019 de
2634 4965 2795 5035 gloria
2818 4966 2868 5018 in
2892 4966 3125 5035 gloriam,
3154 4972 3397 5038 tanquam
3466 4992 3471 4999 ~

1821 5065 1853 5102 a
1892 5051 2095 5107 Domini
2120 5053 2314 5123 Spiritu
2336 5052 2405 5123 (ll
2424 5052 2539 5109 Cor.
2562 5070 2637 5120 ιιι,
2670 5054 2757 5121 16,
2788 5056 2897 5127 l8).

1820 5144 1904 5199 Ex
1942 5143 2185 5200 Sermone
2227 5144 2289 5200 de
2340 5144 2574 5200 Calendis
2620 5145 2884 5200 Ianuariis
2929 5147 3392 5220 contragl’aganos,

2169 5236 2394 5291 Joannes
2417 5237 2657 5292 diaconus
2676 5240 2728 5292 in
2750 5237 3046 5294 Leviticum.

1889 5329 2174 5400 Apostolus
2202 5330 2391 5385 Petrus
2416 5330 2540 5385 dicit
2564 5331 2631 5385 ad
2661 5322 2973 5400 Eccleslam,
2997 5349 3116 5405 quae
3153 5341 3236 5391 est
3268 5347 3396 5395 cor-

1818 5435 1917 5491 pus
1944 5420 2176 5476 Christi:
2202 5421 2352 5476 Plebs
2386 5432 2582 5488 sancta,
2623 5427 2797 5498 regale
2820 5425 3153 5479 sacerdotium
3175 5424 3220 5494 (Ι
3249 5423 3391 5478 Petr.

1818 5528 1877 5579 ιι,
1895 5512 1972 5585 9);
1995 5513 2142 5568 Tunc
2167 5511 2310 5567 enim
2322 5530 2457 5569 unus
2472 5516 2721 5571 sacerdos
2738 5518 3049 5588 ungebatur,
3069 5516 3226 5570 modo
3239 5512 3394 5569 Chri-

1818 5608 1973 5661 stianl
1990 5622 2174 5671 omnes
2192 5617 2478 5679 unguntur.
2520 5607 2822 5682 [lugebatur
2852 5618 2907 5665 et
2948 5623 3059 5673 rex,
3104 5604 3397 5680 ungebatur

1882 5719 1956 5783 (α)
1986 5720 2103 5774 Vide
2126 5735 2273 5773 scrm.
2309 5721 2417 5788 ωο,
2438 5735 2487 5772 ιι.
2512 5722 2559 5771 5.
