4006 6464
557 328 698 385 1735

553 453 610 498 et
630 445 901 508 sacerdos,
943 443 1120 498 caeteri
1165 457 1268 496 non
1301 441 1648 510 ungebantur.
1682 438 1969 511 Utramque
2011 457 2134 510 per-

557 547 744 588 sonam
771 531 987 604 gerebat
1017 532 1289 596 Dominus,
1321 547 1422 585 non
1447 530 1500 585 in
1524 531 1712 601 ﬁgura,
1733 532 1826 585 sed
1846 532 1952 600 jam
1979 533 2029 587 in
2051 549 2141 586 ve-

558 624 736 684 ritate,
765 631 818 676 et
853 622 992 691 regis
1019 630 1071 675 et
1096 621 1407 675 sacerdotis.
1438 621 1518 675 0b
1548 623 1646 675 hoc
1673 621 1742 676 de
1769 622 1882 691 ipso
1914 622 2140 677 Domino

558 713 686 766 dicit
729 712 1034 782 Apostolus,
1069 711 1168 778 Qui
1195 716 1355 782 factus
1381 722 1452 766 est
1477 714 1521 765 ei
1550 729 1612 766 ea:
1636 714 1821 767 semine
1864 713 2032 767 David
2057 732 2140 768 se-

559 807 780 858 cundum
809 823 1007 858 carnem
1039 806 1207 876 (Rom.
1237 823 1275 872 ι,
1299 807 1372 874 5).
1402 807 1538 860 Ecce
1567 823 1695 876 ergo
1726 809 1926 876 regium
1951 825 2138 877 genus.

559 895 640 948 Ex
668 896 873 949 semine
905 897 1078 964 itaque
1110 897 1268 949 David
1300 907 1514 966 propter
1545 898 1760 951 Mariam
1793 898 2034 952 Christus
2061 899 2142 952 di-

559 985 718 1049 citur,
751 986 870 1054 quia
900 986 984 1038 illa
1023 995 1134 1040 erat
1161 1005 1224 1040 ex
1265 989 1465 1041 semine
1495 990 1674 1041 David.
1707 990 1811 1044 Sed
1840 1005 1946 1058 quo
1974 1007 2140 1059 genus

560 1075 616 1129 in
635 1075 794 1129 Maria
815 1077 868 1130 '?
889 1077 1150 1146 Scriptum
1177 1089 1259 1132 est
1292 1081 1343 1131 in
1376 1079 1660 1149 Evangelio
1683 1081 2013 1136 sacerdotem
2041 1082 2143 1134 Za-

561 1165 795 1219 chariam
814 1167 1060 1221 habuisse
1087 1184 1304 1222 uxorem
1329 1169 1597 1224 Elisabeth
1619 1169 1685 1224 de
1712 1171 1918 1225 ﬁliabus
1940 1173 2139 1226 Aaron.

562 1254 704 1324 Ergo
731 1256 798 1310 de
827 1273 1019 1326 genere
1047 1260 1389 1325 sacerdotali;
1411 1263 1528 1330 quia
1551 1271 1656 1315 tota
1676 1263 1785 1331 ipsa
1810 1263 1975 1316 tribus
1993 1264 2139 1317 Levi.

563 1344 762 1399 Dicitur
791 1358 966 1400 autem
1013 1349 1062 1401 in
1094 1349 1377 1418 Evangelia
1409 1351 1583 1404 Maria:
1619 1352 1807 1421 virgini
1838 1353 1904 1406 ab
1930 1355 2140 1422 angelo,

565 1433 789 1505 Cognata
817 1445 903 1489 tua
929 1437 1185 1492 Elisabeth
1231 1441 1378 1511 (Luc.
1422 1457 1458 1506 ι,
1491 1442 1603 1512 56).
1635 1442 1691 1497 Si
1722 1429 1846 1512 ergo
1878 1445 2142 1499 Elisabeth

565 1544 667 1579 una
699 1527 765 1581 de
794 1529 1000 1584 ﬁliabus
1029 1535 1202 1586 Aaron
1237 1535 1526 1588 sacerdotis
1553 1547 1773 1605 cognata
1803 1549 1916 1592 erat
1947 1539 2142 1603 Marha,

567 1631 675 1670 non
701 1617 972 1674 dubitatur
996 1623 1251 1690 virginem
1285 1623 1503 1678 Mariam
1535 1642 1638 1679 non
1671 1636 1872 1682 tantum
1901 1628 1964 1682 ad
1999 1645 2148 1698 rega-

564 1707 690 1775 lem,
713 1712 806 1764 sed
828 1713 982 1765 etiam
1014 1715 1079 1766 ad
1110 1715 1494 1770 sacerdotalem
1521 1719 1829 1787 sanguinem
1853 1722 2141 1790 pertinere.

563 1799 894 1873 Quapmpter
911 1805 1046 1859 inest
1065 1808 1117 1860 in
1138 1809 1359 1862 Domino
1385 1812 1677 1866 secundum
1701 1812 1969 1869 hominem
1987 1833 2146 1886 quem

561 1894 816 1962 suscepit,
851 1906 1072 1966 utraque
1099 1915 1347 1968 persona,
1383 1903 1522 1972 regia
1546 1913 1599 1958 et
1630 1906 1992 1962 sacerdotalis.
2024 1909 2146 1964 ldeo

562 1999 690 2053 ergo
717 1997 838 2040 tunc
869 1987 920 2040 in
953 1989 1117 2056 ﬁgura
1148 1991 1252 2045 duo
1278 1995 1629 2062 ungebantur,
1661 2013 1754 2052 rex
1780 2009 1834 2052 et
1872 2000 2143 2066 sacerdos,

563 2075 706 2144 quod
738 2077 790 2129 in
818 2078 905 2132 illo
929 2080 1101 2148 capite
1128 2092 1309 2135 nostro
1333 2085 1654 2154 completum
1689 2098 1791 2154 est,
1823 2091 1977 2158 cujus
2006 2092 2146 2147 idem

565 2177 665 2217 nos
684 2163 972 2220 Ecclesiam
998 2178 1157 2223 totam
1177 2186 1370 2240 corpus
1390 2190 1506 2228 esse
1524 2177 1860 2233 manifestum
1879 2191 1978 2238 est.
2000 2181 2149 2240 Unde

566 2253 760 2313 merito
778 2271 944 2325 genus
972 2259 1171 2328 regium
1200 2273 1251 2315 et
1278 2265 1607 2322 sacerdotale
1636 2269 1878 2325 dicimur.

563 2339 695 2397 Item
719 2360 782 2400 ea:
806 2345 1050 2402 Sermone
1069 2349 1129 2402 de
1150 2349 1383 2405 Calendis
1404 2353 1668 2411 Ianuariis
1689 2370 1862 2414 contra
1886 2362 2145 2436 Paganos,

1024 2439 1249 2494 Joannes
1280 2444 1542 2511 diaconus,
1575 2448 1698 2500 ibid.

636 2524 696 2579 In
748 2526 852 2580 illis
883 2529 1151 2584 veteribus
1201 2537 1546 2590 sacramentis
1575 2539 1661 2592 ille
1711 2542 2148 2612 praeﬁgurabatur

563 2632 702 2672 unus
723 2618 979 2674 Dominus
1005 2631 1185 2677 noster
1226 2624 1380 2679 Jesus
1411 2627 1676 2685 Christus.
1707 2633 1853 2688 Unus
1897 2639 2146 2696 Sacerdos

565 2705 796 2759 intrabat
825 2707 876 2759 in
914 2721 1093 2764 saneta
1146 2723 1447 2769 sanctorum
1474 2735 1488 2769 :
1520 2720 1744 2786 populus
1770 2733 1944 2778 autem
1976 2731 2150 2784 omnis

564 2794 692 2849 foris
722 2798 910 2852 stabat.
941 2800 1203 2872 Numquid
1236 2807 1393 2861 modo
1432 2811 1699 2881 epise0pis
1725 2816 1790 2868 ad
1823 2818 1986 2872 altare
2015 2823 2149 2876 assi-

569 2885 832 2941 stentibus
861 2903 953 2943 vos
975 2890 1102 2946 loris
1129 2895 1273 2961 estis,
1314 2912 1378 2950 ac
1402 2915 1507 2954 non
1548 2901 1734 2958 intus?
1763 2904 1994 2964 lntrabat
2025 2919 2150 2967 tunc

568 3137 2263 3215 ξΞ--Ξ-ᾑ--Ἢ

990 3251 2111 3530 ﬁppenhix
2204 3293 2685 3488 ιωπὶ
2798 3297 3436 3557 quinti
3561 3464 3564 3467 .

877 3592 1870 3850 opEnUM
1986 3613 2168 3770 s.

2013 321 2374 378 APPENDIX.

3703 313 3848 375 1738

2251 457 2386 495 unus
2408 439 2656 494 sacerdos
2687 439 2738 492 in
2795 446 2974 493 sancta
3025 446 3332 492 sanctorum
3371 434 3538 495 semel
3586 436 3642 494 in
3673 454 3845 505 anno.

2249 533 2436 584 Annus
2465 539 2630 584 totum
2670 540 2876 599 tempus
2915 528 3194 597 signiﬁcat.
3237 527 3414 584 Semel
3451 544 3582 601 ergo
3643 530 3701 586 in
3733 539 3850 587 toto

2252 631 2489 690 tempore
2533 621 2744 674 intravit
2775 620 2824 673 in
2856 629 3036 673 sancta
3083 626 3413 685 sanctorum,
3447 636 3553 674 non
3588 619 3845 691 ﬁgurata,

2250 712 2346 766 sed
2373 728 2514 775 vera,
2548 711 2682 764 ultra
2725 711 3026 766 velamenta
3054 711 3331 776 etelorum,
3381 727 3518 764 unus
3579 711 3847 767 sacerdos

2251 811 2433 856 noster
2449 816 2726 871 resurgens
2754 817 2783 855 a
2807 800 3027 854 mortuis
3053 801 3307 856 Dominus
3353 800 3510 856 Jesus
3551 801 3837 866 Christus,

2250 893 2480 947 oﬁ‘erens
2504 907 2560 946 se
2601 894 2772 960 ipsum
2801 907 2895 961 pro
2937 892 3110 946 nobis.
3141 892 3382 958 Intravit,
3429 903 3482 948 et
3508 893 3577 946 ibi
3601 903 3712 948 est.
3743 894 3846 948 Po-

2251 986 2406 1054 pulus
2426 994 2600 1038 autem
2621 984 2792 1038 adhuc
2810 984 3084 1038 nobiscum
3107 985 3232 1038 foris
3253 995 3356 1039 stat
3378 1003 3389 1036 :
3409 986 3647 1041 nondum
3664 1001 3858 1041 resur-

2252 1077 2488 1130 reximus
2515 1077 2592 1130 ire
2638 1076 2692 1130 in
2734 1075 2942 1130 obviam
2973 1075 3206 1140 Christo,
3238 1086 3291 1130 et
3336 1091 3548 1146 semper
3584 1094 3710 1132 cum
3747 1078 3845 1132 illo

2253 1166 2476 1222 interius
2527 1183 2869 1236 permanere,
2902 1184 3023 1221 cum
3076 1167 3312 1222 dicturus
3355 1178 3436 1223 est
3483 1170 3626 1224 bono
3661 1185 3847 1233 servo,

2254 1258 2400 1312 Intra
2426 1261 2478 1312 in
2519 1260 2759 1330 gaudium
2790 1259 2995 1312 Domini
3039 1260 3111 1312 tui
3137 1258 3154 1330 (
3184 1259 3367 1312 Matth.
3398 1275 3530 1330 xxv,
3556 1259 3624 1314 ει
3659 1260 3700 1330 ).
3734 1261 3849 1316 Hoc

2252 1367 2380 1421 ergo
2420 1351 2742 1421 ﬁgurabatnr
2792 1359 2916 1404 tunc
2964 1367 3057 1420 per
3084 1367 3244 1404 Unum
3285 1349 3616 1405 sacerdotem
3659 1352 3840 1406 solum

2253 1444 2538 1498 intrantem
2580 1443 2630 1496 in
2661 1453 2840 1496 sancta
2862 1452 3165 1496 Sanctorum
3193 1452 3244 1497 et
3262 1443 3509 1512 populum
3533 1443 3664 1497 foris
3686 1453 3844 1498 stan~

2255 1541 2382 1597 tem,
2407 1533 2545 1602 quod
2573 1549 2714 1586 nunc
2741 1533 3010 1601 impletum
3042 1543 3122 1586 est
3155 1551 3247 1602 per
3278 1535 3560 1588 Dominum
3584 1544 3836 1589 nostrum

2254 1625 2435 1679 Jesum
2461 1623 2731 1678 Christum
2761 1625 2931 1677 solum
2973 1626 3255 1679 intrantem
3285 1640 3442 1694 supra
3483 1634 3692 1680 secreta
3730 1642 3851 1683 ca:-

2256 1717 2448 1780 lorum,
2467 1725 2519 1770 et
2535 1717 2784 1786 pupulum
2802 1717 2974 1771 adhuc
3006 1717 3135 1770 foris
3161 1729 3484 1786 gementem,
3509 1733 3606 1788 spe
3630 1719 3850 1774 salvum

2257 1808 2496 1872 factum;
2535 1818 2929 1878 exspectantem
2982 1809 3400 1878 redemptionem
3445 1813 3693 1882 corporis
3739 1813 3846 1877 sui,

2254 1915 2372 1968 qua:
2400 1899 2573 1953 futura
2597 1910 2676 1954 est
2701 1901 2753 1954 in
2792 1904 3184 1955 resurrectione
3216 1912 3570 1956 mortuorum.

2256 1989 2388 2045 Item
2425 2007 2488 2044 ea:
2513 1990 2757 2046 Sermone
2776 1992 2836 2044 de
2883 1991 3119 2046 Calendis
3164 1991 3426 2047 Ianuariis
3466 2005 3642 2048 contra
3675 1994 3852 2066 Paga—

2649 2099 2762 2150 nos,
2779 2082 3002 2137 Joannes
3028 2085 3290 2149 diaconus,
3314 2084 3435 2138 ibid.

2327 2171 2446 2246 Ipse
2467 2173 2609 2229 enim
2634 2189 2873 2230 summus
2903 2174 3150 2230 sacerdos
3194 2189 3383 2246 preces
3412 2185 3628 2233 nostras
3654 2175 3840 2246 oﬁ'ert,

2257 2263 2347 2331 qui
2373 2264 2714 2334 semetipsum
2761 2264 3125 2320 holocaustum
3169 2281 3268 2336 pro
3295 2268 3446 2322 nobis
3487 2269 3702 2323 obtulit.
3732 2269 3851 2338 Ipse

2258 2361 2340 2405 est
2365 2353 2450 2420 qui
2472 2368 2567 2406 nos
2595 2353 2852 2422 perducit,
2887 2355 3229 2423 interponens
3260 2372 3337 2423 se,
3365 2372 3467 2410 non
3508 2365 3564 2410 ut
3586 2359 3848 2411 interclu-

2257 2440 2368 2508 dat,
2389 2441 2480 2496 sed
2501 2438 2760 2512 ntdirigat
2784 2463 2798 2508 ;
2829 2460 2931 2498 non
2955 2456 3009 2498 ut
3035 2457 3261 2515 separet,
3291 2447 3381 2502 sed
3410 2458 3463 2501 ut
3491 2451 3839 2516 reconciliet;

2259 2541 2454 2584 nonut
2506 2533 2776 2601 impediat,
2844 2535 2938 2588 sed
2991 2546 3052 2600 ut_
3093 2538 3469 2605 impedimenta
3514 2539 3840 2609 disrumpat.

2260 2621 2375 2691 Ipse
2397 2631 2480 2676 est
2518 2623 2748 2692 pontifex
2810 2641 2944 2679 unus
2971 2635 3021 2680 et
3051 2629 3298 2681 sactrrdos
3326 2646 3481 2694 unus,
3533 2631 3627 2699 qui
3671 2631 3852 2700 praeﬁ-

2259 2712 2544 2780 gurabatur
2573 2715 2623 2768 in
2669 2714 2898 2784 antiquis
2937 2717 3296 2771 sacerdotibus
3330 2719 3439 2772 Dei.
3470 2719 3596 2774 Ideo
3639 2737 3852 2790 quiera-

2261 2799 2415 2854 batur
2437 2803 2685 2858 sacerdos
2709 2805 2822 2859 sine
2855 2807 3056 2859 mamila
3085 2809 3324 2876 corporis
3349 2826 3363 2872 ;
3401 2811 3525 2879 quia
3571 2811 3662 2864 ille
3689 2811 3844 2867 solus

2260 2890 2373 2945 sine
2404 2893 2607 2946 macula
2667 2896 2865 2963 peccati
2918 2897 3048 2950 vixit
3096 2899 3254 2952 etiam
3303 2898 3355 2952 in
3404 2915 3566 2954 carne
3611 2903 3847 2955 mortali.

2260 2979 2390 3034 Nam
2413 2983 2553 3050 quod
2583 2984 2633 3037 in
2654 3001 2876 3053 corpore
2900 2987 3331 3055 prwﬁgurabatur
3358 2989 3594 3058 illorum,
3620 2991 3674 3044 in
3706 2993 3849 3047 illius

2263 3070 2369 3123 \ita
2397 3072 2792 3140 signiﬁcabatur
2822 3076 3072 3130 futurum.

3271 3185 3448 3188 μὴ
3620 3185 3854 3234 Ξ

3137 3177 3448 3188 ——_——..

2626 3293 2669 3340 ο
3066 3297 3110 3344 ο
3288 3302 3422 3352 ΑΟ

2263 3619 3468 3790 AUGUSTIN
3477 3631 3566 3788 Ι

1951 3876 2450 3940 COMPLECTENS
3627 3910 3632 3914 ’

1418 3997 2024 4080 SERMONES
2087 4010 2984 4112 SUPPOSITITIOS,
3076 4007 3090 4016 ’

857 4140 940 4200 IN
982 4112 1360 4214 QDATUOR
1401 4143 1734 4210 CLASSES
1776 4153 2165 4224 SUBJECTO
2206 4166 2411 4230 NUNC
2455 4171 2766 4236 PRIMUM
2810 4176 3106 4239 ORDINE
3148 4181 3555 4247 DIGESTOS.

896 4297 1093 4341 PRIMA
1136 4299 1373 4344 CLASSIS
1419 4303 1735 4352 CONTINET
1783 4311 2106 4363 SERMONES

973 4377 1056 4418 DE
1104 4377 1465 4426 SCRIPTURIS
1511 4385 1777 4432 VETERIS
1824 4392 1904 4435 ET
1952 4395 2100 4440 Νονι

970 4455 1392 4501 TESTAMENTI.

2293 4325 2610 4386 SECUNDA,
2656 4333 2980 4380 SERMONES
3022 4340 3104 4380 DE
3157 4342 3474 4388 TEMPOBE.

2290 4405 2547 4463 TERTIA,
2595 4410 2920 4458 SERMONES
2977 4417 3060 4459 DE
3101 4419 3373 4464 SANCTIS.

2288 4482 2564 4543 QUARTA,
2616 4489 2940 4536 SERMONES
2989 4497 3072 4538 DE
3125 4499 3430 4546 DIVERSIS.

764 4559 846 4608 His
867 4558 1100 4609 classibus
1118 4561 1288 4612 inserti
1311 4573 1423 4615 sunt
1445 4574 1700 4620 Sermones
1720 4579 1919 4626 Casum
1945 4580 2156 4644 episcopi
2178 4584 2490 4649 Arelatensis,
2515 4601 2692 4652 praeter
2725 4607 2813 4645 eos
2833 4598 2914 4660 qui
2933 4599 3254 4652 inscribuntur
3280 4606 3339 4654 ad
3364 4610 3632 4662 Monachos.

798 4667 1311 4749 Comparavimus
1341 4691 1544 4735 omnes
1574 4695 1672 4737 eas
1711 4679 2009 4745 editiones
2043 4686 2232 4750 initio
2263 4692 2430 4755 Retr.
2459 4699 2514 4752 et
2535 4691 2847 4771 Conless.,
2872 4711 2918 4763 t.
2950 4706 3007 4780 1,
3041 4720 3425 4773 memoratas.
3506 4716 3596 4778 M.

2007 4829 2410 4867 m

1564 4918 2166 5030 CLJISSIS
2238 4930 2799 5047 PRIMA.

1477 5075 1580 5130 DE
1619 5077 1927 5136 VETERI
1969 5084 2064 5140 ET
2101 5086 2313 5146 NOVO
2351 5093 2924 5160 TESTAMENTO.

1035 5206 1262 5264 saeuo
1299 5209 1551 5268 PRIMUS
1579 5211 1673 5284 (a).

566 5294 1184 5381 De_lig§oldignoscentite
1211 5299 1326 5353 boni
1354 5311 1400 5381 et
1429 5304 1569 5357 mali.
1587 5303 1808 5381 _Gen._tt,
1838 5309 1924 5374 i6,
1949 5311 2016 5364 l7
2047 5311 2139 5381 (b).

633 5363 1009 5422 L'Solvuntur
1047 5383 1190 5422 vana
1225 5373 1520 5438 quastione:
1563 5374 1626 5429 de
1667 5363 1844 5432 arbore
1886 5363 2138 5450 paradisi;

641 5495 698 5568 ᾳ)
727 5493 874 5568 Alias.
889 5495 940 5568 in
962 5502 1093 5568 ιοεηο
1113 5509 1257 5568 n91.10-

643 5557 694 5630 9)
727 5558 989 5630 59929“???
1012 5557 1067 5630 in.
1095 5558 1379 5630 (ιίὲίῧυξάδω
1404 5577 1433 5630 e
1479 5569 1732 5618 veteribus
1754 5570 1889 5620 libris
1911 5573 2135 5625 tributus.

557 5618 1028 5695 judicio
1039 5618 1232 5695 dubius,
1255 5627 1428 5695 Erasmi
1461 5637 1624 5695 autem
1650 5618 1832 5695 Verlini
1848 5618 1900 5682 et
1917 5618 2138 5695 ὶῖῖιῖίῖίἰῖᾇί

558 5683 802 5756 sententia
832 5683 1275 5756 estsupposititius
1295 5718 1314 5756 ,_
1353 5693 1505 5756 atque
1523 5690 1567 5737 in
1591 5690 1624 5738 9
1659 5693 1774 5740 torni
1816 5683 2138 5756 Appendieein

556 5753 648 5801 per
679 5747 1000 5796 mvanienses
1033 5747 1265 5804 reiectus.
1293 5747 1755 5814 Ambrosioquoque
1773 5747 2034 5815 perperam
2055 5758 2138 5807 ad-

2255 5227 2502 5323 begimirs
2545 5235 2595 5288 in
2630 5236 2842 5323 Genesi.
2866 5241 3382 5323 dixisse__Domi_num
3423 5255 3488 5309 ad
3521 5257 3724 5323 Adam.
3758 5263 3852 5320 Er

2251 5305 2704 5397 33314-732???
2726 5311 2876 5397 (ἐκέκ
2906 5305 3391 5397 renewed“???
3415 5305 3488 5378 αἱ
3504 5305 3843 5397 ebullit;

2250 5369 2602 5468 dignosfentite
2632 5379 2818 5468 boni‘et
2853 5369 3007 5446 mali,
3045 5369 3838 5468 quod

2249 5443 2692 5529 :i'on‘edetismun
2707 5449 2813 5529 “die
2854 5443 3018 5529 autem
3052 5443 3290 5529 _'ederitis,
3331 5475 3488 5518 morte
3528 5443 3835 5529 5:555:35}:

2247 5508 2434 5567 Multos
2461 5508 2676 5582 scimus,
2705 5517 2893 5576 fratres
2917 5508 3846 5612 charissimi,vdevhaevaelidi-eoab;-1

2243 5642 2450 5712 serit-tus
2503 5643 2621 5704 fuit,
2671 5655 2720 5696 et
2765 5651 2811 5699 ia
2853 5651 2960 5712 ejus
3011 5667 3214 5716 operum
3259 5666 3387 5710 tomo
3426 5664 3448 5712 1
3493 5679 3604 5717 cum
3660 5672 3819 5736 imgi-

2246 5712 2478 5736 I'nrlnlnln
2525 5720 2735 5736 armum-un
2795 5719 2952 5736 υ-ηι...
2993 5716 3096 5736 ρο-.-
3137 5731 3264 5736 -.-____
3301 5725 3311 5736 ο
3477 5728 3488 5736 .
3600 5732 3610 5736 -

2246 5712 2478 5783 Σξςξιιξξιιο
2506 5720 2752 5783 erremus.
2795 5719 2956 5763 Exstat
2990 5712 3098 5783 sine
3134 5725 3341 5771 auctoris
3365 5712 3811 5783 nominewin'r—tﬁi

2241 5766 2520 5818 Corbeiensi
2543 5767 2665 5820 libro
2689 5782 2800 5824 ante
2825 5787 2976 5827 annos
2995 5777 3146 5840 mille.
3173 5766 3762 5849 uii'v'iatiiﬁi'T'iiEsér'iuiEi
