3980 6470
443 344 576 399 Πὦῦ

437 453 698 510 amicitias
731 452 992 522 ttOttllllJS,
1025 451 1150 506 dum
1181 451 1258 522 eis
1285 450 1348 522 ad
1379 449 1718 522 cupiditatem
1751 449 1830 506 vel
1861 450 2014 522 luxu-

441 527 570 578 riam
609 519 1002 586 consentimus,
1053 523 1166 575 sine
1208 519 1371 574 dubio
1423 521 1538 576 hinc
1587 523 1816 577 amicitia
1867 521 2021 575 nobis

433 596 668 649 efficitur
699 597 748 646 in
780 593 1006 646 ruinam.
1039 591 1102 662 Et
1133 591 1251 644 ideo
1276 599 1528 657 quantum
1559 607 1865 662 possumus,
1898 605 2018 645 cum

443 667 533 718 Dei
575 664 838 734 adiutorio
888 677 981 734 pro
1022 661 1192 715 salute
1240 662 1432 716 anima:
1486 663 1822 725 laboremus;
1869 671 1920 716 ct
1967 663 2018 714 in

439 751 567 803 agro
597 733 772 786 cordis
800 733 961 786 nostri
984 772 999 796 ,
1039 747 1197 800 quem
1228 739 1441 799 peccata
1471 734 1553 786 vel
1585 734 1806 803 crimina
1837 746 2019 803 posse-

439 801 664 866 derant,
709 805 927 856 virtutes
971 803 1324 856 intromittere
1350 817 1632 865 curemus,
1681 811 1737 856 ut
1785 801 2020 855 innubis

442 876 720 946 impleatur
761 873 887 946 illud
926 871 1069 942 quod
1119 873 1316 946 beatus
1356 872 1499 946 Isaac
1545 872 1599 926 in
1651 870 2017 946 typougbristi

442 940 758 997 benedicens
807 940 969 996 lilium
1016 957 1168 995 suum
1210 942 1386 996 dixit:
1421 940 1552 995 Ecce
1593 940 1719 996 odor
1759 940 1854 1009 ﬁlii
1901 943 2017 1004 nisi,

439 1015 564 1068 sicut
614 1015 740 1068 odor
781 1016 892 1083 agri
934 1012 1100 1083 pleni,
1153 1013 1233 1064 cui
1277 1012 1524 1083 benedixi:
1571 1011 1817 1083 Dominus
1863 1010 2017 1077 (Gen.

440 1032 564 1068 ltCttt
614 1032 740 1068 onor
781 1032 891 1083 (ιρι-ι
971 1032 1100 1076 tem,
1153 1032 1232 1064 cur
1277 1032 1524 1065 aencaixu
1571 1032 1817 1065 uonnnus
1863 1032 2017 1077 μιειι.

440 1099 606 1164 xxvii,
639 1084 729 1164 '27)
760 1102 770 1135 :
803 1032 1090 1164 quotrip-se
1121 1092 1381 1164 prieslahre.
1397 1082 1644 1162 dignetur
1662 1124 1682 1164 _,
1733 1081 1818 1163 cui
1853 1083 2022 1164 lionur

440 1163 495 1206 et
535 1151 831 1222 imperium
861 1151 1169 1207 cum’l’atre
1211 1163 1267 1206 ct
1294 1151 1490 1221 Spiritu
1527 1161 1711 1206 sancto
1743 1154 1794 1206 in
1826 1151 2020 1204 szecula

438 1226 774 1278 surculorum.
805 1226 974 1278 Amen
1006 1224 1044 1275 ⁸.

977 1312 1208 1369 SERth
1249 1311 1310 1366 ιιι
1366 1313 1467 1384 (α).

864 1423 969 1477 ιῦε
1001 1423 1146 1478 beato
1185 1423 1441 1478 Abraham
1477 1422 1577 1496 (ὁ).

511 1521 562 1572 1.
598 1518 853 1570 εὶέιιίιΙιίιηι
867 1516 1178 1586 justi/iratus
1205 1531 1266 1567 ea:
1293 1514 1505 1584 ﬁde.—
1524 1515 1744 1586 Credidit
1767 1516 2020 1569 Abraham

442 1590 568 1650 ltro,
615 1585 982 1654 et-deputrﬂum
1010 1597 1080 1640 est
1119 1586 1196 1638 illi
1221 1586 1287 1638 ad
1321 1586 1574 1655 justitiam
1614 1585 1764 1654 (Gen.
1801 1602 1888 1651 xv,
1921 1587 2016 1653 6).

401 1660 404 1662 ’
444 1662 579 1714 lit-ee
606 1658 909 1726 sinevopere
943 1656 1263 1725 justificatur
1300 1673 1363 1708 cx
1407 1655 1545 1726 fide,
1585 1666 1639 1708 et
1667 1657 1915 1726 quidquid
1948 1657 2019 1709 illi

441 1731 594 1799 legali
629 1746 720 1798 pos
753 1725 807 1780 ct
831 1725 1459 1799 observationc‘couferri
1481 1767 1494 1790 ,
1543 1727 2020 1799 totnnrcredulitas

439 1794 550 1853 sola
597 1794 832 1850 dbnavit.
887 1797 1003 1864 Ipse
1047 1797 1148 1850 sibi
1198 1794 1368 1848 fuerat
1414 1796 1532 1858 lex,
1583 1797 1670 1864 qui
1715 1796 1882 1863 legem
1913 1813 2018 1850 non

439 1877 735 1938 acceperat.
771 1875 956 1938 natura
983 1875 1159 1938 tamen
1191 1866 1444 1938 quidquid
1480 1866 1609 1933 legis
1639 1865 1811 1919 fuerat
1836 1868 2021 1938 ther-

439 1935 592 1992 Vahal
624 1938 796 2009 (llom.
832 1951 865 1989 ιι
887 1977 901 2000 ,
935 1935 1532 2009 “inAbrahaurliater
1574 1945 1756 2009 noster
1786 1937 2018 1991 radicem

440 2010 560 2062 fidei
592 2005 930 2075 nominisque
955 2005 1229 2060 christiani
1263 2005 1508 2066 habebat,
1541 2007 1628 2072 qui
1657 2021 1774 2059 enm
1806 2023 1868 2060 ex
1899 2023 2023 2076 pro-

444 2083 666 2148 prietate
689 2079 915 2148 gemina
945 2076 1008 2148 ad
1038 2077 1236 2128 incerta
1262 2085 1420 2148 atque
1445 2077 2021 2148 peregrinajubcretur

439 2146 587 2204 exire
608 2189 624 2212 ,
656 2157 762 2201 tota
793 2146 1075 2201 devotione
1099 2146 1386 2213 complevit
1416 2163 1428 2195 :
1454 2146 1536 2197 cui
1586 2147 1636 2199 in
1671 2163 1725 2199 re
1754 2159 1856 2200 tam
1887 2147 2016 2200 dura

441 2221 582 2274 nulla
612 2219 870 2272 dubitatio
909 2217 1032 2279 fttit,
1061 2215 1152 2270 ενι]
1183 2216 1498 2286 sententiam
1532 2215 1621 2286 Dei
1654 2225 1901 2284 tanquam
1930 2217 2018 2286 qui

439 2301 624 2360 optare
652 2286 1192 2360 videretur,accepit.
1240 2284 1376 2349 lt'xi,
1415 2285 1602 2360 inquit
1626 2286 1909 2354 Dominus,
1949 2284 2020 2340 ide

440 2357 572 2414 terra
599 2369 684 2412 tua
713 2369 759 2411 et
796 2357 858 2410 de
892 2357 1186 2426 cognatione.
1212 2367 1300 2407 tua
1320 2397 1334 2418 ,
1377 2358 1556 2426 etveni
1587 2357 1636 2408 in
1662 2365 1845 2409 terram
1867 2372 2020 2421 quam

437 2439 780 2484 monstraret-0
829 2426 917 2481 tibi
952 2424 1121 2496 (Gen.
1165 2441 1233 2479 χιι
1259 2467 1273 2489 ,
1313 2427 1395 2496 1).
1430 2425 1632 2478 Novum
1684 2425 2020 2494 probationis

437 2515 637 2569 genus,
672 2497 889 2553 habenti
918 2495 1164 2569 propria,
1207 2495 1390 2569 exsilia
1437 2496 1670 2569 indicere
1717 2498 2016 2564 peregrina,

436 2565 683 2640 ingerere
713 2565 947 2640 laborem
977 2568 1184 2620 itineris
1211 2565 1531 2640 quiescenti,
1563 2566 1826 2640 imperare
1857 2583 2024 2635 penu-

439 2635 572 2696 riam
606 2638 930 2708 possidenti,
961 2647 1014 2691 et
1041 2645 1312 2708 tantarum
1336 2635 1639 2708 facultatum
1678 2635 1897 2690 domino
1924 2653 2020 2691 ne-

441 2705 741 2766 cessitatmn
788 2709 1062 2776 imponere
1107 2705 1498 2775 peregrinandi.
1553 2706 1802 2760 Libenter
1845 2716 2020 2762 tamen

443 2782 577 2836 lides
615 2778 820 2847 accepit
859 2777 1110 2847 quidquid
1150 2777 1372 2829 arduum
1403 2777 1679 2847 videbatur
1710 2777 2018 2832 incredulis.

437 2851 536 2905 Cui
568 2845 782 2905 nonest
827 2845 1191 2917 magisidulce
1237 2846 1506 2916 proprium
1551 2848 1815 2916 tugurium
1861 2863 2019 2916 quam

438 2919 962 2992 palatiaperegrina,
1011 2925 1067 2992 et
1110 2917 1404 2970 voluntaria
1443 2933 1566 2992 casa
1603 2933 1769 2992 quam
1815 2917 2019 2992 digesta

439 2987 731 3062 pra-toria?
769 2989 916 3062 Leve
941 2987 1189 3062 cuiquam
1221 3002 1346 3062 non
1367 2999 1448 3042 cst
1488 2988 1755 3062 dimittere
1784 2989 2017 3058 propria,

448 3057 502 3116 et
527 3061 716 3116 sectari
744 3061 913 3115 aliena
931 3057 1175 3120 incerta;
1222 3057 1487 3112 dimittere
1513 3059 1653 3126 quod
1681 3059 1836 3122 scias,
1869 3057 2020 3128 quie-

440 3147 560 3186 rere
589 3130 730 3200 quod
775 3128 1188 3200 ignorasaQuis
1232 3128 1377 3200 enim
1425 3129 1632 3200 propria
1680 3129 1795 3200 sine
1835 3129 2020 3183 dolore

439 3197 705 3266 deseruit,
751 3197 842 3254 aut
869 3200 995 3268 sine,
1027 3197 1274 3268 laerymis
1303 3197 1622 3268 dereliquit?
1669 3198 1761 3252 Cui
1806 3215 1908 3253 non
1940 3207 2022 3254 est

439 3273 630 3326 durum
662 3272 779 3325 illos
819 3267 1063 3324 eoascios
1093 3267 1346 3338 natalium
1393 3267 1660 3338 parietes,
1711 3268 1884 3322 dulcia
1933 3270 2020 3322 illa

432 3343 621 3397 limina
667 3337 1133 3410 atqueatnabileui
1177 3337 1402 3410 larem,
1434 3354 1590 3407 quem
1636 3347 1689 3391 et
1737 3349 2018 3410 parentum

442 3411 700 3467 memoria
740 3407 787 3463 et
823 3409 988 3478 ipsius
1030 3407 1262 3461 infanthe
1292 3408 1589 3462 rudimenta
1620 3407 2016 3476 commendant,

437 3483 527 3538 ubi
555 3481 815 3536 cunabula
845 3477 929 3532 illa
958 3478 1077 3531 novi
1108 3488 1161 3532 et
1192 3493 1313 3530 mox
1341 3479 1560 3532 orientis
1581 3477 1819 3532 hominis
1849 3479 2020 3533 famu-

438 3552 720 3614 labantnr,
768 3549 855 3604 ubi
899 3564 1086 3619 secura
1133 3548 1376 3602 alludens
1420 3547 1636 3602 infantia
1703 3549 1842 3619 inter
1889 3549 2020 3605 lueis

437 3622 765 3693 primordia.
814 3629 909 3693 aut
951 3618 1186 3693 pueriles
1234 3619 1358 3693 anni
1410 3620 1748 3693 simplicitate
1813 3617 2016 3686 felices,

439 3689 573 3763 quas
602 3693 700 3747 sibi
728 3693 865 3763 inter
895 3690 1122 3763 lascivos
1149 3698 1308 3763 atque
1335 3689 1702 3763 ipsiusartatis
1725 3689 1870 3763 lusus
1894 3696 2013 3763 γρι-

441 3759 633 3818 naeulo
661 3761 890 3832 genuina
912 3761 1035 3832 solo
1066 3759 1356 3832 necessitas
1381 3759 1706 3815 exhibebat?
1741 3759 1882 3832 inter
1907 3761 2021 3816 hate

439 3848 572 3903 ergo
617 3829 723 3886 tam
769 3830 995 3903 blanda,
1047 3839 1152 3903 tam
1197 3829 1403 3903 dulcia,
1450 3847 1568 3903 qua:
1614 3831 1757 3884 omni
1813 3829 2020 3903 fuerant

437 3899 750 3970 difﬁcultate
789 3900 1138 3970 relinquenda
1161 3940 1175 3962 ,
1208 3899 1328 3964 Exi,
1358 3899 1554 3964 ait,'dc
1592 3910 1722 3952 terra
1750 3911 1856 3954 tua.
1887 3902 2018 3966 Quis

441 3973 543 4028 hoc
573 3973 688 4026 sine
717 3969 838 4040 fidei
865 3969 1064 4024 viribtts
1089 3970 1313 4024 libenter
1337 3971 1581 4024 audiret?
1611 3971 1801 4024 Levius
1827 3973 2020 4040 proba-

438 4053 625 4108 retur,
657 4041 701 4099 si
729 4039 810 4096 vel
837 4055 1030 4096 nomen
1077 4040 1177 4093 loei
1223 4054 1332 4109 quo
1380 4042 1746 4108 perrexisset.
1790 4039 2014 4109 audiret.

440 4111 835 4173 Proficiscltnr,
862 4111 1068 4182 pergit,
1113 4111 1260 4182 socia
1283 4110 1487 4182 scilicet
1510 4111 1852 4171 credulitate,
1885 4127 2018 4166 con-

434 4185 562 4254 juge
591 4183 787 4254 comite
811 4223 825 4244 ,
851 4179 915 4237 fit
940 4194 1196 4247 securus,
1249 4180 1288 4234 it
1317 4179 1484 4254 fretus
1506 4222 1520 4243 ,
1570 4182 1886 4254 promissum
1917 4183 2016 4237 sibi

438 4251 560 4310 lid'ei
607 4253 875 4314 laboribus
919 4262 1238 4318 exacturus,
1284 4251 1408 4320 plus
1451 4266 1673 4319 sperans
1720 4253 1785 4306 de
1815 4251 2018 4307 incerto

441 4339 601 4394 quam
633 4323 802 4382 fuerat
834 4337 1052 4394 securus
1078 4321 1147 4378 de
1169 4321 1410 4394 proprio.
1436 4321 1482 4378 lt
1505 4337 1631 4392 ergo
1659 4337 1752 4392 per
1779 4323 2018 4377 desertas

439 4392 770 4457 solitudines,
805 4409 899 4462 per
922 4393 1090 4448 invias
1113 4392 1292 4457 sedes,
1321 4407 1416 4462 per
1434 4403 1642 4450 natum
1668 4403 1896 4458 secreta,
1929 4395 2018 4448 tibi

435 4469 500 4522 In;
514 4466 676 4520 minis
701 4461 998 4534 vestigium
1027 4462 1254 4534 necdum
1290 4461 1437 4534 rudis
1479 4472 1618 4518 terra
1655 4473 2012 4534 cognoverat:

424 4548 491 4590 ‘o-t
534 4536 674 4590 intrr
723 4534 810 4589 illa
849 4531 1035 4589 omnia
1065 4547 1184 4602 qua:
1226 4531 1322 4588 Dei
1365 4533 1597 4604 imperio
1640 4531 2014 4604 dereliquerat,

440 4621 546 4661 non
580 4607 879 4676 tugurium,
912 4617 1220 4676 noncasatn
1243 4643 1258 4668 ,
1286 4603 1377 4657 sed
1405 4603 1546 4676 inter
1570 4605 1679 4672 ipsa
1707 4603 2017 4674 camporum

437 4673 800 4733 silcscentium
846 4673 1224 4746 formidolosa
1235 4682 1442 4746 secreta
1460 4715 1483 4740 .,
1535 4674 1731 4746 hospes
1783 4673 2016 4730 tantam-

441 4748 599 4803 modo
626 4749 746 4803 ςαξΙί
793 4759 1092 4816 tcrrtnque,
1139 4743 1340 4799 nullum
1384 4743 1666 4816 suffugiutit
1709 4746 2016 4816 quodiver-

437 4826 593 4884 teret,
623 4819 942 4873 inveniebat.

506 4887 563 4944 2.
597 4886 718 4959 Tres
749 4887 964 4959 Angelos
992 4885 1248 4959 Abraham
1274 4886 1484 4959 suscipit
1509 4885 1760 4959 hospitio._
1795 4886 2018 4957 Excepit

439 4968 618 5016 tamen
648 4957 912 5017 Abraham
947 4957 1279 5028 peregrinum
1311 4957 1538 5027 quercus
1563 4957 1723 5012 arbor
1745 4957 2012 5025 humana;

437 5045 556 5100 quze
583 5029 879 5100 venientem
901 5027 1166 5100 Abt-altam
1192 5035 1350 5100 atque
1371 5028 1554 5100 εξειὶιό
1576 5030 1687 5083 sole
1713 5029 2012 5094 decoctum,

437 5099 763 5157 alumnitatis
808 5114 918 5154 sum
965 5099 1274 5155 umbraculo
1321 5099 1584 5153 refoveret
1615 5117 1628 5150 :
1660 5100 1810 5168 cujus
1854 5101 2010 5155 silve-

435 5168 636 5224 scentis
668 5168 898 5240 nemoris
922 5179 1130 5240 comata
1157 5170 1424 5240 luxuries,
1456 5170 1511 5224 in
1537 5169 1778 5240 testivum
1805 5180 2018 5240 tempus

433 5241 576 5298 diem
629 5248 685 5293 et
729 5239 934 5293 urentis
974 5239 1102 5294 solis
1146 5239 1471 5312 vaporiferos
1514 5239 1696 5295 radios
1748 5239 2016 5300 ramorum

497 5417 516 5450 ⁸
541 5423 648 5466 uss.
673 5417 746 5466 sic
770 5413 980 5477 habent,
1011 5419 1244 5478 praestare
1275 5415 1512 5481 dignetur,
1532 5417 1616 5479 qui
1633 5415 1741 5474 vivit
1763 5420 1808 5466 et
1830 5423 1997 5482 regnat

432 5489 544 5527 cum
570 5485 728 5537 Patre,
754 5485 852 5527 etc.

495 5540 569 5660 tu;
599 5539 737 5598 Olim,
753 5540 816 5589 de
839 5545 1078 5602 Tempore
1100 5537 1179 5596 68.
1205 5546 1256 5610 et
1277 5547 1401 5601 post,
1422 5541 1472 5591 in
1490 5539 1760 5604 Appendice
1782 5540 1862 5590 57.

496 5600 547 5660 (ιι
604 5608 652 5648 tn
691 5601 869 5652 nostris
907 5603 1244 5660 manuscriptts
1286 5615 1382 5650 non
1427 5604 1685 5660 reperitur.
1732 5602 1862 5651 Editu

496 5600 569 5660 (ιι)
604 5601 869 5664 ιιινιιοειιθίδ
907 5600 1382 5664 manuscriptisnon
1427 5600 1685 5664 reperitur.
1732 5602 1893 5652 Editus
1927 5614 2016 5664 per

432 5663 799 5731 Amerhaciuum
839 5671 889 5713 et
921 5663 1163 5712 Erastntttn
1197 5663 1288 5731 fuit
1308 5676 1418 5731 eum
1455 5663 1758 5731 sermonibus
1797 5663 2017 5725 augusti-

433 5723 616 5806 ulanis;
643 5734 750 5806 post
775 5738 890 5806 vero
925 5726 1362 5806 pertovaniepses
1387 5725 1438 5773 in
1466 5726 1738 5806 Appendice
1773 5723 2018 5806 cuuis”:-

433 5785 546 5846 ωδ,
593 5785 865 5839 reluctante
903 5785 1118 5842 nemine.
1143 5791 1312 5841 confer
1358 5785 1686 5841 sermonem?
1710 5785 2010 5854 Appendieis.

1883 335 2244 400 APPENDIX.

3572 346 3712 405 1766

2125 457 2416 530 frequentia
2447 454 2834 530 suspendebat;
2869 465 2921 510 ut
2944 454 3196 527 quidquid
3229 455 3417 526 injuria
3449 463 3708 530 temporis

2127 527 2410 597 irrtigabat,
2463 543 2620 582 omne
2661 527 2898 581 auferret
2938 537 2992 581 et
3044 542 3314 582 ramorum
3359 538 3411 582 et
3460 527 3714 586 foliorum

2126 599 2381 656 densitas.
2435 597 2731 667 Ingreditur
2775 611 2903 665 ergo
2955 597 3128 650 locum
3176 597 3383 651 arboris
3413 599 3707 668 Abraham,

2125 670 2226 723 sub
2267 685 2366 739 qua
2409 668 3144 739 construiturqualecumque
3171 667 3492 738 sulfugium;
3539 686 3706 736 angu-

2125 751 2263 794 stum
2287 737 2513 808 quidem
2557 737 2916 808 hominitsed
2964 737 3234 808 sufficiens
3280 737 3563 806 maiestati.
3611 739 3706 796 Di-

2126 825 2283 879 gnum
2323 806 2495 864 tamen
2527 809 2635 862 Deo
2666 806 2916 875 palatium
2953 807 3084 861 fides
3112 809 3300 862 devota
3333 809 3606 878 pingebat,
3655 813 3709 865 in

2125 896 2230 946 quo
2270 880 2456 933 fuisset
2497 879 2744 946 maiestas
2791 891 3019 948 superna
3067 893 3343 945 pransura.
3393 879 3526 934 Cum
3578 897 3711 948 ergo

2127 951 2234 1003 illic
2282 949 2747 1021 positusucuriosis
2785 947 2952 1001 oculis
2993 950 3186 1002 caelum
3224 949 3534 1021 intentarct,
3580 947 3710 1006 ecce

2125 1019 2301 1074 subito
2349 1021 2400 1076 in
2447 1019 2603 1076 trium
2632 1019 2862 1071 virorum
2903 1033 3127 1087 persenti
3169 1019 3416 1088 majestas
3461 1021 3708 1088 incorpo-

2126 1105 2215 1145 rea
2284 1088 2574 1146 descendit.
2613 1089 2882 1153 Accurrit,
2917 1099 3191 1156 properat,
3224 1105 3413 1160 manus
3439 1092 3710 1160 supplices

2129 1160 2326 1224 tendit,
2371 1170 2424 1214 et
2464 1160 2843 1213 transenntimn
2887 1173 3056 1228 genua
3093 1159 3364 1216 osculatur
3404 1179 3418 1214 :
3455 1159 3704 1228 Domine,

2125 1231 2228 1295 ait,
2259 1231 2494 1302 sirint-eui
2536 1230 3052 1302 gratiam_coﬁmm_‘te_,
3097 1245 3160 1302 ne
3201 1231 3454 1302 transieris
3493 1247 3707 1302 puerum

2126 1310 2269 1354 tuum
2306 1301 2496 1381 (Gen.
2527 1298 2658 1356 svnt
2682 1340 2696 1363 ,
2747 1300 2797 1353 5.
2936 1298 3171 1381 Videtis,
3220 1298 3504 1381 Abraham'
3535 1303 3711 1356 tribus

2125 1369 2392 1434 occurrit,
2451 1379 2504 1424 et
2557 1384 2718 1424 unum
2781 1369 2985 1422 adorat.
3031 1370 3193 1424 Trina
3234 1372 3446 1436 unitas,
3495 1381 3548 1425 ct
3599 1389 3704 1426 una

2125 1439 2380 1495 Trinitas.
2430 1441 2680 1495 Sumatur
2753 1455 2918 1508 aqua,
2969 1440 3210 1495 laventur
3284 1443 3446 1509 pedes
3496 1445 3702 1505 vestri.

2123 1519 2179 1566 et
2222 1513 2526 1578 refrigerato
2565 1512 2662 1565 sub
2705 1509 2896 1563 arbore
2941 1511 3038 1563 ista
3066 1552 3081 1573 ,
3135 1521 3190 1563 et
3235 1513 3449 1564 afferam
3487 1529 3702 1581 panem,

2126 1593 2182 1636 et
2204 1582 2626 1644 tnanducabitis;
2673 1590 2727 1635 et
2774 1589 2953 1648 postea
3005 1581 3296 1634 transibitis
3335 1581 3386 1634 in
3427 1583 3562 1636 viam
3613 1599 3709 1638 ve-

2125 1661 2312 1725 stram.
2352 1653 2416 1706 Et
2469 1652 2725 1706 dixerunt
2762 1651 2846 1725 ei,
2888 1649 2996 1725 Eae
3028 1661 3094 1725 Aut
3145 1651 3318 1704 dixisti
3366 1649 3505 1725 (Id.
3534 1669 3659 1709 ιιι-ιιι
3684 1696 3702 1714 .

2124 1723 2218 1793 5).
2285 1722 2470 1778 Servat
2527 1736 2739 1793 semper
2795 1721 2851 1774 in
2921 1720 3070 1793 bonis
3129 1720 3386 1793 tenorem
3429 1723 3508 1776 sui
3581 1740 3705 1791 per-

2126 1791 2259 1848 tecta
2304 1795 2546 1860 justitia,
2595 1791 2752 1846 offert
2796 1791 3090 1860 peregrinis
3137 1791 3418 1859 hospitium
3457 1793 3544 1854 qui
3593 1810 3702 1847 non

2125 1864 2286 1918 habet
2329 1875 2560 1925 tectum;
2606 1873 2660 1917 et
2688 1877 2807 1915 cum
2852 1864 2917 1915 sit
2961 1862 3104 1915 omni
3135 1861 3402 1915 domicilio
3432 1864 3699 1927 viduatus,

2123 1935 2489 1998 domicilium,
2543 1933 2701 2004 quale
2731 1932 3022 2004 necessitas
3063 1933 3416 2004 procumbat,
3463 1933 3705 1988 exhibuit

2127 2005 2541 2058 transeuntibus.
2562 2002 2640 2058 Et
2669 2003 2794 2055 licet
2839 2002 2925 2054 illa
2956 2002 3162 2056 minora
3196 2003 3388 2056 fuerint
3428 2020 3545 2072 qum
3571 2005 3704 2057 olfe-

2121 2077 2409 2139 rchantur,
2443 2074 2676 2127 locorum
2717 2073 2974 2142 angustiis
3023 2072 3436 2142 magnitudinem
3480 2073 3704 2127 dederat

2124 2145 2278 2204 fides,
2309 2161 2427 2214 quae
2453 2142 2726 2197 Contemni
2757 2143 3084 2214 n'on_meruit
3111 2158 3141 2196 a
3172 2143 3299 2214 Deo.
3333 2144 3609 2214 Divertitnt
3632 2145 3700 2198 ad

2122 2212 2337 2268 arboris
2363 2215 2646 2282 hospitium
2673 2253 2688 2277 ,
2738 2212 2877 2282 quod
2905 2212 3171 2265 Abraham
3216 2212 3323 2268 Deo
3363 2215 3470 2279 jam
3501 2213 3705 2269 fecerat

2122 2284 2361 2351 dignum.
2398 2284 2598 2338 Interea
2626 2282 2993 2356 conspergitur
3021 2283 3263 2356 similam
3282 2324 3297 2348 ,
3337 2283 3475 2356 fiunt
3508 2299 3701 2356 encry-

2124 2356 2260 2423 phize
2285 2357 2299 2386 ¹
2321 2357 2418 2424 (a),
2451 2362 2712 2408 mactatur
2739 2364 2792 2407 et
2814 2353 3025 2424 vitulus.
3053 2353 3160 2406 Etsi
3188 2355 3292 2407 illis
3317 2354 3564 2407 divinitas
3594 2353 3698 2408 non

2123 2427 2300 2493 eguit;
2330 2423 2544 2494 ’justitia
2577 2434 2772 2486 tamen,
2804 2423 2941 2492 quod
2967 2424 3188 2491 ornabat
3209 2465 3225 2487 ,
3254 2425 3530 2492 impendit.
3563 2424 3702 2479 Ecce

2122 2497 2187 2548 ad
2241 2495 2523 2553 humanam
2575 2508 2814 2548 mensam
2862 2494 3096 2548 ctelestis
3143 2494 3442 2549 sublimitas
3487 2511 3700 2549 recum-

2123 2566 2317 2626 bebat,
2349 2567 2500 2620 cibus
2541 2566 2777 2632 capitur,
2823 2565 3180 2632 pransitatur,
3230 2574 3282 2617 et
3329 2564 3700 2619 contubernali

2091 2637 2388 2705 ‘colloquio
2429 2637 2564 2690 inter
2612 2635 2879 2690 hominem
2924 2642 2979 2688 et
3018 2634 3183 2692 Deum
3229 2635 3500 2688 familiaria
3538 2637 3698 2690 verba

2126 2719 2432 2760 IlllSCCllIlll‘.

2197 2778 2249 2830 '5.
2286 2776 2616 2846 llospitalitas
2646 2791 2745 2846 non
2773 2784 2844 2830 est
2878 2775 2986 2829 sine
3025 2775 3267 2830 mercede.
3315 2775 3380 2829 Et
3409 2775 3528 2845 quia
3559 2775 3700 2842 apud

2125 2847 2291 2902 Deum
2320 2849 2640 2900 inlructuosa
2672 2845 3004 2914 hospitalitas
3029 2861 3146 2900 esse
3173 2861 3276 2899 non
3305 2849 3492 2914 potuit,
3521 2847 3699 2899 statim

2126 2918 2350 2987 pretium
2397 2916 2658 2972 mercedis
2701 2918 2950 2985 accepit:
2992 2915 3148 2970 datur
3177 2917 3315 2969 tilius
3344 2916 3496 2982 seni,
3542 2915 3703 2970 datur

2121 2990 2405 3058 [ui-teritas
2434 2987 2773 3058 dcsperanti,
2807 2987 3008 3058 accepit
3037 2997 3285 3058 senectus
3313 2987 3450 3055 quod
3481 2987 3702 3041 minime

2126 3057 2294 3127 potuit
2317 3058 2509 3111 habere
2526 3057 2800 3127 juventus.
2821 3057 2900 3109 Ad
2923 3059 3035 3115 hoc.
3062 3057 3248 3127 inquit,
3267 3066 3459 3127 tempus
3480 3058 3699 3122 veniam,

2123 3125 2170 3180 et
2188 3129 2278 3182 erit
2309 3128 2456 3182 Sara:
2467 3125 2602 3195 ﬁlius
2626 3125 2776 3197 (Gen.
2795 3143 2943 3198 xvtn,
2963 3127 3070 3198 16).
3087 3125 3326 3196 Cumque
3338 3125 3530 3198 seniles
3547 3128 3694 3191 anni,

2124 3206 2177 3250 ct
2203 3207 2443 3252 emortua
2470 3200 2613 3252 Sara:
2637 3196 2847 3251 viscera
2875 3197 2977 3250 hoc
3003 3196 3157 3265 posse
3190 3197 3301 3250 fieri
3333 3196 3657 3267 denegarem
3681 3216 3698 3258 ;

2123 3268 2270 3322 dedit
2326 3278 2499 3322 tamen
2548 3268 2742 3322 divinae
2791 3268 3128 3336 promissioni
3181 3267 3467 3322 credulitas
3517 3267 3698 3322 fidem.

2126 3336 2355 3405 Patrem,
2378 3339 2565 3408 inquit,
2592 3335 2861 3408 multarum
2883 3340 3102 3407 gentium
3121 3339 3271 3408 posui
3289 3350 3333 3390 te
3349 3335 3457 3408 (Id.
3477 3353 3601 3400 xvn,
3619 3337 3697 3407 5).

2124 3408 2378 3477 llcpletus
2404 3407 2486 3462 est
2513 3408 2664 3461 bonis
2685 3447 2699 3472 ,
2740 3407 2860 3476 quia
2888 3409 3026 3475 quod
3053 3410 3100 3462 ei
3130 3407 3398 3478 promisit,
3441 3408 3700 3476 implevit.

2126 3479 2261 3534 lit-ce
2303 3483 2353 3532 in
2399 3479 2517 3548 ipso
2558 3477 2796 3547 margine
2841 3480 3169 3544 senectutis,
3218 3479 3449 3532 nondum
3481 3479 3701 3545 prolatis

2125 3550 2326 3618 legibus
2352 3549 2691 3614 recitatisque
2723 3589 2736 3611 ,
2764 3549 3054 3603 asserimus
3077 3550 3340 3602 Abraham
3368 3549 3506 3616 quod
3539 3548 3702 3602 ftterit

2123 3621 2401 3686 religiosus
2427 3635 2442 3684 ;
2486 3629 2538 3672 et
2577 3619 2664 3687 qui
2695 3621 2864 3672 fuerat
2891 3620 2940 3672 in
2967 3619 3171 3675 cultura
3199 3619 3392 3686 jnstior
3412 3659 3427 3683 ,
3464 3618 3618 3673 fuerit
3645 3619 3697 3672 in

2122 3691 2438 3745 credulitate
2469 3690 2754 3758 probatior.
2799 3689 2936 3743 Ecce
2965 3691 3106 3743 enim
3135 3704 3296 3743 senex
3337 3689 3424 3743 ille
3454 3689 3696 3752 maritus,

2121 3761 2211 3828 qui
2259 3761 2432 3815 adhuc
2473 3775 2635 3813 unum
2685 3774 2790 3812 non
2824 3759 3087 3822 habebat,
3137 3760 3187 3812 in
3220 3773 3324 3812 uno
3355 3768 3530 3812 tamen
3559 3759 3703 3813 Deus

2123 3831 2540 3885 innumerabiles
2563 3831 2922 3899 promittebat.
2953 3829 3091 3884 Ecce
3117 3830 3387 3887 exhaustis
3409 3829 3702 3882 visceribus

2121 3903 2252 3955 dixit
2283 3901 2421 3957 Deus
2450 3901 2514 3953 ad
2547 3899 2834 3966 Abraham,
2868 3899 3083 3967 Snspice
3111 3901 3160 3952 in
3191 3901 3387 3957 coelum.
3418 3909 3464 3952 et
3491 3915 3702 3952 numera

2121 3973 2294 4025 stellas
2322 3987 2342 4026 :
2368 3973 2440 4025 sic
2467 3971 2559 4024 erit
2585 3987 2751 4024 semen
2783 3981 2941 4025 tuum.
2976 3973 3036 4023 lt't
3066 3970 3273 4027 credidit
3292 3969 3542 4022 Abraham
3566 3967 3700 4033 Deo,

2121 4051 2166 4094 et
2193 4042 2486 4111 deputatum
2510 4051 2583 4095 est
2609 4041 2686 4093 illi
2714 4041 2781 4093 ad
2805 4041 3047 4112 iustitiam
3073 4039 3188 4112 (Id.
3218 4041 3411 4112 3,54
3433 4040 3511 4108 6).
3543 4041 3700 4112 licio-

2121 4109 2307 4166 cerunt
2332 4113 2477 4167 Sara:
2509 4112 2688 4165 venire
2717 4111 3026 4175 muliebria;
3069 4109 3190 4179 quia
3231 4110 3340 4180 jam
3382 4110 3514 4165 lassa
3545 4109 3702 4164 defe-

2121 4192 2304 4237 cerant
2338 4182 2596 4236 membra.
2630 4181 3043 4252 Totumrcorpus
3065 4183 3309 4239 .suleatur
3337 4180 3388 4236 in
3415 4195 3605 4252 rugas,
3640 4180 3706 4234 fit

2123 4263 2362 4321 perarata
2410 4252 2622 4315 fronte,
2671 4261 2726 4305 et
2765 4250 3020 4306 exhauSta
3068 4262 3360 4307 senectute.
3413 4250 3703 4305 Delicicnte

2122 4325 2379 4392 sanguine
2429 4324 2479 4376 in
2524 4323 2674 4377 venis
2719 4323 2885 4376 tristis
2932 4331 3177 4377 senet-tus
3221 4323 3551 4392 delassatnr;
3601 4321 3704 4375 sed

2121 4391 2300 4463 divim
2343 4393 2542 4463 judicio
2593 4394 2766 4446 aetatis
2817 4392 2997 4446 fervor
3046 4393 3371 4451 accenditur.
3427 4391 3704 4463 Meliorem

2121 4462 2248 4518 facit
2273 4461 2448 4519 divina
2480 4463 2766 4534 promissio
2796 4472 3042 4528 matrem,
3073 4478 3230 4533 quam
3260 4472 3390 4516 artas
3420 4477 3523 4534 nou
3555 4461 3704 4534 fece-

2121 4544 2204 4588 rat
2231 4533 2506 4604 generare.
2536 4533 2755 4602 Accepit
2779 4534 3003 4603 genitrix
3036 4549 3264 4596 nomen,
3297 4533 3437 4603 quod
3467 4533 3514 4587 ei
3543 4533 3707 4586 steri-

2122 4603 2253 4658 litas,
2269 4607 2522 4674 temporis
2546 4607 2898 4658 subtraxerat.
2924 4603 3112 4674 Longe
3137 4604 3508 4659 deficientibus
3533 4618 3707 4657 mem-

2122 4675 2231 4730 bris
2258 4676 2402 4732 lsaac
2435 4675 2732 4744 concipitur
2763 4693 2776 4728 :
2805 4675 2976 4728 subito
3004 4674 3188 4729 inanes
3217 4689 3282 4728 ac
3307 4683 3708 4729 marcescentes

2121 4761 2270 4801 vente
2301 4747 2536 4800 redivivo
2564 4746 2820 4814 Sanguine
2859 4744 3198 4807 ferbuernnt,
3230 4753 3284 4799 ct
3308 4753 3546 4800 emortua
3583 4747 3704 4798 seni

2122 4817 2324 4871 viscera
2363 4816 2624 4873 calefacto
2668 4817 2925 4885 sanguine
2963 4825 3213 4884 vaporata
3239 4856 3254 4878 ,
3289 4829 3453 4885 usque
3482 4814 3545 4867 ad
3575 4829 3706 4883 par-

2124 4896 2235 4944 tum
2268 4887 2537 4958 inquilinis
2561 4894 2686 4958 sunt
2715 4884 2986 4940 caloribus
3011 4887 3262 4939 animata.
3294 4884 3549 4958 Juven_ilis
3571 4893 3709 4937 tetas

2123 4953 2361 5023 incaluit,
2410 4965 2464 5011 et
2505 4956 2762 5010 calefacto
2806 4959 3063 5026 sangu'ne
3103 4959 3407 5026 vaporavit.
3442 4953 3524 5007 Fit
3550 4971 3709 5026 Vanus

2125 5029 2248 5089 feta,
2283 5029 2342 5085 fit
2364 5043 2525 5082 senex
2551 5027 2764 5096 gravida
2788 5069 2802 5090 ,
2827 5025 3021 5081 crescit
3047 5037 3231 5080 venter
3261 5041 3352 5095 per
3380 5025 3493 5079 dies
3519 5025 3707 5093 singu-

2123 5100 2223 5163 los,
2257 5109 2309 5154 et
2337 5099 2742 5157 convalescente
2772 5107 2956 5167 partu,
3001 5098 3348 5152 tumescentis
3373 5097 3505 5149 uteri
3526 5110 3710 5167 capax

2122 5171 2272 5225 sinus
2297 5170 2620 5224 extenditur.
2665 5168 2747 5221 Fit
2772 5164 2978 5221 sarcina
2999 5209 3016 5232 ,
3045 5175 3099 5220 et
3125 5167 3455 5219 desideratus
3482 5164 3711 5218 amictus

2123 5256 2190 5298 ex
2218 5240 2506 5295 visceribus
2533 5239 2706 5301 lassis,
2731 5255 2866 5298 onus
2891 5239 3109 5291 nimium
3131 5247 3377 5306 exaptata
3401 5236 3706 5306 posteritas.

2122 5310 2375 5366 Portabat
2404 5320 2608 5364 ttterutn
2638 5325 2851 5377 gravem
2881 5310 2998 5361 talis
3025 5318 3216 5373 mater,
3238 5304 3355 5377 qua:
3390 5304 3559 5360 inanis
3584 5320 3710 5358 am-

2124 5382 2306 5436 bulare
2334 5381 2418 5434 vix
2451 5389 2648 5450 posset.
2691 5379 2794 5434 Sed
2825 5380 2946 5450 quia
2986 5377 3318 5450 credulitatis
3352 5377 3559 5450 fuerant
3585 5391 3711 5450 quae

2123 5460 2404 5522 acceperat
2429 5446 2464 5518 ,⁷
2493 5451 2695 5510 detecta
2721 5446 2924 5503 viscera
2976 5449 3106 5503 tidcs
3151 5447 3374 5502 validior
3414 5446 3708 5500 animabat.

2191 5620 2208 5650 ⁸
2235 5627 2353 5677 Am,
2379 5615 2622 5684 eugris-iit.
2642 5614 2810 5664 melius
2832 5620 2906 5663 Er.
2936 5621 2987 5662 et
3009 5620 3136 5672 tota,
3162 5609 3456 5676 encrypln'a'.

2186 5703 2258 5762 (ιι)
2291 5703 2362 5749 sic
2384 5700 2808 5749 dietisuhcineritii
2848 5710 2996 5760 [aues
3031 5709 3058 5744 a
3085 5698 3236 5746 verbo
3257 5707 3435 5762 graeco,
3462 5690 3714 5757 rgcrttpld,

2124 5757 2250 5829 quid
2283 5767 2396 5816 dum
2421 5771 2708 5829 coquuntur,
2756 5757 3032 5811 subciaere
3069 5757 3435 5812 iuzsezindaalur.

3792 744 3849 760 κ
