3980 6478
465 369 589 437 im

452 509 500 549 et
529 495 824 548 castitatem
851 490 1067 544 ltll‘ltll‘lS
1099 488 1457 558 pra-ferentes,
1479 485 2028 558 spiritualihus‘virtu:

454 577 565 620 tum
597 567 783 632 pennis
803 562 1073 616 clevcmur
1099 554 1149 632 in
1180 561 1394 623 malum,
1426 554 1714 632 secundum
1743 556 1868 632 illud
1891 554 2031 632 quod

459 637 532 688 ait
555 624 863 701 Apostolus,
895 632 1082 694 Simul,
1117 631 1304 698 iuquit,
1339 629 1594 695 rapientur
1617 629 1672 701 in
1701 627 1919 701 nubibus
1941 624 2031 676 ob-

459 696 812 758 riam'Christo
837 704 888 755 in
918 719 1056 763 aera,
1085 712 1129 752 et
1159 696 1228 753 sic
1250 715 1444 768 semper
1475 716 1587 750 cum
1609 697 1819 749 Domino
1850 696 2034 768 erimus

455 777 496 840 il
559 773 734 827 Thess.
781 787 857 836 tv,
910 771 997 839 16)
1030 789 1043 825 :
1074 765 1366 840 pra-stante
1401 770 1624 821 Domino
1676 776 1864 840 nostro
1906 765 2032 840 ἴΙιξειι

451 835 684 908 Christo,
713 843 796 896 cui
823 851 904 895 est
932 835 1101 893 hanni-
1127 851 1179 892 et
1204 841 1368 907 gloria
1397 854 1516 893 cum
1546 839 1698 890 l’atre
1735 847 1788 891 et
1833 835 2034 905 Spiritu

448 926 634 970 sancto
664 916 714 966 in
745 913 936 966 smcula
958 913 1295 965 saeculorum.
1321 914 1508 962 Amen.

1020 1003 1248 1058 SliltMO
1289 1002 1328 1057 ν
1371 1001 1466 1070 (τι).

530 1097 608 1152 De
632 1096 788 1152 tribus
840 1097 960 1150 viris
1010 1095 1095 1218 api
1142 1096 1282 1148 beato
1335 1093 1548 1232 [ὅς-(ΛΜΞ
1594 1098 1957 1159 apparuerunt.

1061 1179 1320 1219 .cu.xvm
1435 1203 1447 1214 .

1061 1183 1166 1219 ιριι.
1195 1179 1320 1218 XVIII
1353 1179 1447 1219 (01.

524 1261 576 1315 1.
611 1258 676 1313 1η
704 1259 914 1312 lectione
939 1257 1220 1326 Scriptura'
1244 1273 1341 1307 non
1368 1255 1544 1308 littera:
1566 1263 1759 1304 tantum
1781 1250 2035 1326 attenden-

451 1330 594 1384 dum.
612 1331 944 1398 Frequenter
962 1323 1208 1380 admonui
1226 1326 1334 1398 Cha
1345 1327 1546 1378 ritatem
1571 1332 1821 1398 vestram,
1841 1323 2035 1398 fratres

452 1392 806 1463 dilectissimi,
859 1409 913 1451 ut
968 1400 1048 1451 his
1093 1396 1406 1450 lectionibus
1445 1411 1562 1462 qua:
1611 1393 1798 1446 diebus
1839 1392 1952 1463 istis
1980 1393 2029 1444 in

455 1471 688 1525 Ecclesia
713 1462 1023 1533 recitantur,
1051 1485 1154 1520 non
1190 1467 1289 1520 hoc
1320 1474 1518 1518 tantum
1543 1463 1817 1533 attendere
1843 1462 2036 1514 debem-

457 1556 594 1601 mus,
620 1539 757 1609 quod
781 1555 846 1591 ex
871 1532 1041 1594 littera
1074 1554 1265 1609 sonare.
1291 1539 1680 1609 cognoscimus,
1705 1532 2034 1609 sedrcmoto

453 1602 716 1664 velamine
761 1610 948 1663 litlcrte
970 1650 984 1673 ,
1018 1602 1378 1661 vivificantem
1417 1606 1664 1673 Spiritum
1699 1602 1922 1654 lideliter
1951 1618 2034 1673 rc-

454 1683 745 1744 quiramus.
779 1681 866 1733 Sic
912 1672 1051 1732 enim
1100 1679 1226 1730 dicit
1271 1675 1572 1744 Apostolus,
1624 1672 1811 1744 Littera
1833 1672 2027 1744 occidit,

455 1741 678 1820 Spiritus
696 1760 857 1821 autem
894 1751 1106 1821 rivi/ient
1126 1748 1190 1821 (ll
1215 1741 1519 1821 Cor1_tt_t,(i)_.
1548 1744 1781 1821 Denique
1801 1741 2033 1821 infelices

456 1813 648 1882 .luda‘i,
681 1830 728 1872 et
760 1820 877 1886 plus
910 1813 1150 1892 infelices
1177 1816 1409 1868 barretiri
1430 1814 1596 1892 ,dum
1630 1813 2032 1892 solttntditttnxe

451 1891 713 1956 aspieanI
751 1905 960 1954 smuuu,
1003 1887 1151 1956 quasi
1175 1899 1393 1960 Aeorpus
1429 1886 1542 1936 sine
1586 1886 1784 1960 anima,
1817 1886 1884 1960 ita
1917 1886 2032 1934 sine

452 1951 748 2011 vivificante
775 1951 970 2023 Spiritu
996 1951 1186 2010 mortui
1219 1951 1607 2007 remanserunt.
1634 1951 1740 2004 Nos
1756 1951 2032 2003 audiamus

451 2033 489 2082 Α
502 2029 763 2095 postolum
791 2027 1074 2090 dieentem,
1095 2027 1216 2093 quia
1245 2024 1350 2076 ha'c
1372 2024 1539 2076 omnia
1567 2023 1616 2073 in
1645 2023 1809 2095 ﬁgura
1834 2023 2030 2095 contin-

453 2089 629 2162 gallant
657 2096 796 2160 illis;
824 2098 1008 2162 scripta
1062 2089 1176 2148 sunt
1223 2104 1385 2144 autem
1415 2101 1732 2162 proptcrrnos
1756 2089 1795 2157 (Ι
1823 2090 1955 2162 (..'or._
1974 2107 2022 2151 Χ,

452 2157 566 2234 ll).
598 2157 878 2218 Videamus
899 2157 1024 2234 ergo
1047 2165 1171 2224 quid
1216 2166 1315 2228 sit,
1347 2157 1486 2230 quod
1511 2157 1676 2214 modo
1701 2175 1818 2212 eum
1848 2159 2028 2212 divina

454 2239 606 2290 lectio
631 2237 910 2302 legeretur,
941 2237 1252 2285 amlivimus.

512 2307 565 2358 ‘2.
589 2297 838 2374 Lot‘longe
852 2305 1056 2372 inferior
1070 2303 1411 2374 Abraham.—
1425 2299 1567 2374 Visus
1581 2298 1875 2374 est,ittqttil,
1896 2297 2029 2374 Deus

455 2376 684 2437 .Albraha’,
717 2369 830 2426 cuin
857 2369 1046 2428 sederet
1087 2373 1152 2424 ad
1179 2373 1358 2423 ostium
1387 2369 1692 2422 tabernaculi
1718 2370 1817 2431 sui,
1850 2370 1917 2420 ad
1943 2370 2028 2420 ili-

450 2461 554 2496 cem
581 2443 825 2495 .ilambre.
875 2443 1004 2496 Ecce
1028 2484 1041 2503 ,
1091 2443 1295 2508 inquit,
1331 2451 1426 2490 tres
1458 2439 1549 2490 viri
1591 2439 1851 2508 astiterunt
1879 2455 2030 2506 super

450 2531 560 2564 eum
586 2523 676 2572 ,'et
701 2514 818 2566 exiit
849 2515 898 2566 in
930 2506 1188 2565 occursum
1219 2511 1344 2575 eius.
1381 2508 1644 2560 Attendite
1669 2548 1682 2567 ,
1717 2506 1904 2562 fratres
1929 2549 1943 2570 ,
1976 2519 2028 2562 el

451 2584 622 2636 videte
647 2583 872 2651 qualiter
902 2585 1039 2634 Deus
1066 2581 1305 2648 apparuit
1327 2579 1573 2651 Allt'.‘_tlt:t‘,
1606 2587 1660 2628 et
1685 2579 1911 2644 qualiter
1937 2593 2029 2645 ap-

452 2655 623 2720 paruit
651 2649 766 2704 Lot.
797 2653 878 2706 Ad
907 2652 1170 2703 Abraham
1202 2659 1309 2702 tres
1337 2649 1550 2720 veniunt
1577 2689 1602 2720 ,γ
1623 2657 1675 2699 et
1698 2657 1838 2720 stant
1869 2662 2029 2720 super

450 2716 571 2776 eum
601 2737 617 2780 ;
651 2722 712 2773 ad
746 2723 838 2775 Lot
867 2723 970 2774 duo
999 2721 1210 2773 veniunt
1240 2761 1254 2783 ,
1286 2727 1339 2770 et
1365 2717 1551 2770 sedent
1594 2719 1644 2769 in
1675 2717 1844 2784 platea
1875 2716 2024 2782 (Gen.

454 2807 560 2855 tux,
596 2793 644 2856 l,
675 2792 753 2860 εὶ).
787 2793 987 2855 Videte,
1024 2790 1232 2852 fratres,
1258 2791 1298 2840 si
1344 2805 1445 2840 non
1474 2789 1884 2860 dispensatipne
1908 2804 2029 2841 san-

449 2865 518 2913 cti
538 2855 762 2928 Spiritus
788 2878 880 2930 pro
905 2860 1106 2914 meritis
1129 2874 1214 2912 res
1235 2867 1508 2930 geruntur.
1531 2857 1733 2930 Etenim
1752 2855 1850 2930 Lat
1874 2859 2029 2926 longe

452 2930 668 2984 inferior
704 2928 818 2984 erat
846 2931 1128 2985 Abraham.
1178 2931 1283 2982 Nisu
1317 2928 1456 2980 enim
1489 2928 1709 2980 inferior
1744 2928 1965 2989 fuisset,
1997 2943 2025 2981 τι

449 3001 604 3054 beato
639 3003 894 3055 Abraham
938 3001 1169 3068 separari
1217 3014 1319 3051 non
1368 3000 1682 3060 meruisset,
1718 3014 1824 3068 nec
1843 3000 1888 3051 ei
1925 2999 2026 3052 So-

449 3073 727 3124 domorum
752 3067 1009 3126 habitatio
1033 3070 1336 3139 placuisset.
1366 3069 1593 3139 Veniunt
1619 3082 1745 3139 ergo
1766 3067 1829 3120 ad
1860 3069 2030 3121 Abra-

450 3142 570 3194 ham
600 3152 704 3195 tres
734 3143 913 3196 viri‘iu
948 3138 1190 3202 meridie,
1214 3150 1470 3193 venerunt.
1493 3138 1556 3189 ad
1588 3139 1682 3189 Lot
1705 3138 1830 3203 duo,
1855 3146 1904 3191 et
1939 3155 2026 3191 vc-

448 3224 604 3280 .‘pere
635 3213 854 3266 veniunt.
888 3229 900 3264 :
935 3227 1039 3264 non
1068 3211 1208 3262 enim
1237 3209 1532 3260 sustinebat
1563 3208 1867 3280 meridiana}
1898 3211 2027 3261 lueis

451 3279 864 3351 magnitudinem
889 3281 1016 3343 Lot;
1040 3280 1304 3333 Abraham
1329 3294 1454 3331 vero
1477 3287 1680 3346 poterat
1705 3279 1913 3346 plenum
1939 3281 2030 3332 ful-

445 3367 628 3421 gorem
660 3353 788 3405 lucis
816 3354 1084 3418 excipere.

519 3422 570 3476 5.
606 3417 980 3492 llospitalitatis
1017 3418 1398 3492 commendatio.
1428 3417 1574 3471 Nunc
1602 3418 1875 3471 videamus
1899 3435 2029 3487 qua-

448 3492 569 3546 liter
599 3489 865 3545 Abraham
890 3534 904 3554 ,
939 3501 992 3546 et
1019 3491 1243 3560 qualiter
1283 3489 1381 3541 Lot
1417 3492 2026 3560 susceperuntvenien-

451 3574 547 3631 tes.
596 3563 937 3631 I‘ratsumpsit
977 3559 1243 3616 Abraham
1273 3600 1285 3620 ,
1320 3569 1369 3611 et
1398 3560 1626 3631 occurrit
1673 3559 1879 3631 obviam
1926 3561 2022 3614 eis.

451 3629 652 3687 Etcum
682 3629 1039 3693 occurrisset,
1075 3631 1288 3684 festinat
1316 3631 1378 3681 ad
1403 3629 1796 3682 tabernaculum
1825 3671 1837 3690 ,
1870 3639 1924 3683 et
1949 3632 2027 3682 di-

447 3703 517 3756 eit
555 3703 619 3756 ad
659 3718 878 3758 uxorem
921 3718 1069 3757 suam
1103 3719 1115 3753 ε
1151 3699 1395 3765 Festina,
1430 3699 1636 3764 inquit,
1670 3708 1716 3751 et
1755 3716 2027 3770 consperge

448 3783 546 3825 tres
587 3790 844 3826 mensuras
888 3772 1185 3840 similaginis
1211 3812 1223 3833 ,
1256 3781 1298 3824 et
1331 3775 1410 3841 [ac
1449 3771 1789 3841 subcineritios
1832 3788 1984 3840 panes
2009 3813 2022 3836 ,

446 3841 586 3913 quod
615 3848 1046 3913 gf.l'Cc_Z‘/xpu?i0t;
1069 3842 1280 3913 dicitur,
1309 3840 1544 3893 Occultos
1572 3841 1808 3913 videlicet
1834 3843 2027 3913 etabs-

448 3908 689 3964 eond'it'os
716 3908 954 3964 indicans
983 3925 1164 3980 panes.
1212 3908 1330 3977 lpse
1355 3920 1520 3960 autem
1539 3909 1802 3980 Abraham
1832 3911 1899 3961 ad
1937 3929 2024 3963 ar-

451 3991 664 4034 mentum
694 3983 914 4034 cucurrit
939 4020 954 4046 ,
987 3992 1030 4032 ct
1053 3979 1239 4049 accepit
1266 3979 1490 4031 vitulum.
1519 3979 1736 4045 Qualem
1765 3981 2026 4032 vitulum?

454 4050 610 4105 Forte
638 4052 726 4120 qui
758 4051 924 4120 potuit
953 4051 1151 4118 prin'ms
1189 4049 1511 4120 occurrere?
1540 4049 1652 4101 Non
1684 4050 1751 4101 ita
1783 4060 1899 4114 est;
1933 4052 2024 4103 sed

451 4119 670 4174 vitulum
700 4119 892 4174 bonum
921 4129 973 4174 ct
997 4131 1256 4173 tenerum.
1281 4119 1422 4172 Tulit
1447 4134 1573 4184 ergo
1599 4121 1837 4176 vitulum.
1863 4130 1915 4172 et
1936 4121 2027 4172 de-

449 4192 525 4243 ιΙῘι
550 4207 713 4260 puero
744 4210 758 4246 :
795 4192 930 4244 Puer
953 4233 967 4255 ,
1003 4190 1208 4258 inquit,
1244 4191 1420 4259 festina
1447 4192 1610 4260 facere
1636 4205 1764 4260 cum.
1801 4190 1984 4260 Videte
2009 4233 2022 4254 ,

450 4258 642 4315 fratres
667 4305 679 4324 ,
713 4264 969 4317 attendite
999 4277 1156 4330 quam
1203 4258 1419 4312 ferventi
1448 4259 1626 4310 animo
1668 4258 1901 4326 hospites
1929 4262 2025 4314 de-

449 4334 617 4387 beatis
646 4335 910 4402 excipere.
953 4333 1089 4386 Ecce
1118 4332 1229 4402 ipse
1259 4330 1532 4402 Abraham
1552 4331 1711 4402 currit
1737 4371 1751 4393 ,
1775 4346 1918 4402 uxor
1953 4331 2028 4382 le-

445 4404 607 4456 stinat
632 4445 646 4468 ,
682 4399 812 4470 puer
838 4403 1122 4458 acceletat.
1167 4399 1351 4455 Nullus
1379 4408 1459 4451 est
1489 4400 1644 4470 piger;
1678 4401 1727 4452 in
1756 4401 1914 4453 domo
1943 4415 2027 4453 sa-

450 4474 659 4538 pientis.
685 4468 828 4527 Ecce
858 4473 1078 4542 aequalia
1123 4479 1247 4523 sunt
1277 4469 1503 4542 Abrahze
1530 4478 1581 4521 et
1619 4468 2027 4542 Sarieltospita-

445 4544 609 4597 litatis
639 4544 830 4597 oflicia.
860 4539 957 4597 Lot
979 4557 1104 4596 vero
1131 4542 1338 4605 excepit
1363 4539 1605 4608 quidem;
1631 4540 1724 4592 sed
1755 4541 1887 4593 duos
1913 4549 2028 4593 tan-

449 4627 556 4668 tum
583 4657 598 4678 ,
633 4625 685 4668 ct
714 4631 816 4668 non
864 4615 1122 4679 integram
1150 4611 1462 4664 Trinitatem
1489 4651 1503 4671 ,
1537 4625 1634 4663 nec
1655 4611 1724 4679 in
1766 4611 1985 4665 meridie
2007 4653 2021 4672 ,

444 4686 533 4737 sed
559 4686 625 4739 ad
654 4701 951 4754 vesperum.
990 4684 1049 4736 Et
1075 4682 1197 4753 quid
1219 4679 1609 4754 eisapposuit?
1639 4678 2022 4754 Coa‘it,_inquit,

445 4771 624 4825 azyma
649 4797 662 4811 .
693 4750 1106 4810 tit—comederunt;
1139 4755 1201 4806 Et
1230 4751 1779 4825 quia_mcritis_nn_tlto
1810 4750 2027 4825 inferior

447 4821 557 4877 erat
584 4827 868 4886 Abraham.
899 4842 998 4880 nec
1023 4825 1241 4877 vitulum
1271 4822 1565 4891 saginatum
1599 4821 1807 4891 habuit,
1838 4837 1936 4875 nec
1973 4823 2023 4875 in

449 4893 613 4965 tribus
636 4897 897 4951 mensuris
917 4895 1230 4965 similaginis
1251 4889 1559 4965 mysterium
1579 4889 1849 4965 Trinitatis
1872 4907 2026 4961 agno-

449 4979 465 5011 ι
483 4963 520 5035 it
544 4979 556 5014 :
579 4972 810 5035 attamen
839 4967 957 5035 quia
991 4967 1071 5019 vel
1096 4961 1195 5018 hoc
1218 4961 1359 5034 quod
1392 4963 1578 5035 potuit,
1603 4961 1827 5035 benigno
1848 4967 2025 5015 animo

445 5032 659 5096 obtulit,
679 5035 742 5088 de
775 5032 1066 5102 perditione
1089 5032 1440 5092 Sodomorum
1471 5032 1684 5084 liberari
1713 5032 2020 5101 promeruit.

446 5103 715 5156 Att-cndita
739 5145 753 5163 ,
788 5105 973 5158 fratres
997 5147 1010 5167 ,
1042 5108 1162 5174 quia
1195 5105 1354 5158 etiam
1383 5113 1436 5157 et
1467 5102 1601 5174 Lat,
1633 5102 1756 5155 dum
1789 5105 2025 5169 hospites

445 5188 551 5226 non
570 5174 796 5240 repellit,
816 5175 1041 5242 Angelos
1057 5173 1303 5243 excipere
1321 5174 1532 5243 meruit.
1555 5173 1689 5225 Ecce
1711 5174 2022 5240 ImSpitalem

441 5244 657 5296 domum
683 5243 866 5310 Angeli
895 5242 1275 5310 ingrediuntur,
1300 5245 1492 5297 clausm
1521 5242 1814 5312 liOSpitibus
1835 5244 2025 5299 domus

443 5314 668 5369 tlammis
697 5313 944 5368 sulfureis
971 5323 1396 5369 concremautur.

502 5451 572 5570 Ea)
610 5449 746 5510 Alias,
769 5450 834 5500 de
856 5457 1093 5524 Tempore
1114 5449 1194 5500 70.

527 5514 574 5570 ιι)
609 5519 657 5562 ιιι
697 5513 968 5570 Appendtce
1005 5524 1132 5560 nunc
1164 5526 1192 5570 p

527 5509 574 5574 ti)
609 5519 657 5562 ιιι
697 5509 989 5577 appendicd
1005 5524 1132 5577 nunc
1164 5509 1366 5573 primum
1399 5511 1924 5577 collocatur._ttuctori_s
1946 5528 2024 5563 ar-

444 5572 611 5623 tem'et
642 5572 888 5637 ingenium
925 5572 1174 5637 intelliges
1201 5581 1473 5637 comparata
1504 5574 1724 5637 Origenis
1757 5574 1950 5624 ttomilia
1977 5580 2024 5625 in

439 5638 664 5704 genesim
683 5632 872 5704 Quarta,
897 5649 1042 5704 quam
1077 5632 1380 5704 illegrwllgrs
1403 5632 1682 5704 pensatione
1704 5670 1717 5692 ,
1745 5637 2024 5704 etiannum-

442 5694 503 5760 lis
523 5694 891 5760 additis‘passim
913 5694 968 5750 ac
983 5694 1218 5748 detractis
1231 5695 1396 5760 verbis
1408 5694 1631 5760 variavit.
1652 5699 1838 5746 ςίιίδειιιὶἰ
1861 5697 2025 5748 stilum

443 5754 1014 5865 lulesordlio'przesertim
1054 5767 1099 5810 et
1127 5760 1176 5808 in
1209 5754 1516 5807 conclusione
1553 5767 1790 5806 sermonis
1817 5772 2022 5808 cernere

443 5830 499 5865 ne
521 5832 576 5865 ns
603 5833 656 5865 νιι
681 5832 815 5865 enim

443 5819 576 5866 tubis
603 5819 835 5871 videmur.

1895 366 2257 428 Al‘PENDlX.

3628 371 3728 427 728

2185 485 2237 536 4.
2256 484 2506 535 Abraham
2523 483 2810 554 mysterium
2830 481 3084 554 Trinitatis
3098 486 3342 551 cognorit.
3366 484 3505 537 Latio
3519 491 3719 554 pscium.

2140 552 2796 625 Veneruntergotresviri
2827 553 2891 605 ad
2915 553 3202 616 Abraham,
3220 552 3537 625 etsteterunt
3567 574 3721 625 super

2137 637 2282 676 eum.
2314 623 2420 675 lloc
2448 623 2616 689 ipsum
2645 621 2818 676 videte
2846 625 3000 691 quale
3028 627 3114 685 sit,
3139 624 3277 692 quod
3307 641 3465 692 super
3488 642 3610 680 eum
3634 621 3721 678 ve-

2138 694 2428 756 niuat,non
2444 701 2626 745 contra
2648 707 2788 746 eum.
2813 692 3123 759 Sulijecerat
3149 709 3204 746 se
3232 695 3482 748 voluntati
3506 697 3593 750 Dei
3621 714 3634 758 ;
3669 710 3722 749 et

2141 763 2260 816 ideo
2282 779 2442 830 super
2466 777 2586 815 eum
2622 772 2762 816 stare
2797 762 2986 816 dicitur
3013 765 3168 834 Deus.
3196 762 3464 816 Astiterunt
3488 807 3502 826 ,
3536 767 3722 834 inquit,

2138 851 2288 902 super
2312 851 2460 895 cum;
2491 848 2596 886 non
2619 845 2946 904 contraAeum
2971 833 3034 885 ad
3064 834 3442 900 repellendum,
3460 836 3550 888 sed
3573 833 3715 904 super

2139 899 2251 956 cum
2274 905 2336 955 ad
2365 903 2765 971 protegendmu.
2789 899 2922 956 Tres
2944 905 3083 958 viros
3105 899 3360 972 suscepit,
3389 907 3552 958 tribus
3579 899 3720 958 meu-

2140 975 2278 1046 suris
2304 989 2469 1046 pains
2487 973 2720 1046 apponit.
2746 973 2916 1046 Quare
2946 973 3065 1046 hoc,
3093 975 3301 1046 fratres,
3328 975 3428 1028 nisi
3455 978 3572 1043 quia
3607 993 3720 1046 my-

2140 1045 2357 1096 sterium
2385 1044 2656 1096 Trinitatis
2685 1043 2966 1109 intelligit?
2997 1044 3228 1112 Apponit
3259 1054 3309 1096 ct
3336 1046 3550 1098 vitulum
3579 1089 3593 1104 ,
3623 1043 3714 1114 qui

2140 1115 2330 1166 vitulus
2353 1129 2455 1166 non
2479 1114 2765 1184 cstdnrus.
2790 1114 2880 1165 sed
2907 1114 3072 1166 bonus
3101 1123 3150 1167 et
3179 1122 3345 1166 tener.
3379 1115 3436 1167 Et
3461 1117 3583 1184 quid
3609 1126 3716 1170 tant

2141 1193 2378 1235 tenerum
2407 1224 2420 1244 ,
2451 1182 2572 1243 quid
2604 1193 2706 1235 tam
2746 1183 2937 1235 bonum
2965 1225 2978 1246 ,
3011 1199 3167 1250 quam
3199 1194 3280 1236 est
3311 1185 3398 1238 ille
3421 1182 3504 1252 qui
3529 1202 3585 1238 sc
3623 1203 3721 1252 pro

2141 1254 2291 1305 nobis
2317 1253 2612 1306 ltnmiliavit
2640 1268 2803 1321 usque
2827 1253 2889 1304 ad
2920 1253 3190 1306 mortem?
3219 1254 3332 1319 Ipse
3363 1266 3442 1308 est
3471 1256 3556 1309 ille
3584 1259 3720 1308 vitm

2139 1323 2219 1376 lus
2246 1325 2531 1392 saginatus,
2561 1337 2717 1391 quem
2746 1338 2840 1387 pro
2866 1333 3082 1388 recepto
3117 1325 3406 1390 pmnitente
3435 1327 3538 1377 lilio
3562 1326 3719 1391 jugu-

2139 1393 2209 1445 lat
2253 1405 2418 1461 pater.
2451 1393 2539 1447 Sic
2564 1394 2702 1446 enim
2729 1393 2913 1461 dilexit
2946 1393 3083 1446 Deus
3109 1394 3360 1446 mundum
3389 1436 3402 1454 ,
3437 1407 3488 1447 ut
3523 1396 3716 1450 Filium

2137 1460 2288 1515 suum
2315 1464 2636 1534 unigenitum
2659 1463 2808 1516 daret
2835 1460 3009 1534 (Joan.
3035 1479 3106 1526 Ill,
3138 1465 3245 1534 “il.
3270 1464 3461 1518 'fribus
3483 1480 3606 1534 ergo
3628 1483 3723 1518 ne-

2136 1535 2300 1586 currit
2332 1533 2591 1585 Abraham
2619 1574 2631 1592 ,
2663 1542 2718 1587 ct
2747 1548 2905 1584 unum
2936 1532 3142 1603 adorat.
3187 1533 3239 1586 In
3271 1549 3335 1585 eo
3364 1532 3710 1603 autem—quod

2139 1603 2419 1675 tresvidit,
2453 1603 2716 1675 sicutgjam
2745 1603 2940 1656 dictum
2970 1612 3070 1666 est,
3103 1602 3374 1659 Trinitatis
3404 1602 3714 1675 mysterium

2138 1673 2395 1725 intellexit
2428 1689 2441 1724 :
2473 1673 2610 1741 quod
2640 1681 2813 1725 autem
2842 1675 2990 1739 quasi
3020 1688 3178 1725 unum
3210 1673 3484 1737 adoravit,
3519 1677 3568 1728 in
3617 1678 3714 1729 tri—

2137 1743 2233 1795 bus
2261 1744 2501 1810 personis
2527 1759 2686 1795 unum
2712 1743 2875 1795 Deum
2899 1758 3016 1794 esse
3046 1745 3310 1810 cognovit.
3345 1745 3422 1797 Ad
3452 1762 3608 1798 unum
3637 1749 3711 1798 lo-

2135 1815 2313 1880 quitur
2338 1813 2538 1868 dicens.
2575 1811 2785 1864 Declina
2809 1812 2876 1863 ad
2905 1829 3115 1881 puerum
3151 1823 3306 1864 tmtm.
3341 1815 3499 1868 Addit
3527 1815 3710 1876 etiam,

2136 1885 2282 1947 quasi
2315 1882 2378 1934 ad
2411 1884 2650 1935 homines
2697 1883 2940 1951 loquens,
2974 1883 3251 1949 Accipiam,
3287 1884 3474 1951 inquit.
3506 1902 3711 1950 aquam,

2135 1963 2180 2004 et
2207 1954 2428 2004 (creentur
2458 1952 2604 2018 pedes
2627 1955 2790 2004 vestri.
2823 1953 3033 2017 Discite,
3067 1953 3275 2016 fratres,
3308 1969 3334 2003 a
3369 1955 3521 2007 beato
3548 1957 3716 2008 Mira-

2137 2021 2256 2073 ham
2289 2021 2522 2092 hospites
2545 2023 2768 2074 libenter
2795 2021 3056 2092 excipere,
3083 2023 3243 2092 pedes
3269 2039 3450 2076 eorum
3473 2040 3590 2077 cum
3617 2026 3714 2077 hu-

2136 2092 2356 2143 militate
2380 2101 2430 2142 et
2461 2091 2652 2157 pietate
2681 2093 2872 2145 lavare.
2907 2091 3118 2155 Lavate,
3144 2093 3374 2160 inquam,
3402 2105 3707 2148 sanctorum

2133 2162 2578 2234 peregrinantium
2597 2161 2790 2234 pedes,
2819 2177 2886 2214 ne
2915 2162 3045 2214 forte
3077 2163 3126 2214 in
3156 2163 3258 2234 illis
3287 2174 3556 2234 remaneat
3587 2168 3707 2234 pul-

2135 2231 2228 2287 vis,
2257 2245 2410 2298 quem
2433 2229 2494 2302 ad
2515 2231 2770 2302 judicium
2787 2241 3022 2302 vestrum
3046 2233 3246 2302 possint
3267 2233 3332 2284 de
3359 2229 3711 2302 pedibus'suis

2132 2311 2397 2352 excutere.
2427 2298 2514 2352 Sic
2539 2300 2678 2353 enim
2707 2301 2758 2352 in
2786 2300 3070 2368 Evangelio
3095 2301 3225 2354 dixit
3251 2319 3264 2353 :
3293 2298 3390 2367 Qui
3412 2317 3516 2368 pou
3547 2323 3709 2357 susce-

2133 2372 2259 2442 perit
2287 2385 2392 2442 vos,
2423 2381 2653 2442 exeuntes
2680 2371 2890 2442 excutite
2918 2372 3166 2437 pulverem
3193 2373 3255 2423 de
3279 2374 3486 2442 pedibus
3514 2378 3706 2428 vestris.

2133 2441 2289 2491 Amen
2320 2440 2430 2491 dico
2455 2440 2588 2490 vobis
2612 2480 2625 2499 ,
2660 2440 2967 2492 tolerabilius
2990 2441 3081 2492 erit
3125 2440 3627 2496 terrce'Sodomorum
3658 2447 3708 2497 in

2132 2509 2213 2560 die
2237 2509 2412 2572 iudicii
2434 2551 2448 2584 _,
2468 2509 2729 2584 _qi_tam_illi
2755 2510 3172 2584 ciritatil-tllatth.
3205 2526 3240 2564 ι
3267 2553 3280 2575 ,
3318 2515 3435 2565 Met
3460 2516 3567 2584 15).
3598 2515 3710 2569 lloc

2132 2595 2260 2644 ergo
2287 2579 2606 2646 prazvidebat
2636 2579 2686 2632 iu
2717 2580 2902 2646 spiritu
2935 2581 3197 2633 Abraham
3224 2599 3237 2643 ;
3270 2591 3323 2635 et
3353 2584 3469 2636 ideo
3499 2579 3706 2638 vllebat

2133 2650 2424 2720 prgevenire
2453 2659 2508 2720 et
2535 2649 2709 2720 lavare
2738 2650 2914 2716 pedes,
2949 2664 3016 2703 ne
3040 2651 3163 2720 quid
3197 2651 3331 2705 forte
3363 2655 3591 2719 pulveris
3622 2671 3707 2708 re-

2133 2719 2348 2780 sideret,
2372 2718 2513 2786 quod
2542 2719 2605 2771 ad
2638 2721 2991 2772 testimonium
3016 2718 3397 2775 incredulitatis
3418 2739 3705 2778 excussum

2131 2798 2311 2860 posset
2333 2789 2386 2860 in
2407 2788 2493 2841 die
2517 2789 2690 2853 iudicii
2715 2790 2991 2843 reservari.
3019 2791 3301 2859 Propterea
3325 2808 3452 2860 ergo
3470 2795 3595 2846 dicit
3618 2811 3706 2846 sa-

2134 2859 2284 2932 piens
2313 2859 2599 2932 Abraham,
2626 2860 2880 2932 Accipiam
2909 2876 3110 2932 aquam,
3136 2871 3178 2913 et
3206 2859 3432 2914 tacentur
3457 2865 3604 2932 pedes
3627 2881 3703 2916 re-

2131 2929 2241 2980 stri.
2270 2929 2550 2996 Diligenter
2579 2928 2693 2981 lizec
2722 2929 2917 2994 audite,
2943 2929 3154 2996 fratres,
3178 2933 3264 2999 qui
3296 2928 3704 2999 hoSpiialitatem

2131 3014 2382 3052 exercere
2415 3015 2520 3051 non
2551 2999 2726 3058 vultis,
2752 3000 2838 3068 qui
2870 3000 3128 3068 hospitem
3158 3002 3303 3054 velut
3333 3002 3536 3056 hostem
3563 3005 3707 3057 exei-

2135 3069 2272 3136 pitis.
2311 3070 2442 3123 Ecce
2469 3069 2653 3121 beatus
2679 3070 2941 3122 Abraham
2966 3111 2980 3134 ,
3013 3071 3137 3123 dum
3171 3071 3412 3125 homines
3442 3073 3708 3126 ferventer

2130 3139 2404 3205 exciperet
2429 3179 2441 3200 ,
2476 3139 2646 3206 ipsum
2680 3139 2840 3192 Deum
2873 3140 3141 3206 suscipere
3174 3141 3542 3206 hospitalitatis
3573 3160 3702 3196 eon-

2134 3209 2472 3276 lemplatione
2499 3210 2807 3281 promeruit.
2841 3210 2950 3281 lloc
2969 3211 3128 3263 etiam
3159 3211 3208 3263 in
3239 3211 3522 3281 Evangelio
3550 3214 3708 3266 Chri-

2131 3287 2244 3351 ξιιμ.
2271 3280 2808 3351 confirmavit‘diccns
2839 3297 2850 3330 :
2891 3278 3088 3347 Hospes
3123 3282 3218 3350 fui,
3242 3292 3289 3333 et
3318 3278 3604 3351 suscepistis
3630 3301 3708 3335 me

2131 3347 2238 3417 (Id.
2264 3365 2382 3412 xxv,
2402 3350 2513 3416 55).
2533 3349 2703 3402 Nolite
2721 3365 2847 3416 ergo
2865 3347 3132 3417 negligere
3148 3347 3472 3418 peregrinos,
3493 3369 3556 3406 ne
3575 3355 3707 3407 forte

2130 3435 2286 3486 quem
2319 3434 2421 3470 non
2450 3421 2728 3486 excepistis
2753 3460 2765 3480 ,
2799 3422 2909 3488 ipse
2936 3422 3002 3472 sit
3029 3423 3285 3473 Christus.

2290 3488 2797 3562 Scau_itm-_tleiodem
2819 3502 3131 3562 argumento.
3171 3491 3269 3545 Ubi
3307 3500 3478 3545 tamen
3512 3492 3705 3546 factum:

2132 3558 2198 3611 sit
2225 3559 2322 3610 hoc
2343 3557 2660 3631 ‘I‘Adiliccm
2686 3557 2932 3619 Mambre,
2957 3563 3094 3627 quod
3117 3563 3163 3612 in
3183 3563 3339 3614 latina
3362 3563 3531 3631 lingua
3553 3564 3707 3617 inter-

2133 3638 2368 3700 pretatur
2393 3629 2546 3690 visio,
2572 3630 2681 3681 sive
2713 3630 3056 3696 perapicacia.
3088 3633 3243 3685 Vides
3270 3629 3447 3700 qualis
3466 3634 3532 3685 sit
3562 3635 3707 3687 locus

2132 3699 2183 3751 in
2214 3714 2318 3767 quo
2349 3699 2600 3751 Dominus
2629 3708 2800 3766 potest
2825 3700 3019 3752 habere
3048 3699 3390 3769 convivium?
3425 3703 3710 3757 Delectavit

2132 3770 2271 3821 enim
2291 3784 2408 3819 eum
2429 3769 2558 3821 visio
2581 3779 2632 3822 et
2657 3770 2974 3836 pet-spicaeia
2998 3771 3240 3824 Ahralne.
3261 3772 3386 3824 Erat
3405 3774 3543 3825 enim
3565 3791 3712 3826 umn-

2130 3839 2232 3891 dus
2256 3839 2416 3892 corde
2441 3880 2453 3901 ,
2488 3849 2542 3892 ut
2569 3849 2745 3906 posset
2771 3841 2932 3892 Deum
2964 3841 3162 3894 videre.
3197 3842 3249 3894 ln
3282 3843 3369 3894 tali
3397 3859 3523 3910 ergo
3551 3846 3665 3897 loco
3689 3886 3704 3909 ,

2130 3921 2182 3961 et
2214 3911 2262 3961 in
2307 3909 2393 3961 tali
2437 3911 2597 3963 Corde
2628 3919 2799 3976 potest
2840 3910 3130 3964 Dominus‘
3167 3911 3360 3966 habere
3386 3909 3705 3966 convivium.

2136 3979 2208 4032 De
2253 3982 2348 4031 ista
2379 3980 2582 4033 visione
2613 3981 2862 4032 Dominus
2892 3981 2942 4032 in
2978 3981 3260 4048 Evangelia
3292 3983 3497 4036 locutus
3537 3995 3613 4036 est
3641 3985 3708 4038 ad

2131 4049 2344 4102 Judmos
2392 4049 2619 4103 dicens:
2655 4050 2907 4101 Abraham
2955 4053 3219 4103 exsultavit
3266 4063 3319 4102 ut
3367 4054 3550 4105 videret
3568 4052 3711 4107 'diem

2135 4135 2296 4170 meum
2323 4137 2338 4180 ;
2369 4120 2489 4171 vidit
2529 4129 2572 4170 et
2600 4121 2800 4188 gavisus
2827 4130 2896 4172 est
2925 4119 3099 4185 (Joan.
3132 4138 3243 4179 vui.
3277 4123 3390 4186 56).
3425 4125 3590 4184 Diem,
3626 4127 3710 4177 in-

2133 4191 2263 4263 quit,
2290 4205 2462 4263 meum
2495 4189 2659 4263 vidit;
2693 4193 3148 4263 quﬁrmysterinm
3178 4192 3448 4263 Trinitatis
3473 4197 3709 4263 agnovit.

2135 4258 2276 4312 \"idit
2307 4259 2513 4311 Patrem
2545 4260 2682 4311 diem
2710 4301 2724 4322 ,
2759 4258 2946 4312 Filium
2975 4261 3115 4314 diem
3139 4303 3152 4323 ,
3188 4262 3436 4329 Spiritum
3468 4258 3708 4317 sanetum

2133 4331 2294 4393 diem,
2319 4331 2442 4381 etin
2467 4330 2547 4382 his
2571 4331 2736 4381 tribus
2756 4346 2916 4382 ununn
2939 4331 3078 4384 diem
3103 4350 3114 4384 :
3140 4333 3277 4385 sicut
3297 4342 3351 4386 et
3374 4335 3526 4387 Pater
3549 4337 3709 4394 Deus,

2134 4409 2180 4451 cl
2207 4400 2370 4453 Filius
2394 4400 2548 4461 Deus,
2569 4409 2620 4451 et
2641 4400 2866 4466 Spiritus
2887 4413 3102 4454 sanctus
3122 4403 3278 4467 Deus,
3297 4414 3350 4456 et
3374 4403 3423 4455 hi
3449 4415 3551 4456 tres
3574 4420 3712 4458 unus

2135 4469 2291 4542 Dens.
2314 4470 2443 4522 Nam
2466 4480 2514 4523 et
2539 4471 2837 4538 singulatim
2861 4472 3080 4540 singula:
3101 4489 3322 4540 qmcque
3346 4489 3584 4540 personzc
3609 4476 3715 4542 ple-

2135 4555 2233 4592 nus
2265 4541 2402 4593 Deus
2427 4579 2440 4602 ,
2471 4547 2524 4591 et
2553 4549 2673 4592 lolze
2703 4550 2808 4593 tres
2834 4542 2988 4594 simul
3019 4557 3155 4594 unus
3185 4543 3338 4595 Deus.
3368 4542 3496 4596 Nam
3526 4554 3577 4597 et
3610 4541 3714 4598 illis

2134 4611 2300 4663 tribus
2323 4610 2586 4663 mensuris
2609 4609 2938 4678 similaginis,
2962 4622 3175 4678 propter
3195 4613 3446 4666 unitatem
3471 4616 3712 4668 substan-

2134 4681 2220 4732 tize
2248 4692 2352 4750 non
2383 4679 2670 4750 incongrue
2697 4679 2851 4732 Pater
2878 4690 2931 4734 et
2958 4681 3120 4734 Filius
3160 4692 3212 4734 et
3239 4684 3464 4750 Spiritus
3493 4696 3714 4738 sanctus

2134 4749 2464 4822 intelligitur.
2481 4749 2638 4822 Quod
2668 4759 2841 4822 tamen
2866 4761 2919 4804 et
2939 4753 3045 4804 alio
3067 4753 3225 4806 modo
3247 4763 3419 4822 potest
3443 4756 3630 4821 accipi,
3657 4765 3717 4808 nt

2130 4819 2316 4875 Saram
2343 4819 2700 4888 intelligamus
2732 4819 3045 4883 Ecclesium,
3073 4832 3180 4877 tres
3211 4819 3486 4877 mensuras
3513 4819 3716 4878 siinila-

2131 4891 2288 4956 ginis,
2323 4890 2500 4951 fidem,
2531 4905 2678 4957 Spem
2707 4898 2761 4942 et
2803 4891 3134 4944 charitatem.
3168 4893 3220 4945 In
3265 4894 3344 4946 his
3375 4895 3513 4948 enim
3546 4896 3716 4948 trilms

2133 4961 2415 5032 virtutibus
2436 4961 2694 5013 universa:
2717 4961 2918 5016 fructus
2943 4964 3283 5016 continentur
3315 4965 3584 5018 Ecclesiae.
3609 4967 3715 5032 Qui

2135 5031 2248 5084 lucc
2271 5032 2366 5084 tria
2396 5036 2444 5083 in
2466 5046 2524 5102 se
2547 5032 2799 5102 meruerit
2823 5032 3036 5091 habere.
3061 5048 3281 5087 securus
3306 5045 3479 5102 potest
3499 5035 3563 5088 ad
3586 5031 3718 5088 con-

2132 5101 2326 5171 \'l\'lllﬂ_i
2351 5101 2526 5154 cordis
2547 5101 2624 5153 sui
2651 5111 2810 5154 totam
2830 5103 3138 5155 Trinitatem
3163 5101 3428 5171 excipere.
3477 5154 3482 5159 .

2204 5172 2255 5226 6.
2288 5169 2599 5243 posceiidere
2612 5171 2763 5243 ADeus
2783 5175 3030 5243 quomodo
3048 5169 3446 5243 iatclligatur.—
3463 5175 3586 5228 Post
3607 5176 3718 5229 hwc

2134 5243 2260 5295 dixit
2284 5240 2527 5295 Dominus
2553 5241 2618 5293 ad
2644 5240 2919 5302 Abraham,
2943 5242 3146 5297 Clamor
3177 5240 3514 5298 Sodomorum
3545 5255 3588 5297 ct
3613 5245 3714 5299 (ἕο.

2132 5312 2349 5365 morr/ta:
2373 5311 2596 5384 ascendit
2637 5312 2705 5384 ad
2733 5329 2808 5364 me
2839 5327 2857 5364 :
2886 5312 3119 5366 descendi
3150 5331 3266 5384 ergo
3295 5324 3347 5366 ut
3385 5317 3599 5368 viderent
3623 5356 3638 5380 ,
3670 5321 3719 5369 si

2132 5399 2294 5434 sermo
2321 5385 2406 5450 qui
2445 5383 2671 5452 venitrad
2698 5398 2775 5434 me
2797 5425 2810 5441 ,
2843 5399 2991 5450 opere
3031 5383 3380 5452 compleatur;
3410 5403 3473 5438 an
3514 5403 3612 5437 non
3644 5399 3719 5439 cst

2132 5455 2200 5504 ita
2228 5494 2242 5510 ,
2276 5462 2328 5503 ut
2373 5455 2546 5505 sciam.
2582 5451 2705 5505 Hae
2737 5453 3026 5520 Scriptura:
3059 5451 3182 5508 sunt
3209 5456 3368 5508 verba
3395 5471 3408 5521 ;
3441 5456 3718 5511 videamus

2133 5524 2256 5590 quid
2297 5523 2350 5574 in
2383 5524 2463 5574 bis
2493 5523 2712 5590 intelligi
2740 5523 2956 5591 dignum
2984 5525 3071 5578 sit.
3106 5523 3352 5579 Desccndi
3373 5568 3388 5591 ,
3423 5527 3590 5590 inquit
3618 5569 3630 5584 ,
3664 5539 3718 5580 nt

2135 5593 2367 5645 viderem.
2409 5593 2632 5659 Quando
2672 5593 2734 5646 ad
2777 5594 3045 5648 Abraham
3086 5611 3342 5663 responsa
3385 5595 3678 5650 redduntur
3706 5641 3719 5660 ,

2135 5678 2236 5715 non
2269 5663 2458 5716 dicitur
2485 5663 2808 5718 descendere
2839 5665 2976 5718 Deus
2998 5705 3012 5727 ,
3061 5665 3154 5720 sed
3184 5681 3340 5735 supra
3374 5668 3542 5735 ipsum
3573 5679 3717 5719 asta.

2134 5748 2190 5788 re
2227 5751 2237 5784 ε
2274 5748 2411 5786 nunc
2453 5743 2628 5786 autem
2659 5735 2776 5802 quia
2823 5745 3157 5804 peccatorum
3199 5751 3354 5790 causa
3386 5739 3596 5804 agitur,
3629 5739 3715 5789 de-

2201 5822 2213 5851 ¹
2239 5821 2320 5870 ιιιε
2343 5834 2387 5882 a;
2407 5822 2466 5870 ιιι]
2493 5829 2552 5871 Οι·
2572 5832 2752 5879 Senem
2780 5824 2984 5886 additur,
3012 5839 3121 5875 cum
3141 5824 3332 5885 Angelis
3351 5826 3465 5877 suis.
