3980 6532
466 372 628 430 4775

479 486 594 539 tius
636 482 879 546 visitare,
910 479 1002 536 sed
1033 480 1190 534 etiam
1217 479 1412 548 jngitcr
1453 479 1688 532 habitare
1717 477 1768 531 in
1799 477 1949 532 nobis
1978 479 2060 531 di-

467 563 712 623 :gnetur;
735 554 822 621 qui
847 566 966 623 cum
990 551 1142 604 Patre
1164 559 1216 623 et
1235 549 1434 618 Spiritu
1456 559 1639 603 sancto
1661 549 1786 602 vivit
1805 557 1859 602 et
1882 558 2064 617 regnat

489 621 544 678 in
572 624 760 679 saecula
783 621 1122 675 saeculorum.
1155 622 1343 672 Amen.

1009 707 1235 763 ssmto
1273 706 1413 762 xvu
1447 707 1543 778 (η).

537 803 641 857 ιῦθ
677 799 1025 856 colluctatione
1050 794 1416 869 Egyptiorum
1445 806 1490 850 et
1519 795 1866 850 lsraelitarunt
1896 796 1991 866 (ὁ).

551 897 611 948 .L
639 891 955 946 Tentatioues
981 889 1323 958 ingravescunt
1345 889 1562 940 instante
1581 886 1846 958 Pasclmte.
1873 886 2065 958 Quam-

487 966 590 1026 vis,
616 966 802 1017 fratres
821 956 1136 1019 cbarissimi,
1161 958 1303 1012 omni
1327 966 1566 1025 tempore
1591 956 1805 1010 verbum
1833 957 1920 1010 Dei
1945 971 2064 1008 cum

487 1032 674 1116 grandi
699 1029 1096 1116 desiderio'nos-
1109 1027 1606 1116 oporteat'ftdcli't‘er.
1617 1041 1839 1116 senipgr
1853 1026 2062 1116 ,πυρῇ-υ,

490 1095 545 1158 in
582 1103 697 1158 istis
735 1110 912 1154 tamen
944 1098 1130 1152 diebus
1151 1095 1468 1165 'specialitcr
1511 1095 1718 1151 lectioni
1760 1095 1950 1148 divina:
1983 1097 2065 1148 iti-

487 1176 702 1237 sistere,
730 1170 872 1224 etde
897 1168 1067 1222 salute
1094 1169 1282 1221 animze
1310 1175 1503 1219 nostra}
1529 1167 1786 1220 debemus
1813 1167 2064 1237 attentius

475 1235 722 1313 cogitare
749 1260 762 1295 :
789 1239 908 1313 quia
940 1239 1060 1292 licet
1080 1254 1184 1313 per
1209 1246 1377 1313 totum
1403 1237 1532 1313 anni
1557 1237 1782 1313 spatium
1813 1235 2067 1313 (ib-risim-

479 1305 678 1368 norum
715 1305 940 1382 populus
987 1305 1452 1382 mul'tisvvitiorum
1500 1305 2066 1382 fluctiliuscalliditate

489 1383 684 1438 diaboli
712 1375 972 1458 fatigetur,
1004 1377 1520 1458 adVCDiClllc’l’i‘lhllgn
1554 1375 1790 1428 Paschali
1817 1375 2066 1428 solemni-

491 1463 632 1518 tate,
663 1445 864 1518 majore
906 1449 1104 1517 impetu
1144 1445 1538 1518 contra'mfideles
1567 1460 1804 1514 quosque
1839 1459 1901 1518 se
1927 1459 2064 1518 pne-

492 1514 681 1591 para‘re
706 1514 1011 1581 consuevit,
1043 1525 1094 1569 et
1119 1517 1450 1591 gravioribus
1475 1524 1808 1591 peccatorum
1837 1514 2065 1591 stimulis

489 1583 650 1648 corda
696 1600 874 1644 nostra
917 1583 1271 1655 coiupuugere
1313 1587 1393 1637 vel
1441 1583 1731 1655 inquietare
1773 1583 2062 1655 contendit.

491 1663 640 1717 Sicut
668 1661 809 1716 enim
840 1659 891 1711 in
921 1653 1106 1710 diebus
1133 1653 1247 1710 istis
1272 1655 1335 1708 ad
1365 1654 1762 1709 similitudinem
1791 1653 1984 1706 diaboli
2011 1663 2066 1708 et

471 1732 799 1801 angelorum
830 1727 943 1796 ejus
975 1742 1067 1801 rex
1097 1725 1303 1801 Pharao
1341 1735 1395 1778 et
1431 1723 2066 1801 Egyptiorumpopulus

493 1793 943 1872 persequebantur
973 1797 1106 1872 filios
1139 1795 1296 1872 Israel
1316 1835 1330 1858 ,
1360 1803 1413 1848 et
1454 1793 1694 1872 luto_eos
1721 1793 2066 1872 ac__|ateri_bus

487 1862 788 1940 afﬂigentes
815 1862 1702 1940 ad_amaritudinemperducebant
1733 1880 1745 1914 :
1781 1862 1849 1940 ita
1884 1871 1935 1914 et
1969 1863 2067 1916 hoc

485 1931 730 2010 tempore
758 1937 1066 2010 imminente
1104 1931 1734 2010 Paschalisolemnitate,
1766 1931 2066 2010 quia_veros

491 2000 756 2067 Israelitas
783 2005 872 2077 qui
913 2005 1207 2077 b.tp'.iz_:ttit|i
1247 2014 1405 2077 sunt,
1433 2002 1579 2056 dolet
1602 2002 1846 2077 diabolus
1875 2000 1941 2055 de
1969 2015 2068 2054 suo

494 2081 727 2136 exercitu
760 2071 838 2131 vel
869 2071 1201 2144 possessiune
1230 2073 1523 2144 discedere,
1551 2071 1819 2144 graviores
1847 2084 2069 2144 consue-

494 2152 568 2204 vit
600 2140 960 2202 tribulatioues
989 2144 1270 2198 immittere
1290 2185 1303 2203 .
1333 2153 1389 2197 et
1417 2142 1616 2213 majora
1642 2140 1898 2213 scandala
1935 2155 2066 2194 cou-

495 2222 678 2273 citarc.
709 2218 811 2272 Sed
841 2229 955 2276 uos,
983 2215 1026 2267 si
1056 2214 1266 2284 Moysen
1293 2209 1582 2284 sequimur,
1608 2210 1657 2263 id
1684 2209 2064 2284 e_st,vsi_l.cgem

499 2291 720 2344 libenter
762 2286 1035 2346 audimus,
1068 2279 1297 2337 et'retro
1335 2279 1598 2350 respicere
1642 2280 1725 2334 vel
1767 2279 2067 2334 desiderare

496 2360 788 2430 Egyptuin
815 2354 1092 2430 nolumus;
1137 2354 1411 2430 Pharaone
1442 2352 1717 2430 submerso
1757 2365 1850 2430 per
1883 2363 2066 2430 sacra-

496 2419 729 2482 ιιιῶἷιίιηι
758 2424 1008 2490 Baptismi
1029 2464 1042 2484 ,
1075 2423 1216 2476 'vclut
1243 2437 1337 2491 per
1365 2421 1640 2474 transitum
1682 2421 1842 2472 maris
1883 2419 2062 2484 llubri,

483 2500 562 2553 de
591 2501 703 2567 ejus
731 2502 988 2567 potestate
1018 2494 1096 2546 vel
1125 2493 1340 2567 servitio
1367 2491 1675 2567 liberamur.

565 2557 634 2622 2:
662 2557 906 2618 Diabolus
934 2579 1033 2632 non
1064 2561 1372 2632 persequitur
1398 2560 1494 2612 nisi
1522 2559 1711 2632 bonos:
1733 2557 1863 2632 Deus
1891 2558 2064 2622 bonos,

497 2638 726 2692 diabolus
765 2634 923 2686 mulos
954 2628 1097 2684 habet
1127 2630 1377 2684 ministros
1404 2645 1541 2682 suos.
1573 2628 1933 2682 Certissimum
1964 2635 2064 2691 est,

498 2710 690 2762 fratres
714 2703 1008 2757 cbarissimi
1030 2743 1046 2764 ,
1077 2702 1196 2767 quia
1226 2698 1491 2768 quomodo
1519 2707 1642 2752 tunc
1672 2697 1902 2767 Egyptii
1933 2696 2068 2752 filios

476 2777 660 2832 »lsrael
703 2771 884 2830 multis
924 2770 1350 2825 tribulationibus
1393 2768 1459 2823 ad
1501 2769 1901 2822 amaritudinem
1945 2781 2069 2836 pcr-

498 2846 762 2901 ducebant
788 2861 800 2894 :
834 2842 925 2904 ita,
958 2841 1094 2910 sicut
1116 2840 1223 2910 jam
1254 2839 1482 2910 diximus
1500 2881 1513 2900 ,
1543 2847 1596 2892 et
1623 2839 1673 2891 in
1702 2837 1802 2910 hoc
1833 2846 2069 2910 tempore

497 2915 746 2970 diabolus
759 2921 812 2967 et
833 2909 1002 2980 angeli
1026 2907 1140 2980 ejus
1163 2909 1342 2980 lideles
1362 2907 1688 2980 Christianos
1708 2915 1762 2961 et
1784 2908 1933 2959 bonis
1952 2921 2072 2975 ope-

499 2987 648 3041 ribus
675 2983 880 3037 deditos
910 2979 1214 3050 impugnare
1243 2979 1326 3034 vel
1365 2979 1661 3050 inquietare
1694 2992 1798 3031 non
1839 2986 2067 3030 cessant.

501 3056 614 3110 lloc
638 3063 809 3108 tamen
837 3047 1028 3106 scitote
1049 3047 1280 3112 (fratres
1299 3090 1314 3111 ,
1341 3050 1460 3116 quia
1491 3047 1734 3102 diabolus
1759 3063 1862 3100 non
1892 3061 2071 3114 perse-

502 3126 681 3196 quitur
708 3123 804 3176 nisi
832 3123 1016 3175 bonos.
1042 3119 1206 3196 Malos
1232 3119 1394 3196 enim,
1428 3119 1743 3179 luxuriosos,
1775 3117 1996 3196 cupidos
2008 3123 2074 3196 ct

501 3185 761 3264 superbos
812 3191 1055 3264 persequi
1104 3189 1348 3244 diabolus
1396 3204 1496 3264 non
1543 3187 1816 3264 consuevit
1858 3204 1876 3264 Ξ
1917 3185 2072 3264 amici

503 3257 646 3319 enim
685 3257 826 3316 sunt
854 3259 935 3314 sui
956 3257 1070 3324 {et
1098 3274 1308 3328 semper
1340 3258 1658 3311 voluntatem
1690 3257 1824 3328 illius
1856 3257 2068 3328 faciunt.

482 3335 570 3389 Et
599 3335 650 3386 iu
680 3341 878 3385 tantum
909 3343 1002 3383 eos
1033 3347 1133 3382 non
1167 3326 1496 3397 persequitur
1517 3369 1531 3392 ,
1561 3336 1617 3380 tit
1644 3326 1802 3381 etiam
1833 3341 1926 3394 per
1956 3327 2073 3397 illos

505 3405 638 3457 alios
663 3395 1219 3472 persequatur.__.’lla_los_
1237 3395 1377 3452 enim
1399 3397 1643 3472 homines
1661 3397 1902 3472 diabolus
1923 3395 2073 3464 quasi

505 3466 723 3528 malleus
765 3466 850 3525 vel
892 3467 1093 3538 ﬂagella
1139 3470 1333 3522 habere
1371 3469 1660 3538 consuevit.
1706 3466 2074 3538 DcniqueAnon

491 3542 838 3613 persequitur
867 3536 1066 3613 bonos,
1108 3538 1204 3593 nisi
1234 3554 1326 3613 per
1349 3537 1738 3613 malos._llabet
1771 3550 1898 3604 ergo
1939 3536 2076 3613 Deus

508 3605 779 3667 iuinist'ros
798 3624 950 3672 suos;
975 3609 1133 3662 habet
1151 3618 1199 3662 et
1222 3605 1460 3662 diabolus
1479 3607 1749 3676 adjutores
1769 3620 1913 3658 suos.
1939 3605 2078 3660 Deus

506 3683 648 3738 enim
673 3697 766 3751 per
789 3679 1031 3751 homines
1051 3680 1240 3743 bonos,
1260 3688 1506 3751 tanquam
1531 3692 1624 3746 per
1642 3677 1914 3751 ministros
1928 3690 2073 3751 suos,

508 3755 614 3821 agit
640 3745 796 3806 omne
821 3749 960 3821 quod
987 3749 1180 3803 bonum
1210 3755 1291 3804 est
1320 3745 1604 3821 :iliabol’us
1629 3760 1754 3799 vero
1784 3761 1878 3814 per
1903 3745 2077 3798 homi-

511 3819 606 3876 nes
652 3822 852 3882 malos,
885 3820 1027 3872 velut
1064 3835 1158 3888 per
1199 3819 1451 3888 satellites
1473 3824 1877 3888 memoret-cet
1919 3828 2080 3888 omne

512 3890 652 3960 quod
683 3889 878 3960 malum
920 3899 1020 3960 est.
1063 3884 1198 3960 Deus
1241 3903 1333 3955 per
1370 3887 1624 3960 bonorum
1665 3884 2082 3960 misericordiam

514 3953 685 4013 nudos
704 3957 861 4012 vestit
884 3974 899 4011 :
919 3956 1158 4011 diabolus
1179 3953 1271 4026 per
1295 3957 1552 4009 malorum
1573 3956 1844 4026 avaritiam
1865 3953 2082 4026 vestitos

517 4029 793 4097 exspoliat.
829 4027 967 4080 Deus
996 4041 1090 4097 per
1118 4023 1357 4097 homines
1385 4026 1554 4097 bonos
1578 4024 1850 4078 discordes
1873 4023 1938 4097 ad
1959 4038 2086 4076 con-

517 4093 752 4152 cordiam
779 4093 1028 4150 revocat:
1057 4095 1293 4148 diabolus
1321 4111 1413 4162 per
1435 4095 1622 4163 impios
1644 4103 1697 4146 et
1715 4093 1976 4163 superbos
1993 4105 2086 4146 eos

517 4169 674 4248 etiam
698 4167 990 4248 quipacem
1013 4165 1208 4248 habere
1229 4165 1491 4245 videntur,
1512 4162 1579 4216 ad
1601 4163 1844 4248 scandala
1866 4162 2088 4216 vel-lites

519 4232 748 4307 instigat.
785 4232 848 4290 Et
886 4236 1006 4304 quia
1046 4235 1258 4307 longum
1297 4243 1380 4307 est
1416 4235 1492 4307 ire
1523 4247 1615 4302 per
1643 4232 1964 4307 singula,_ut
1985 4247 2088 4307 pro

518 4301 670 4363 certo
691 4301 940 4376 agnoscat
967 4314 1020 4360 et
1044 4301 1298 4375 intelligat
1322 4301 1562 4376 Charitas
1591 4301 1786 4376 vestra,
1809 4301 2091 4376 quia_sicut

518 4393 676 4432 omne
703 4371 840 4446 quod
870 4376 1063 4446 bonum
1090 4383 1197 4446 est,
1214 4371 1310 4446 per
1336 4373 1768 4446 bonosbomines
1790 4373 1894 4446 agit
1917 4371 2087 4446 Deus;

519 4449 590 4502 ita
617 4440 774 4501 omne
803 4445 942 4514 quod
970 4440 1286 4500 est-crudele
1314 4443 1607 4514 etimpium
1628 4483 1642 4506 ,
1669 4457 1768 4514 per
1794 4440 1961 4496 malos
1990 4440 2090 4514 ho-

520 4519 691 4572 mines
734 4509 1007 4570 consuevit
1045 4529 1293 4569 exercere
1335 4509 1575 4567 diabolus
1603 4529 1616 4564 :
1648 4509 1875 4580 denique
1913 4509 2091 4564 consi-

448 4602 451 4605 ·
523 4589 726 4651 derate,
753 4585 966 4648 fratres,
993 4593 1047 4638 et
1069 4582 1430 4650 corporalibus
1455 4583 1611 4636 ctiam
1639 4581 1804 4636 oculis
1824 4580 2090 4651 videbitis,

521 4650 789 4726 quomodo
820 4653 1263 4726 populusvdiaboli
1295 4653 1628 4722 persequitur
1659 4651 1904 4726 populum
1936 4650 2092 4702 Chri-

521 4671 789 4726 quomouo
820 4671 1044 4778 pqputus
1071 4671 1263 4708 atauon
1295 4671 1628 4722 persequitur
1659 4671 1904 4719 populum
1936 4671 2092 4702 uirt-

521 4729 625 4792 sti;
667 4727 793 4781 dum
837 4742 866 4778 a
910 4724 1065 4779 ultcri
1112 4733 1496 4792 persequuntur
1537 4732 1744 4784 castos,
1775 4721 2095 4792 insectantur

521 4790 730 4852 sobrios
759 4795 987 4859 ebriosi,
1017 4790 1300 4847 itumilibus
1332 4792 1642 4846 insidiantur
1666 4791 1877 4859 superbi
1898 4832 1912 4855 ,
1941 4790 2094 4844 beni-

520 4882 653 4936 gnos
683 4867 866 4930 invidi,
893 4865 1073 4936 largos,
1096 4864 1293 4932 cupidi,
1321 4870 1492 4936 Cleos
1519 4862 1608 4932 qui
1641 4860 2095 4936 mansuetudinem

527 4930 606 4991 vel
635 4938 939 5004 patientiam
977 4930 1240 4997 retinent,
1285 4930 1663 5004 aflligerejnon
1703 4930 1952 5004 desinunt
1991 4931 2096 5004 ira-

523 5001 704 5060 cundi.
742 5006 810 5059 Et
850 5006 967 5061 ideo
996 5004 1296 5059 consideret
1323 5001 1680 5071 unusquisque
1722 5002 2095 5054 conscientiam

525 5090 701 5140 suam,
729 5085 783 5128 ct
809 5076 853 5130 si
879 5090 938 5129 se
966 5075 1108 5128 videt
1133 5082 1186 5128 et
1215 5073 1267 5127 in
1295 5072 1610 5142 cogitatione
1632 5071 1756 5125 etin
1783 5085 2026 5142 sermone
2045 5081 2099 5124 et

526 5139 693 5215 opere
719 5159 929 5215 semper
957 5145 1096 5212 quod
1136 5145 1331 5198 bonum
1366 5139 1713 5215 est_diligere
1749 5149 1804 5195 et
1828 5140 1967 5215 q_uo_d
1997 5139 2098 5194 bo-

527 5211 736 5271 nestum
777 5211 858 5268 est
880 5211 1074 5282 jugiter
1102 5227 1383 5278 exercere;
1417 5213 1713 5266 ministrum
1753 5226 1810 5282 se
1851 5211 1951 5282 Dei
1980 5224 2100 5264 esse

527 5279 1288 5356 cognoscatetgaudcat._Qui
1308 5296 1444 5356 vero
1467 5296 1525 5336 se
1555 5282 1724 5352 ipsum
1765 5281 1904 5356 intus
1941 5279 2101 5356 inter-

527 5350 723 5428 rogans
749 5350 940 5409 viderit
967 5368 1024 5405 se
1051 5350 1192 5421 quod
1219 5350 1414 5406 malum
1441 5360 1522 5408 est
1540 5393 1556 5416 ,
1575 5350 1582 5352 ⁷
1601 5367 1704 5406 non
1743 5351 1913 5405 solum
1950 5351 2098 5420 cogi-

613 5467 665 5524 τι)
690 5464 829 5524 Alias,
849 5463 916 5514 de
937 5469 1173 5524 Tempore
1189 5459 1268 5510 85.

618 5522 668 5590 ὁ)
693 5536 742 5578 In
779 5522 1075 5590 Appendice;
1102 5534 1230 5571 nunc
1274 5523 1476 5590 primum
1508 5522 1796 5590 collocatur.
1841 5527 1969 5572 Inter
1999 5529 2100 5590 _Au-

469 5589 473 5592 ’
523 5584 865 5655 εαὲιίῃίωοέζ
906 5585 997 5638 sed
1032 5584 1219 5655 absque
1275 5585 1522 5654 Augustini
1571 5587 1798 5646 nomine,
1843 5584 2102 5655 Invenieti-

521 5643 608 5703 ἔω
623 5643 950 5714 reliquerunt.
977 5643 1241 5710 Augustino
1270 5643 1566 5714 suppositum
1598 5643 2102 5714 asserueruntuverli-

525 5725 622 5761 ntts
643 5721 696 5765 et
712 5705 988 5775 vindingus.
1005 5705 1139 5760 nunc
1161 5720 1250 5758 nos
1273 5705 1465 5755 omnino
1491 5708 1670 5755 ta‘sarii
1697 5720 1807 5756 esse
1825 5706 1943 5756 nulli
1960 5705 2100 5756 dubi-

522 5783 703 5826 tamus.

1954 366 2313 423 AI’PENDlX.

3617 356 3794 413 I776

2172 489 2315 537 tare.
2348 478 2439 532 scd
2468 478 2622 531 etiam
2654 475 2830 530 dicere
2863 476 2940 529 vel
2971 489 3254 538 exercere;
3299 474 3591 544 adiutorem
3633 474 3738 526 dia
3764 501 3793 512 ο

2173 550 2276 602 holi
2302 563 2361 602 se
2388 562 2506 603 esse
2532 547 2805 615 intelligat,
2837 545 2991 599 simul
3023 555 3072 598 et
3099 545 3271 599 doleat
3300 564 3313 608 ;
3348 556 3401 600 et
3428 545 3551 597 dum
3579 545 3797 596 adhuc

2172 619 2434 686 peccatrix
2466 627 2518 670 et
2555 616 2832 686 tenebrosa
2867 617 3039 669 anima
3084 615 3134 668 iu
3170 631 3392 684 corpore
3419 625 3798 686 SUOiClIClur

2174 685 2401 752 inclusa,
2430 703 2549 740 cum
2581 687 2667 738 Dei
2698 685 2957 751 adjutorio
2976 686 3041 738 de
3062 695 3320 754 potestate
3348 685 3542 739 diaboli
3574 701 3630 737 se
3660 701 3798 737 Cn-

2172 767 2325 812 netur
2360 772 2548 811 eruere
2577 773 2588 807 :
2619 770 2686 809 ne
2717 754 2852 808 forte
2879 757 2921 807 si
2956 756 3099 810 illum
3131 757 3282 807 malis
3311 756 3558 822 eperibus
3597 757 3791 808 iusis-

2172 837 2366 881 teutem
2409 841 2551 880 mors
2590 827 2868 894 repentina
2911 831 3176 894 rapuerit,
3207 840 3324 879 cum
3356 827 3563 878 diabolo
3601 827 3790 891 cujus

2171 898 2490 950 voluntatem
2540 895 2870 958 exercuerit,
2921 893 3186 948 mereatur
3215 896 3396 949 audire
3439 914 3449 947 :
3497 893 3793 947 Discedite

2169 985 2199 1020 a
2228 984 2322 1031 me,
2356 966 2624 1026 malcdiai,
2655 966 2704 1018 in
2733 965 2896 1033 ignem
2920 975 3179 1018 aeternum.

2253 1039 2306 1092 5.
2360 1036 2635 1088 Contrariis
2693 1050 2872 1087 sanare
2925 1035 3213 1098 contraria,
3267 1034 3622 1103 destructisque
3677 1035 3783 1089 νὶ-

2171 1107 2290 1173 tiis,
2331 1106 2536 1160 virtutes
2582 1115 2746 1158 sutore
2783 1105 3089 1156 studemnus.
3131 1103 3296 1158 Nemo
3344 1121 3402 1158 se
3452 1108 3776 1158 cit-rumve-

2171 1177 2320 1237 niat,
2363 1175 2552 1229 fratres
2604 1174 2918 1227 charissimi.
2967 1173 3334 1242 Unusquisque
3382 1177 3533 1243 cujus
3585 1191 3773 1242 opem

2169 1247 2253 1300 vel
2286 1246 2582 1300 voluntates
2611 1253 2822 1314 exercet
2851 1244 2900 1296 iu
2931 1243 3033 1314 isto
3059 1245 3253 1298 sazculo
3273 1284 3285 1305 ,
3329 1259 3448 1298 cum
3496 1245 3608 1314 ipso
3646 1247 3776 1298 erit

2170 1314 2504 1384 posmiodum
2549 1315 2599 1367 iu
2651 1313 2846 1366 futuro.
2883 1314 2960 1367 Ac
2994 1313 3070 1367 sic
3107 1314 3280 1384 omnis
3315 1313 3471 1366 homo
3503 1313 3593 1368 aut
3624 1330 3771 1368 cum

2169 1383 2381 1440 Christo
2424 1392 2737 1453 regnaturus
2766 1392 2877 1442 cst,
2904 1392 3012 1453 aut
3056 1399 3176 1436 cum
3215 1383 3423 1437 diabolo
3463 1384 3512 1436 in
3555 1385 3770 1438 inferni

2167 1455 2425 1523 supplicio
2446 1452 2776 1507 cruciandns.
2810 1453 2874 1505 Et
2901 1452 3016 1505 ideo
3044 1453 3169 1508 dum
3195 1462 3402 1520 tempus
3429 1465 3526 1516 est,
3553 1465 3602 1506 et
3623 1471 3769 1508 cum

2128 1559 2138 1566 -
2169 1525 2260 1578 Dei
2288 1524 2547 1605 adiutorio
2579 1523 2630 1605 in
2661 1531 2840 1605 nostra
2869 1533 3126 1604 potestate
3145 1524 3431 1604 .consisdt,
3466 1526 3772 1592 unusquis-

2167 1610 2269 1663 que
2296 1595 2383 1664 qui
2415 1609 2471 1647 se
2500 1593 2650 1664 malis
2681 1593 2926 1664 operibus
2967 1593 3016 1644 in
3037 1593 3290 1664 vsiuistrav
3311 1609 3428 1646 esse
3455 1599 3761 1662 cognoscit,

2170 1661 2470 1731 priusquam
2501 1663 2568 1716 de
2598 1662 2695 1714 hac
2727 1662 2840 1715 lucc
2869 1661 3134 1723 discedat,
3167 1663 3231 1716 ad
3262 1661 3539 1716 dexteram
3567 1673 3765 1716 trans-

2169 1732 2246 1787 ire
2272 1733 2585 1794 contendat,
2618 1742 2674 1785 ut
2703 1747 2804 1784 non
2843 1746 2962 1784 cum
2992 1733 3220 1786 sinistris
3248 1733 3426 1785 audiat
3447 1775 3458 1790 .
3498 1733 3769 1786 Discedite

2167 1819 2199 1854 α
2227 1820 2304 1856 me
2323 1846 2336 1869 ,
2365 1803 2616 1856 maledicti
2638 1843 2649 1860 .
2682 1803 2731 1854 in
2761 1803 2923 1872 ignem
2951 1813 3226 1872 atternum;
3256 1803 3346 1854 sed
3376 1803 3439 1854 ad
3470 1803 3762 1856 dexteram

2169 1872 2306 1926 inter
2331 1887 2493 1941 agnos
2522 1873 2702 1925 audire
2734 1870 2997 1925 ruet-eatur
3017 1915 3028 1931 ,
3070 1870 3241 1924 Venite
3261 1913 3272 1932 ,
3307 1872 3543 1925 benedicti
3577 1872 3766 1926 Patris

2169 1943 2284 2008 mei,
2314 1943 2550 2013 percipite
2572 1958 2778 2013 regnum
2809 1941 3020 2013 (Matth.
3044 1957 3169 2006 xxv,
3198 1943 3285 2002 41,
3314 1942 3425 2011 54).
3459 1943 3522 1995 Ει
3549 1953 3604 1994 ttt
3631 1943 3764 1996 bzi-c

2169 2010 2343 2066 omnia
2370 2010 2488 2065 cum
2520 2012 2608 2065 Dei
2641 2010 2900 2079 adjutorio
2931 2013 3191 2078 possimus
3215 2010 3462 2078 implere,
3495 2014 3764 2067 attentius

2169 2081 2236 2135 de
2265 2082 2452 2136 dandis
2479 2081 3177 2151 clecmosyniscogitemus.
3216 2081 3453 2147 Qualiter
3477 2090 3647 2134 autem
3680 2083 3762 2133 die

2169 2153 2382 2206 sinistra
2411 2149 2794 2205 trauscatur'ad
2825 2149 3116 2214 dexteram,
3145 2152 3359 2204 evidens
3389 2161 3441 2204 et
3470 2151 3758 2204 manifesta

2169 2223 2304 2274 ratio
2330 2222 2676 2276 demonstrat.
2710 2220 2808 2286 Qui
2848 2219 2946 2273 fuit
2984 2220 3255 2284 ebriosus,
3301 2221 3367 2273 sit
3406 2222 3643 2281 sobrius;
3677 2223 3764 2273 sit

2169 2293 2376 2359 patiens
2411 2289 2499 2360 qui
2540 2289 2707 2344 fuerat
2738 2290 3050 2352 iracundus;
3083 2293 3168 2358 qui
3200 2290 3404 2342 solebat
3435 2306 3518 2342 res
3543 2290 3762 2345 alienas

2171 2376 2360 2428 rapere
2380 2403 2394 2424 ,
2427 2361 2639 2429 incipiat
2676 2360 2832 2412 etiam
2874 2360 3115 2428 proprias
3146 2361 3458 2429 pauperibus
3489 2375 3711 2428 erogare
3738 2377 3757 2423 ;

2170 2431 2258 2498 qui
2302 2431 2506 2484 solebat
2547 2430 2860 2482 maledicere
2881 2470 2894 2491 ,
2929 2429 3237 2489 benedicat;
3271 2429 3356 2498 qui
3387 2429 3589 2482 solebat
3619 2446 3758 2496 per-

2164 2499 2364 2569 jurare,
2393 2500 2550 2553 etiam
2581 2514 2608 2551 a
2634 2499 2935 2569 juramento
2959 2500 3252 2563 abstini-at;
3284 2500 3373 2568 qui
3399 2511 3761 2569 consueverat.

2169 2568 2471 2634 detrahere,
2497 2584 2705 2638 semper
2730 2568 2870 2638 quod
2899 2569 3090 2622 bonum
3119 2577 3199 2624 est
3225 2570 3360 2638 loqui
3389 2568 3626 2628 studeat:
3654 2571 3757 2636 qui

2171 2643 2340 2694 fuerat
2360 2639 2584 2702 invidus,
2611 2639 2725 2707 pius
2746 2654 2862 2708 esse
2882 2639 3160 2692 contendat
3180 2656 3194 2699 ;
3217 2642 3305 2708 qui
3328 2647 3441 2692 erat
3465 2639 3756 2706 superbus,

2171 2711 2240 2764 sit
2269 2709 2499 2764 humilis.
2531 2709 2600 2762 Et
2636 2708 2735 2761 hoc
2763 2707 2947 2762 ordine
2977 2723 3186 2776 semper
3213 2707 3493 2762 contrariis
3529 2710 3756 2762 studea-

2172 2795 2290 2833 mus
2337 2795 2526 2834 sanare
2573 2779 2866 2841 contraria,
2895 2787 2947 2832 et
2983 2778 3268 2832 destructis
3309 2777 3482 2839 vitiis,
3525 2779 3761 2832 virtutes

2173 2849 2480 2903 festinemus
2503 2856 2726 2902 struere.
2759 2849 2822 2900 Et
2848 2849 2947 2901 hoc
2971 2849 3156 2902 ordine
3179 2849 3266 2916 qui
3294 2857 3416 2901 sunt
3441 2847 3489 2901 in
3512 2849 3756 2910 sinistra,

2175 2921 2399 2972 transire
2422 2927 2678 2972 conentur
2697 2917 2760 2970 ad
2783 2917 3073 2980 dexteram,
3099 2925 3152 2970 ut
3173 2926 3295 2972 ante
3317 2918 3544 2971 tribunal
3565 2918 3758 2971 aeterni

2172 2989 2373 3043 Judicis
2401 2989 2716 3057 quicumque
2748 2987 2866 3040 talis
2895 3003 3010 3041 esse
3040 2987 3296 3052 voluerit,
3325 2987 3508 3041 audire
3539 3003 3758 3040 merea-

2176 3057 2508 3140 tur,.lsjitgel,_
2522 3074 2662 3140 scrve
2689 3057 2888 3140 benenet‘
2909 3058 3101 3140 ﬁdelis,
3129 3058 3262 3140 intra
3294 3057 3623 3140 inngnuclium
3657 3058 3760 3109 do-

2183 3129 2307 3181 mini
2344 3125 2417 3181 tui
2459 3125 2617 3197 (Ibid.
2647 3142 2772 3191 xxv,
2802 3126 2912 3196 2t).
2936 3126 3025 3197 Ad
3052 3127 3190 3196 quod
3218 3141 3312 3181 vos
3340 3125 3592 3181 Dominus
3629 3143 3762 3194 per-

2173 3197 2366 3252 ducere
2396 3197 2671 3266 dignetur,
2703 3198 2786 3252 Cui
2818 3208 2898 3251 est
2934 3196 3102 3250 honor
3130 3212 3249 3250 cum
3285 3197 3440 3251 Patre
3467 3207 3518 3250 ct
3547 3197 3758 3266 Spiritu

2175 3277 2358 3322 sancto
2389 3267 2442 3321 in
2466 3267 2657 3322 saecula
2687 3269 3022 3321 saeculorum.
3057 3269 3224 3320 Amcn
3253 3267 3292 3320 ‘.

2671 3357 2900 3413 SEm-lO
2935 3357 3098 3412 xvut
3143 3356 3237 3428 (α).

2713 3446 2790 3501 De
2818 3445 3010 3516 Moyse,
3035 3463 3048 3500 l
3104 3445 3201 3517 (ὁ).

2251 3541 2302 3596 1.
2327 3537 2553 3596 Christus
2578 3541 2628 3591 in
2661 3537 2835 3608 Moyse
2855 3538 3120 3606 ﬁguratus.
3152 3537 3379 3590 Ecclesia
3404 3538 3455 3590 in
3481 3537 3586 3604 [ilia
3615 3535 3765 3590 Pha-

2181 3611 2370 3665 raonis.
2415 3609 2467 3662 lu
2509 3607 2993 3671 lectione’divina,
3045 3607 3236 3661 fratres
3275 3608 3608 3673 charissimi,
3641 3623 3768 3677 qua:

2181 3681 2332 3734 nobis
2365 3681 2581 3734 recitata
2609 3688 2710 3743 est,
2743 3678 3062 3741 audivimus,
3089 3677 3228 3746 quod
3259 3689 3600 3746 posteaquam
3632 3694 3768 3730 san-

2182 3761 2298 3805 ctus
2347 3749 2555 3818 Moyses
2594 3758 2755 3818 natus
2803 3756 2903 3809 est,
2963 3759 3176 3816 propter
3219 3757 3417 3818 metum
3469 3748 3768 3802 Pharaonis

2183 3821 2375 3874 missus
2392 3816 2460 3872 sit
2488 3819 2538 3870 iu
2580 3817 2829 3871 fiscellam
2857 3817 3136 3886 scirpeam,
3169 3827 3222 3870 ct
3252 3816 3515 3885 proiectus
3539 3818 3590 3869 in
3611 3831 3770 3870 care-

2184 3899 2325 3944 ctum
2363 3888 2614 3943 fluminis.
2645 3886 2702 3942 Si
2728 3887 3010 3956 diligenter
3030 3888 3352 3940 attendimus
3373 3927 3388 3949 ,
3417 3887 3602 3956 fratres
3629 3887 3770 3941 cha-

2186 3959 2380 4012 rissimi
2401 3999 2416 4023 ,
2461 3959 2598 4012 sicut
2635 3955 2844 4012 beatum
2877 3957 3018 4010 Isaac
3043 3965 3096 4010 et
3133 3956 3300 4011 Jacob
3325 3966 3380 4011 et
3425 3955 3620 4026 Joseph
3644 3996 3659 4016 ,
3692 3957 3768 4010 ita

2189 4029 2403 4098 Moysen
2445 4037 2624 4098 typum
2666 4027 2857 4098 Christi
2900 4027 3198 4098 pra-tulisse
3240 4027 3628 4098 cognoscimus.
3665 4027 3773 4098 Dc-

2189 4096 2350 4167 niq‘ue
2389 4096 2724 4152 considerate
2757 4097 3091 4167 diligentius,
3119 4105 3172 4150 ct
3210 4096 3452 4150 videbitis
3479 4105 3679 4167 quanta
3715 4097 3772 4151 in

2192 4165 2284 4222 illo
2312 4168 2419 4222 sint
2453 4168 2682 4237 figurata,
2717 4165 3240 4237 mystei-ia.Moyses
3270 4181 3300 4220 a
3333 4167 3550 4237 muliere
3583 4165 3772 4237 Judtea

2194 4238 2452 4303 nascitur,
2482 4235 2536 4292 et
2563 4252 2592 4289 a
2630 4235 2916 4290 Pharaonis
2959 4236 3063 4289 filia
3102 4235 3402 4305 adoptatur.
3443 4235 3569 4305 Filia
3622 4236 3768 4305 enim

2195 4307 2484 4362 Pharaonis
2522 4307 2809 4361 Ecclesium
2841 4307 3118 4375 figuravit,
3147 4303 3264 4374 quin
3289 4306 3491 4360 exierat
3518 4304 3583 4358 de
3608 4303 3775 4358 dumo

2198 4378 2370 4458 pati-is
2385 4378 2488 4458 sui,
2511 4385 2566 4430 et
2588 4377 2832 4456 veniebat
2860 4387 2916 4457 ut
2943 4375 3300 4458 lavareturad
3318 4375 3775 4458 aquani.“l’.lia.t;ao

2197 4444 2248 4500 in
2269 4446 2468 4501 diaboli
2505 4455 2686 4514 typum
2717 4446 3009 4514 accipitur:
3044 4446 3147 4499 lilia
3177 4447 3321 4512 ejus,
3353 4444 3488 4499 sicut
3509 4444 3637 4506 dixi,
3668 4445 3763 4498 Ec'

2197 4463 2248 4500 m
2269 4461 2468 4501 utaoon
2505 4461 2686 4568 tf'pum
2717 4461 3009 4514 accupttur:
3044 4461 3147 4499 una
3177 4461 3321 4512 eius,
3353 4461 3488 4499 sucut
3509 4461 3637 4506 uixi,
3668 4461 3763 4498 nos

2197 4516 2357 4570 clesia
2400 4517 2524 4586 intel
2552 4516 2921 4586 igituraQuod
2960 4525 3137 4570 autem
3184 4525 3332 4584 pater
3349 4515 3484 4586 _ejus
3529 4515 3778 4568 diabolus

2197 4594 2350 4640 antea
2394 4584 2588 4654 fuerit,
2613 4585 2864 4639 Dominus
2909 4587 2961 4639 iu
3014 4586 3297 4654 Evangelia
3341 4584 3552 4654 Iuda-os
3600 4585 3774 4638 incre-

2199 4671 2330 4726 pans
2356 4656 2465 4726 ait:
2499 4653 2618 4720 Vos,
2643 4655 2830 4723 inquit,
2855 4671 2916 4708 ea:
2934 4666 3075 4726 patre
3094 4653 3293 4726 diabolo
3313 4656 3429 4709 estis
3455 4653 3630 4724 (Jomz.
3655 4669 3774 4717 vm,

2198 4724 2312 4795 44).
2366 4725 2574 4779 Patrem
2605 4739 2749 4795 ergo
2795 4724 3062 4779 diabolum
3115 4725 3434 4795 habuimus,
3462 4739 3567 4777 non
3607 4739 3667 4777 cx
3711 4739 3779 4778 eo

2202 4794 2500 4860 nascendo;
2525 4794 2618 4848 sed
2652 4795 2909 4863 nequitias
2932 4795 3072 4850 illius
3103 4795 3376 4849 imitando.
3404 4794 3613 4847 Exierat
3647 4807 3779 4862 ergo

2202 4863 2304 4918 ﬁlia
2327 4864 2617 4919 Pharaonis
2651 4863 2720 4918 de
2745 4865 2902 4919 domo
2925 4867 3088 4934 patris
3113 4865 3190 4918 sui
3217 4905 3232 4929 ,
3265 4881 3382 4932 quae
3407 4864 3646 4932 quamvis
3672 4865 3780 4934 iui-

2202 4936 2347 5005 pium
2374 4935 2613 4989 habuerit
2640 4944 2864 5003 patrem,
2893 4933 3124 4989 attamen
3145 4935 3194 4988 ei
3216 4936 3409 4988 dicitur
3433 4951 3523 5005 per
3546 4933 3780 5002 prophe~

2206 5004 2309 5058 tam
2335 5021 2348 5058 :
2383 5006 2534 5068 Audi,
2567 5006 2695 5073 ﬁlia,
2726 5015 2770 5058 et
2809 5006 2951 5068 vide;
2973 5015 3017 5059 et
3045 5005 3331 5058 obliviscere
3360 5004 3600 5074 papulum
3639 5013 3782 5074 tuum

2204 5086 2251 5128 et
2279 5075 2482 5128 domum
2509 5076 2664 5145 patris
2689 5076 2762 5128 tui
2787 5075 2956 5143 (I’sal.
2984 5091 3122 5137 xuv,
3158 5075 3267 5145 ll).
3301 5073 3398 5141 Qui
3421 5073 3549 5145 dicit
3573 5091 3585 5125 :
3623 5073 3782 5145 Audi,

2204 5145 2333 5213 ﬁlia,
2357 5143 2627 5216 patcr'est.
2656 5146 2721 5200 Et
2757 5147 2846 5201 ille
2873 5146 2960 5215 qui
3006 5143 3318 5199 admonetur
3352 5143 3744 5198 obliviscendus
3767 5183 3780 5207 ,

2269 5277 2288 5310 ι
2306 5281 2360 5325 ιιι
2396 5277 2737 5339 manum-imis
2754 5277 3009 5339 sermonis
3030 5274 3273 5339 conclusio
3295 5289 3353 5325 ea
3375 5283 3470 5336 est,
3508 5282 3606 5325 Deo
3624 5281 3786 5326 alitem

2205 5345 2366 5402 nostra
2385 5336 2594 5402 (tonaret
2615 5336 2769 5402 gloria
2789 5337 2842 5389 in
3063 5336 3365 5389 seculorum.
3400 5349 3564 5388 anteit.

2289 5401 2341 5462 ᾳ)
2365 5400 2503 5458 Alias,
2526 5399 2590 5448 de
2612 5399 2847 5462 Tempore
2874 5400 2952 5448 86.

2295 5458 2343 5524 ti)
2369 5467 2418 5508 tn
2459 5458 2744 5524 Appendice'
2783 5473 2910 5524 nunc
2957 5461 3164 5524 primum
3200 5458 3478 5524 collocatur.
3524 5468 3626 5510 tam
3668 5471 3790 5511 ante

2206 5521 2384 5572 dubius
2425 5521 2540 5572 erat
2567 5521 2973 5584 Lovauiensibus,
3011 5523 3201 5572 V‘erlino
3241 5529 3292 5572 et
3332 5523 3562 5584 vindingo
3611 5534 3791 5584 suppo-

2207 5583 2857 5655 sititius:_§ensus_quosdam
2881 5593 2932 5655 et
2954 5584 3207 5655 nonnullas
3227 5585 3288 5633 ab
3305 5583 3518 5655 Origene
3539 5583 3685 5654 voces
3706 5595 3791 5655 {an

2210 5645 2341 5705 cepit
2363 5643 2493 5694 illius
2514 5643 2698 5702 auctor,
2737 5658 2834 5693 non
2856 5645 2997 5702 alius,
3029 5647 3297 5705 Opinamur,
3321 5643 3411 5694 nisi
3433 5645 3680 5694 Caesarius.
3719 5651 3790 5694 De

2209 5706 2429 5816 [12111ὲῂ14
2454 5705 2548 5754 vid.
2589 5706 2811 5768 Origenis
2849 5706 3012 5756 bomil.
3047 5705 3151 5756 21η
3187 5707 3422 5768 Exedunt;
3462 5707 3526 5756 de
3567 5717 3696 5755 num.
3739 5707 3788 5766 8,
