4006 6496
231 331 258 384 1
277 327 393 384 785

213 449 418 518 (Psal.
469 465 618 506 ιιι-ιιι
640 489 656 512 ,
703 449 808 514 15).
849 445 953 502 Sed
981 445 1026 500 si
1057 458 1216 516 pecus
1244 458 1360 499 esse
1389 456 1492 496 non
1521 442 1672 498 times
1693 485 1708 508 ,
1741 445 1825 500 vel

217 523 382 576 mori
417 521 549 574 sicut
579 533 734 585 pecus
763 519 907 572 tiiue.

311 591 370 645 7.
405 583 747 670 4rdor'bo'nus
767 597 814 640 et
835 589 988 670 ardor
1017 583 1439 670 maltt8.'Seittunt
1465 593 1784 670 praeceptum
1806 625 1820 649 ,

219 660 368 714 Non
398 654 610 712 aFcides.
641 657 797 712 Sexta
826 657 972 725 plaga
1000 697 1015 720 ,
1049 654 1269 725 pustulae
1298 654 1346 725 in
1372 669 1596 725 corpore
1619 693 1632 715 ,
1661 664 1712 725 et
1735 669 1822 725 ve-

213 733 368 784 sica:
399 728 677 783 humentes
698 737 748 780 et
771 721 1120 780 scaturientes
1145 723 1382 778 incendi-1
1408 724 1642 776 ulcerum
1665 723 1731 776 de
1755 721 1822 776 fa-

215 801 364 854 villa
394 798 642 853 fornacis.
671 797 827 850 Tales
856 805 978 850 sunt
999 795 1192 856 anima:
1223 792 1562 846 homicidales
1595 811 1608 845 :
1635 795 1823 846 ardent

215 871 312 924 ira
346 887 359 928 :
393 870 510 936 quia
543 883 635 935 per
659 866 788 919 iram
818 864 1083 936 homicidii
1113 862 1412 936 fraternitas
1443 863 1595 930 perit.
1621 863 1822 936 Ardent

217 931 488 992 homines
521 931 785 990 iracundia
805 977 818 1000 ,
849 934 1037 989 ardent
1067 943 1118 986 et
1147 935 1332 1000 gratia.
1367 931 1493 984 Nam
1525 941 1578 984 et
1599 933 1684 1000 qui
1710 931 1820 984 vult

213 1009 526 1063 subvenire.
546 1048 560 1071 ,
612 1005 775 1058 fervet
799 1047 814 1066 .
856 1015 908 1058 et
933 1005 1018 1071 qui
1049 1005 1152 1056 vult
1183 1002 1424 1054 accidere
1444 1042 1458 1060 .
1490 1000 1654 1054 fervet
1684 1018 1697 1056 :
1732 1001 1819 1055 ille

217 1087 538 1145 praecepto,
583 1076 681 1129 iste
720 1075 943 1145 inorbo;
984 1073 1069 1126 ille
1105 1072 1258 1145 bouis
1282 1071 1577 1145 cperihus,
1609 1071 1706 1145 iste
1733 1085 1819 1124 sa-

219 1139 728 1201 iiiosis-ulcerilms.
768 1144 812 1198 Ο
839 1145 880 1198 si
915 1157 1184 1210 possemus
1211 1141 1392 1194 videre
1414 1139 1616 1192 animas
1645 1140 1816 1192 homt-
1861 1157 1870 1166 ·

213 1217 507 1274 ςὶιιειιοιιιιι.
548 1216 662 1268 sine
698 1213 855 1266 dubio
887 1215 1001 1282 plus
1033 1211 1398 1280 plangor-emus
1423 1223 1580 1278 quam
1611 1220 1817 1278 putres-

213 1287 417 1341 centia
443 1301 664 1353 corpora
695 1285 1062 1353 ulceratortmt.

307 1355 364 1409 8.
412 1348 630 1408 Lucrum
667 1353 926 1421 injustam.
969 1349 1356 1421 Fttntesanintte
1379 1348 1810 1421 etcorporis._Se-

215 1425 420 1492 quitur
443 1417 761 1494 prtcceptnin
787 1423 1096 1494 septitmnn,
1129 1417 1518 1494 I_Vonfurab_rris
1541 1435 1559 1470 :
1585 1427 1638 1470 et
1665 1419 1812 1486 plaga

217 1489 464 1560 septima
487 1533 502 1557 ,
534 1489 730 1560 grando
753 1493 801 1544 in
827 1491 1096 1544 fructibus.
1123 1489 1271 1554 Quod
1298 1489 1604 1560 perfurtum
1629 1497 1810 1560 contra

223 1557 330 1616 lii-ii
366 1557 684 1630 pra‘eeptiini
710 1561 958 1614 subducis
979 1602 992 1623 ,
1016 1559 1082 1630 de
1103 1561 1238 1630 cosio
1261 1557 1646 1630 perdis:_Ne_ino
1669 1557 1809 1630 enim

222 1627 398 1686 habet
422 1627 668 1700 injuStum
693 1633 892 1684 lucrum
915 1630 1027 1683 sine
1043 1629 1186 1696 justo
1206 1629 1418 1700 damno.
1436 1627 1599 1700 Verbi
1621 1627 1807 1700 gratia.

217 1704 322 1768 qui
355 1697 584 1759 furatur.
617 1701 840 1766 acquirit
867 1711 1102 1762 vestem,
1133 1697 1222 1752 scd
1248 1699 1446 1752 cmlesti
1468 1697 1670 1768 judicio
1691 1711 1810 1768 per-

217 1767 310 1825 dit
359 1771 514 1825 fidem
564 1789 576 1824 :
623 1772 708 1824 ubi
754 1771 984 1833 lucrum,
1016 1769 1084 1822 ibi
1113 1770 1396 1830 daumutu;
1429 1767 1704 1820 visibililer
1733 1767 1810 1818 lu-

217 1857 420 1900 crum.
471 1841 800 1894 invisibiliter
839 1840 1126 1900 damnum;
1173 1841 1372 1892 lucrum
1415 1852 1507 1892 sua
1535 1836 1802 1897 ea-citate,

218 1911 486 1964 damnum
517 1912 580 1964 de
607 1911 808 1964 DOllliul
839 1911 972 1964 nube
993 1910 1028 1958 ι.
1057 1908 1193 1976 Ergo
1214 1910 1298 1968 qui
1322 1922 1416 1960 suo
1444 1907 1580 1959 malo
1601 1904 1808 1960 deside-

218 1983 314 2034 rio
357 1983 646 2034 forinsecus
677 1979 913 2033 furantur
933 2021 946 2042 ,
979 1980 1117 2043 justo
1140 1977 1338 2045 judicio
1371 1976 1462 2031 Dei
1489 1976 1806 2030 intrinsecus

217 2051 634 2118 grandiuantur.
661 2051 704 2104 0
725 2051 767 2102 si
793 2057 1008 2118 possent
1033 2050 1171 2100 fures
1193 2057 1282 2100 aut
1304 2059 1540 2118 raptores
1567 2046 1805 2112 aspicere

217 2117 418 2188 agrum
463 2121 638 2173 cordis
677 2121 756 2172 sui
780 2117 803 2184 ,ί
843 2119 1074 2187 proiecto
1115 2120 1349 2186 lugerent
1379 2125 1433 2171 ct
1467 2117 1801 2183 plaugerent,

218 2190 358 2243 dum
389 2191 454 2244 ibi
481 2206 582 2242 non
615 2190 910 2243 invenirent
936 2188 1074 2255 quod
1106 2189 1155 2240 in
1183 2203 1244 2240 os
1272 2188 1460 2238 animze
1491 2188 1761 2255 mitterent
1787 2201 1801 2244 ;

219 2261 442 2313 etiamsi
469 2261 517 2312 in
543 2259 679 2312 furto
703 2275 798 2312 suo
819 2253 1132 2318 inVenirent,
1153 2255 1292 2322 quod
1316 2257 1537 2323 gutturis
1559 2253 1804 2323 aviditate

220 2329 532 2383 Sorherent.
575 2328 740 2397 Major
781 2327 1066 2397 estfamcs
1106 2321 1296 2379 anima:
1321 2321 1490 2395 quam
1519 2321 1797 2397 _corporis,

223 2399 406 2467 major
453 2394 668 2462 iantes;
693 2396 1036 2467 periculosior
1078 2397 1258 2467 plaga.
1301 2394 1362 2448 et
1389 2394 1598 2467 gravior
1639 2407 1798 2467 mors.

221 2462 383 2533 Quod
412 2468 558 2536 pejus
583 2477 663 2520 est
683 2462 706 2532 ,’
727 2465 874 2519 nmlti
899 2480 991 2534 per
1009 2466 1159 2536 istam
1185 2465 1374 2517 litarem
1399 2462 1588 2536 unitate
1610 2462 1800 2536 mortui

224 2531 505 2592 ambulant
525 2579 538 2600 ,
564 2545 618 2590 et
645 2531 880 2590 viventes
903 2531 1114 2603 portant
1137 2533 1316 2588 funera
1339 2549 1452 2588 sua.
1485 2533 1672 2586 Vivere
1687 2531 1804 2603 qui-_

223 2609 353 2660 dem
399 2608 641 2660 videntur
681 2607 730 2660 in
769 2601 1022 2674 corpore;
1068 2603 1160 2658 sed
1197 2605 1349 2674 malis
1382 2601 1801 2674 actihusmortni

227 2678 515 2748 probanti."
569 2677 618 2748 in
662 2670 950 2748 animaCEt
978 2676 1128 2748 multi
1162 2673 1415 2748 inanima
1445 2671 1669 2748 famelici
1690 2713 1704 2734 ,
1736 2670 1802 2725 de

229 2741 382 2800 vanis
407 2747 488 2800 del
505 2747 609 2800 etis
633 2746 940 2815 gloriantur.
975 2747 1208 2814 Denique
1229 2745 1422 2815 bonum
1444 2741 1800 2815 Christianum

225 2818 500 2887 Scriptura
543 2810 682 2870 intus
717 2814 1084 2887 cssepdivitcm
1125 2810 1255 2887 dicit
1287 2832 1299 2866 :
1327 2810 1800 2887 Absconditus,__in-

225 2881 379 2956 quit,
435 2887 598 2940 cordis
646 2887 790 2940 vestri
840 2885 987 2938 homo
1005 2926 1032 2956 ,ί
1071 2886 1156 2952 qui
1203 2892 1274 2936 est
1316 2893 1434 2956 ante
1477 2881 1638 2956 Deum
1669 2881 1802 2934 dives

231 2951 275 3025 (⁷1
311 2955 451 3009 Petr.
491 2973 578 3020 ιιι,
621 2957 674 3024 4)
703 2972 716 3018 ;
745 2971 847 3008 non
875 2965 994 3008 ante
1019 2951 1262 3007 homines
1281 2995 1308 3025 ,Α
1327 2953 1420 3006 sed
1449 2961 1579 3025 ante
1598 2951 1757 3025 Deum
1783 2991 1797 3014 ,

229 3019 322 3080 ubi
371 3029 508 3100 Deus
545 3019 704 3100 videt.
747 3025 880 3100 Quid
910 3027 1154 3100 ergotibi
1187 3023 1502 3100 prodest,_si
1532 3021 1620 3100 ubi
1645 3019 1801 3100 homo

231 3112 339 3150 non
387 3097 565 3162 videt,
613 3090 837 3162 furaris;
878 3103 932 3150 et
961 3090 1048 3150 ubi
1077 3090 1216 3150 Deus
1241 3093 1408 3160 videt,
1435 3093 1578 3160 justo
1601 3090 1800 3159 judicio

228 3167 607 3238 grandinaris?

303 3237 358 3291 9.
415 3236 660 3302 Locusta,
707 3236 976 3289 detractor.
1025 3235 1277 3290 Octavum
1324 3240 1642 3304 praeceptum
1684 3237 1797 3295 est,

235 3305 447 3360 Falsum
475 3307 806 3360 testimonium
833 3323 932 3359 non
953 3305 1105 3360 dices.
1133 3305 1326 3359 Octava
1351 3306 1498 3372 plaga
1521 3345 1534 3366 ,
1561 3305 1762 3356 lucusta
1781 3341 1796 3364 ,

231 3377 427 3431 animal
467 3376 625 3432 dente
663 3377 898 3430 noxium.
925 3375 1060 3442 Quid
1087 3385 1262 3430 autem
1289 3375 1398 3429 vult
1426 3375 1584 3427 falsus
1612 3372 1794 3442 testis.

233 3447 335 3500 nisi
376 3463 568 3501 nocere
607 3445 924 3508 mordendo.
953 3440 1004 3499 et
1031 3459 1344 3500 coasumere
1369 3440 1710 3498 mentiendo?
1738 3441 1801 3494 Et

235 3517 356 3571 ideo
384 3532 481 3572 nos
500 3517 748 3571 admouet
773 3515 1056 3584 Apostolus
1075 3557 1090 3578 ,
1117 3532 1184 3570 ne
1208 3531 1306 3570 nos
1325 3516 1468 3570 falsis
1493 3511 1802 3584 criminibus

233 3595 542 3654 appelamus
570 3605 581 3640 :
613 3587 707 3650 Si,
737 3582 902 3656 inquit
921 3627 934 3650 ,
962 3587 1200 3641 mordetis
1229 3597 1272 3656 et
1297 3582 1797 3656 comeditisinvicem,

235 3657 393 3710 videte
419 3673 480 3710 ne
500 3658 559 3710 ab
585 3658 791 3710 invicem
812 3654 1172 3709 consumamini
1197 3655 1393 3724 (Galat.
1417 3657 1450 3709 5
1473 3696 1487 3718 ,
1523 3654 1632 3721 15).

311 3727 386 3781 10.
406 3727 557 3780 Actus
587 3727 888 3780 matrimonii
913 3727 1110 3792 quando
1136 3720 1234 3780 non
1259 3729 1366 3780 sine
1392 3720 1612 3795 peccato.
1642 3720 1802 3795 :idul-

237 3797 329 3849 teri
375 3797 542 3864 furore
559 3805 892 3850 exctrcantur.
919 3789 1124 3849 Nonum
1150 3789 1463 3862 pra-ceptum
1504 3803 1617 3858 est,
1659 3789 1804 3844 Non-

235 3868 550 3937 concnpisees
574 3883 777 3918 uxorem
802 3867 1017 3934 proximi
1037 3867 1127 3918 tui.
1153 3866 1296 3920 Noua
1321 3867 1464 3935 plaga
1487 3905 1502 3928 ,
1529 3865 1706 3937 densa!
1729 3869 1804 3913 te-

237 3934 433 3990 nebrze.
475 3935 528 3990 Si
567 3937 706 3988 enim
735 3944 1005 4004 peccatum
1033 3945 1110 3986 est
1133 3934 1347 3988 uxorem
1374 3934 1638 4003 pr0priain
1665 3973 1677 3990 .
1706 3946 1802 3982 ex-

235 4015 382 4072 cepta
403 4021 556 4058 causa
585 4006 829 4068 filiorum,
857 4020 1161 4070 agnoscere;
1186 4007 1340 4074 quale
1365 4017 1512 4074 putas
1530 4011 1802 4073 peccatum

237 4085 348 4138 est,
381 4091 484 4128 non
517 4077 686 4128 solum
717 4075 766 4127 in
795 4091 886 4126 sua
918 4089 1163 4143 peccare,
1197 4077 1286 4128 sed
1315 4085 1366 4128 et
1394 4077 1616 4128 alienam
1646 4083 1806 4138 appe-

239 4145 382 4199 tere?
407 4143 542 4199 Vere
579 4145 756 4198 densa:
783 4154 902 4197 sunt
935 4145 1162 4197 tenebra:
1195 4163 1207 4196 :
1241 4145 1368 4198 nihil
1395 4147 1534 4200 enim
1562 4144 1638 4198 sic
1661 4143 1806 4194 dolet

237 4215 288 4270 in
311 4215 466 4268 corde
493 4215 734 4282 patientis
754 4254 768 4275 ,
792 4229 894 4282 quo
921 4215 1076 4266 modo
1101 4215 1142 4266 si
1171 4231 1302 4268 uxor
1331 4217 1468 4269 illius
1494 4221 1801 4283 appetatur;

239 4295 291 4340 et
317 4286 398 4352 qui
421 4281 521 4338 hoc
544 4281 849 4342 facitalteri.
873 4283 998 4336 nihil
1030 4294 1109 4337 est
1133 4286 1272 4354 quod
1301 4286 1374 4338 .~ic
1395 4281 1668 4352 velitpati.
1690 4281 1805 4334 Alia

240 4357 370 4409 mala
409 4357 578 4408 solent
618 4354 858 4407 homines
891 4355 1151 4424 patienter
1180 4357 1462 4423 excipere;
1498 4356 1597 4408 hoc
1629 4361 1804 4424 autem

241 4425 415 4478 nescio
437 4435 611 4478 utrum
637 4439 860 4492 unquam
891 4421 1111 4478 inveniri
1143 4421 1388 4492 potueiit,
1411 4427 1496 4492 qui
1522 4421 1807 4478 tolerabili-

241 4505 317 4548 ter
346 4495 519 4550 ferret.
549 4497 592 4548 0
619 4509 774 4563 quam
803 4493 996 4547 densas
1017 4495 1260 4549 tenebras
1283 4497 1549 4562 patiuntur
1567 4495 1653 4563 qui
1683 4495 1805 4548 talia

242 4565 426 4618 faciunt
449 4573 500 4616 et
522 4565 640 4618 talia
666 4565 1072 4633 concupiscunt!
1109 4565 1239 4618 Vere
1269 4575 1600 4618 exca‘cautur
1628 4566 1806 4618 furore

243 4633 470 4688 horribili
501 4650 515 4686 :
549 4633 692 4686 furor
715 4633 855 4687 enim
885 4633 1168 4687 indomitus
1194 4645 1302 4698 est,
1333 4637 1558 4690 alienam
1585 4650 1804 4690 tutorem

240 4704 613 4760 eommacnlare
637 4703 776 4758 velle
801 4713 956 4772 atque
984 4705 1236 4770 polluere.

308 4775 387 4828 11.
443 4773 798 4827 Htrreditatem
849 4773 1116 4827 ambientes
1165 4776 1400 4829 alienant.
1464 4773 1806 4843 Primogenita

241 4845 398 4898 cordis
437 4845 579 4910 ﬁdes.
625 4843 893 4896 Decimum
937 4853 1256 4910 pra-ceptum
1297 4856 1410 4906 est,
1455 4845 1576 4898 Non
1615 4861 1802 4898 concu-

243 4916 390 4983 pisces
421 4913 581 4984 ullant
601 4930 704 4965 rem
733 4911 947 4981 proximi
975 4914 1065 4966 tui.
1091 4913 1221 4967 Huic
1242 4915 1489 4969 mandato
1512 4917 1658 4984 plaga
1680 4931 1806 4968 eon-

245 4985 389 5036 traria
433 4992 513 5036 est
554 4983 778 5044 decima,
805 5000 946 5035 mors
977 4985 1467 5052 primogenitorum.
1495 4983 1693 5038 Omnes
1722 5000 1804 5038 res

279 5068 363 5105 uas
391 5053 584 5107 habent
605 5052 862 5116 homines,
888 5053 1184 5106 Incredihus
1208 5063 1459 5118 servant;
1488 5064 1542 5109 ct
1565 5055 1614 5108 in
1641 5056 1808 5108 barre-

279 5069 363 5105 uas
391 5069 584 5107 nanent
605 5069 862 5116 nomines,
889 5069 1184 5106 mereunms
1208 5069 1459 5118 servant;
1488 5069 1542 5109 et
1565 5071 1614 5108 in
1641 5069 1806 5108 narre-

243 5069 387 5178 dihns
425 5123 552 5176 nihil
583 5124 946 5192 primogenitis
969 5122 1200 5176 charins.
1231 5123 1328 5190 Qui
1355 5127 1538 5177 volunt
1567 5139 1653 5178 res
1680 5125 1806 5176 alic-

245 5205 332 5247 nas
368 5201 616 5262 tanquam
654 5192 796 5262 justo
843 5193 1144 5261 possidere.
1189 5193 1430 5247 lucredes
1469 5209 1526 5248 se
1563 5203 1807 5262 qumrnut

247 5261 348 5316 ﬁeri
388 5275 416 5315 a
459 5261 801 5316 morientibus
832 5281 844 5316 :
874 5262 996 5330 quid
1025 5264 1164 5316 enim
1196 5273 1299 5316 tant
1327 5264 1526 5331 justum
1559 5261 1763 5318 videtur
1788 5307 1802 5329 ,

245 5347 388 5402 quam
427 5347 538 5386 rem
579 5333 676 5385 sibi
705 5333 1008 5386 derelictam
1041 5334 1349 5400 possidere?
1379 5335 1509 5387 Dicit
1538 5335 1678 5388 enim
1707 5335 1802 5385 ali-

247 5402 352 5472 quis
397 5421 410 5454 :
460 5402 744 5456 Dimissuin
785 5416 864 5456 eSI
901 5403 1066 5472 mihi;
1099 5412 1468 5456 testamentum
1503 5405 1636 5472 lego.
1667 5403 1804 5457 Nihil

250 5471 444 5527 (videtur
472 5473 666 5542 justius
702 5473 798 5526 ista
829 5487 976 5526 voce.
1005 5471 1082 5526 Tu
1112 5473 1294 5528 laudas
1320 5475 1466 5543 quasi
1489 5471 1610 5543 jure
1637 5477 1804 5544 possi-

279 5631 400 5696 _‘_lta
445 5628 668 5692 plerique
710 5633 816 5696 uss.
861 5631 1288 5696 etimttugvtstino.
1330 5639 1391 5696 pst
1425 5643 1485 5684 ε..
1518 5629 1578 5680 (le
1623 5631 1808 5696 ηουιίιή

245 5689 420 5760 visione.
439 5689 482 5739 é.
503 5689 684 5760 autem,
714 5690 776 5739 tle
802 5689 990 5740 Domini
1011 5689 1250 5752 (equitate.
1279 5694 1396 5742 Editi
1423 5707 1557 5752 vero,
1579 5693 1805 5756 qlli'ljtllll

163 5815 172 5820 ι
246 5757 341 5801 ικιιι
360 5757 462 5805 sine
483 5757 724 5815 (quitum.

1656 330 1880 388 SlillllO
1929 333 2088 392 XXII.

3373 340 3506 398 1786

1933 449 2144 504 dentem
2171 493 2186 515 ,
2233 451 2371 505 Deus
2405 449 2618 504 damnat
2645 447 2836 518 injuste
2863 450 3342 518 concupiscentem.
3374 454 3504 512 Vide

1932 520 2103 587 qualis
2141 536 2223 584 es,
2257 521 2342 590 qui
2364 529 2525 590 Optas
2552 528 2601 572 te
2626 519 2692 590 ab
2716 521 2892 588 aliquo
2920 519 3181 574 Incredcni
3213 523 3320 575 fieri
3353 541 3366 577 :
3397 541 3501 580 non

1931 602 2067 658 ergo
2101 591 2180 644 vis
2209 589 2480 644 ut'haheat
2508 603 2632 642 suos
2663 589 2899 643 ha'rcdes
2923 631 2935 650 ,
2969 590 3021 642 in
3050 591 3240 658 quibus
3268 594 3394 645 nihil
3419 605 3502 650 est

1930 657 2141 712 charins
2192 658 2590 726 primogenitis?
2633 658 2856 712 Proinde
2897 660 2946 711 in
2995 657 3356 726 primogenitis
3397 665 3501 717 tuis

1932 729 2192 800 punieris,
2235 730 2320 798 qui
2350 728 2768 800 concupiscendo
2793 744 2878 800 res
2907 728 3104 800 alienas
3127 771 3140 792 ,
3166 729 3216 785 id
3243 740 3353 794 est,
3381 749 3500 800 (ιιιεο

1930 797 2020 868 tibi
2053 796 2172 868 jure
2211 796 2315 852 non
2351 799 2639 859 debentur,
2667 797 2814 865 quasi
2836 799 2983 868 juris
3001 800 3183 853 umbra
3217 796 3496 868 perquiris.

1927 865 2111 938 Perdis
2151 883 2277 938 ergo
2323 868 2677 938 primogenita
2694 875 2796 920 tua.
2827 867 2930 922 Sed
2963 867 3112 920 facile
3142 865 3458 938 est—quidem
3479 912 3494 934 ,

1927 934 2114 991 fratres
2135 981 2148 1002 ,
2183 934 2527 1006 corporaliter
2553 935 2772 1004 perdere
2803 938 3181 1006 primogenitos
3205 955 3218 1000 ;
3247 934 3496 996 mortales

1924 1007 2066 1060 enim
2105 1019 2228 1062 sunt
2254 1007 2527 1068 homines,
2550 1007 2670 1078 sive
2697 1015 2818 1078 ante
2850 1018 3095 1078 parentes
3125 1010 3235 1062 sive
3264 1018 3376 1076 post
3409 1026 3497 1078 pa-

1923 1085 2102 1130 rentes
2147 1078 2389 1132 morituri
2431 1077 2720 1128 moriantur
2752 1093 2765 1129 :
2796 1076 2934 1130 istud
2965 1077 3244 1131 molestum
3273 1085 3356 1132 est
3380 1076 3494 1144 ,ine

1923 1159 2018 1212 per
2061 1146 2196 1202 hanc
2237 1147 2494 1216 occultam
2532 1155 2582 1197 et
2612 1145 2856 1216 injustam
2884 1147 3362 1215 concupiscentiam
3387 1150 3494 1216 pri-

1923 1218 2185 1282 mogenita
2215 1217 2390 1270 cordis
2418 1215 2489 1268 tui
2518 1213 2726 1276 perdas.
2753 1213 3100 1283 Primogenita
3123 1218 3299 1270 cordis
3327 1213 3492 1272 nostri

1923 1283 2050 1336 fides
2084 1295 2163 1356 est
2188 1302 2404 1356 {nemo
2441 1283 2579 1338 enim
2622 1284 2765 1356 bene,
2795 1297 3043 1352 operatur
3070 1286 3168 1338 nisi
3194 1287 3322 1342 ﬁdes
3351 1303 3490 1356 pra:-

1919 1355 2160 1426 crsserit.
2202 1355 2386 1426 Omnia
2421 1363 2715 1426 opera__t_ua
2743 1355 2889 1426 bona
2931 1356 3018 1426 lilii
3058 1357 3132 1426 tui
3174 1365 3296 1410 sunt
3331 1355 3492 1426 spiri-

1922 1425 2126 1487 tuales;
2155 1425 2244 1478 sed
2267 1425 2403 1477 inter
2419 1424 2548 1476 istos
2563 1423 2652 1476 tibi
2677 1424 3020 1490 primogenita
3047 1425 3176 1478 ﬁdes
3206 1433 3304 1478 est.
3333 1423 3490 1490 Quis-

1917 1493 2034 1560 quis
2082 1509 2191 1548 rem
2215 1495 2441 1548 alienam
2460 1492 2666 1546 occulte
2687 1493 3029 1559 concupiscit,
3052 1494 3307 1548 internam
3333 1495 3488 1548 fidem

1921 1562 2109 1629 perdit.
2147 1563 2258 1616 Erit
2287 1563 2426 1616 enim
2455 1563 2679 1630 primum
2711 1565 2825 1616 sine
2854 1561 3012 1615 dubio
3041 1563 3317 1618 simulator
3337 1565 3492 1619 obse-

1917 1647 2084 1700 quens
2109 1647 2210 1685 non
2237 1632 2494 1687 charitate
2512 1674 2526 1696 ,
2556 1631 2646 1684 sed
2677 1631 2859 1686 fraude
2878 1672 2892 1696 ,
2919 1633 3078 1687 veluti
3105 1648 3289 1686 amans
3311 1649 3430 1687 eum
3457 1649 3487 1686 a

1916 1715 2020 1768 quo
2041 1716 2096 1755 se
2119 1703 2262 1768 cupit
2283 1702 2394 1755 lieri
2425 1700 2708 1755 lueredem.
2735 1703 2929 1756 Amare
2954 1717 3010 1756 se
3030 1702 3160 1756 dicit
3183 1719 3304 1757 eum
3329 1719 3486 1771 quem

1915 1771 2046 1822 mori
2087 1771 2381 1834 desiderat,
2419 1781 2470 1825 et
2500 1780 2556 1824 ut
2583 1785 2758 1824 rerum
2789 1773 2902 1838 ejus
2927 1787 2985 1826 se
3009 1772 3184 1827 videat
3213 1787 3492 1842 possesso-

1915 1855 2024 1894 rem
2045 1881 2060 1902 ,
2089 1850 2236 1909 optat
2263 1851 2316 1893 ut
2344 1843 2613 1908 proprium
2641 1855 2744 1893 non
2773 1843 3034 1908 relinquat
3059 1843 3344 1896 lnrredem.

1985 1911 2070 1963 12.
2119 1911 2432 1964 Adhortatio.
2463 1911 2585 1963 llaec
2608 1951 2622 1972 ,
2653 1909 2839 1980 fratres
2858 1953 2871 1972 ,
2901 1913 3246 1979 comparatio,
3275 1919 3327 1964 et
3357 1927 3490 1980 quo-

1911 1977 2031 2032 dam
2078 1981 2232 2031 modo
2273 1981 2618 2034 Contrariclas
2655 1979 2837 2050 tlcct'm
2884 1977 3267 2050 pl'mceptorttm
3303 1990 3355 2034 et
3375 1977 3486 2034 de-

1911 2064 2026 2102 rcm
2068 2050 2336 2119 plagarum
2377 2059 2560 2102 cautos
2597 2063 2692 2101 nos
2729 2049 2916 2108 faciat.
2963 2060 3019 2102 ut
3072 2051 3357 2104 habeamus
3403 2065 3490 2104 se-

1917 2121 2026 2172 euri
2069 2135 2156 2172 res
2192 2130 2398 2172 nostras
2425 2121 2474 2172 in
2505 2119 2778 2186 pneceptis
2805 2119 2893 2170 Dei
2928 2137 2940 2172 :
2969 2135 3081 2183 res,
3109 2121 3352 2188 inquam.
3387 2134 3485 2172 no-

1910 2197 2046 2241 stras
2075 2189 2356 2244 interiores
2381 2229 2394 2252 ,
2415 2197 2469 2242 et
2491 2187 2540 2240 in
2566 2203 2684 2240 arca
2707 2189 3044 2243 conscientia'.
3069 2187 3262 2243 nostra:
3285 2189 3487 2257 reposi-

1913 2265 2011 2327 tas.
2042 2258 2142 2326 Ipsi
2175 2269 2298 2312 sunt
2328 2257 2557 2312 thesauri
2579 2259 2774 2322 nostri,
2797 2273 2928 2327 quos
2955 2259 3105 2312 nobis
3131 2274 3228 2312 nec
3255 2257 3354 2322 iur,
3389 2273 3485 2311 nec

1910 2325 2084 2390 latro,
2131 2343 2231 2382 nec
2269 2329 2472 2381 vicinus
2512 2327 2680 2379 malus
2715 2325 2908 2394 poterit
2936 2329 3216 2396 aliquando
3241 2327 3480 2390 auferre,

1909 2396 1997 2450 ubi
2021 2411 2118 2450 nec
2143 2398 2279 2452 tinea
2308 2412 2404 2451 nec
2430 2396 2613 2466 rubigo
2634 2405 2714 2449 est
2740 2397 3040 2451 metuenda.
3062 2397 3179 2450 [stre
3201 2407 3322 2450 sunt
3343 2398 3483 2450 enim

1909 2481 2048 2519 vera:
2088 2466 2283 2521 divitia:
2305 2509 2319 2530 ,
2354 2467 2402 2519 id
2428 2473 2508 2519 est
2527 2507 2541 2524 .
2571 2467 2706 2518 bona
2735 2468 3084 2526 conscientia.
3111 2467 3310 2534 justitia
3335 2508 3347 2528 ,
3383 2467 3481 2518 iiii-

1909 2536 2193 2590 sericordia
2220 2577 2236 2602 ,
2264 2538 2477 2590 castitas
2503 2543 2658 2604 atque
2689 2537 2968 2590 sobrietas.
2991 2537 3091 2600 Qui
3114 2537 3306 2588 talibus
3327 2537 3485 2589 rebus

1909 2605 2106 2686 plenus
2122 2615 2232 2686 est,
2257 2606 2551 2686 dives'erit“,
2575 2605 2781 2658 etiamsi
2805 2605 2868 2657 de
2887 2605 3160 2686 naufragio
3183 2605 3352 2658 nudus
3393 2620 3486 2656 ex-

1909 2673 2046 2728 ierit.
2071 2673 2174 2729 Sed
2221 2675 2332 2728 limc
2369 2675 2411 2728 si
2457 2675 2736 2741 diligenter
2779 2674 3048 2728 attenditis
3072 2673 3095 2737 ,ί
3135 2684 3188 2727 et
3223 2691 3338 2742 qum
3363 2683 3487 2728 sunt

1909 2745 2044 2814 mala
2084 2745 2298 2814 fugere,
2332 2753 2386 2798 et
2411 2745 2528 2813 qua:
2558 2743 2692 2797 bona
2748 2752 2871 2814 sunt
2908 2745 3180 2798 volueritis
3199 2745 3485 2814 auxiliante

1909 2813 2018 2868 Deo
2056 2813 2342 2876 exercere,
2385 2815 2530 2867 eritis
2571 2814 2796 2883 populus
2839 2813 3078 2876 Domini,
3117 2825 3170 2869 et
3209 2813 3276 2868 de
3307 2815 3483 2882 iniqua

1907 2883 2275 2954 Egyptiorum
2298 2885 2549 2937 S'lClClﬂle
2574 2926 2585 2942 .
2615 2884 2662 2936 id
2689 2893 2771 2937 est
2794 2923 2809 2946 ,
2833 2883 3184 2951 Spiritualium
3215 2883 3478 2952 nequitia-

1909 2969 2022 3006 rnm
2074 2955 2436 3018 persecutione
2479 2955 2680 3006 liberati
2704 2996 2716 3011 .
2751 2955 2814 3006 ad
2843 2963 3034 3006 terram
3063 2955 3486 3020 repromissionis

1909 3027 2149 3093 poteritis
2197 3023 2421 3076 feliciter
2468 3023 2742 3090 pervenire
2775 3041 2788 3077 :
2823 3032 3104 3092 pra-stante
3137 3025 3358 3076 Domino
3387 3037 3484 3076 no-

1907 3105 2016 3146 stro
2041 3093 2162 3146 .lesu
2192 3093 2422 3158 Christo,
2453 3094 2540 3163 qui
2575 3093 2697 3146 vivit
2726 3103 2780 3146 ct
2807 3103 2988 3162 regnat
3013 3097 3064 3146 in
3093 3095 3284 3147 saecula
3311 3107 3486 3147 siccu-

1909 3164 2098 3218 lorum.
2129 3165 2316 3217 Amen.

2431 3251 2660 3308 senato
2685 3251 2828 3306 xxu
2857 3249 2954 3324 (α).

1913 3341 1988 3397 De
2011 3359 2068 3396 eo
2093 3341 2226 3414 quod
2249 3344 2492 3414 scriptun:
2520 3353 2589 3414 est
2610 3385 2625 3408 ,
2653 3343 2919 3414 lnduravit
2948 3343 3206 3414 Dominus
3229 3357 3320 3398 cor
3343 3342 3484 3399 Pha-

2197 3411 2392 3467 raonis.
2421 3411 2590 3466 Exod.
2617 3431 2731 3482 cap.
2762 3429 2814 3468 Ix
2837 3453 2853 3480 ,
2901 3413 2976 3484 ᾗ.
3004 3413 3072 3467 ﬁ
3092 3413 3192 3482 (ὁ).

2003 3504 2050 3556 1.
2099 3502 2175 3556 De
2227 3502 2511 3556 Pharaonis
2559 3503 2877 3558 induratione
2917 3504 3138 3571 Quoties
3199 3503 3354 3559 lectio
3399 3505 3482 3558 illa

1907 3573 2190 3644 recitatur,
2251 3573 2439 3627 fratres
2505 3574 2836 3644 charissimi.
2895 3575 2948 3628 in
3003 3591 3102 3644 qua
3185 3575 3484 3644 frequenter

1909 3643 2154 3696 audimus
2201 3656 2296 3696 cor
2341 3643 2630 3696 Pharaonis
2675 3644 2952 3696 hominum
3017 3643 3319 3708 iudurasse,
3377 3659 3483 3696 non

1908 3713 2076 3765 Solum
2108 3712 2253 3764 Iaicis
2273 3753 2286 3776 ,
2317 3712 2410 3765 sed
2435 3712 2592 3782 etiam
2627 3713 2888 3780 aliquibus
2925 3713 3136 3767 clericis
3167 3714 3303 3767 solet
3325 3729 3482 3767 scan-

1907 3782 2084 3834 dalum
2116 3795 2392 3850 generare.
2447 3782 2634 3834 Dicunt
2678 3782 2818 3834 enim
2857 3783 3016 3851 aliqui
3069 3782 3206 3835 inter
3250 3797 3307 3836 se
3336 3801 3350 3836 :
3377 3785 3484 3837 Cur

1905 3852 2156 3920 iniquitas
2211 3852 2296 3905 illa
2347 3851 2610 3904 Pharaoni
2672 3853 2991 3920 imputatur,
3051 3867 3170 3905 cum
3229 3852 3484 3906 Dominus

1908 3919 2015 3974 eor,
2075 3921 2212 3974 illius
2275 3921 2552 3975 iudurassc
2629 3919 2928 3974 referatur?
2987 3922 3049 3974 Et
3094 3922 3212 3990 quia
3274 3922 3338 3976 de
3387 3922 3483 3974 hac

1911 4007 1968 4045 re
2013 3989 2418 4044 immundissimi
2477 3990 2748 4044 Manicha-i
2807 3992 3066 4059 sacrilego
3117 3989 3294 4046 furore
3343 3993 3488 4045 Scri-

1911 4071 2114 4130 pturam
2181 4061 2375 4130 veteris
2431 4059 2754 4114 Testamenti
2819 4061 3207 4129 reprehendere
3269 4063 3480 4124 solent;

1909 4129 2040 4199 rogo
2065 4144 2159 4183 vos
2179 4171 2210 4200 ,γ
2227 4129 2418 4184 fratres
2435 4171 2447 4194 .
2479 4131 2760 4200 diligenter
2783 4131 3036 4186 attendite
3058 4173 3072 4192 ,
3100 4131 3218 4198 quia
3249 4133 3346 4184 etsi
3379 4146 3483 4184 non

1909 4211 2160 4268 quantum
2183 4199 2436 4270 debemus
2455 4241 2468 4260 ,
2495 4199 2640 4254 certe
2660 4200 2742 4252 vel
2766 4209 3017 4270 quantum
3046 4215 3342 4267 pos~umus,
3367 4201 3487 4254 hrc-

1909 4271 2046 4323 viter
2089 4270 2331 4324 volumus
2375 4269 2628 4323 Charitati
2678 4269 2872 4322 vestra:
2917 4285 3227 4338 suggerere,
3259 4270 3485 4338 qualiter

1910 4339 2309 4408 obdurationem
2338 4339 2478 4392 illam
2509 4340 2745 4392 debeatis
2769 4341 3030 4408 accipere.

1979 4409 2034 4462 2.
2063 4407 2340 4462 Obduratio
2358 4409 2522 4462 cordis
2543 4425 2606 4462 ea:
2624 4407 2984 4478 desperatirine.
3002 4407 3218 4462 [adurat
3247 4407 3379 4461 Deus
3401 4425 3486 4477 per

1912 4479 2234 4548 patientiam,
2271 4495 2370 4530 non
2399 4496 2486 4547 per
2516 4481 2806 4546 potentium.
2841 4479 3020 4533 Primo
3051 4479 3150 4531 hoc
3183 4479 3404 4532 ﬁdeliter
3433 4487 3487 4532 et

1913 4550 2132 4602 firmiter
2155 4548 2338 4602 credat
2369 4549 2591 4602 Dilectio
2617 4559 2789 4600 vestra
2813 4591 2826 4613 ,
2867 4550 2988 4616 quia
3033 4565 3298 4616 nunquam
3349 4550 3486 4602 Deus

1909 4619 2108 4672 deserit
2145 4617 2444 4678 hominem.
2487 4619 2584 4672 nisi
2636 4619 2781 4686 prius
2825 4619 2892 4672 ab
2933 4620 3143 4671 homine
3190 4618 3481 4672 deseratur.

1909 4688 2042 4742 Cum
2089 4689 2230 4743 enim
2275 4689 2436 4740 semel
2489 4696 2543 4740 et
2589 4689 2821 4741 secundo
2847 4699 2892 4742 el
2926 4690 3080 4741 tertio
3123 4688 3484 4754 unusquisque

1909 4758 2086 4824 gravia
2138 4767 2350 4826 peccata
2403 4758 2760 4820 coauniscrit;
2806 4767 3078 4826 exsliectat
3123 4767 3294 4810 tamen
3337 4757 3484 4810 illum

1913 4829 2079 4891 Deus,
2127 4827 2262 4879 sicut
2309 4843 2400 4893 per
2445 4828 2752 4894 prophetam
2783 4828 2940 4888 dicit,
2973 4838 3028 4879 nt
3073 4835 3408 4881 convertatur
3433 4835 3488 4880 et

1913 4897 2056 4950 vivat
2087 4895 2294 4966 (Ezcrlt.
2323 4913 2517 4959 xxxut,
2543 4895 2652 4968 11).
2699 4897 2828 4968 Cum
2871 4913 2996 4968 vero
3023 4899 3072 4950 in
3107 4902 3336 4965 peccatis
3377 4897 3488 4951 sais

1910 4965 2129 5034 cmperit
2159 4981 2471 5035 permanere
2491 5006 2506 5028 ,
2535 4965 2621 5018 de'
2645 4965 2978 5020 multitudine
3027 4977 3360 5034 peccatorum
3387 4981 3484 5018 na-

1910 5039 2076 5090 scitur
2099 5037 2418 5104 desperatio,
2451 5051 2514 5089 es
2549 5035 2922 5105 deSperatione
2961 5037 3238 5092 obduratio
3265 5051 3488 5107 genera-

1973 5209 2044 5332 ((ιέ
2068 5207 2216 5276 Alias,
2230 5207 2293 5257 de
2315 5217 2551 5270 Tempore
2571 5208 2632 5258 88

1973 5271 2023 5330 (b
2069 5279 2114 5318 ιιι
2149 5270 2419 5332 Appendice
2467 5285 2594 5320 nunc
2629 5285 2632 5332 ς

1973 5270 2044 5333 (ιι)
2069 5279 2114 5318 ιιι
2149 5270 2419 5332 Ap’pendiee
2467 5285 2594 5320 nunc
2629 5271 2832 5333 primum
2868 5271 3143 5323 collocatur.
3186 5275 3366 5323 Dubius
3403 5279 3487 5321 Lo-

1912 5332 2220 5398 vaniensihus
2245 5365 2259 5390 ,
2299 5332 2640 5392 Supposititius
2673 5332 2864 5398 Verliuo
2903 5343 2954 5384 et
2997 5337 3227 5398 \Liiidingo
3267 5337 3371 5398 fuit.
3411 5341 3490 5382 Est

1911 5407 1974 5442 ex
2023 5395 2082 5442 iis
2113 5405 2252 5455 quos,
2277 5399 2533 5452 probamus
2555 5395 2762 5452 caesarii,
2783 5397 2921 5455 cujus
2953 5397 3046 5446 vid.
3073 5395 3240 5445 tteuiil.
3272 5395 3326 5444 14
3363 5397 3490 5443 inter

1911 5455 2067 5517 editas
2108 5451 2145 5501 ti
2177 5451 2386 5517 Baluzio.
2425 5461 2474 5503 In
2495 5468 2702 5504 censura
2723 5451 2864 5516 hujus
2909 5455 3309 5515 sermonis,adde
3333 5457 3490 5517 ipsum

1912 5515 2066 5564 videri
2091 5527 2204 5578 esse
2228 5517 2291 5564 de
2317 5515 2623 5566 lnduratione
2663 5515 2914 5566 Pliaraouis
2955 5517 3200 5574 libellum,
3242 5517 3306 5564 de
3350 5515 3496 5578 cujus

1910 5585 2107 5624 auctore
2151 5577 2388 5624 adversus
2434 5579 2766 5634 Iliucmarum,
2805 5577 2886 5625 lib.
2929 5579 2992 5626 de
3037 5577 3490 5632 Praedestinationc,

1911 5651 2014 5700 cap.
2045 5638 2084 5695 l,
2121 5645 2169 5700 et
2209 5637 2454 5686 l‘arduhnn
2480 5641 2762 5700 Hieronymo
2786 5652 2896 5700 einn
2925 5647 3205 5685 assidentes
3227 5639 3490 5700 contende-

1913 5697 2069 5762 batur:
2089 5699 2167 5748 Adi
2193 5701 2519 5762 lugdunensis
2537 5697 2758 5750 ticelfsize
2784 5699 2954 5746 librum
2978 5701 3040 5746 de
3072 5701 3227 5746 trilaus
3251 5697 3486 5762 Epistolis,

1915 5773 2016 5820 Cap.
2043 5761 2116 5808 Si).
