4006 6480
580 334 714 396 1803

578 474 756 510 nurum
797 462 1160 523 argumentum.
1193 448 1386 527 lterum
1429 457 1588 516 atque
1635 449 1825 527 iterum
1869 465 1996 526 rogo
2023 465 2149 510 vos,

578 529 798 590 fratres,
822 519 874 580 ei
907 524 1195 582 admoneo,
1225 529 1280 571 ut
1320 519 1471 590 istam
1501 519 1839 590 severitatem
1876 529 1928 572 et
1955 521 2153 584 justum

574 587 827 663 judicium
875 593 995 668 Dci,
1026 607 1132 668 quo
1172 590 1350 640 senior
1391 588 1478 642 ille
1527 587 1750 668 populus
1795 604 1890 656 pro
1939 599 2154 668 peccatu

579 658 1008 720 inurniurattonis
1031 663 1079 713 in
1102 660 1315 713 deserto
1340 667 1684 724 consumptus
1707 668 1807 722 est,
1827 675 1945 711 cum
1969 658 2152 726 grandi

577 752 788 804 semper
815 743 954 786 metu
981 740 1034 804 ct
1061 728 1421 804 sollicitudine
1461 730 1785 804 cogitemus;
1813 738 1886 804 eti
1902 731 1976 782 sic
2007 745 2154 782 amc-

578 798 809 858 mns'Dei
830 800 1266 862 misericordiam,
1292 809 1346 852 ut
1373 806 1546 852 tamen
1568 798 1827 866 justitiam
1852 799 2150 853 timeamus.

575 877 751 930 Parcit
787 873 944 927 modo
987 880 1036 923 et
1063 880 1235 924 tacet:
1262 869 1354 923 sed
1385 885 1490 922 non
1521 883 1734 937 semper
1761 869 1972 922 tacebit.
2001 869 2156 922 Modo

573 947 716 998 enim
748 959 842 1013 pro
870 940 1121 996 ineffabili
1151 941 1346 1008 pietate
1371 953 1463 991 sua
1495 954 1598 992 non
1638 939 1808 1013 solum
1841 954 1948 1013 nos
1968 939 2155 1013 admo-

577 1028 696 1080 net,
730 1008 821 1068 sed
844 1014 1001 1066 etiam
1029 1019 1208 1079 rogat,
1243 1017 1301 1062 nt
1331 1023 1428 1080 nos
1454 1024 1480 1060 a
1506 1009 1734 1077 peccatis
1763 1008 2050 1062 mortiferis
2072 1025 2158 1064 re-

577 1079 845 1140 voccmus.
876 1082 1166 1137 Audiamus
1205 1079 1346 1132 illum
1378 1079 1501 1132 dum
1530 1087 1712 1147 rogat;
1743 1094 1810 1133 ne
1851 1094 1948 1133 nos
1975 1089 2155 1148 postea

577 1172 679 1208 non
707 1154 884 1208 audiat
908 1153 995 1206 ille
1016 1193 1030 1216 ,
1062 1151 1185 1204 dum
1211 1149 1424 1214 iudicat.
1453 1149 1746 1202 Audiamus
1769 1164 1890 1203 eum
1911 1165 2007 1218 per
2031 1167 2155 1218 pro-

577 1227 786 1294 phetam
827 1223 1127 1294 dicentem,
1159 1219 1296 1283 Fili,
1322 1219 1524 1294 inquit,
1561 1219 1796 1294 miserere
1839 1222 2023 1273 animat
2059 1228 2159 1294 tua:

576 1288 778 1364 placens
806 1294 912 1347 Deo
935 1291 1122 1364 (Ereti.
1153 1305 1260 1364 x3515
1281 1331 1295 1350 ,
1322 1289 1438 1358 9.4).
1473 1288 1610 1356 Quid
1638 1290 1703 1341 ad
1731 1289 1845 1364 haec
1869 1291 2157 1364 responde-

579 1359 655 1420 bit
680 1367 904 1419 humana
928 1359 1220 1429 fragilitas?
1242 1361 1381 1413 Deus
1404 1369 1455 1413 te
1483 1368 1632 1427 rogat
1655 1369 1710 1412 nt
1731 1361 1803 1413 tui
1832 1361 2152 1427 miserearis,

577 1445 631 1490 et
656 1450 759 1488 non
802 1437 1158 1488 viszcausam
1201 1439 1342 1484 tuam
1375 1429 1514 1498 apud
1559 1439 1608 1484 te
1651 1431 1790 1499 agit,
1819 1439 1928 1484 eta
1971 1438 2020 1484 te
2051 1446 2155 1485 non

578 1514 752 1573 potest
779 1505 1081 1568 impetrare.
1115 1503 1178 1554 Et
1215 1499 1480 1568 quomodo
1509 1508 1560 1554 te
1585 1501 1730 1553 audit
1759 1501 1847 1573 ille
1875 1501 1924 1554 in
1955 1502 2040 1573 die
2065 1501 2152 1569 ju—

575 1571 698 1630 dicii
724 1574 1289 1644 supplicantemkcum
1331 1579 1389 1644 ιιι
1429 1584 1551 1623 eum
1593 1585 1687 1638 pro
1715 1580 1764 1623 te
1788 1572 1901 1639 ipso
1926 1571 2158 1624 nolueris

575 1647 760 1700 audire
794 1639 1112 1712 rogantem?
1135 1641 1264 1706 Quis
1306 1640 1448 1712 enim
1475 1656 1579 1693 non
1610 1650 1923 1712 expavescat
1959 1649 2013 1712 ct
2041 1657 2155 1695 mc-

577 1726 715 1780 tuat,
748 1709 934 1768 fratres
953 1711 1271 1774 charissimi,
1295 1709 1435 1778 quod
1465 1724 1560 1778 pro
1581 1710 1923 1780 quadraginta
1947 1711 2153 1765 dierum

577 1779 750 1854 spatio
771 1826 784 1848 ,
813 1783 965 1837 annis
991 1781 1332 1854 quadraginta
1358 1780 1583 1854 populus
1598 1779 1910 1854 Δ,Ιιιιιιιξοιοιιιιι
1932 1797 2154 1854 pinnam

575 1849 813 1924 recipere
857 1852 1048 1924 meruit
1092 1851 1143 1904 in
1183 1849 1404 1924 eremo?
1430 1849 1485 1904 Si
1524 1850 1666 1903 enim
1715 1865 1812 1924 pro
1855 1852 2011 1904 unius
2053 1852 2157 1906 diei

574 1921 726 1994 culpa
753 1925 907 1978 unius
926 1921 1050 1975 anni
1082 1922 1309 1994 spatium
1338 1921 1848 1994 recompensandum
1867 1931 1947 1975 est
1969 1936 2153 1994 pugna;

577 1991 677 2051 nos
701 1995 788 2064 qui
817 2002 959 2047 tanta
995 1991 1231 2064 quotidie
1260 1997 1477 2064 peccata
1513 1991 1891 2064 committimus
1911 2032 1924 2056 ,
1949 1993 1993 2044 si
2018 1993 2158 2064 elec-

577 2060 916 2133 mosy'narum
951 2062 1032 2115 vel
1063 2060 1389 2133 ptenitentitc
1417 2075 1522 2133 non
1543 2061 1890 2133 subvenerint
1925 2062 2157 2116 medica-

577 2128 791 2196 menta,
822 2135 984 2187 timeo
1027 2128 1092 2185 ne
1132 2131 1286 2184 nobis
1331 2145 1433 2184 non
1479 2128 1771 2184 inferantur
1814 2133 2152 2199 temporalia,

576 2206 669 2259 sed
696 2215 890 2260 acterna
915 2202 1189 2271 supplicia.

643 2277 696 2329 4.
741 2273 1072 2327 Peccatorum
1113 2271 1320 2325 vulnera
1357 2271 1478 2323 dum
1518 2271 1734 2323 recentia
1770 2281 1921 2337 sunt,
1950 2273 2154 2341 facilius

575 2353 834 2398 curantur.
875 2343 943 2396 Et
980 2342 1098 2411 quia
1141 2341 1327 2395 calidis
1355 2341 1662 2411 vulneribus
1704 2342 1878 2395 solent
1920 2343 2155 2397 medica-

575 2424 750 2469 menta
791 2410 1020 2468 celerius
1044 2411 1329 2465 subvenire
1348 2451 1361 2473 ,
1393 2410 1830 2479 quotiescumque
1853 2413 2156 2480 peccaveri-

574 2499 726 2551 mus,
756 2499 858 2538 non
899 2488 1270 2550 exspectemus
1311 2480 1582 2551 mortifera
1623 2483 1909 2536 securitate
1937 2484 2152 2538 vulnera

574 2556 685 2623 ipsa
713 2549 1064 2623 putrescere,
1090 2564 1190 2623 nec
1233 2549 1688 2623 iterumvulnera
1727 2552 2034 2623 vulneribus
2060 2569 2156 2607 au-

571 2619 818 2693 geamus;
850 2621 942 2676 sed
967 2621 1217 2693 continuo
1235 2619 1301 2673 ad
1329 2620 1656 2693 spiritualcm
1681 2621 1943 2693 medicum
1970 2638 2153 2677 recur-

575 2689 781 2758 rentes,
813 2693 1036 2762 Salutem
1076 2690 1315 2761 recipere
1357 2689 1685 2762 festinemus.
1734 2691 1804 2744 Et
1852 2691 1972 2747 ideo
2017 2709 2154 2762 quo-

575 2765 734 2817 modo
763 2761 974 2832 quando
1007 2762 1058 2814 in
1087 2773 1311 2832 corpore
1339 2761 1528 2814 vulnus
1552 2761 1841 2830 accipimus
1861 2803 1875 2827 ,
1904 2764 1949 2816 si
1975 2761 2152 2818 statim

577 2829 962 2888 medicamenta
1012 2829 1370 2903 requirimus,
1423 2831 1528 2903 cito
1580 2829 1859 2886 sanitatem
1914 2835 2154 2903 recipere

574 2904 902 2973 poterimus:
928 2903 998 2955 ita
1027 2901 1072 2956 si
1093 2899 1318 2973 moram
1345 2899 1568 2973 feceris,
1601 2916 1822 2956 necesse
1855 2912 1936 2957 est
1965 2899 2152 2958 ut’tar-

572 2969 690 3026 dius
716 2974 781 3027 ad
808 2973 1088 3028 sanitatem
1116 2971 1264 3040 plaga
1307 2971 1420 3039 ipsa
1447 2969 1658 3038 redeat,
1688 2982 1778 3025 aut
1804 2973 1978 3042 aliqua
2014 2975 2152 3030 foeda

571 3044 790 3098 cicatrix
837 3045 887 3096 in
927 3056 1152 3112 corpore
1186 3049 1373 3112 nostro
1401 3052 1692 3112 remaneat.
1720 3043 1776 3096 Si
1803 3043 1916 3097 haec
1947 3046 1996 3098 in
2027 3059 2152 3099 cor-

575 3129 702 3180 pore
731 3113 950 3168 facimus
971 3151 984 3177 ,
1013 3121 1212 3182 quanto
1235 3111 1402 3182 magis
1427 3111 1490 3182 in;
1508 3113 1698 3166 animze
1721 3112 2030 3170 vulneribus
2053 3116 2151 3170 ad-

572 3185 758 3239 hibere
785 3180 1074 3246 debemus,
1104 3181 1194 3236 ubi
1233 3181 1299 3234 ad
1340 3180 1621 3250 imaginem
1661 3193 1714 3236 et
1752 3183 2151 3241 similitudinem

573 3253 664 3307 Dei
693 3253 812 3308 facti
839 3251 1063 3307 sumus?
1086 3250 1141 3306 Si
1182 3259 1382 3305 tantam
1425 3266 1606 3305 curam
1647 3252 2007 3321 impendimus
2031 3272 2152 3311 cor-

573 3325 719 3395 pori,
750 3323 921 3393 quod,
954 3322 1175 3375 velimus
1203 3321 1473 3395 nolimus,
1505 3322 1556 3374 in
1587 3321 1859 3392 pulverem
1900 3327 2151 3395 redigen-

572 3393 695 3446 dum
725 3390 836 3464 es't;
859 3400 1108 3464 quantam
1139 3390 1544 3464 sollicitudinem
1571 3390 1626 3446 et
1650 3408 1831 3447 curam
1858 3409 1981 3464 erga
2010 3390 2150 3452 salu-

572 3475 677 3536 tem
709 3463 898 3536 animae
940 3462 1198 3536 debemus
1224 3463 1546 3536 _appom3t'_c‘.l
1577 3471 1667 3525 ut,
1696 3465 1833 3536 sicut
1855 3462 1980 3519 dicit
2011 3470 2153 3536 Apo-

569 3534 767 3599 stolus,
791 3535 906 3588 sine
935 3533 1138 3605 macula
1161 3530 1628 3605 vel_rnga(Ephes.
1657 3551 1705 3598 v,
1733 3534 1827 3605 27)
1852 3530 2150 3593 mereamur

569 3614 691 3657 ante
734 3603 959 3659 tribunal
1008 3602 1192 3657 aeterni
1239 3601 1439 3656 Judicis
1479 3601 1778 3672 apparere:
1807 3601 1872 3660 ne
1925 3606 2057 3661 forte
2104 3610 2148 3663 si

570 3675 748 3727 inultis
795 3683 1132 3742 peccatorum
1173 3672 1480 3726 vulneribus
1528 3673 1742 3729 lacerati
1795 3685 1848 3729 et
1901 3678 2147 3732 vitiorum

571 3747 758 3812 pannis
793 3743 1138 3815 sordentibus»
1150 3743 1378 3815 involuti
1401 3781 1423 3815 ,_
1447 3743 1514 3815 ad
1538 3744 1674 3815 illud
1700 3747 1934 3815 nuptiale
1960 3751 2147 3803 convi-

569 3816 711 3866 vium
745 3817 1073 3887 venerimus:
1109 3813 1315 3887 dicat-ur
1343 3813 1495 3887 nobis
1533 3814 1663 3887 illud
1698 3813 1839 3885 quod
1871 3817 1958 3872 ille
1982 3833 2146 3887 spon-

570 3899 662 3936 sus
687 3884 918 3938 cmlestis
945 3883 998 3936 in
1025 3883 1314 3954 Evangelio
1348 3881 1517 3947 dixit,
1545 3881 1741 3948 Amice,
1773 3881 2026 3954 quomodo
2051 3892 2148 3943 lmc

570 3954 768 4005 intrasti
783 3993 797 4018 ,
828 3969 927 4006 non
949 3952 1133 4006 habens
1159 3952 1338 4005 vestem
1367 3955 1681 4020 nuptialem?
1701 3952 1919 4010 Avertat
1944 3975 1972 4010 a
1997 3961 2147 4014 nobis

571 4025 710 4094 Deus
737 4022 862 4094 illud
889 4023 1028 4093 quod
1050 4023 1310 4094 sequitur.
1331 4024 1461 4077 Cum
1487 4025 1626 4077 enim
1650 4025 1762 4080 haec
1793 4038 2035 4094 peccator
2063 4033 2147 4084 ille

569 4093 790 4146 audiens
816 4092 1402 4168 obmutesceret,_d_ixit_
1433 4092 1804 4168 paterfamilias
1835 4116 1846 4148 :
1871 4097 2048 4168 Ligate
2071 4103 2148 4154 illi

569 4181 749 4218 manus
773 4172 818 4217 et
847 4162 1022 4233 pedes,
1047 4172 1093 4216 et
1124 4163 1352 4233 projicite
1384 4163 1437 4233 in
1481 4165 1704 4219 tenebras
1752 4162 2017 4223 exteriores
2042 4187 2060 4224 :
2080 4173 2147 4225 ibi

569 4236 658 4286 erit
681 4236 828 4309 ﬂetus
847 4230 902 4286 et
925 4233 1110 4309 stridor
1125 4230 1347 4286 dentium
1375 4230 1585 4309 (Multa.
1611 4251 1722 4289 χχιι
1753 4238 1839 4305 l2,
1865 4239 1976 4309 15).
2012 4242 2146 4297 Ecce

572 4306 779 4372 qualem
837 4305 1160 4382 sententiain
1202 4305 1469 4382 accepturi
1499 4315 1651 4382 sunt,
1684 4309 1770 4382 qui
1798 4305 2050 4377 majorem
2081 4313 2147 4368 de

569 4389 792 4443 corpore
815 4374 1058 4450 quamde
1079 4374 1251 4427 anima
1269 4375 1674 4450 sollicitudinem
1692 4374 1894 4445 gerunt
1905 4395 1920 4444 ;
1949 4391 2002 4434 et
2031 4384 2146 4450 plus

571 4447 804 4517 cogitant
823 4445 1048 4517 qualiter
1073 4458 1197 4498 caro
1215 4459 1308 4498 sua
1329 4447 1641 4517 parvissima
1669 4457 1904 4517 tempore
1931 4445 2069 4506 vivat
2092 4455 2144 4508 in

573 4516 740 4569 oculis
778 4515 1086 4580 hominum,
1113 4529 1270 4584 quam
1309 4531 1416 4584 quo
1446 4516 1604 4572 modo
1631 4515 1808 4572 anima
1835 4535 1929 4574 sua
1958 4534 2144 4578 ornata

571 4587 721 4663 bonis
742 4586 991 4663 operibus
1012 4585 1077 4639 ad
1103 4585 1480 4663 beatitudinem
1505 4588 1585 4642 vel
1606 4589 2000 4663 similitudinem
2027 4611 2148 4663 per-

570 4658 742 4709 veniat
764 4655 1107 4724 Angclorum.
1138 4656 1260 4709 llaec
1289 4672 1434 4725 ergo,
1456 4656 1646 4712 fratres
1668 4660 1986 4727 charissimi,
2011 4655 2147 4720 sicut

567 4729 808 4803 mmet-ins
836 4727 1164 4803 supplicari,
1193 4727 1239 4779 si
1266 4728 1516 4803 attentius
1543 4729 1861 4803 voluerimus
1890 4736 2141 4803 Cogitare,

569 4798 802 4852 remedia
830 4797 982 4851 nobis
1005 4797 1059 4850 in
1087 4797 1172 4850 die
1197 4799 1530 4852 necessitatis
1556 4801 1877 4868 acquirimns
1907 4822 1919 4857 :
1948 4797 2004 4857 ut
2025 4797 2143 4860 cuni

566 4868 885 4941 diesjudicii
925 4870 1161 4941 venerit,
1194 4883 1296 4941 non
1329 4883 1459 4941 cum
1504 4870 1676 4940 impiis
1705 4883 1756 4926 ct
1781 4878 2145 4941 peccatoribus

570 4939 877 5004 puniamur;
913 4938 1005 4991 sed
1049 4953 1167 4992 cum
1212 4939 1368 5007 justis
1414 4945 1468 4992 ct'
1517 4938 1678 4995 Deum
1729 4938 2035 5000 timentibus
2077 4947 2143 5001 ad

570 5017 767 5060 :eterna
797 5007 1010 5074 prtctnia
1034 5007 1253 5062 feliciter
1274 5010 1544 5064 veniamus
1567 5053 1577 5073 ,
1611 5014 1896 5068 auxiliante
1924 5016 2146 5072 Domino

567 5075 958 5151 .l_esti_Cliristo,
988 5078 1071 5151 cui
1092 5090 1173 5132 est
1200 5079 1368 5132 honor
1389 5092 1440 5132 et
1468 5081 1744 5151 imperium
1773 5100 1891 5137 cum
1915 5086 2070 5142 Patre
2092 5099 2147 5144 et

567 5147 766 5215 Spiritu
793 5157 978 5201 sancto
1003 5148 1054 5200 in
1084 5151 1276 5204 swcula
1304 5147 1638 5206 saeculorum.
1673 5157 1859 5209 Amen.

1083 5253 1308 5318 Sentio
1345 5263 1492 5319 xxx
1524 5275 1596 5337 (ιη

1113 5373 1196 5427 Du
1223 5376 1484 5430 tlmribufis
1512 5378 1578 5448 (ὁ)
1592 5420 1603 5430 .

660 5468 709 5521 1.
757 5464 1063 5532 Thuribula,
1123 5466 1418 5534 Scriptura.
1480 5469 1754 5523 Thuribula
1824 5489 1984 5540 terea,
2047 5476 2149 5530 lue-

633 5578 707 5644 (ᾳ)
734 5577 871 5631 Alias.
899 5577 963 5626 de
986 5585 1222 5644 tempore
1241 5577 1317 5644 98.
1362 5631 1366 5635 η
1529 5639 1560 5644 __
1651 5639 1654 5644 ι

633 5579 685 5635 (a
734 5579 871 5631 Alias.
899 5579 963 5626 de
986 5585 1222 5638 Tempore
1241 5579 1317 5624 98.
1362 5631 1366 5635 ι
1603 5639 1628 5644 η
1651 5639 1654 5644 Ι

633 5579 779 5702 (bitu
803 5640 1075 5706 Appendch
1101 5652 1224 5706 nunc
1248 5641 1451 5699 primum
1471 5639 1758 5706 collo'ealur._
1780 5648 2052 5706 Descriptus
2076 5657 2151 5698 est

566 5708 625 5742 εἰς
650 5700 1095 5763 οῒὶίςυιιῐέιιυωὲιιιι
1116 5702 1163 5748 in
1189 5708 1417 5748 Nuncros
1443 5715 1583 5750 nona.
1611 5709 1658 5750 tu
1683 5700 1971 5756 ti‘ulieusium
1993 5714 2148 5760 veteri

569 5763 734 5812 (‘cdicc
759 5764 1046 5812 adscribitur
1069 5765 1372 5823 tlierisnymo.

2028 322 2391 382 API‘ENDIX.

3719 320 3847 378 “illi

2268 445 2534 498 reticorum
2582 445 2736 498 dicta.
2791 445 3057 500 llreresum
3107 448 3315 502 utilitas.
3369 446 3588 500 Ambitio
3639 446 3849 500 clerico-

2265 532 2376 567 rum
2396 526 2664 568 resecatur.
2696 515 2878 574 Modo,
2913 518 3102 570 fratres
3128 517 3486 580 dilectissimi,
3519 532 3643 571 cum
3677 516 3850 568 divina

2266 584 2420 636 lectio
2444 587 2726 652 legeretur.
2755 587 3050 640 audivimus
3075 588 3273 641 dixisse
3303 589 3582 641 Dmninum
3611 587 3678 638 ad
3712 586 3851 654 Mov-

2265 670 2356 706 Sen
2375 697 2388 717 ,
2424 665 2478 708 ut
2510 656 2771 708 thuribula
2797 658 2846 708 in
2875 658 3066 724 quibus
3095 659 3308 726 superbi
3337 659 3408 711 illi
3430 673 3492 710 ac
3520 657 3752 710 rebelles
3777 659 3851 708 in-

2265 739 2482 795 censum
2514 726 2836 790 obtulerant,
2861 727 3116 782 conflaret
3136 771 3150 792 ,
3180 737 3233 782 et
3259 728 3512 795 producta
3543 729 3594 779 in
3630 727 3852 781 laminas

2264 794 2415 847 altari
2445 795 2681 864 affigeret
2711 815 2724 849 :
2756 805 2812 849 ut
2853 806 3033 850 essent
3081 799 3132 851 in
3170 794 3529 852 testimonium
3571 797 3850 850 rebellium

2264 875 2329 937 et
2347 866 2716 937 superborum.
2741 865 3022 920 Tlturibula
3041 911 3053 929 ,
3079 869 3246 937 inquit
3278 869 3536 922 Dominus
3559 909 3572 929 ,
3602 883 3719 934 qua:
3735 885 3856 918 sane

2265 936 2488 1006 eti/irata
2514 946 2628 989 sunt
2653 937 2704 988 in
2735 937 2974 990 mortibus
2996 936 3345 1006 peccatorum,
3378 938 3612 1004 facito.ea
3636 939 3853 989 lmninas

2268 1003 2504 1076 ductiies,
2529 1015 2575 1058 et
2609 1008 2868 1059 circumda
2894 1024 2955 1059 ex
2977 1003 3046 1061 eis
3069 1010 3230 1061 altare
3250 1025 3268 1060 :
3287 1003 3408 1076 quia
3429 1008 3596 1061 oblata
3619 1018 3739 1060 sunt
3767 1023 3851 1058 co-

2266 1090 2375 1148 rum
2397 1074 2632 1138 Domino,
2653 1078 3018 1148 etsanctiﬁcata
3041 1089 3156 1132 sunt
3174 1083 3188 1141 (
3201 1074 3355 1131 Nunt.
3373 1094 3485 1142 xvi,
3505 1079 3621 1130 57et
3637 1078 3754 1145 58).
3777 1075 3854 1148 (α)

2267 1143 2550 1217 liocergo
2594 1161 2688 1214 per
2738 1143 2877 1201 hanc?
2917 1149 3136 1216 figuram
3190 1150 3396 1202 videtur
3438 1150 3682 1212 ostendi,
3711 1143 3854 1217 quas

2267 1213 2531 1269 thuribula
2560 1213 2657 1270 ista
2675 1260 2689 1278 ,
2716 1233 2834 1285 qua:
2862 1213 3140 1286 Scriptura
3185 1220 3423 1273 nominat
3451 1234 3590 1272 terea
3613 1260 3627 1280 ,
3664 1213 3852 1287 imagi-

2264 1299 2384 1356 nem
2435 1295 2648 1340 teneant
2674 1288 2960 1356 Scriptura:
2991 1290 3180 1342 divina!
3206 1309 3216 1341 :
3243 1289 3327 1343 cui
3361 1289 3652 1356 Scriptura:
3685 1287 3854 1343 barre-

2267 1354 2355 1408 tici
2398 1356 2571 1424 ignem
2602 1354 2831 1430 alienum
2872 1359 3206 1426 imponcnlcs
3240 1359 3334 1430 (ὁ),
3362 1359 3462 1413 hoc
3485 1354 3602 1422 est,
3633 1374 3850 1412 sensum

2265 1439 2575 1493 perversum
2605 1436 2657 1480 et
2683 1429 3080 1497 intelligentiam
3107 1429 3334 1484 alienam
3363 1445 3394 1484 a
3425 1430 3529 1484 Der
3560 1440 3615 1483 ct
3642 1430 3852 1483 veritati

2263 1497 2582 1550 contrariam
2632 1498 3054 1562 introducentes,
3110 1501 3380 1554 incensum
3452 1500 3680 1554 Domino
3747 1517 3851 1554 nim

2263 1579 2457 1630 suave,
2487 1567 2580 1621 sed
2614 1568 2940 1623 exsecrabile
2981 1570 3229 1624 offerunt.
3267 1571 3370 1624 lsta
3412 1585 3540 1637 ergo
3580 1570 3849 1623 thuribula

2264 1651 2399 1689 a-rea
2419 1679 2433 1700 ,
2467 1637 2518 1690 id
2545 1648 2625 1690 est
2644 1679 2659 1704 ,
2688 1637 3060 1694 hzereticorum
3090 1657 3274 1706 voces,
3307 1641 3348 1693 si
3395 1639 3749 1694 adhibeamus
3786 1643 3851 1693 ad

2263 1706 2431 1778 altare
2461 1707 2551 1760 Dei
2572 1749 2586 1772 ,
2616 1709 2704 1761 tibi
2729 1709 2939 1762 divinus
2970 1710 3102 1778 ignis
3141 1721 3250 1772 est,
3283 1711 3368 1764 ubi
3395 1725 3518 1764 vera
3553 1710 3677 1763 fidei
3718 1727 3852 1777 prm-

2263 1776 2486 1849 dicatin,
2517 1778 2705 1849 melius
2726 1779 2836 1846 ipsa
2861 1776 3055 1834 veritas
3077 1796 3139 1834 ex
3171 1782 3423 1834 falsorum
3450 1776 3851 1849 comparatione

2264 1843 2502 1919 fulgebit.
2525 1845 2580 1902 Si
2603 1843 2780 1908 enim}
2812 1859 2867 1902 ut
2895 1851 3038 1903 verbi
3064 1852 3231 1919 gratia
3258 1851 3461 1914 dicam,
3489 1843 3683 1918 ponam
3710 1852 3848 1904 dicta

2262 1917 2584 1986 Arianorum
2608 1918 2690 1972 vel
2713 1917 3121 1973 Manichzeornin
3147 1923 3186 1985 ¹,
3205 1930 3295 1975 aut
3318 1917 3540 1975 alterius
3562 1921 3851 1986 cujuslibet

2265 1985 2656 2052 lizereticorum,
2675 1997 2728 2042 et
2749 1991 2863 2042 iure
2883 1992 3217 2045 sermonibus
3247 1992 3485 2045 veritatis
3507 2006 3571 2044 ac
3599 1985 3848 2058 Scriptu-

2263 2070 2441 2129 rarum
2466 2058 2764 2111 divinarum
2792 2061 3128 2124 tesdmoniis,
3148 2062 3292 2116 velut
3311 2061 3473 2114 divini
3495 2062 3679 2114 altaris
3704 2063 3846 2129 igne,

2261 2127 2560 2191 confutem;
2595 2144 2769 2182 nonne
2797 2130 3092 2183 evidentior
3113 2147 3298 2186 eorum
3328 2147 3390 2185 ex
3423 2132 3535 2196 ipsa
3565 2127 3851 2198 compara-

2264 2198 2406 2251 tione
2447 2200 2724 2267 apparebit
2762 2200 3036 2268 impietas?
3062 2201 3191 2254 Nam
3235 2203 3278 2255 si
3319 2201 3559 2255 doctrina
3590 2203 3848 2255 ecclesia-

2261 2268 2391 2338 stica
2421 2269 2644 2338 simplex
2667 2279 2835 2333 esset,
2865 2281 2916 2323 et
2943 2273 3102 2324 nullis
3121 2273 3452 2326 extrinsecus
3471 2272 3847 2326 bazrclicorum

2261 2336 2563 2409 dogniatnm
2591 2340 2975 2395 assertionibus
3005 2342 3326 2409 cingeretur,
3362 2358 3465 2395 non
3497 2351 3707 2409 poterat
3740 2353 3846 2396 tam

2259 2408 2399 2460 clara
2443 2416 2496 2461 et
2531 2417 2637 2462 tam
2677 2411 2972 2463 examinata
3015 2408 3178 2466 videri
3231 2412 3360 2466 fides
3391 2408 3593 2465 nostra.
3627 2413 3731 2464 Sed
3768 2413 3848 2466 id-

2259 2478 2403 2531 circo
2444 2479 2742 2534 doctrinam
2777 2481 3090 2534 catholicam
3127 2483 3602 2537 contradicentium
3635 2483 3849 2536 obsidet

2261 2548 2585 2617 impugnatio
2606 2591 2620 2614 ,
2655 2560 2712 2602 ut
2751 2551 2881 2604 fides
2924 2561 3103 2606 nostra
3135 2569 3241 2606 non
3270 2555 3380 2607 otio
3420 2562 3721 2618 torpescat,
3749 2554 3844 2606 Sed

2259 2618 2440 2692 multis
2460 2620 2927 2692 exercitationibus
2947 2622 3210 2676 elimelur.
3237 2624 3461 2692 Pmpter
3487 2623 3589 2676 hoc
3611 2623 3848 2690 denique

2258 2698 2312 2741 et
2336 2690 2620 2755 Apostolus
2656 2689 2895 2754 dicebat,
2931 2691 3140 2758 Oportet
3169 2689 3409 2746 autem'et
3445 2694 3656 2745 Iiwreses
3703 2710 3844 2756 esse,

2257 2767 2314 2832 ut
2340 2759 2536 2832 probati
2544 2761 2733 2832 quique
2754 2762 3004 2832 manifesti
3024 2764 3148 2830 ﬁant
3172 2765 3301 2818 inter
3319 2781 3402 2816 vos
3419 2761 3464 2831 (Ι
3488 2762 3606 2817 Cor.
3629 2780 3703 2822 ιι,
3731 2765 3842 2832 l9).

2260 2828 2371 2900 lloc
2395 2828 2710 2900 estdicere,
2734 2828 2956 2900 Oportet
2977 2828 3345 2888 haereticorum
3371 2828 3650 2887 tlmribulis
3674 2828 3848 2888 altare

2257 2898 2608 2962 circumdari,
2643 2910 2699 2954 ut
2725 2898 2868 2954 certa
2913 2913 2968 2956 et
3015 2903 3288 2958 manifesta
3317 2905 3563 2958 oninibus
3596 2906 3683 2956 fiat
3716 2905 3848 2958 fide-

2260 2968 2386 3021 lium
2416 2979 2573 3038 atque
2600 2970 2884 3026 infidelium
2919 2971 3238 3028 differentia.
3265 2977 3397 3029 Cum
3422 2976 3564 3028 enim
3595 2975 3727 3026 fides
3758 2992 3848 3028 ct:-

2257 3039 2550 3114 cicsiastica
2577 3042 2722 3094 velut
2743 3057 2928 3114 aurum
2955 3046 3176 3110 ceperit
3199 3044 3428 3114 fulgere,
3455 3055 3510 3099 et
3536 3045 3846 3112 praedicatio

2257 3109 2373 3183 ejus
2393 3120 2464 3183 ⁸ιιι
2491 3121 2766 3183 argentum
2793 3113 2914 3182 igne
2945 3109 3222 3181 probatum
3252 3109 3574 3170 intuentibus
3599 3116 3846 3183 resplen-

2257 3179 2456 3253 duerit,
2488 3179 2611 3235 tunc
2636 3179 2835 3252 majore
2861 3179 2979 3236 cum
3006 3185 3329 3253 turpitudine
3358 3197 3411 3239 et
3438 3179 3708 3240 dedecore
3736 3188 3846 3240 hae-

2257 3249 2543 3305 reticorum
2571 3249 2732 3304 voces
2771 3253 2980 3307 obscuri
3005 3249 3279 3310 mramenti
3298 3257 3500 3310 vilitate
3525 3255 3842 3311 sordelmnt.

2257 3319 2383 3395 Hice
2402 3329 2578 3376 autem
2605 3321 2833 3395 diximus
2857 3323 2937 3395 de
2955 3324 3240 3395 thuribulis
3256 3341 3439 3380 eorum
3466 3327 3555 3395 qui
3579 3327 3845 3382 condem-

2257 3391 2365 3442 nati
2391 3400 2514 3466 sunt
2535 3407 2698 3466 ,_qna2
2740 3393 2891 3466 altari
2921 3393 3173 3466 jubentur
3201 3397 3380 3466 affigi,
3412 3391 3551 3466 quod
3584 3412 3648 3451 ex
3696 3413 3848 3451 com-

2259 3463 2532 3528 paratione
2561 3463 2842 3535 impiorum
2866 3463 2991 3531 justi
3035 3465 3286 3521 clariores
3304 3463 3616 3535 appareant
3646 3485 3658 3519 :
3685 3470 3846 3523 sinud

2257 3539 2392 3606 utet
2422 3532 2909 3606 posterisdaretnr
2949 3536 3287 3605 exemplum,
3319 3532 3544 3606 nequis
3586 3554 3849 3606 przt‘sum-

2258 3601 2437 3668 ptione
2466 3602 2679 3669 superbi
2720 3603 2937 3671 spiritus
2965 3621 3067 3656 non
3107 3601 3206 3659 sibi
3234 3622 3262 3658 a
3297 3608 3402 3660 Deo
3431 3601 3613 3661 datum
3643 3625 3845 3663 munus

2258 3671 2590 3746 pontificatus
2633 3673 2942 3746 invaderet;
2971 3675 3062 3728 sed
3109 3686 3164 3730 ut
3212 3677 3285 3730 illi
3316 3677 3502 3741 cedat,
3529 3695 3688 3746 quem
3737 3695 3846 3734 non

2255 3741 2472 3795 ambitio
2504 3741 2732 3817 humana
2755 3786 2768 3810 ,
2796 3760 2899 3817 non
2927 3745 3085 3817 favor
3113 3757 3395 3817 corruptus
3429 3741 3680 3802 asciverit
3701 3791 3714 3810 .
3745 3767 3848 3805 nec

2256 3826 2539 3885 munerum
2556 3813 2752 3885 oblatio
2773 3814 2988 3885 profana
3010 3813 3391 3885 subrogavcrit,
3412 3818 3503 3871 sed
3528 3821 3844 3874 meritorum

2255 3883 2576 3961 conscientia
2615 3892 2668 3937 et
2713 3883 3450 3961 Deivoiuntasassumpserit.
3483 3887 3694 3959 [Quod’
3716 3906 3847 3961 ergo

2256 3953 2589 4030 pertulerunt
2616 3954 2828 4030 superbi
2861 3955 2950 4030 illi
2988 3956 3184 4030 Levitac
3203 3953 3336 4030 ,_q'ui
3368 3953 3593 4030 Domino
3622 3976 3727 4014 non
3754 3953 3846 4030 ju-

2253 4021 2414 4097 beutc
2465 4023 2562 4076 sibi
2613 4023 2965 4097 sacerdotium
3010 4021 3377 4093 vindicabant,
3423 4029 3523 4082 hoc
3570 4021 3847 4097 patiuninr

2253 4093 2572 4169 quicumque
2601 4107 2672 4169 se
2701 4095 2748 4169 in
2779 4095 3115 4165 episcopatus
3135 4139 3148 4160 ,
3172 4107 3262 4150 aut
3289 4093 3690 4169 presbyteratus
3709 4143 3721 4162 ,
3753 4113 3848 4156 aut

2253 4162 2564 4216 diaconatus
2585 4162 2843 4230 officium,
2872 4162 3311 4231 aut‘nnmcribus',
3340 4180 3427 4222 aut
3449 4162 3848 4225 adulationibus

2254 4233 2589 4300 impudenter
2618 4243 2877 4288 conantur
2923 4237 3179 4304 ingerere.
3210 4240 3326 4304 Quo
3367 4240 3525 4293 modo
3573 4243 3848 4297 combusti

2253 4312 2375 4382 sunt
2397 4304 2470 4382 illi
2500 4305 2549 4358 in
2572 4319 2839 4382 corpore_,_
2861 4307 3042 4382 sicisti
3069 4319 3363 4382 cum-untur
3383 4311 3433 4382 in
3459 4310 3668 4382 corde]

2323 4373 2378 4426 2.
2409 4375 2578 4426 Aaron
2606 4385 2752 4450 typus
2779 4375 2961 4430 Christi
2988 4379 3294 4450 mediatoris.
3329 4381 3464 4443 Quid
3489 4373 3720 4450 Angelus
3752 4399 3848 4436 va-

2253 4454 2411 4496 stator
2440 4447 2656 4519 cxpavit.
2691 4448 2936 4519 Hortatur
2979 4464 3103 4517 ergo
3134 4449 3338 4519 Moyses
3370 4447 3677 4518 pontificem
3725 4470 3848 4507 ma-

2252 4530 2412 4593 guum
2435 4556 2449 4580 ,
2478 4525 2538 4593 u_t
2563 4514 2749 4593 offerat
2784 4514 3062 4593 incensum
3102 4518 3152 4572 in
3199 4514 3416 4583 castris,
3447 4530 3500 4574 et
3529 4533 3722 4576 chret
3749 4541 3851 4593 pro

2255 4585 2467 4661 populo.
2498 4584 2618 4661 {run
2661 4589 2821 4661 enim,
2857 4589 3058 4658 inquit,
3091 4594 3274 4642 vastari
3320 4593 3533 4660 populus
3563 4584 3763 4661 carpit.-
3791 4596 3850 4648 lu

2253 4656 2440 4733 spiritu
2483 4655 2695 4733 videbat
2726 4655 2943 4733 Moyses
2967 4674 3084 4728 ane
3112 4655 3450 4733 gerebantur.
3498 4655 3669 4733 [Abiit
3717 4681 3854 4732 ergo

2254 4729 2429 4801 Aaron
2449 4768 2462 4789 ,
2494 4735 2550 4778 nt
2571 4725 2788 4780 offerret
2813 4725 3093 4782 incensum
3117 4725 3220 4797 pro
3244 4731 3438 4801 populo
3457 4773 3472 4797 ,
3499 4725 3557 4785 ἶει
3588 4737 3738 4788 stetit
3768 4725 3853 4788 iii-

2257 4805 2335 4880 ιρι·
2380 4796 2526 4850 vivos
2565 4807 2926 4880 et'nmrtuos;
2961 4811 3015 4853 et
3066 4796 3774 4880 ιιιὶιιειιιιιριιξδινιιιιδυιχ-Ιὴξὶ
3805 4806 3853 4880 ’ᾖ

2255 4864 2594 4941 (Νιιιιιᾍςγι,
2624 4869 2830 4941 ιιι-ιδ).
2854 4870 2908 4923 Si
2956 4864 3260 4925 intellexisti
3303 4875 3535 4925 historia:
3563 4864 3846 4941 ordinem:

2254 4938 2530 5014 ctoculis,
2564 4948 2617 5014 ut
2645 4939 2712 4991 ita
2732 4939 2944 5014 dicam,
2972 4956 3192 4995 cernere
3215 4944 3426 5010 potuisti
3459 4954 3689 4998 stantem
3719 4938 3855 5014 pou-

2257 5008 2449 5061 tificem
2472 5009 2701 5062 medium
2731 5010 2867 5064 inter
2889 5012 3034 5066 vivos
3057 5021 3110 5066 ct
3140 5008 3397 5067 mortuos.
3427 5014 3678 5070 Ascendc
3706 5008 3854 5072 nunc

2320 5200 2334 5231 ι
2357 5208 2405 5260 Αι
2422 5199 2484 5270 ιιιι
2508 5201 2768 5270 Origenem
2787 5237 2801 5259 ,
2829 5203 3084 5254 .ttarcionis
3106 5212 3188 5256 aut
3213 5205 3462 5270 Basilidis,
3491 5208 3619 5270 loco,
3642 5213 3856 5265 Arium)-

2254 5273 2366 5309 rum
2390 5261 2460 5310 rel
2481 5261 2874 5312 aranichreorum.

2318 5325 2338 5392 ξ
2362 5331 2468 5371 ιιωο
2493 5326 2756 5392 non_babet
2774 5328 3026 5392 Origenes,
3051 5328 3137 5376 sed
3162 5327 3253 5377 alia
3277 5329 3412 5392 plura
3439 5345 3608 5382 eorum
3635 5335 3761 5387 loco.

2321 5384 2538 5453 {uorum
2588 5383 2709 5446 loco,
2757 5383 2883 5447 apud
2925 5383 3186 5452 Origencm
3222 5383 3454 5453 prblixior
3493 5383 3858 5448 histmtitewde-

2254 5447 2467 5506 scriptio.

2319 5529 2391 5590 (a)
2413 5529 2590 5577 Abhinc
2612 5531 2864 5589 Origenes.

2265 5639 2268 5642 ,
2319 5591 2389 5651 (ιν)
2418 5595 2541 5651 Ignis
2583 5590 2772 5639 alienus
2806 5595 3053 5653 impositus
3088 5593 3264 5654 fuerat,
3291 5611 3385 5646 non
3422 5599 3470 5646 in
3495 5601 3764 5654 thuribulis
3788 5608 3864 5652 do

2255 5656 2586 5728 (ptibus‘b‘um.
2610 5666 2701 5728 Evt
2720 5655 2897 5728 agitur,
2921 5669 3130 5728 qumque
3153 5659 3380 5718 producta
3406 5669 3460 5728 in
3487 5660 3696 5712 laminas
3716 5668 3862 5728 jussu

2257 5713 2367 5783 sum
2391 5713 2542 5760 'altari
2579 5713 2733 5787 graui;
2761 5716 2848 5762 sed
2887 5713 3080 5787 manu,
3124 5713 3482 5787 errores-auat;
3516 5732 3566 5772 ct
3591 5713 3735 5787 Αιιιιεζ
3765 5713 3862 5777 sic".

2258 5778 2340 5824 vit.
2371 5788 2398 5822 Χ
2432 5791 2443 5825 ;
2466 5775 2589 5834 quod
2617 5776 2690 5824 hic
2716 5786 2764 5826 ct
2788 5779 2910 5837 apud
2935 5787 3194 5840 Origeueut
3214 5782 3538 5835 confunditur.
