4006 6446
178 405 305 463 1809

172 520 403 592 possint_:
435 517 569 592 Mitti
592 529 757 592 autem
784 520 912 574 absit
933 521 1162 592 gloriari,
1180 522 1276 576 nisi
1303 523 1352 577 iu
1369 541 1514 579 cruce
1533 522 1737 581 Domini

172 588 320 644 nostri
346 589 469 644 Iesu
511 588 844 664 Chr‘isti,__per
866 588 1013 664 quem
1040 592 1179 664 mihi
1213 594 1430 648 mundus
1470 597 1742 664 cruci/itus

167 671 255 726 ut,
283 670 437 732 et_ego
461 660 647 713 mundo
670 658 856 732 (Galat
878 658 961 732 :V'l,
993 662 1059 732 ll
1075 664 1113 731 ).

234 728 487 803 4.Crucis
515 728 750 803 mysteria
769 731 821 803 in
847 730 988 803 virga
1008 728 1193 803 Moysi.
1222 732 1289 786 Et
1316 734 1436 802 quia
1464 735 1530 789 de
1574 736 1742 792 beata:

171 802 333 857 crucis
364 802 616 873 mysterio
652 800 850 873 diutius
881 800 1020 873 loqui
1050 800 1284 857 et’dulce
1312 800 1394 857 est
1420 814 1474 859 et
1504 807 1736 873 salubre,

173 872 393 938 reliquas
420 870 534 938 ejus
559 870 973 942 significationes
1004 872 1255 930 breviter.
1280 874 1323 926 si
1345 874 1562 942 jubetis,
1594 870 1737 932 Cha?

169 942 328 995 ritatis
350 950 541 1012 vestra:
567 940 784 1012 auribus
813 940 1136 995 intimamus.
1168 942 1301 1008 Quid
1340 940 1478 997 enim
1510 944 1733 1012 dulcius,

168 1012 283 1081 qttid
305 1011 518 1066 suavius
549 1011 627 1064 vel
650 1011 868 1080 cogitari
896 1013 976 1066 vcl
1002 1012 1102 1065 dici
1130 1021 1319 1080 potest,
1350 1029 1507 1082 quam
1538 1011 1734 1071 sanctze

168 1083 328 1135 crucis
376 1082 708 1152 mysterium,
756 1096 851 1148 per
896 1097 1051 1144 quam
1094 1098 1196 1134 non
1243 1084 1414 1139 solutn
1458 1085 1523 1137 ab
1555 1086 1735 1142 inferis

167 1152 413 1224 revocari,
436 1150 541 1224 sed
571 1152 727 1224 etiam
757 1151 807 1204 in
824 1152 1003 1224 cados
1028 1152 1221 1205 elevari
1253 1154 1581 1224 meruimus?
1602 1156 1731 1224 Quia

165 1223 270 1274 sine
291 1222 391 1276 ulla
420 1220 747 1275 dubitatione
785 1219 872 1274 ubi
909 1230 1065 1288 caput
1090 1230 1324 1277 nostrum
1354 1219 1731 1281 Cltristum'as-

165 1290 395 1345 cendisse
415 1291 700 1355 credimus,
728 1290 965 1344 membra
994 1291 1133 1344 illius
1153 1302 1398 1346 secutura
1417 1309 1534 1347 esse
1561 1299 1728 1351 conli-

165 1361 345 1415 dimus.
377 1360 526 1431 Ligui
568 1362 739 1414 crucis
761 1359 917 1414 etiam
947 1362 1131 1414 umbra
1170 1362 1252 1416 vel
1278 1362 1458 1431 ﬁgura
1487 1365 1537 1417 in
1566 1368 1729 1421 veteri

165 1447 363 1500 quoque
412 1430 754 1485 Testamento
810 1431 1094 1498 plurimum
1158 1430 1453 1486 valuerunt.
1517 1434 1726 1490 Nullum

163 1500 359 1572 Moyses
379 1501 585 1572 signum
616 1501 728 1555 sine
756 1500 878 1572 li_gni
903 1510 1232 1572 sacramento
1253 1505 1473 1572 peregit.
1501 1503 1567 1558 Ut
1588 1508 1727 1561 enim

162 1569 300 1645 signa
326 1580 376 1626 et
401 1569 634 1645 prodigia
666 1572 715 1623 in
746 1569 978 1640 [Egypto
1002 1570 1215 1645 faceret,
1244 1569 1442 1645 virga—nt
1466 1576 1669 1645 accepit
1698 1593 1726 1631 a

163 1640 393 1704 Domino,
414 1649 466 1694 et
491 1641 555 1693 ad
584 1642 727 1707 signa
750 1655 972 1709 qmeque
997 1642 1248 1696 divinitus
1272 1640 1537 1705 audiebat,
1562 1640 1614 1699 ei
1642 1646 1722 1699 di-

161 1712 452 1783 cebaturci,
487 1710 638 1783 Eleva
658 1712 849 1783 virgam
869 1720 1004 1783 tuam
1026 1713 1041 1779 (
1064 1710 1228 1765 Exod.
1252 1728 1344 1783 vn,
1368 1713 1401 1767 9
1420 1716 1459 1783 ).
1486 1714 1597 1768 Non
1623 1717 1724 1770 uti-

165 1796 259 1850 que
283 1781 421 1836 Deus
450 1782 611 1851 virgte
644 1782 842 1835 auxilio
869 1781 1167 1849 indigebat;
1196 1782 1287 1836 sed
1318 1781 1635 1851 erigebatur,
1670 1796 1726 1841 ut

161 1851 286 1923 seire
302 1865 595 1923 possemus,
620 1861 869 1923 quantum
892 1862 1031 1923 esset
1051 1851 1180 1904 illud
1203 1851 1360 1923 futuri
1386 1853 1510 1921 ligni
1531 1865 1727 1923 myste-

162 1920 311 1985 rium,
327 1923 477 1991 cujus
508 1920 676 1975 fuerat
693 1921 874 1973 umbra
899 1920 1175 1990 ﬁguratum
1201 1922 1361 1991 virga:
1384 1920 1518 1977 illius
1543 1920 1721 1979 sacra-

161 1990 399 2062 mentum.
424 1990 583 2045 Forte
609 1992 651 2045 si
676 1992 908 2044 Rubrum
928 2005 1074 2044 mare
1093 1990 1432 2047 dividendum
1451 2004 1550 2057 est,
1569 1996 1723 2062 jube-

163 2070 239 2113 tur
252 2061 452 2131 Moyses
472 2062 679 2116 elevare
698 2063 923 2130 virgam;
946 2069 999 2115 et
1020 2076 1163 2116 mare
1183 2061 1721 2131 eognoscensventuri

161 2130 274 2200 ligni
303 2130 693 2215 ligatamn‘mox
715 2132 825 2215 Iiter
856 2131 1047 2215 potatio
1076 2130 1267 2215 pandit
1296 2134 1557 2188 insuetum
1591 2135 1608 2215 ς
1631 2134 1717 2189 Id.

162 2216 262 2263 xtv,
303 2201 523 2270 16-22).
553 2201 608 2256 Si
663 2202 727 2254 ad
759 2216 946 2269 aquam
977 2200 1196 2255 Marrba:
1217 2216 1448 2255 amaram
1491 2200 1716 2271 venitur,

160 2271 249 2355 nisi
276 2272 466 2341 lignum
488 2274 614 2352 inse
634 2272 943 2355 susceperit,
963 2272 1339 2355 nondulces’cit
1365 2270 1473 2354 (id.
1496 2289 1583 2338 xv,
1602 2270 1715 2355 ἓξ)

159 2340 276 2407 Quae
305 2357 386 2396 res
411 2352 527 2397 erat
565 2341 777 2404 indicio,
803 2341 1216 2412 annm'itndinem
1256 2340 1502 2396 Gentium
1536 2360 1628 2412 per
1651 2340 1717 2398 li-

158 2428 302 2477 gnum
328 2412 501 2466 crucis
526 2412 573 2463 in
602 2428 753 2465 usum
783 2411 1077 2481 dulcedinis
1106 2412 1422 2481 quandoque
1452 2411 1568 2466 esse
1596 2430 1714 2468 ver-

160 2483 374 2551 tendam.
407 2482 462 2537 Si
488 2490 663 2535 autem
694 2496 797 2534 non
820 2479 1184 2550 habetaquam
1216 2479 1438 2551 populus
1468 2483 1607 2537 unde
1638 2484 1717 2537 bi-

159 2550 257 2615 bat,
281 2560 421 2619 petra
452 2553 594 2621 ligno
625 2552 944 2620 percutitur;
980 2560 1032 2604 et
1069 2551 1158 2604 dat
1193 2550 1295 2620 per
1320 2552 1539 2621 gratiam
1578 2554 1717 2621 quod

158 2635 251 2675 non
287 2623 537 2676 habuerat
575 2637 669 2690 per
709 2631 974 2675 naturam.
1000 2622 1053 2676 Si
1086 2621 1299 2675 Amalec
1338 2637 1510 2675 samts
1552 2623 1717 2678 hostis

157 2693 390 2756 occurrit,
419 2692 574 2746 Jesus
604 2692 742 2744 lilius
764 2690 906 2743 Nave
932 2692 1131 2761 virgam
1162 2700 1340 2761 tenere
1370 2707 1531 2745 manu
1556 2693 1715 2761 jube-

158 2769 251 2832 tnr,
281 2772 330 2816 et
371 2763 577 2832 Moyses
608 2761 818 2815 brachia
851 2775 942 2814 sua
975 2760 1030 2832 in
1065 2760 1275 2832 modum
1316 2762 1489 2816 crucis
1528 2760 1715 2817 exten-

156 2831 300 2894 dere;
331 2849 391 2887 ac
417 2831 495 2886 sic
528 2848 621 2901 per
649 2834 871 2901 figuram
893 2831 1065 2884 crucis
1095 2831 1318 2884 vincitur
1348 2832 1717 2901 insuperabilis

158 2901 384 2957 inimicus
434 2902 566 2971 (Id.
613 2917 720 2954 xvn
774 2902 814 2969 ).
856 2900 959 2971 Sed
997 2916 1093 2953 nec
1133 2901 1353 2958 Eliszcns
1398 2900 1521 2970 ligni
1565 2902 1717 2971 hujus

156 2973 345 3042 mystici
391 2970 637 3026 virtutem
690 2972 896 3039 penitus
938 2970 1215 3042 ignoravit,
1256 2972 1356 3042 qui
1384 2972 1611 3042 securim
1633 2970 1716 3028 ide

157 3039 415 3097 manubrio
445 3044 495 3095 in
528 3042 800 3112 gurgitem
820 3039 1039 3112 lapsam,
1071 3040 1232 3093 misso
1258 3039 1307 3112 in
1331 3039 1549 3112 llumine
1571 3042 1717 3112 ligno

155 3112 213 3165 de
238 3114 489 3180 profundo
516 3109 751 3166 evocavit
784 3109 889 3181 (IV
920 3110 1127 3181 Regsvt
1149 3150 1161 3171 ,
1195 3110 1383 3181 5-7.);
1415 3109 1716 3179 significans

156 3184 320 3250 utique
358 3185 487 3237 dura
528 3182 688 3236 corda
727 3190 781 3235 et
821 3181 1017 3235 ferreas
1058 3180 1335 3234 hominum
1373 3182 1603 3236 cervices
1650 3182 1717 3236 de

154 3253 396 3320 profundo
419 3268 657 3307 emersas
694 3266 892 3316 errore,
936 3251 1078 3319 ligno
1115 3251 1286 3304 crucis
1307 3265 1423 3305 esse
1451 3252 1502 3304 in
1534 3259 1715 3320 poste-

155 3310 256 3373 iam
279 3322 651 3392 subjugandas.
672 3321 715 3375 Ο
730 3337 854 3374 crux
874 3310 1025 3390 cujus
1051 3328 1225 3392 tantus
1245 3334 1306 3392 ac
1333 3321 1456 3392 talis
1477 3310 1716 3390 decerpi-

156 3403 230 3443 tur
256 3391 478 3447 fructus!
513 3393 737 3446 Fructus
773 3400 947 3443 autem
984 3391 1179 3455 crucis,
1211 3391 1392 3459 gloria:
1422 3398 1506 3446 est
1531 3406 1713 3450 resur-

154 3463 321 3515 rectio.
357 3463 450 3517 llic
476 3463 678 3517 fructus
699 3462 820 3529 ligni
845 3461 998 3529 hujus
1017 3475 1141 3513 vere
1170 3460 1433 3528 plautatus
1461 3470 1542 3514 est
1561 3476 1716 3516 secus

154 3529 390 3587 decursus
416 3548 694 3602 aquarum;
723 3546 934 3602 semper
961 3530 1102 3602 enim
1134 3531 1276 3584 cruci
1305 3531 1571 3599 Baptisma
1592 3532 1717 3602 jun-

152 3602 296 3671 gitur.
323 3600 596 3657 Dedit'boc
618 3602 813 3671 lignum
839 3600 1064 3654 fructum
1092 3600 1142 3653 in
1174 3610 1408 3670 tempore
1432 3617 1546 3664 suo,
1571 3601 1715 3655 dedit

154 3668 363 3727 fructum
393 3673 603 3728 interim
637 3668 839 3726 Domini
869 3668 1293 3733 resurrectione;
1335 3670 1480 3725 dabit
1515 3680 1712 3725 etcum

153 3744 524 3809 apparueritde
553 3742 706 3796 caelis
732 3742 840 3805 ille,
868 3741 955 3810 qui
995 3740 1136 3793 visus
1176 3751 1258 3795 est
1295 3756 1456 3810 super
1494 3751 1711 3806 terram,

153 3825 259 3882 eum
287 3813 620 3882 pra‘cedenle
648 3814 761 3879 ipso
786 3809 959 3865 crucis
984 3811 1134 3879 signo
1152 3811 1259 3879 jam
1290 3809 1485 3880 fulgido
1510 3812 1714 3866 venerit

151 3880 211 3935 de
229 3880 464 3951 supernis
491 3901 503 3935 :
532 3894 655 3936 tunc
686 3890 1197 3951 resurgentcorpom
1222 3882 1570 3949 sepultorum,
1590 3890 1715 3951 tunc

151 3950 472 4007 exsultabunt
501 3954 666 4007 sancti
698 3953 748 4004 in
772 3950 955 4020 gl0ria,
988 3959 1111 4003 tunc
1133 3951 1182 4020 in
1205 3952 1314 4004 suis
1343 3951 1603 4005 cubilibus
1624 3950 1716 4004 la:-

152 4022 399 4089 tabuntnr,
425 4024 515 4094 qui
543 4039 681 4094 nunc
707 4019 882 4094 de’sui
911 4020 1050 4094 regis
1077 4035 1139 4074 ac
1166 4019 1374 4075 Domini
1413 4035 1570 4076 cruce
1608 4036 1711 4075 non

150 4092 548 4159 confunduntur,
582 4093 672 4147 sed
703 4092 876 4161 potius
901 4092 1209 4160 gloriantur.

618 4203 848 4261 SERMO
875 4202 1092 4258 XXXIII
1122 4203 1219 4275 (a).

580 4297 655 4350 De
684 4295 892 4350 Balaam
921 4304 965 4348 et
994 4294 1149 4348 Balac
1172 4294 1267 4368 (b).

213 4390 259 4442 l.
286 4388 786 4443 Exordiunt.l.cctio
823 4402 940 4455 quze
979 4385 1129 4455 nobis
1170 4385 1326 4439 hodie
1363 4385 1579 4455 recitata
1609 4394 1710 4451 est,

150 4456 322 4511 fratres
356 4459 676 4523 citatissimi,
714 4453 1006 4523 dicitquod
1044 4455 1250 4523 profecti
1294 4456 1386 4522 filii
1418 4453 1581 4508 Israel
1610 4456 1714 4508 col-

152 4525 419 4581 locaverunt
461 4539 629 4582 castra
663 4526 724 4579 ab
767 4526 1035 4579 Occidente
1072 4524 1224 4578 Moab
1256 4526 1410 4595 juxta
1436 4523 1713 4578 Jordanem

150 4609 307 4650 contra
329 4598 557 4661 Jericlto,
593 4608 637 4650 et
675 4598 796 4649 vidit
834 4596 989 4649 Bulac
1016 4596 1152 4662 ﬁlius
1185 4594 1404 4660 Sep/tor,
1433 4603 1486 4648 et
1512 4595 1714 4663 reliqua

146 4670 306 4721 omnia
336 4686 452 4738 quze
478 4669 546 4722 de
586 4668 889 4738 Balaam_el
916 4666 1065 4718 asino
1104 4665 1287 4738 scribit
1315 4664 1529 4738 historia
1558 4664 1712 4738 plena

148 4735 403 4808 negotiis'(
431 4738 591 4791 Num.
614 4753 727 4790 xxn
745 4736 783 4804 ).
810 4736 1044 4808 Interior
1070 4750 1196 4808 vero
1227 4735 1525 4808 intellectus
1546 4735 1717 4789 multo

148 4804 453 4875 negotiosior
490 4827 502 4861 :
536 4817 590 4862 et
630 4808 809 4861 nescio
838 4806 881 4859 si
928 4804 1081 4859 facile
1112 4805 1181 4859 sit
1212 4806 1290 4858 vel
1322 4806 1484 4875 ipsas,
1510 4814 1711 4858 tantum

148 4874 409 4947 historicas
437 4880 723 4947 explanare
752 4878 1044 4947 sententias
1070 4893 1085 4938 ε,
1110 4876 1217 4928 Deo
1250 4884 1424 4928 tamen
1457 4874 1708 4940 donante,

147 4945 359 5002 breviter
381 4945 809 5018 qum—passmmts
839 4946 1277 5018 pcrstringemus.

206 5017 254 5070 9..
284 5013 494 5072 Balaam
518 5013 692 5088 magus
721 5018 882 5083 potius
902 5032 1060 5088 quant
1078 5013 1344 5088 proli/tela.
1376 5014 1470 5068 llic
1497 5013 1709 5088 Balaam

146 5084 514 5143 morosissimus
542 5084 655 5141 erat
695 5088 745 5140 in
790 5096 902 5140 arte
930 5086 1151 5153 magica,
1195 5095 1246 5137 et
1293 5085 1343 5136 in
1388 5084 1710 5137 carminibus

147 5160 300 5213 noxiis
333 5168 656 5228 przepotens.
690 5157 803 5228 Non
844 5156 985 5228 enim
1025 5154 1250 5228 habebat
1278 5163 1594 5228 potestatem
1626 5154 1709 5228 vel

144 5237 291 5281 artem
333 5223 626 5284 verborum
670 5227 734 5281 ad
764 5225 1180 5281 benedicendum
1206 5240 1221 5287 ;
1253 5223 1345 5276 sed
1376 5223 1606 5277 habebat
1642 5224 1709 5276 ad

145 5299 569 5354 maledicendum.
594 5299 870 5351 Dzenmues
890 5296 1030 5350 enim
1050 5294 1113 5348 ad
1139 5294 1554 5347 maledicendum
1579 5293 1712 5346 invi-

148 5376 327 5433 tantur,
359 5385 462 5424 non
486 5369 551 5422 ad
580 5367 1019 5422 benedicendum.
1048 5366 1110 5419 Et
1141 5365 1259 5417 ideo
1286 5364 1433 5432 quasi
1459 5374 1709 5432 expertus

147 5437 190 5490 in
236 5441 442 5503 talibus,
492 5441 542 5493 in
591 5439 842 5507 Opinione
889 5444 1003 5490 erat
1036 5435 1281 5488 onmibus
1330 5436 1421 5503 qui
1463 5442 1615 5487 erant
1655 5434 1707 5487 in

195 5549 260 5609 (ιι)
286 5547 422 5607 Alias,
442 5550 508 5597 de
534 5556 769 5609 'l'empore
798 5547 901 5595 105.

194 5605 258 5670 (ὁ)
282 5618 328 5658 In
354 5605 629 5673 Appendiee
650 5605 774 5673 illlth
800 5611 1001 5673 primum
1019 5605 1290 5655 collocatur.
1313 5612 1375 5673 Es
1406 5605 1709 5673 Origeuianis

141 5680 182 5715 tu
202 5668 654 5721 autnertis'hmuiliis
682 5672 736 5718 15
761 5668 813 5719 et
841 5669 910 5725 l-l,
939 5670 1206 5729 fragmenta
1231 5669 1450 5729 qnzcdam
1484 5668 1704 5729 exhibet,

140 5731 257 5797 tullo
276 5735 473 5797 quidem
512 5733 589 5797 hic
628 5746 758 5779 nexu
799 5728 1115 5797 mlta'rettlia;
1154 5730 1240 5777 sed
1273 5728 1527 5797 aliquando
1548 5730 1705 5797 aptius

140 5790 339 5855 ttlligaia
396 5797 444 5843 in
493 5793 784 5841 l-‘uliensium
840 5801 916 5839 .\s.
984 5793 1026 5837 in
1083 5804 1178 5851 quo
1217 5790 1376 5839 multis
1420 5803 1481 5837 ex
1530 5790 1704 5837 eodem

140 5853 256 5904 laute
275 5856 457 5906 haustis
479 5857 738 5904 sententiis
762 5856 938 5902 auctior
966 5856 1219 5901 Invenitur.

1549 411 1779 472 SEliMO
1817 417 2052 477 XXXIII.

3298 443 3456 501 1810³

1850 532 2082 623 griente.
2108 536 2382 623 Nisi‘e‘nim
2411 545 2914 623 experimenta__ejus
2939 551 3163 623 plurima
3194 567 3426 623 prmees-

1849 608 2063 665 sissent.
2092 608 2232 677 quod
2263 608 2568 682 frequenter
2615 608 2908 674 maledictis
2938 608 3142 677 hostem
3180 608 3425 683 Gerus—set

1846 687 2144 764 armatum,
2177 695 2280 764 non
2320 684 2962 764 utique_przesumpsisset
3002 707 3096 746 rex
3138 693 3236 748 hoc
3268 710 3424 764 posse

1846 744 1962 835 fieri
1981 750 2334 835 sermonibus,
2351 744 2489 835 quod
2508 744 2647 835 ferro
2670 767 2721 812 et
2743 744 2855 835 a'eic
2877 761 2961 814 vix
2990 744 3420 835 posset-impleri:

1845 812 2033 904 {littus
2074 812 2402 904 ergonBala'c
2442 824 2509 879 de
2554 826 2674 904 hoe,
2715 837 2768 880 et
2808 812 3417 904 ιέ-ριιιξιςῆιέἷὲεῷἆῶἐζ

1844 890 2056 967 omissis
2080 890 2322 967 omnibus
2345 894 2706 967 instrumentis
2726 907 2779 951 et
2803 890 3017 955 auxiliis
3039 890 3260 967 bellicis,
3292 890 3416 959 mit:

1846 955 1907 1041 tit
1933 955 1999 1041 ad
2041 974 2164 1041 eum
2197 960 2419 1041 legatos,
2447 965 2629 1041 dicens
2662 967 2862 1041 alieni,
2895 955 3268 1041 maremari—adii:
3292 955 3416 1028 ini/ii

1842 1027 2084 1114 populum
2112 1027 2271 1114 hunc,
2295 1027 2413 1101 quia
2437 1034 2614 1101 fortior
2651 1038 2731 1114 hic
2748 1027 3134 1114 estquam’nos
3166 1059 3184 1096 :
3207 1046 3251 1096 si
3289 1027 3418 1114 forte

1839 1100 2083 1216 gessimus
2105 1100 2573 1170 aliquos'percutere
2595 1123 2657 1160 ea:
2675 1109 2763 1172 eis,
2791 1118 2834 1159 et
2849 1100 3025 1180 ejicere
3070 1128 3153 1165 eos
3178 1115 3241 1166 de
3260 1100 3409 1168 terra.

1887 1168 2131 1216 ιειάάιιίὶι
2159 1186 2171 1216 2
2203 1170 2340 1216 Scin.
2378 1175 2540 1216 inani!
2593 1177 2728 1216 nunt!
2764 1194 2888 1216 nunc
2913 1180 3217 1216 Ιιοηριιὶνονὶρ
3270 1184 3409 1216 ιιδηι

1882 1174 1905 1244 _t
1930 1168 2131 1247 addidit
2159 1186 2171 1221 :
2203 1168 2343 1234 Scio,
2378 1175 2568 1244 inquit,
2592 1177 2728 1247 quod
2752 1168 2888 1243 quo;
2912 1180 3238 1247 benedixeris,
3267 1184 3410 1238 benc-

1839 1235 2158 1323 dictierur‘tt;
2199 1251 2246 1321 et
2285 1259 2410 1323 quos
2448 1235 2786 1323 maledixeris,
2829 1250 3080 1323 maledicti
3104 1235 3278 1323 erant}.
3301 1235 3412 1323 Ego

1838 1318 1942 1387 non
1970 1308 2132 1387 credo
2159 1312 2279 1377 quia
2297 1308 2465 1368 sciret
2484 1331 2627 1387 rex,
2647 1316 2788 1385 quod
2833 1320 3035 1386 quibus
3064 1308 3406 1385 benedixerit.

1837 1373 2101 1462 benedicti
2149 1373 2329 1462 essent
2358 1402 2371 1437 :
2405 1385 2500 1438 sed
2544 1373 2757 1462 vide-tur
2792 1373 2921 1462 mihi
2967 1373 3413 1462 adulandi—grati;

1835 1441 1950 1529 lucc
2000 1446 2214 1529 dicere,
2268 1461 2327 1506 ut
2374 1464 2543 1529 artem
2592 1458 2719 1529 ejus
2754 1441 2983 1529 eil’erens
3008 1441 3088 1514 ξι
3112 1441 3408 1526 ’ἐὶιζοῖῐόὶὶὲζ

1836 1525 2213 1594 promptiorem
2239 1536 2358 1576 eum
2385 1525 2571 1579 reddat
2586 1525 2656 1594 ad
2697 1526 2917 1582 facinus.
2948 1529 3053 1584 Sed
3079 1531 3287 1586 tandem
3316 1550 3407 1588 ve-

1835 1588 1989 1669 niunt
2009 1588 2077 1669 ad
2100 1590 2311 1669 Balaam
2344 1594 2516 1669 legati.
2556 1593 2979 1669 Yeneruntenim,
3010 1599 3192 1669 inquit,
3213 1600 3216 1603 “
3240 1604 3404 1657 senio-

1832 1670 1911 1708 res
1935 1655 2087 1731 Moab
2112 1670 2156 1731 et
2182 1655 2419 1717 seniorcs'
2438 1663 2650 1719 Madian
2669 1707 2683 1731 ,
2714 1676 2761 1720 et
2786 1655 3147 1723 divinaeufa'in
3177 1655 3407 1727 manibus

1833 1740 2023 1807 eorum.
2057 1728 2217 1799 Igitur
2242 1732 2453 1807 Balaam
2479 1728 2792 1807 divinaeulis
2830 1740 3081 1807 acceptis,
3111 1756 3229 1794 cum
3269 1744 3405 1797 sole-

1832 1805 1951 1876 rent
1977 1796 2246 1876 daemones
2282 1802 2349 1856 ad
2357 1819 2430 1876 se
2460 1806 2659 1876 venire.
2687 1805 2880 1876 fugatis
2907 1796 3123 1876 quidem
3148 1796 3403 1866 d:emoni-

1830 1864 1930 1921 bus
1971 1868 2100 1948 vidit
2139 1871 2326 1948 adesse
2357 1864 2658 1948 Dominum.
2688 1864 2843 1931 Vé'nit
2883 1864 3011 1948 ergo
3051 1880 3116 1933 ad
3146 1864 3401 1936 Balaatn:

1831 1951 1934 2014 non
1962 1939 2099 2007 quod
2129 1940 2318 2014 dignus
2339 1953 2480 1998 esset
2512 1945 2579 1999 ad
2604 1961 2759 2014 quem
2790 1939 2991 2002 veniré't
3021 1949 3188 2013 Deus;
3230 1952 3323 2005 sed
3349 1964 3404 2005 ut

1829 2003 2137 2080 iugulentur
2164 2003 2260 2077 illi,
2277 2014 2428 2080 quiei
2455 2014 2521 2068 ad
2558 2003 2973 2071 maledicendum
2990 2027 3044 2071 et
3066 2003 3403 2074 malefacien-

1828 2075 1955 2146 dum
1982 2078 2169 2135 adesse
2209 2075 2615 2138 consueverant.
2633 2085 2699 2139 Et
2727 2085 2859 2140 dixit
2880 2087 3017 2141 Deus
3044 2087 3109 2142 ad
3146 2089 3354 2144 Balaam
3386 2109 3400 2146 :

1829 2143 1952 2228 ῌοη
1974 2164 2064 2228 eos
2086 2166 2203 2228 cum
2233 2153 2531 2228 eis,_neq_ue_
2549 2156 2821 2209 maledicas
2858 2157 3139 2227 pupulum;
3169 2143 3250 2213 est
3273 2143 3403 2214 enim

1827 2214 2132 2291 benedictus.
2166 2220 2311 2276 Deus
2341 2223 2417 2277 ire
2435 2214 2654 2277 Balaam
2676 2236 2836 2291 atque
2858 2214 3401 2284 invocare'daemones

1826 2285 1893 2338 ad
1946 2289 2365 2367 maledicendum
2420 2285 2778 2367 prohibetizs'i
2816 2304 2989 2367 tamen
3038 2313 3064 2349 a
3116 2300 3401 2367 cupiditate

1826 2368 2109 2434 cessasset.
2117 2360 2234 2434 Sed
2255 2362 2387 2434 quia
2409 2360 2641 2434 persistit
2667 2366 2718 2416 in
2750 2365 3014 2420 desiderio
3042 2360 3295 2434 pecunia),
3321 2371 3401 2422 in-

1826 2425 2051 2506 dulgens
2094 2430 2232 2484 Deus
2273 2425 2481 2506 arbitrii
2527 2433 2758 2506 libertati
2800 2450 2982 2489 rursus
3024 2425 3100 2492 ire
3141 2425 3394 2506 permisit.

1825 2496 2092 2576 Ascendit
2120 2515 2248 2576 ergo
2277 2501 2480 2576 asinam
2520 2504 2746 2576 Balaam
2776 2522 2789 2557 :
2829 2506 3054 2576 occurrit
3095 2496 3153 2561 ei
3182 2509 3398 2576 angelus

1824 2567 1912 2643 qui
1942 2567 2235 2643 excubabat
2254 2586 2350 2640 pro
2376 2572 2556 2635 Israel,
2579 2573 2644 2627 de
2669 2588 2774 2643 quo
2794 2575 3045 2642 scriptum
3067 2586 3165 2642 est,
3188 2567 3409 2633 dicente-

1826 2633 2051 2714 Domino
2067 2639 2136 2714 ad
2173 2633 2398 2714 _Moysen
2430 2660 2443 2695 :
2471 2633 2699 2714 Angelus
2729 2660 2865 2697 meus
2898 2633 2985 2698 ibit
3009 2633 3168 2699 tecum
3198 2646 3393 2714 (Exod.

1824 2720 1991 2771 χχχιι,
2016 2708 2127 2782 54).
2172 2708 2508 2782 Pertendenti
2546 2708 2674 2782 ergo
2723 2715 2798 2768 ire
2845 2716 3153 2770 conceditur
3184 2708 3287 2770 :‘in
3317 2720 3398 2773 via

1823 2778 2117 2852 conteritur
2142 2780 2403 2852 abasina.
2435 2782 2539 2837 Sed
2578 2778 2762 2852 magus
2788 2783 3055 2839 tl;emo:tes
3100 2787 3260 2852 videt,
3305 2804 3400 2840 an-

1824 2846 1996 2913 gelum
2024 2864 2126 2926 non
2148 2850 2291 2905 videt
2313 2853 2499 2926 ;_asiua
2521 2846 2701 2926 tamen
2732 2853 2873 2926 videt
2904 2872 2918 2908 :
2950 2871 3052 2926 non
3075 2856 3213 2926 quod
3238 2846 3394 2926 digna

1825 2926 1968 2971 esset
1996 2918 2175 2994 videre
2197 2923 2465 2994 angelum,
2488 2924 2626 2977 sicut
2650 2938 2749 2978 nec
2774 2924 2912 2994 loqui
2937 2918 3268 2994 digna-eral;
3295 2918 3394 2981 sed

1825 2996 1880 3064 ut
1905 2988 2287 3064 confutaretur’
2307 2991 2541 3064 Balaam,
2565 3001 2641 3064 et,
2671 3001 2727 3046 ut
2750 2993 2825 3045 ait
2846 2988 3135 3063 Scriptura
3179 2996 3230 3048 iu
3256 2988 3394 3064 quo-

1824 3055 1944 3109 dam
1976 3058 2111 3125 loco,
2143 3060 2344 3134 utum
2387 3055 2579 3134 animal
2600 3055 2820 3134 humana
2843 3079 2960 3117 voce
2978 3055 3290 3134 respmtdens'
3310 3083 3395 3118 ar-

1823 3139 2004 3205 gueret
2021 3129 2278 3205 prop/terte
2298 3130 2593 3205 dementiam
2617 3132 2679 3205 (ll
2708 3130 2856 3205 Petr.
2876 3148 2930 3198 It,
2959 3129 3069 3205 lli);
3087 3134 3210 3189 ch
3225 3137 3391 3199 asina,

1825 3200 1875 3253 id
1905 3209 2023 3259 est:
2040 3199 2298 3265 Ecclesia,
2332 3201 2476 3269 prius
2504 3203 2742 3269 portabat
2770 3202 3003 3269 Balaam,
3024 3199 3174 3259 'nunc
3215 3216 3392 3259 autem

1822 3269 2092 3345 tjhristum
2115 3310 2128 3332 ,
2157 3285 2223 3324 ex
2247 3286 2351 3345 quo
2372 3272 2551 3345 soluta
2585 3282 2667 3326 cst
2691 3287 2718 3324 a
2748 3271 3034 3345 discipulis,
3065 3284 3117 3327 et
3147 3290 3174 3327 a
3206 3277 3395 3345 quibus

1823 3340 2013 3394 innexa
2056 3351 2173 3394 erat
2211 3341 2433 3395 vinculis
2463 3342 2693 3395 relaxata
2719 3384 2732 3405 ,
2769 3352 2825 3396 ut
2863 3344 3030 3399 Filius
3068 3346 3156 3399 Dei
3184 3340 3394 3400 sederet

1822 3426 1982 3480 super
2001 3428 2137 3476 eam,
2157 3421 2209 3465 et
2223 3426 2342 3467 cum
2362 3412 2471 3480 ipsa
2490 3412 2855 3481 ingrederetur
2870 3426 3103 3471 sanctam
3129 3415 3392 3469 civilalem

1819 3481 2147 3543 Jerusalem;
2175 3492 2229 3535 et
2264 3484 2616 3550 compleretur
2636 3482 2904 3551 Scriptura
2932 3500 3051 3552 qum
3080 3485 3226 3549 dicit,
3278 3485 3392 3537 ιω.

1822 3561 1945 3614 tare,
1976 3553 2085 3619 ﬁlia
2114 3552 2401 3606 Sion:ecce
2424 3569 2512 3606 rex
2531 3564 2645 3606 tuus
2671 3555 2798 3606 venit
2826 3553 2912 3605 tibi
2934 3555 3086 3615 mitis,
3109 3555 3285 3608 sedens
3308 3572 3396 3608 su-

1821 3639 1910 3691 per
1934 3620 2246 3691 subjugalem
2277 3621 2488 3687 (Matth.
2520 3638 2626 3687 ut,
2659 3622 2737 3691 5),
2767 3624 2817 3675 id
2846 3632 2945 3685 est,
2999 3625 3222 3677 asinam.
3271 3626 3389 3677 Asi.

1821 3707 1964 3756 nam,
1994 3694 2271 3746 credentes
2295 3694 2407 3746 sine
2431 3692 2592 3745 dubio
2616 3710 2676 3744 ex
2706 3692 2901 3745 Judaeis
2923 3694 3081 3756 dicit;
3117 3704 3167 3746 et
3192 3694 3389 3761 pullum

1822 3762 2106 3825 novellum,
2147 3777 2239 3815 cos
2278 3763 2513 3831 profecto
2538 3764 2625 3831 qui
2651 3771 2771 3817 sunt
2792 3778 2855 3816 ex
2883 3762 3139 3818 Gentibus
3167 3765 3386 3818 creden-

1822 3840 1902 3887 tes
1922 3833 1973 3886 in
2001 3831 2265 3887 Christum
2282 3833 2389 3956 ἔα).

1892 3904 1945 3956 5.
1978 3901 2187 3955 Balaam
2211 3914 2255 3956 et
2302 3904 2389 3956 fult

1892 3904 1945 3957 5.
1978 3901 2187 3955 Balaam
2211 3914 2255 3957 et
2282 3901 2440 3968 Baiae
2461 3919 2673 3970 quarunt
2702 3904 2895 3972 figurae.
2917 3903 3129 3957 Balaam
3159 3904 3264 3970 hic,
3298 3907 3385 3973 qui

1821 3972 2198 4042 interpretatur
2245 3975 2473 4042 Populus
2525 3990 2709 4033 vanus.
2765 3974 2972 4027 videtur
3016 3975 3142 4027 mihi
3197 3972 3393 4029 habere

1838 4058 2102 4098 tersonam
2134 4044 2437 4098 Scribarum
2467 4053 2519 4096 ct
2541 4044 2927 4097 Pharisarorum
2955 4043 3159 4099 Judaici
3188 4047 3386 4112 populi.

1865 4114 1979 4168 alae
2005 4129 2150 4178 vero,
2181 4115 2271 4184 qui
2300 4115 2543 4167 Exclusio
2577 4116 2655 4168 vel
2686 4116 2963 4168 llevoratio
2988 4116 3386 4183 interpretatur,

1821 4192 1873 4237 et
1903 4185 2014 4251 ipse
2040 4184 2235 4239 habere
2274 4200 2551 4252 personam
2583 4184 2951 4253 intelligendus
2980 4195 3062 4238 est
3106 4186 3261 4238 unius
3287 4186 3387 4239 ali-

1820 4254 1972 4321 cujus
1991 4254 2171 4308 mundi
2195 4254 2349 4323 hujus
2361 4256 2639 4308 centrariae
2662 4255 2956 4321 potestatis,
2976 4271 3092 4323 qum
3106 4256 3390 4310 excludere

1819 4334 1874 4377 et
1902 4325 2156 4378 devorare
2202 4326 2379 4393 cupiat
2423 4325 2598 4377 Israel.
2633 4325 2866 4377 Primum
2904 4340 3030 4393 ergo
3059 4324 3292 4378 onminm
3323 4326 3393 4381 tle

1821 4394 1937 4461 ipso
1960 4395 2167 4446 Balaam
2191 4396 2549 4462 requiramus,
2579 4410 2673 4447 cur
2700 4394 2752 4447 in
2783 4394 3071 4463 Scriptnris
3092 4411 3230 4448 nunc
3256 4397 3391 4450 vitu-

1857 4465 2067 4519 erabilis
2095 4474 2194 4527 est,
2224 4480 2365 4518 nunc
2402 4464 2676 4517 laudabilis
2707 4464 2933 4532 ponitur.
2962 4464 3091 4518 Nam
3122 4466 3388 4533 vitupera-

1857 4480 2067 4519 eraoms
2095 4480 2194 4527 ρει,
2224 4480 2365 4518 nunc
2402 4480 2676 4517 laudamus
2707 4480 2933 4532 ponitur.
2962 4480 3091 4518 tvam
3122 4480 3387 4533 vitupera-

1818 4480 1940 4588 Bilis
1960 4544 2061 4601 est,
2088 4550 2208 4588 eum
2258 4533 2485 4588 aedificat
2508 4551 2647 4599 aras,
2694 4545 2745 4587 et
2767 4535 3006 4587 victimas
3036 4536 3255 4602 inqzonit
3274 4536 3387 4588 tia--

1821 4605 2034 4675 moniis,
2080 4614 2134 4658 et
2174 4613 2426 4675 apparatu
2472 4605 2675 4669 magico
2703 4605 2869 4671 poscit
2906 4604 3076 4657 divina
3110 4608 3383 4659 consulta:

1819 4674 2095 4745 culpabilis
2123 4683 2225 4740 est,
2272 4689 2393 4728 cum
2422 4675 2700 4745 consilium
2738 4675 3023 4745 [ιιέδςίιιιιιιιι
3066 4676 3174 4737 dat,
3216 4685 3387 4743 utpn-

1820 4745 1976 4813 pulus
2015 4744 2305 4811 decipiatur
2345 4759 2438 4811 per
2469 4744 2719 4797 mulieres
2749 4744 3078 4813 Madianitas,
3111 4754 3163 4798 et
3185 4745 3401 4801 cultum.

1818 4812 2097 4867 idolorum.
2136 4814 2338 4867 liursus
2370 4813 2643 4867 laudabilis
2674 4812 2987 4875 ostenditur,
3018 4828 3138 4867 eum
3167 4815 3384 4869 verbmn

1817 4884 2023 4937 Domini
2053 4884 2262 4952 ponitur
2282 4885 2332 4937 in
2356 4900 2448 4935 ore
2468 4882 2601 4950 ejus,
2633 4898 2751 4935 cum
2772 4883 2997 4950 Spiritus
3028 4884 3118 4937 Dei
3148 4883 3206 4937 fit
3226 4901 3405 4952 superk

1817 4968 1958 5017 eum,
1989 4970 2106 5007 cum
2136 4953 2204 5007 de
2227 4953 2436 5007 Christo
2461 4952 2759 5021 prophetat,
2793 4969 2911 5004 cum
2942 4952 3138 5008 .ludzeis
3164 4964 3216 5007 et
3245 4956 3397 5010 Gens

1818 5025 1955 5077 tibus
1976 5024 2041 5078 de
2081 5023 2308 5077 adventu
2335 5021 2531 5076 Christi
2562 5023 2807 5091 mysteria
2854 5021 3026 5076 futura
3058 5028 3381 5091 pronuntiat,

1816 5109 1934 5147 cum
1964 5108 2059 5161 pro
2084 5093 2542 5146 maledictionibus
2576 5093 2971 5165 benedictioucs
3008 5096 3199 5163 populo
3228 5096 3383 5165 largi-

1817 5171 1920 5237 tur,
1949 5172 2004 5217 et
2029 5178 2218 5237 nomen
2252 5165 2409 5237 Israel
2441 5177 2600 5232 super
2644 5162 2902 5216 visibilem:
2950 5162 3169 5234 gloriam
3200 5162 3389 5237 mysu-

1815 5235 1892 5288 cis
1920 5234 2113 5288 exeolit
2138 5234 2378 5302 eloquiis.
3258 5234 3289 5245 "

1885 5305 1937 5356 4.
1971 5303 2252 5356 Peroratio.
2279 5304 2422 5365 llznc,
2448 5302 2634 5375 fratres
2654 5302 2971 5375 charissimi,
2996 5321 3157 5375 pauca
3181 5306 3246 5363 de
3270 5306 3385 5368 plu-

1816 5374 1985 5445 rimis,
2005 5389 2102 5445 pro
2124 5383 2363 5442 tempore
2385 5374 2531 5427 vobis
2553 5373 2688 5428 dicta
2716 5373 3010 5436 sufﬁciant;
3025 5377 3115 5429 sed
3137 5376 3315 5429 omnia
3332 5377 3385 5426 in

1814 5444 1974 5499 corde
1992 5444 2393 5512 diligentissime
2415 5445 2659 5510 retinete,
2689 5454 2743 5499 et
2769 5445 2931 5498 corda
2960 5456 3129 5498 vestra
3172 5458 3385 5511 semper

1814 5514 1879 5567 ad
1910 5514 2200 5582 spiritualia
2231 5514 2560 5584 agnoscenda
2593 5514 2884 5568 convertite
2911 5532 2922 5568 :
2949 5525 3002 5568 ut
3026 5518 3382 5584 quiaomnmn

1816 5585 2143 5652 prophetiam
2173 5582 2283 5653 jam
2317 5601 2409 5652 per
2442 5586 2781 5654 Evattgelittm
2822 5585 2972 5637 nobis
3020 5582 3268 5636 Dominus
3300 5598 3386 5654 ref

1814 5656 2022 5718 velavit,
2052 5656 2116 5707 ad
2152 5652 2277 5708 illud
2303 5656 2550 5725 gaudium
2591 5652 2869 5724 pervenite
2900 5668 3216 5714 mercamur,
3245 5652 3395 5721 quod.

1876 5786 2067 5855 (u)_ll_u_c
2109 5800 2262 5855 usque
2304 5800 2364 5834 ex
2410 5784 2569 5835 ltomil.
2596 5783 2816 5846 Ot'igenis
2857 5783 2912 5831 l3
2950 5782 2997 5830 in
3041 5790 3386 5833 tumulanth

1815 5847 1975 5896 bomil.
2003 5848 2057 5895 1‘-
2103 5847 2194 5897 sub
2214 5849 2375 5897 (iaetu.
