4006 6442
532 291 662 344 1827

525 408 690 464 ,ιιιόωὶ
719 405 967 460 nolebant
989 399 1224 462 credere,
1257 398 1337 451 vel
1364 411 1484 450 cum
1513 395 1791 448 severitate
1818 393 2100 446 vindictam

527 482 848 532 iri-ouantem
874 479 1184 526 metuerent.
1206 479 1257 522 et
1279 469 1526 520 timentes
1549 475 1774 519 mortem
1797 479 2104 532 corporum,

526 531 610 603 {ei
633 531 709 600 sic
735 549 955 598 salutem
981 542 1311 608 requirerent
1333 538 1652 590 animarum.
1676 531 1978 608 (ingluviem
2004 551 2106 586 non

526 621 697 673 solum
732 619 780 668 in
819 614 990 667 Veteri
1020 605 1390 671 'I'estatncnto,
1433 608 1525 660 sed
1567 608 1726 659 etiam
1759 606 1809 657 in
1839 605 1984 656 Novo
2018 621 2108 671 per

526 691 737 743 beatum
769 687 976 739 l’etrum
1014 680 1310 748 apostolum
1344 679 1392 730 iu
1423 678 1623 730 Anania
1652 687 1706 748 e_t
1739 676 1995 748 Sapphira
2035 677 2109 748 Ir-

525 762 698 826 gimus
741 756 900 809 fuisse
938 746 1255 826 completam
1283 762 1461 826 :_quos
1508 748 1624 826 ideo
1669 746 1810 826 Petri
1845 747 2105 826 sententia

525 816 822 885 damnavit,
857 835 912 876 nt
951 816 1127 876 nullus
1176 821 1226 872 in
1270 819 1626 872 oblationibus
1668 817 1751 869 vel
1799 816 2105 869 muneribus

524 902 634 952 suis
663 896 880 958 Spiritui
910 903 1094 945 saneto
1121 890 1331 943 mentiri
1360 899 1664 958 pra-sumat:

593 969 646 1021 ὲ.
689 954 986 1019 Judazorum
1027 961 1223 1014 insania
1267 961 1319 1011 in
1361 954 1596 1027 passione
1633 955 1856 1009 Domini.
1900 954 2105 1008 Punitio

523 1055 697 1092 eorum
746 1052 832 1104 per
878 1034 1045 1086 Titum
1093 1042 1139 1085 et
1194 1029 1556 1104 Vespasianum
1608 1031 1792 1104 fatim:
1831 1028 2098 1104 ﬁguratur.

526 1110 660 1174 Quot
699 1096 869 1159 Judwi
908 1117 1023 1156 tunc
1061 1101 1336 1174 perempti,
1377 1107 1494 1174 quot
1521 1096 1722 1174 captivi.
1753 1097 1818 1150 Et
1847 1096 2102 1174 quidem,

525 1167 716 1233 l'ratres
755 1167 1081 1235 charissimi,
1113 1167 1400 1224 secundum
1431 1167 1657 1220 litteram
1690 1170 1757 1220 ita
1784 1167 2104 1219 credendmn

522 1259 632 1316 est,
676 1258 731 1302 ut
765 1263 923 1314 supra
955 1243 1312 1311 suggessimus
1331 1281 1345 1304 ,
1375 1239 1513 1316 quod
1541 1240 1725 1316 beatus
1751 1239 1974 1316 _Elis:eus
2001 1253 2102 1289 non

523 1309 809 1373 iracundia:
837 1309 1346 1368 inorho'commotus
1365 1351 1377 1371 ,
1405 1310 1496 1362 sed
1527 1310 1640 1361 zelo
1672 1309 1760 1361 Dei
1785 1322 2101 1372 succensus,

521 1392 587 1443 ad
636 1385 1003 1456 corrigendum
1055 1382 1303 1451 populqu
1349 1379 1654 1456 Judmorum
1701 1377 1951 1456 parvulos
1987 1379 2104 1430 illos

524 1447 1028 1530 permisitvlacerari
1056 1447 1070 1516 ξ
1117 1447 1221 1505 nou
1247 1460 1338 1530 _ut_
1372 1450 1692 1530 vindicaret,
1725 1447 1817 1501 sed
1849 1449 2105 1530 potius"!

526 1519 644 1583 illos
671 1528 961 1596 corrigeret
995 1542 1008 1576 ς
1044 1535 1217 1576 tamen
1246 1523 1296 1574 in
1327 1520 1588 1596 lioelacto
1615 1520 1774 1596 etiam
1807 1519 1980 1587 passio
2005 1519 2105 1596 Do-

525 1601 653 1654 mini
698 1588 989 1653 Salvatoris
1019 1591 1541 1663 prteliguratahljuisse
1571 1589 1844 1663 evidenter
1870 1588 2103 1663 ostendi-

525 1682 627 1724 tur.
676 1669 807 1723 Nam
851 1659 1115 1735 quomodo
1143 1659 1292 1735 pueri
1325 1661 1399 1735 illi
1431 1659 2099 1735 indisciplinati‘clamate-

525 1750 646 1794 runt
689 1741 841 1793 beato
870 1729 1105 1797 'Elisaéo,
1143 1729 1376 1784 'Ascende
1396 1771 1410 1794 ,
1444 1729 1618 1791 calve;
1648 1729 1860 1782 ascende
1879 1770 1892 1789 ,
1925 1730 2102 1791 calve;

525 1813 594 1864 ita
625 1819 679 1864 et
716 1807 964 1862 inseusati
995 1804 1168 1873 pepuli
1195 1802 1495 1873 Judteorum
1524 1813 1652 1873 vero
1676 1801 1865 1852 Elistno
1890 1798 2104 1873 Christo

525 1894 762 1950 tempore
805 1867 1077 1950 passionis
1105 1888 1235 1926 voce
1265 1872 1518 1950 sacrilega
1538 1871 1946 1950 clamaverui‘lt,
1978 1867 2106 1950 Cru-

519 1939 666 2019 ciﬁge
691 1991 706 2015 ,
749 1939 985 2017 cruciﬁge
1016 1942 1361 2019 (Litanam,
1389 1942 1502 2019 ξι).
1533 1941 1668 2019 Quid
1697 1949 1808 2000 est,
1840 1939 2099 2019 Ascende,

520 2011 702 2081 va'liief
739 2011 978 2080 ascende,
1012 2011 1192 2068 calve?
1224 2013 1323 2065 nisi
1347 2052 1362 2074 ,
1391 2011 1630 2064 Asceude
1656 2026 1868 2063 crucem
1903 2011 1954 2061 in
1989 2011 2103 2081 loco

519 2079 801 2145 Calvaiiaz.
843 2089 909 2141 Et
950 2079 1047 2139 hoc
1090 2083 1371 2144 attendite,
1419 2082 1641 2141 fratres,
1683 2081 1802 2148 quia
1841 2081 1978 2133 sicut
2006 2079 2104 2132 sub

525 2163 714 2215 Eliseo
755 2157 1097 2228 quadraginta
1147 2155 1252 2206 duo
1294 2153 1440 2220 pueri
1488 2151 1712 2228 lacerati»
1743 2160 1898 2228 sunt;
1943 2153 2012 2202 ita
2051 2159 2104 2202 et

521 2244 642 2301 post
670 2222 1013 2301 quailraginia
1045 2227 1176 2301 duos
1203 2238 1372 2301 annos
1394 2222 1656 2301 passionis
1682 2222 1988 2301 Dominicm,
2013 2235 2104 2299 ve-

523 2291 714 2357 nerunt
741 2301 848 2354 duo
872 2291 981 2351 ursi
1005 2338 1018 2362 ,
1051 2294 1401 2362 Vespasianus
1426 2301 1480 2345 et
1507 2291 1675 2344 Titus.
1698 2292 1771 2362 lit
1801 2292 1899 2344 hoc
1929 2292 2104 2344 consi-

519 2375 740 2434 derate,
785 2361 1013 2432 fratres,
1059 2361 1180 2435 quia
1222 2365 1274 2416 in
1321 2362 1659 2435 solemnitate
1694 2361 1936 2435 Paschali
1968 2363 2102 2435 facta

517 2453 602 2497 est
629 2431 834 2496 obsidio
868 2431 1171 2493 .lud:eorum
1196 2451 1210 2492 :
1245 2444 1301 2486 ut
1323 2434 1468 2501 justo
1496 2433 1587 2485 Dei
1615 2431 1812 2500 judicio
1839 2447 1903 2483 ex
1929 2433 2103 2483 onmi-

523 2516 617 2567 bus
659 2510 944 2581 provinciis
969 2505 1270 2581 congregati
1297 2503 1497 2581 Judzei,
1531 2504 1580 2554 ili
1612 2501 1739 2581 ipsis
1768 2502 1954 2554 diebus
1986 2516 2101 2581 tite-

521 2573 780 2637 nam'sibi
817 2580 1047 2633 debitam
1080 2573 1442 2637 sustinerent,
1483 2573 1533 2625 iu
1563 2573 1754 2640 quibus
1785 2587 1963 2625 verum
1992 2573 2102 2624 Eli-

520 2669 687 2707 sazum
743 2650 1022 2704 Dominum
1073 2656 1126 2699 et
1175 2645 1503 2696 Salvatorcm
1551 2651 1790 2695 nostrum
1842 2643 1892 2694 in
1945 2657 2104 2696 cruce

521 2721 928 2790 suspendet-aut.
952 2719 1068 2790 _l'.lo
1111 2717 1288 2790 enim,
1322 2714 1385 2790 id
1429 2721 1541 2790 est,
1581 2713 1987 2790 quadragesimo
2020 2728 2104 2790 sc-

519 2783 696 2846 eundo
723 2806 862 2844 anno
882 2805 910 2842 a
935 2788 1020 2841 die
1041 2785 1298 2855 passionis
1321 2784 1527 2836 Domini
1550 2783 1735 2855 nostri,
1758 2783 1906 2855 quasi
1929 2783 2104 2855 divina

525 2880 684 2916 mauu
727 2862 828 2915 acti
873 2853 1080 2922 Judaei,
1125 2855 1504 2922 Jerosolymis,
1547 2853 1684 2907 sicut
1722 2854 1992 2917 solebant,
2036 2853 2103 2906 ad

516 2931 899 2989 celebrandum
950 2928 1146 2983 Pascha
1191 2934 1568 2979 convenerant.
1617 2923 1674 2979 In
1705 2923 1941 2977 historiis
1970 2925 2101 2992 legi-

523 3022 673 3069 mus,
718 3002 858 3074 quod
901 3013 1024 3074 tunc
1067 2997 1245 3074 tricies
1277 3002 1508 3074 centena
1536 2994 1700 3048 millia
1741 2995 2104 3074 hominumex

520 3066 1110 3140 .lud:eis'.lerosolymis
1147 3068 1352 3140 iuerint
1393 3075 1767 3140 congregata:
1809 3080 1875 3118 ex
1913 3066 2105 3132 quibus

524 3148 664 3199 l'erro
701 3154 755 3200 et
793 3143 932 3196 fame
970 3135 1221 3194 undecies
1263 3145 1487 3190 centena
1528 3137 1692 3188 millia
1720 3135 1963 3204 leguntur
1987 3150 2105 3190 esse

523 3223 832 3283 consumpta
854 3254 868 3275 ,
915 3221 989 3283 et
1013 3218 1222 3283 centum
1262 3206 1700 3283 milliajuvenum
1727 3205 1950 3283 Romam
1980 3220 2104 3274 per-

523 3286 666 3339 ducti
694 3275 820 3337 sunt
847 3283 900 3336 in
929 3278 1272 3347 triumphum.
1305 3277 1518 3329 Duobus
1543 3277 1685 3330 enim
1713 3278 1865 3329 annis
1885 3275 2105 3347 obsessa

521 3364 606 3409 est
642 3353 827 3410 civitas
864 3352 949 3405 illa
971 3391 985 3414 ,
1016 3359 1068 3404 et
1094 3346 1234 3402 tanta
1261 3347 1544 3401 multitudo
1574 3356 1904 3400 mortuorum
1933 3346 2001 3400 de
2027 3347 2104 3399 ci-

525 3428 690 3481 vitate
730 3424 966 3495 projecta
1012 3430 1124 3484 est,
1158 3428 1214 3471 ut
1239 3418 1405 3495 muris
1435 3417 1832 3495 ipsancadavera
1858 3431 2104 3495 coaequa-

524 3487 929 3553 renturflsiam
973 3506 1100 3560 ergo
1145 3489 1493 3543 vastationem
1541 3488 1838 3560 lignrahaut
1882 3488 1954 3560 illi
1999 3487 2106 3541 duo

526 3569 665 3633 ursi,
692 3568 780 3634 qui
810 3558 1151 3634 quadraginta
1181 3561 1314 3634 duos
1341 3572 1533 3627 pueros
1564 3569 1782 3634 propter
1805 3558 2104 3634 irrisioneui

526 3628 663 3693 beati
693 3628 870 3691 Elisoli
897 3628 1156 3687 lacerasse
1183 3632 1433 3684 dicuntur
1458 3647 1470 3681 :
1499 3640 1551 3682 et
1573 3631 1845 3698 impletum
1868 3628 2105 3697 estquod

524 3711 732 3763 dixerat
773 3707 1013 3760 Psalmus
1037 3745 1052 3767 ,
1102 3702 1464 3754 lia'termiuarit
1497 3715 1610 3752 eam
1635 3717 1757 3768 aper
1781 3700 1844 3752 de
1865 3701 1991 3753 silva
2017 3740 2032 3761 ,
2060 3709 2106 3751 et

525 3779 795 3848 singularis
839 3779 975 3848 [erus
1018 3773 1258 3840 depastus
1302 3781 1372 3824 est
1413 3769 1734 3848 eam_(l’sal.
1768 3787 1958 3848 Lsxtx,
1993 3770 2102 3837 14).

525 3841 679 3916 Quia,
735 3841 868 3899 sit-ut
896 3844 1093 3916 dictum
1126 3853 1204 3916 est
1229 3884 1241 3904 ,
1275 3851 1390 3908 post
1412 3841 1916 3916 ipiadragintaduos
1937 3856 2107 3916 annos

528 3913 783 3971 a'duobns
806 3915 962 3971 ursis.
997 3913 1314 3980 Vespasiano
1337 3926 1389 3964 et
1412 3913 1551 3976 'l'ito,
1575 3926 1704 3979 gens
1733 3913 1820 3964 illa
1850 3913 2105 3979 sacrilega

527 3989 666 4057 quod
701 3986 1032 4057 merebatur,
1065 3982 1290 4057 excepit.

579 4061 630 4112 5.
648 4059 677 4110 J
687 4059 940 4108 admorunt
960 4053 1244 4123 infelicitate
1262 4052 1454 4114 moniti,
1473 4051 1622 4118 ﬁdem
1636 4063 1818 4123 rectam
1836 4061 2050 4104 tenentes
2061 4063 2105 4106 et

529 4129 822 4182 charitatem
847 4121 1088 4192 integram
1107 4133 1467 4184 conservantes,
1485 4124 1666 4174 servire
1688 4121 1903 4174 Domino
1921 4124 2106 4175 labore-

530 4217 654 4254 mus.
683 4199 747 4251 Et
771 4197 891 4265 quia
912 4195 1144 4247 iul’eliccs
1183 4192 1347 4245 .ludari
1382 4203 1594 4260 propter
1624 4194 1919 4265 superbiam
1954 4209 2108 4260 repu-

528 4273 729 4324 diariet
749 4264 1043 4334 despici,ac
1076 4280 1166 4331 per
1192 4272 1356 4315 totum
1377 4266 1625 4313 mundum
1645 4264 1870 4331 dispergi
1901 4280 2109 4316 merue-

527 4351 686 4403 runt;
711 4338 1159 4406 nosquilinstanta
1177 4335 1427 4406 benelicia
1451 4335 1612 4400 pietas
1634 4336 1807 4385 divina
1822 4337 2102 4397 concessit,

528 4428 649 4464 eum
693 4405 847 4462 omni
882 4406 1178 4459 humilitate
1217 4405 1372 4456 iidem
1418 4414 1615 4456 rectam
1662 4414 1902 4458 tenentes
1926 4445 1941 4469 ,
1969 4417 2022 4457 et
2054 4414 2109 4456 ut

531 4480 777 4552 superbia
810 4480 859 4530 in
890 4477 1043 4529 nobis
1072 4475 1631 4552 locurqinvenirenon
1656 4476 1821 4544 possit
1842 4517 1854 4539 ,
1882 4477 2110 4528 eharita-

531 4545 637 4606 tetii
670 4552 926 4618 integram
959 4562 1077 4600 cum
1106 4545 1350 4597 omnibus
1378 4545 2072 4618 hominibusconservantes
2091 4588 2106 4611 ,

533 4638 698 4691 usque
723 4616 970 4674 adﬁnem
999 4618 1117 4691 vita:
1135 4625 1326 4691 n‘ostra-
1350 4616 1545 4668 nmndo
1570 4616 1729 4668 corde
1754 4626 1971 4691 et’casto
1992 4632 2111 4691 eor-

533 4687 660 4762 pore
689 4694 889 4746 servire
915 4689 1134 4762 Domino
1161 4687 1460 4762 laboremus
1486 4697 1576 4762 :Au‘t
1613 4697 1731 4755 post
1756 4688 1991 4740 laborem
2015 4688 2109 4762 bo-

533 4757 718 4818 norum
765 4775 984 4830 operum
1011 4799 1028 4823 ,
1073 4760 1215 4811 illam
1262 4757 1663 4811 desiderabilem
1709 4773 1893 4812 vocem
1929 4758 2112 4811 audire

534 4828 868 4897 mereamur,
916 4828 1058 4898 Euge
1105 4845 1240 4882 serve
1281 4831 1405 4880 bone
1433 4839 1477 4880 et
1509 4829 1707 4895 ﬁdelis,
1741 4829 1872 4881 intra
1902 4830 1952 4881 in
1982 4845 2111 4898 gau-

533 4906 671 4956 dium
715 4903 914 4956 Domini
945 4903 1014 4952 tui
1045 4899 1258 4969 (Matth.
1295 4915 1399 4951 xxv
1420 4941 1432 4963 ,
1463 4899 1554 4968 21)
1589 4915 1600 4950 :
1635 4902 1753 4968 quia
1784 4901 1916 4952 bene
1941 4899 2112 4951 admi-

537 4976 765 5026 nistrasti
808 4976 966 5024 vitam
1013 4983 1404 5038 temporancam
1430 5011 1445 5035 ,
1494 4971 1670 5038 accipe
1699 4972 2110 5038 sempiternam;

533 5045 656 5114 quia
698 5043 971 5097 cusuidisti
1000 5045 1223 5114 pretium
1251 5041 1518 5114 sapguiuis
1547 5043 1649 5094 mei
1676 5082 1688 5106 ,
1722 5057 1873 5114 sume
1897 5057 2116 5114 consor-

535 5111 665 5166 tium
709 5114 853 5186 regni
892 5115 1018 5186 inci.
1067 5111 1145 5164 Ad
1190 5112 1329 5178 quod
1371 5127 1587 5186 regnum
1616 5127 1710 5163 vos
1743 5113 1908 5186 pietas
1935 5111 2114 5186 divina

535 5181 830 5252 perducere
874 5181 1148 5248 dignetur,
1199 5197 1316 5249 qua:
1359 5184 1486 5234 vivit
1523 5193 1582 5235 et
1628 5193 1810 5252 regnat
1841 5184 1891 5235 in
1921 5185 2115 5235 szecula

533 5254 872 5311 seculorum.
902 5256 1089 5304 Amen.

1066 5361 1293 5416 διεωιο
1322 5362 1459 5417 XLII
1491 5365 1586 5433 tu).

1085 5455 1162 5508 De
1190 5456 1398 5521 Eliswo,
1429 5473 1461 5511 ll

613 5559 664 5612 L
723 5554 784 5609 In
834 5554 1017 5608 Elisco
1070 5549 1296 5605 Christus
1349 5551 1628 5602 exhibetur.
1687 5548 1749 5602 In
1802 5551 1952 5602 vidua
1994 5567 2117 5621 pau-

599 5672 676 5731 (a)
709 5673 847 5728 Alias,
867 5667 932 5718 de
951 5677 1188 5731 Tempore
1215 5665 1323 5716 206.

599 5673 653 5730 (α
709 5673 847 5728 Alias,
867 5672 932 5718 de
951 5677 1188 5731 Tempore
1215 5672 1323 5716 206.

507 5741 522 5751 ‘
597 5672 676 5793 (vi
711 5740 755 5781 tu
780 5731 1051 5794 Appcudice
1077 5742 1202 5780 nunc
1224 5730 1428 5791 primum
1447 5726 1723 5778 collocatur.
1750 5734 1814 5775 Ex
1834 5739 2002 5778 eorum
2035 5743 2122 5779 nu-

1984 278 2338 332 APPENDIX.

3667 281 3806 334 1328

2221 411 2337 459 pere
2361 437 2374 454 ,
2422 394 2660 446 Ecclesia.
2697 394 2798 448 Illa
2825 413 2854 448 α
2882 395 3060 448 debitis
3089 413 3176 463 per
3203 398 3366 450 oleum
3391 442 3400 459 ,
3429 396 3537 445 ha'c.
3566 411 3600 445 α
3628 411 3806 462 pecca-

2219 465 2280 512 (is
2310 482 2396 530 per
2418 466 2714 516 chat'ilalem
2741 471 2923 519 soluta.
2955 466 3104 519 Sicut
3131 466 3197 520 de
3226 468 3380 519 beato
3409 467 3520 520 Elia
3543 467 3807 532 diximus,

2217 534 2406 587 fratres
2437 536 2731 591 charissimi
2755 577 2768 600 ,
2797 537 2935 606 quod
2966 548 3144 606 typum
3176 538 3417 590 habuerit
3444 538 3660 590 Domini
3685 538 3804 591 Sal-

2216 607 2413 657 vatoris
2457 624 2468 657 :
2514 607 2585 658 ita
2627 618 2679 658 et
2727 618 2968 660 sanctum
2999 608 3245 661 EliSn-um
3278 608 3611 662 conﬁdenter
3640 619 3693 660 et
3721 624 3805 662 se-

2213 690 2340 747 cure
2365 679 2650 729 asserimus
2673 677 2962 730 Salvatoris
2985 680 3150 730 nostri
3173 679 3451 747 imaginem
3478 679 3801 744 przrtttlisse.

2211 743 2468 798 Clamavit
2497 747 2638 800 enim
2667 747 2734 800 ad
2768 747 2978 801 beatum
3010 749 3258 801 Elisaeum
3282 743 3298 809 ζ
3329 743 3546 802 sicutin
3573 748 3805 803 lectione

2213 813 2387 868 divina
2414 817 2634 870 audistis
2654 857 2667 883 ,
2697 817 2849 870 vidua
2880 818 3120 886 quaedam
3147 859 3161 881 ,
3187 829 3240 871 et
3261 835 3390 871 voce
3412 818 3573 872 llebili
3599 820 3805 886 suppli-

2211 886 2349 939 cavit
2372 924 2387 947 .
2433 886 2617 940 dicens
2656 905 2670 941 :
2728 887 2816 940 Vir
2842 906 2978 940 nteus
2999 900 3222 941 mortuus
3250 899 3350 952 est,
3383 899 3427 941 et
3448 905 3558 941 ecce
3576 891 3804 942 credito-

2211 972 2290 1008 res
2317 957 2537 1016 veniunt,
2569 969 2615 1010 et
2636 959 2804 1010 volunt
2831 960 2954 1010 mihi
2979 960 3150 1011 tollere
3175 960 3306 1024 filios
3327 976 3479 1012 meos.
3505 959 3600 1012 Ille
3620 970 3802 1014 autem

2213 1024 2558 1094 interrogavit
2586 1043 2702 1081 eam
2720 1071 2734 1089 ,
2762 1029 2884 1097 quid
2915 1029 3133 1082 haberet
3157 1030 3206 1081 in
3229 1030 3388 1082 domo
3409 1045 3525 1082 sua.
3550 1029 3800 1094 Respon-

2211 1097 2288 1148 dit
2327 1100 2550 1161 mulier,
2599 1110 2652 1151 et
2693 1101 2765 1151 ait
2804 1117 2815 1151 :
2868 1099 2993 1150 Vivit
3022 1100 3293 1160 Dominus,
3325 1101 3440 1166 quia
3471 1116 3569 1152 non
3602 1102 3802 1162 Ιηιιιιυ.

2211 1168 2309 1218 nisi
2350 1170 2602 1219 modicum
2635 1171 2730 1220 olei
2755 1211 2769 1233 ,
2797 1185 2893 1237 quo
2920 1186 3098 1237 ungor.
3135 1170 3196 1222 Et
3221 1171 3350 1222 dixit
3378 1170 3603 1222 Elistens
3630 1188 3642 1220 :
3681 1169 3804 1223 Pete

2210 1251 2328 1290 vasa
2355 1254 2385 1289 a
2414 1239 2588 1290 vicinis
2614 1241 2710 1292 tuis
2733 1282 2747 1303 ,
2775 1250 2820 1290 et
2850 1240 3018 1291 clauso
3047 1244 3170 1292 ostio
3195 1281 3209 1305 ,
3240 1241 3378 1292 mitte
3403 1255 3464 1292 ex
3493 1241 3582 1292 illo
3611 1242 3725 1292 oleo
3750 1243 3800 1294 in

2209 1309 2380 1379 omnia
2405 1323 2561 1370 vasa;
2590 1319 2634 1360 et
2663 1326 2775 1360 cum
2802 1310 2950 1379 plena
2978 1311 3164 1379 fuerint
3183 1351 3197 1372 ,
3230 1312 3412 1370 vende.
3442 1321 3486 1362 et
3516 1312 3676 1363 redde
3690 1328 3798 1363 crc-

2210 1377 2454 1450 diloribus
2498 1379 2622 1450 tuis.
2655 1377 2823 1432 Vidua
2861 1377 2995 1442 ista,
3027 1379 3218 1433 fratres
3243 1380 3540 1434 charissimi
3566 1424 3580 1444 ,
3611 1390 3798 1450 typum

2210 1447 2461 1519 Ecclesiae
2490 1448 2840 1516 prtel‘erebat;
2869 1451 3006 1504 sicut
3031 1459 3085 1503 et
3111 1451 3194 1504 illa
3225 1465 3343 1519 quze
3365 1452 3557 1504 meruit
3579 1447 3797 1504 beatum

2209 1518 2379 1572 Eliam
2417 1520 2679 1586 excipere.
2730 1519 2895 1572 Vidua
2932 1534 3058 1589 ergo
3101 1518 3324 1585 ista,’id
3368 1531 3481 1583 est,
3515 1521 3755 1574 Ecclesia
3778 1564 3795 1588 ,

2207 1589 2442 1642 debitum
2465 1605 2622 1657 grave
2645 1599 2982 1643 contraxerat
3004 1631 3017 1653 ,
3049 1605 3152 1644 non
3183 1590 3474 1644 solidorum
3498 1633 3511 1653 ,
3545 1591 3639 1644 sed
3675 1608 3800 1659 puc-

2209 1668 2468 1712 catorum.
2508 1660 2744 1713 Debitum
2775 1660 3032 1721 habebat,
3063 1670 3116 1712 et
3144 1661 3461 1715 creditorem
3485 1662 3795 1716 crudelissi-

2209 1745 2354 1781 mum
2381 1731 2674 1782 sustinebat
2704 1749 2715 1780 :
2740 1731 2858 1799 quia
2883 1747 2940 1783 se
2961 1730 3174 1784 diabolo
3187 1731 3364 1784 multis
3380 1733 3610 1800 peccatis
3626 1732 3799 1785 obnoo

2211 1800 2348 1851 xiam
2371 1800 2586 1853 fecerat.
2611 1802 2698 1853 Sic
2726 1801 2866 1853 enim
2894 1811 2946 1854 et
2979 1801 3235 1870 propheta
3264 1801 3510 1870 pra'dix'it
3544 1819 3558 1854 :
3588 1800 3656 1854 In
3681 1820 3798 1870 pec-

2208 1870 2334 1922 catis
2368 1871 2541 1924 vestris
2579 1871 2766 1923 venditi
2805 1873 2921 1923 estis
2945 1913 2959 1936 ,
2991 1881 3036 1922 et
3062 1872 3112 1923 in
3133 1871 3399 1924 sceleribus
3424 1874 3597 1925 vestris
3624 1874 3798 1927 dimisi

2209 1948 2417 2012 matrem
2455 1951 2668 2012 vestram
2713 1939 2867 2009 (lsai.
2906 1957 2960 2000 L.
2993 1942 3067 2009 1).
3099 1942 3261 1995 Vidua
3292 1957 3418 2010 ergo
3444 1943 3527 1994 illa
3561 1958 3660 2012 pro
3684 1953 3794 1996 tam

2209 2011 2394 2078 grandi
2435 2011 2617 2064 debito
2664 2012 2870 2080 captiva
2921 2012 3150 2080 quodam
3182 2012 3340 2064 modo
3368 2011 3668 2065 tenebatur.
3696 2015 3796 2066 (la-

2211 2081 2348 2148 ptiva
2377 2082 2651 2156 erat._q_uia
2672 2082 2978 2156 redemptor
3004 2082 3234 2156 nonduin
3257 2097 3488 2156 venerat.
3510 2082 3614 2156 Sed
3643 2095 3793 2151 post-

2212 2151 2436 2220 eaquain
2483 2151 2697 2204 viduam
2723 2153 2877 2205 istam
2910 2167 3066 2206 \crus
3100 2153 3404 2219 redemptor
3426 2153 3674 2206 Christus
3701 2157 3797 2206 llo-

2209 2223 2384 2274 miuus
2435 2222 2665 2274 \‘isitavit
2693 2263 2707 2286 ,
2755 2223 2821 2274 ab
2863 2225 3109 2276 omnibus
3150 2223 3343 2276 debitis
3383 2223 3601 2276 liberaui
3649 2225 3792 2276 fecit.

2210 2290 2362 2344 Unde
2404 2293 2543 2344 enim
2577 2293 2665 2344 illa
2697 2291 2850 2344 vidua
2884 2293 3100 2346 liberata
3128 2294 3234 2354 sit,
3271 2292 3565 2346 videamus.
3598 2293 3752 2347 Unde
3778 2335 3793 2357 ,

2209 2362 2310 2413 nisi
2337 2361 2404 2414 de
2431 2371 2714 2429 augmento
2741 2363 2841 2414 olei
2865 2363 2887 2416 ?
2919 2363 2973 2416 lii
3005 2365 3123 2416 oleo
3149 2363 3507 2416 misericordia
3537 2363 3795 2432 intelligi-

2210 2441 2314 2484 tur.
2342 2432 2481 2499 Ergo
2505 2433 2672 2484 vidua:
2696 2433 2768 2484 illi
2791 2433 2911 2487 ideo
2932 2434 3165 2486 debitum
3189 2443 3449 2490 creverat.
3471 2435 3592 2501 quia
3609 2435 3793 2487 oleum

2210 2502 2590 2555 miserit-ordne
2621 2504 2888 2570 peccando
2915 2503 3238 2573 perdiderat.
3267 2503 3612 2556 Considerate
3631 2545 3645 2566 ,
3683 2505 3792 2556 lra-

2211 2581 2320 2626 tres
2351 2590 2364 2625 :
2393 2574 2582 2625 deiecit
2603 2575 2777 2627 oleum
2802 2615 2817 2638 ,
2844 2584 2897 2627 et
2917 2573 3151 2640 debitum
3176 2575 3375 2636 crevit;
3403 2576 3568 2626 crevit
3587 2578 3791 2638 oleum,

2208 2650 2262 2695 et
2288 2643 2443 2712 periit
2468 2643 2702 2696 debitum
2729 2661 2742 2695 :
2769 2653 3008 2697 creverat
3036 2645 3296 2711 cupiditas
3318 2686 3330 2706 ,
3360 2654 3410 2696 et
3440 2645 3594 2710 periit
3615 2645 3795 2697 citari-

2211 2722 2290 2764 tas
2323 2730 2334 2762 :
2369 2714 2503 2766 redit
2539 2714 2803 2776 eharitas,
2835 2724 2889 2767 et
2914 2715 3049 2783 perit
3082 2716 3348 2783 iniquitas.
3377 2713 3633 2767 Veniente
3665 2731 3796 2768 vero

2209 2783 2404 2837 Elis-aco
2442 2785 2654 2837 Christo
2702 2785 2961 2845 Domino,
3010 2783 3164 2838 vidua
3190 2826 3202 2846 ,
3240 2787 3339 2838 hoc
3367 2794 3478 2849 est,
3509 2785 3748 2839 Ecclesia
3777 2828 3791 2846 ,

2210 2869 2305 2921 per
2327 2863 2665 2922 augmentum
2697 2857 2799 2907 olei
2822 2897 2835 2918 ,
2867 2855 2916 2908 id
2941 2863 3055 2915 est,
3085 2856 3280 2908 donum
3301 2856 3485 2923 gratia:
3507 2864 3562 2908 et
3583 2857 3794 2908 mist'ri-

2209 2923 2402 2995 cordiae
2423 2964 2438 2989 ,
2463 2926 2544 2978 vel
2565 2925 2840 2978 charitatis
2863 2925 3182 2995 pinguedine
3203 2967 3219 2992 ,
3245 2925 3312 2980 de
3338 2936 3676 2994 peccatorum
3699 2927 3796 2981 de-

2210 2993 2320 3048 bito
2345 2995 2612 3048 liberatur.
2865 2993 2875 2994 ί
2964 2993 2974 2995 ἡ
3342 2993 3349 2994 ί
3413 3047 3416 3050 .

2277 3063 2333 3116 2.
2388 3064 2518 3117 Vasa
2559 3081 2713 3118 vacua
2732 3107 2745 3128 ,
2797 3064 2998 3121 Gentes.
3027 3066 3162 3134 Quid
3191 3077 3366 3120 tamen
3394 3065 3442 3120 ei
3470 3065 3658 3120 beatus
3686 3067 3798 3120 Eli—

2209 3149 2349 3189 saats
2392 3135 2618 3201 dixerit,
2660 3137 2951 3190 videamus.
2997 3136 3119 3189 Pete
3154 3153 3271 3190 vasa
3297 3138 3457 3189 multa
3483 3153 3514 3189 a
3542 3137 3722 3190 vicinis
3747 3148 3796 3189 ct

2209 3206 2475 3289 proxiliiii
2491 3207 2589 3287 tuis
2608 3249 2622 3271 ,
2666 3217 2712 3259 et
2746 3207 2926 3288 clauso
2945 3207 3082 3288 .ostio
3108 3207 3321 3289 {immite
3347 3209 3399 3288 in
3425 3208 3794 3289 vasculisvici-

2210 3292 2405 3346 norum.
2436 3277 2538 3342 Qui
2566 3286 2718 3330 erant
2746 3278 2828 3329 isti
2858 3277 3015 3330 vieini
3039 3315 3053 3340 ,
3083 3277 3182 3330 nisi
3208 3278 3457 3331 Gentium
3487 3278 3706 3346 populi?
3732 3280 3798 3332 Et

2211 3345 2334 3399 licet
2356 3347 2508 3399 vidua
2530 3349 2616 3418 illa
2641 3347 2893 3418 Ecclesia;
2917 3357 3096 3418 typum
3119 3347 3396 3413 habuerit,
3429 3345 3608 3402 tatnen
3637 3348 3795 3402 vidua

2209 3425 2323 3488 erat
2348 3433 2373 3488 ί
2408 3425 2460 3469 et
2490 3417 2609 3471 ideo
2635 3417 2792 3488 vicini
2822 3417 2898 3470 illi
2925 3417 3063 3472 unde
3090 3433 3212 3471 vasa
3242 3419 3558 3485 petebantur
3581 3459 3598 3484 ,
3625 3431 3799 3488 popa-

2211 3486 2318 3539 lum
2339 3485 2588 3541 Gentiqu
2615 3487 2928 3556 ligurabaut.
2951 3489 3078 3555 Qua:
3104 3499 3278 3541 tamen
3300 3502 3424 3542 vasa
3449 3503 3614 3542 vacua
3628 3485 3794 3542 exhi-

2211 3556 2472 3611 bebantur
2495 3599 2508 3621 ,
2546 3568 2601 3610 ut
2643 3558 2820 3610 oleum
2847 3557 3226 3612 misericordia!
3252 3558 3494 3627 accipere
3523 3573 3799 3614 mereren-

2212 3637 2298 3680 tur
2339 3645 2350 3680 :
2397 3629 2516 3696 quia
2557 3642 2746 3698 omnes
2783 3627 3017 3694 Gentes,
3061 3639 3340 3696 antequam
3379 3628 3576 3682 donum
3611 3631 3798 3698 gratim

2209 3708 2605 3767 consequantur
2627 3737 2642 3761 ,
2678 3697 2779 3752 lide
2807 3707 2860 3752 et
2885 3699 3143 3752 charitate
3167 3708 3220 3752 et
3246 3699 3398 3752 bouis
3423 3697 3678 3768 operibus
3707 3718 3798 3752 va-

2210 3784 2322 3822 Cuze
2361 3785 2480 3820 esse
2520 3770 2826 3836 probantur.
2870 3769 3108 3838 Denique
3141 3784 3326 3822 oumes
3352 3771 3439 3838 qui
3467 3771 3532 3822 ad
3559 3771 3798 3824 salutare

2213 3839 2538 3906 llaptismum
2585 3840 3017 3906 consequendum
3067 3840 3319 3892 Ecclesiae
3359 3841 3696 3908 olferuntur,
3742 3854 3799 3896 et

2209 3911 2437 3962 chrisma
2469 3918 2520 3962 et
2545 3910 2718 3962 oleum
2748 3910 3129 3963 benedictionis
3156 3911 3455 3978 accipiunt;
3479 3911 3664 3979 utjam
3691 3927 3796 3965 non

2213 3995 2335 4032 vasa
2387 3995 2545 4032 vacua
2571 4022 2583 4044 ,
2631 3979 2722 4033 sed
2764 3979 2874 4034 Deo
2920 3981 3106 4049 plena,
3152 3989 3204 4033 et
3240 3981 3494 4049 templum
3538 3982 3634 4035 Dei
3676 3998 3801 4038 che

2211 4059 2534 4102 mereantur.

2283 4121 2334 4173 5.
2385 4123 2536 4171 Amor
2580 4123 2813 4190 proprius
2851 4123 2994 4180 inops
3021 4131 3064 4173 cl
3095 4122 3341 4190 indigens.
3374 4120 3608 4175 Charitas
3639 4124 3795 4188 dives,

2213 4201 2259 4243 et
2303 4193 2531 4243 omnibus
2574 4195 2854 4245 elmntluns.
2907 4192 3176 4260 lfrogantlo
3212 4194 3406 4244 crescit.
3445 4193 3801 4248 Considerate

2213 4279 2374 4330 ergo,
2424 4267 2611 4315 lratres
2654 4263 2946 4314 charissimi
2981 4280 2990 4314 :
3024 4263 3269 4330 quamdiu
3310 4262 3460 4314 vidua
3503 4263 3587 4314 illa
3618 4264 3799 4318 oleum

2215 4334 2264 4385 iu
2311 4334 2521 4384 vasi-uio
2567 4338 2779 4400 proprio
2825 4334 3002 4384 habuit
3028 4375 3040 4394 ,
3086 4349 3180 4383 nec
3209 4333 3306 4384 sibi
3337 4333 3668 4398 suilieiebat,
3702 4351 3803 4390 nec

2215 4404 2446 4455 dei-itum
2482 4405 2702 4455 reddere.
2736 4412 2956 4471 poterat.
2996 4405 3182 4454 Verum
3215 4412 3329 4468 est,
3359 4404 3680 4467 charissitni,
3713 4411 3800 4472 qui

2215 4491 2272 4527 se
2321 4477 2490 4525 solum
2537 4475 2738 4542 diligit,
2789 4489 2884 4525 nec.
2925 4475 3019 4525 sibi
3064 4475 3254 4526 sul’licit
3280 4513 3293 4535 ,
3335 4489 3430 4525 nec
3458 4485 3802 4538 peccatorum

2215 4561 2428 4598 suorum
2461 4546 2694 4596 debitum
2722 4546 2892 4596 reddit
2924 4562 2934 4595 :
2965 4561 3081 4595 eum
3112 4559 3236 4596 vero
3262 4545 3310 4595 in
3334 4545 3520 4596 alienis
3543 4548 3800 4610 Vasculis,

2218 4618 2267 4668 id
2317 4625 2429 4677 est,
2475 4615 2720 4666 ommbus
2761 4615 2946 4666 vicinis
2992 4625 3041 4666 et
3088 4615 3426 4681 propinquis,
3470 4626 3522 4667 et
3553 4618 3804 4669 omnibus

2217 4688 2432 4739 oninino
2480 4687 2778 4738 hominibus
2826 4687 3046 4751 cmperit
3089 4685 3260 4736 oleum
3302 4684 3574 4737 charitatis
3623 4686 3802 4737 inlun-

2218 4758 2343 4810 dere
2370 4801 2381 4819 ,
2417 4766 2538 4808 tune
2570 4765 2622 4808 et
2650 4757 2746 4806 sibi
2777 4757 3017 4808 sul‘licerc
3040 4798 3052 4819 ,
3075 4765 3125 4808 et
3151 4756 3218 4807 ab
3242 4755 3491 4807 omnibus
3517 4770 3576 4809 se
3607 4756 3804 4809 debitis

2221 4831 2410 4896 poterit
2458 4829 2700 4878 liberare.
2754 4825 2817 4878 Et
2865 4842 3020 4889 vere,
3071 4827 3289 4896 fratres,
3339 4825 3459 4877 talis
3494 4835 3574 4878 est
3615 4840 3802 4880 natura

2219 4895 2384 4950 Sancti
2433 4898 2628 4948 amoris
2677 4905 2728 4948 ct
2774 4912 2910 4949 vene
2952 4895 3256 4956 charitatis,
3303 4897 3653 4964 uterogando
3679 4911 3804 4951 cre-

2221 4980 2328 5020 Srat
2359 4985 2371 5030 ;
2406 4977 2456 5019 et
2487 4978 2737 5035 quantum
2771 4967 2820 5018 in
2849 4967 2964 5018 aliis
2995 4968 3107 5032 plus
3135 4965 3480 5032 impenditur,
3516 4977 3720 5020 tantum
3752 4972 3802 5022 in

2222 5055 2278 5091 se
2307 5038 2660 5090 alnnidamins
2691 5037 3006 5090 cuumletur.
3030 5036 3215 5088 Cibum
3245 5037 3482 5102 corporis
3504 5038 3545 5088 si
3571 5040 3804 5092 volueris

2221 5111 2392 5178 t'gutlll
2427 5109 2688 5170 tribuere,
2718 5107 2781 5159 ad
2815 5123 3044 5175 pra-setis
3070 5107 3209 5178 quod
3241 5107 3314 5178 illi
3342 5107 3554 5178 dederis
3576 5151 3587 5166 ,
3620 5119 3674 5160 tu
3707 5112 3807 5161 ha-

2226 5176 2347 5233 Iri-rc
2398 5197 2499 5230 non
2548 5181 2742 5246 poteris
2776 5197 2787 5230 :
2825 5194 3012 5246 panem
3055 5177 3330 5228 charitatis
3358 5177 3400 5227 si
3432 5176 3649 5231 dederis
3674 5197 3804 5231 cru-

2226 5264 2330 5302 tnln
2379 5251 2678 5302 hominibus
2703 5293 2716 5313 ,
2759 5248 2964 5316 integer
3005 5258 3217 5310 manet;
3259 5247 3301 5299 si
3332 5247 3578 5300 universo
3607 5249 3810 5302 niuizdo

2227 5323 2402 5390 largiri
2435 5323 2683 5381 volneris,
2715 5323 2804 5372 lilii
2838 5318 2967 5370 nihil
2989 5317 3167 5369 delirit
3196 5335 3218 5390 :_
3241 5319 3478 5390 imonon
3503 5320 3674 5390 solum
3702 5337 3806 5372 non

2225 5388 2402 5445 dt-lirit
2426 5433 2440 5453 ,
2487 5392 2578 5444 sed
2623 5392 2858 5443 ominum
2899 5390 3107 5440 illorum
3135 5388 3322 5456 quibus
3353 5388 3566 5456 largitus
3599 5389 3767 5444 lucris
3791 5433 3808 5453 ,

2227 5465 2426 5516 lucrum
2469 5463 2559 5514 tibi
2590 5461 2951 5529 multipliciter
2977 5460 3185 5512 crescit.
3227 5457 3377 5512 Verbi
3409 5462 3575 5528 gratia
3596 5502 3609 5522 ,
3644 5477 3811 5514 unum

2227 5616 2361 5650 mero
2378 5610 2452 5650 est
2469 5636 2482 5659 ,
2509 5603 2589 5663 qui
2614 5606 2808 5647 manent
2833 5613 2920 5660 per
2935 5596 3254 5666 Lovauienses
3273 5594 3424 5666 duini,
3451 5608 3540 5657 per
3564 5599 3814 5647 \‘erlinnm

2229 5675 2281 5714 et
2303 5672 2324 5707 \
2340 5664 2584 5724 iudingum
2610 5672 2888 5710 asseruntur
2911 5664 3214 5720 suppt'isititn.
3239 5664 3440 5705 titesario
3480 5672 3566 5720 per
3587 5673 3693 5720 nos,
3725 5680 3810 5714 uc-

2221 5728 2372 5789 mine,
2399 5728 2470 5775 uti
2497 5739 2746 5785 speramus
2763 5759 2776 5780 ,
2803 5726 3100 5781 reluctante,
3127 5727 3431 5767 restituetur.
