3980 6448
619 263 641 316 i
653 261 758 319 855

615 385 671 430 et
701 371 936 428 nondum
965 371 1017 426 in
1043 370 1158 426 fuso
1187 379 1270 426 est
1293 371 1310 402 ¹
1343 388 1356 424 ;
1381 368 1524 439 quod
1551 368 1601 422 in
1630 367 1748 439 fuso
1773 365 2056 439 collectum
2087 375 2190 430 est,

615 447 724 526 jam
755 442 1077 526 print'eritmn
1109 452 1221 523 est:
1238 441 1382 510 Opus
1402 437 1534 508 ergo
1560 447 1710 526 iturum
1739 437 1789 490 in
1829 443 1942 488 fuso
1971 437 2058 516 sit,
2079 451 2194 526 Pon

621 505 674 570 in
715 505 853 568 culo.
887 512 942 566 In
983 511 1102 566 eolo
1139 505 1300 564 enim‘
1323 517 1404 565 est
1441 505 1580 577 quod
1609 509 1840 560 facturus
1867 521 1962 577 es;
1993 507 2044 558 in
2079 505 2197 577 fuso

621 584 760 650 quod
793 582 981 636 fecisti.
1011 580 1144 634 Vide
1183 596 1312 646 ergo
1345 581 1388 632 si
1427 575 1592 650 habes
1631 577 1911 650 aliquidin
1943 576 2077 628 fuso.
2121 575 2194 650 lbi

619 645 761 706 enim
793 653 1068 704 firmantur
1099 652 1310 706 brachia
1340 658 1426 702 tua
1449 692 1464 714 ,
1498 649 1566 700 ibi
1597 649 1698 700 erit
1725 647 1876 700 fortis
1897 645 2196 698 Constantia

623 731 741 784 tua,
773 723 840 774 ibi
882 737 1102 774 securus
1137 722 1242 774 Deo
1269 721 1414 773 dices
1446 739 1458 770 :
1489 719 1588 780 Da,
1622 716 1922 786 quiatledi;
1955 716 2194 786 dimitte,

619 795 740 860 quia
771 792 941 844 dimisi
967 809 980 853 ;
1012 791 1122 851 fac.
1153 792 1271 858 quia
1303 789 1424 843 feci.
1451 786 1600 855 Quod
1635 784 1827 853 pendat
1866 787 1917 860 in
1948 785 2094 860 colo,
2131 784 2196 838 ad

621 856 796 916 fusum
830 856 1194 924 trajiciendum
1226 871 1308 913 est
1345 878 1357 913 :
1391 875 1494 912 non
1525 869 1700 910 autem
1739 856 1876 922 quod
1917 856 2198 908 collectum

620 942 702 985 eet
743 933 795 984 in
839 923 1046 994 fusum,
1077 930 1139 982 ad
1177 932 1352 984 Colum
1393 927 1746 982 revocandum
1779 933 1880 978 est.
1915 925 2054 992 Ergo
2082 923 2202 978 vide

661 1001 748 1054 uid
779 1016 924 1069 agas.
952 1011 1007 1052 ut
1037 1001 1229 1053 habeas
1256 1002 1306 1053 in
1337 997 1472 1060 fusa,
1501 1006 1558 1050 ut
1577 996 1793 1069 brachia
1825 1003 1908 1069 tua
1939 997 2116 1048 firmes
2149 995 2200 1069 in

661 1017 748 1054 ιιιιΙ
779 1017 924 1069 agas.
952 1017 1007 1052 ΙΙΙ,
1037 1017 1229 1053 Italicas
1257 1017 1306 1053 ΙΙΙ
1337 1017 1472 1060 11150,
1501 1017 1558 1050 ΠΙ.
1585 1017 1793 1050 ιπιιειιιιι
1825 1017 1908 1048 ιιιιι
1939 1017 2116 1048 III'HICS
2149 1017 2200 1048 Ill

623 1017 774 1126 iitso.
807 1071 944 1140 quod
989 1081 1039 1124 te
1077 1071 1382 1124 consoletur
1405 1111 1430 1140 ,ί
1451 1067 1590 1136 quod
1625 1075 1676 1120 te
1713 1066 2027 1140 confirmet,
2061 1063 2202 1134 quod

623 1142 716 1196 tibi
743 1135 838 1194 det
861 1141 1105 1194 fiduciam
1133 1139 1452 1207 deprecandi
1472 1135 1537 1191 ct
1566 1135 1832 1207 sperandi.

693 1212 748 1264 4.
779 1211 1006 1264 Christus
1037 1201 1302 1279 dupliciter
1345 1220 1390 1262 et
1426 1201 1728 1279 simpliciter
1757 1203 2062 1279 laudandus.
2101 1201 2202 1258 Sc-

623 1281 838 1351 quitttr,
882 1280 1068 1333 Manus
1109 1273 1229 1333 suas
1273 1279 1470 1344 aperuit
1519 1273 1748 1351 pauperi.
1799 1275 1927 1351 βίᾳ,
1977 1273 2200 1351 fratres,

627 1345 878 1405 exercete
918 1351 1202 1404 lanificium
1243 1345 1598 1402 sanctumJSi
1639 1347 1757 1414 quis
1799 1345 1959 1397 habet
1991 1346 2202 1411 plenum

626 1421 921 1482 cellarium,
957 1420 1171 1487 plenum
1199 1419 1485 1480 horreum;
1515 1417 1688 1469 omnia
1717 1416 1810 1467 ista
1837 1415 1885 1466 in
1915 1416 2032 1487 colo
2057 1421 2202 1478 sunt,

629 1499 902 1544 transeant
933 1485 982 1542 in
1011 1489 1203 1542 fusum.
1238 1487 1327 1560 [lu
1356 1489 1568 1560 sinistra
1609 1493 1760 1560 sunt,
1791 1485 2042 1560 quamdiu
2073 1498 2204 1550 pau-

671 1560 846 1613 cribus
870 1574 974 1612 non
997 1557 1297 1626 erogavcris
1323 1578 1334 1611 :
1361 1568 1412 1611 at
1435 1559 1522 1610 ubi
1552 1557 2204 1626 cmperisreleemos'ynarn

653 1631 827 1694 acere,
859 1623 1244 1682 transferuntur
1269 1629 1335 1682 ad
1357 1629 1628 1682 dexteram
1642 1623 1661 1686 ί,
1694 1633 1746 1678 et
1783 1625 1838 1676 lit
1869 1639 1999 1690 opus
2022 1623 2207 1684 {unde

635 1693 954 1771 gestisfieri
973 1701 1156 1771 p0ssi_t.
1182 1699 1202 1771 ]
1232 1698 1418 1752 Omnes
1453 1696 1710 1748 domestici
1740 1696 1849 1766 ejus
1878 1693 2036 1771 restiti
2069 1703 2204 1771 sunt.

630 1767 894 1833 Numquid
926 1769 993 1821 de
1021 1765 1256 1824 nuditate
1285 1783 1558 1822 servorum
1581 1765 1797 1818 suorum
1826 1765 2082 1817 Sollicitus
2108 1765 2209 1816 erit

627 1839 713 1893 vir
737 1837 850 1908 ejus
870 1837 1083 1908 habens
1107 1839 1384 1908 conjugem
1417 1839 1612 1908 talem?
1641 1833 1928 1908 [Qnisest
1969 1837 2072 1908 iste
2091 1833 2205 1908 virz

631 1854 713 1893 Vll'
737 1854 766 1894 e
791 1854 850 1896 ns
881 1854 1083 1892 nanens
1107 1854 1384 1908 conjugem
1417 1854 1571 1890 talem
1595 1854 1612 1888 ι
1641 1854 1806 1907 [ullis
1846 1854 1928 1886 ρει
1969 1854 2064 1886 Is'u:
2091 1854 2205 1906 Vlr,

631 1911 730 1981 nisi
754 1854 997 1964 (labris-tus
1013 1907 1038 1964 ἲ
1055 1919 1146 1964 aut
1170 1924 1288 1981 qua:
1309 1917 1392 1981 est
1415 1906 1604 1981 cohnjux
1628 1947 1640 1968 ,
1667 1907 1766 1981 nisi
1796 1904 2027 1981 Ecclesia
2058 1901 2208 1981 (τῆξ-ι

633 1978 821 2034 VeSIiti
862 1989 1023 2044 sunt,
1066 1973 1421 2048 quotquotjn
1459 1973 1672 2048 Christo
1703 1974 1952 2048 baptizati
1977 1973 2212 2048 sunt.__Et

635 2049 758 2102 boni
791 2051 927 2103 servi
957 2039 1021 2102 ρι’
1041 2039 1164 2104 ιιιίιιί
1191 2039 1364 2102 vestiti
1389 2054 1531 2102 sunt.
1557 2044 1672 2100 Non
1699 2039 1874 2097 cessat
1903 2043 1989 2096 illa
2023 2042 2213 2095 mulier

635 2133 822 2190 omnes
851 2119 1046 2173 vestire
1077 2137 1090 2173 :
1125 2130 1176 2171 ιιι
1205 2127 1644 2190 nemoqueratur
1681 2121 1734 2168 et
1757 2113 1920 2190 dicat,
1951 2111 2211 2190 ldeo_uon

635 2205 752 2242 sum
797 2189 932 2242 bene
980 2199 1248 2255 operatus,
1295 2183 1423 2256 quia
1463 2201 1566 2256 non
1600 2199 1728 2256 (sum
1781 2183 1916 2256 bene
1965 2183 2210 2256 vestitus.

635 2257 878 2325 Duplicia
908 2251 1068 2326 pallia
1094 2259 1207 2326 fecit
1234 2251 1338 2310 viro
1359 2273 1470 2309 suo.
1499 2255 1662 2309 Pallia
1691 2254 1881 2326 laudes
1907 2261 2050 2326 sunt,
2081 2251 2214 2326 fides

635 2337 690 2380 et
717 2323 1101 2381 confessiones.
1135 2327 1344 2380 Laudas
1376 2328 1559 2386 Deum,
1585 2323 1771 2377 laudas
1795 2323 2082 2378 hominem.
2113 2323 2212 2376 Du-

637 2399 846 2466 pliciter
891 2399 1105 2462 laudas,
1157 2409 1210 2450 et
1256 2397 1579 2466 simpliciter
1621 2395 1800 2446 laudas
1848 2411 1862 2444 :
1913 2393 2212 2466 dupliciter,

635 2462 756 2536 quia
789 2467 948 2520 homo
975 2477 1122 2522 estet
1155 2469 1325 2529 Deus;
1359 2462 1688 2536 simpliciter,
1715 2479 1817 2516 nou
1838 2471 1908 2536 in
1933 2465 2007 2514 sis
2039 2462 2212 2536 fletus.

637 2533 916 2594 Photinus.
935 2553 962 2590 a
988 2553 1091 2605 quo
1116 2537 1347 2590 lncrctici
1371 2533 1673 2605 Photiniani
1698 2533 2050 2605 appellantur,
2067 2533 2216 2605 quasi

639 2608 859 2676 simplex
889 2603 1100 2674 pallimn
1135 2607 1258 2660 fecit
1281 2607 1394 2658 viro
1423 2619 1538 2676 suo.
1570 2603 1753 2676 Solum
1773 2604 1922 2676 enim
1949 2603 2215 2676 hominem

639 2672 901 2734 credidit;
933 2677 1202 2730 Christum
1237 2677 1398 2729 Deum
1427 2675 1602 2728 colere
1639 2673 1828 2726 noluit.
1865 2673 2056 2726 Evistit
2083 2672 2220 2724 alter

643 2755 828 2800 texens
857 2747 970 2798 viro
1007 2761 1102 2798 suo
1141 2761 1436 2814 pannosum
1469 2745 1703 2812 pallium.
1735 2743 1822 2814 Ait
1853 2745 1992 2814 cuitu
2015 2741 2215 2814 .rChri-

642 2827 756 2870 stus
789 2817 923 2868 Deus
943 2826 1026 2870 est
1055 2813 1277 2878 tantum,
1307 2815 1523 2868 omnino
1555 2813 1782 2866 hominis
1812 2813 1938 2866 nihil
1970 2813 2169 2865 habens
2203 2829 2214 2864 :

646 2887 746 2939 hoc
775 2885 1046 2938 Maniclm'i
1079 2886 1282 2939 dicunt.
1313 2884 1616 2940 Photiniaui
1655 2883 1872 2948 dicunt,
1899 2883 2068 2936 llotno
2099 2891 2220 2934 tan-

643 2965 754 3008 tum
784 2964 900 3019 est;
933 2955 1203 3009 Manicltzci
1234 2957 1448 3020 dicunt,
1485 2955 1622 3006 Dens
1663 2961 1866 3006 tantum
1908 2963 2010 3007 est.
2045 2951 2220 3024 [Ecce

643 3026 712 3080 de
755 3027 894 3094 quali
939 3027 1162 3080 ecelesia
1207 3043 1364 3096 quam
1412 3026 1639 3093 pretiosa
1681 3025 2222 3096 vcstitncnta_p_roce-

643 3091 794 3149 dunt.
825 3097 887 3148 Et
916 3105 1192 3164 propterea
1220 3091 1287 3150 de
1316 3091 1425 3148 illa‘
1444 3096 1698 3164 scriptum
1729 3102 1816 3164 est
1842 3091 2220 3164 quod]dupli-

643 3165 724 3218 cia
755 3167 908 3233 pallia
937 3163 1137 3219 fecerat
1157 3167 1268 3218 viro
1291 3180 1409 3220 Stlo.
1441 3163 1673 3232 Duplieia
1697 3163 1886 3232 pallia;
1911 3163 2224 3233 confitemur

645 3232 788 3288 enim
821 3236 982 3286 Deum
1008 3237 1058 3288 in
1093 3235 1324 3298 homine,
1355 3244 1408 3288 ct
1441 3235 1704 3287 hominem
1739 3233 1788 3285 in
1819 3233 1944 3286 Deo.
1979 3232 2054 3285 De
2079 3233 2224 3301 bysso

645 3313 694 3358 et
718 3320 940 3371 purpura
965 3307 1252 3358 vestimenta
1291 3303 1582 3373 spiritualia
1612 3305 1930 3372 prwparavit.
1965 3303 2039 3356 De
2065 3301 2226 3372 bysso

647 3373 924 3429 candidam
947 3374 1360 3440 confessionem,
1377 3375 1442 3428 de
1463 3387 1688 3443 purpura
1711 3373 1995 3442 gloriosam
2019 3373 2225 3441 passio-

647 3459 788 3499 nem.
821 3445 1043 3514 Byssum
1065 3487 1078 3508 ,
1106 3461 1224 3498 cum
1256 3447 1418 3500 Deum
1451 3447 1797 3510 confitemur,
1839 3444 2178 3513 agnoscimus
2209 3459 2222 3494 :

647 3529 908 3586 purpuras
939 3517 988 3568 in
1019 3516 1339 3586 martyribus
1365 3515 1749 3586 collaudamus.

819 3581 1174 3657 Eleemosynas
1195 3585 1518 3655 facientes,de
1528 3585 1636 3637 colo
1653 3584 1846 3657 trahere
1861 3581 2152 3657 festinemus
2162 3581 2254 3636 (ιὰ’

651 3653 840 3725 [us—um,
861 3666 904 3706 et
923 3656 985 3708 de
999 3653 1202 3710 sinistra
1220 3659 1580 3726 transferamus
1601 3654 1666 3706 ad
1683 3654 1954 3726 dexteram.
1982 3653 2109 3716 Nos,
2133 3654 2228 3705 fra-

652 3723 779 3788 tres,
795 3727 985 3792 quibus
1003 3726 1138 3780 Deus
1166 3723 1369 3779 tantuni
1391 3727 1582 3778 bonmn
1605 3725 1846 3778 conferre
1864 3723 2106 3792 dignatus
2124 3731 2225 3792 est,

655 3802 714 3846 ut
741 3791 840 3847 nec
877 3794 944 3848 de
965 3795 1181 3852 Judwis.
1217 3811 1315 3850 nec
1340 3796 1407 3849 de
1439 3795 1700 3849 lnereticis
1731 3791 2094 3854 nascerenmr,
2133 3791 2228 3846 sed

651 3863 925 3916 catholicm
951 3863 1198 3918 Ecclesia:
1214 3867 1304 3917 lilii
1319 3880 1436 3918 esse
1457 3879 1785 3918 mereremur
1804 3880 1816 3924 ;
1836 3871 2090 3932 quantum
2111 3875 2232 3929 pos-

653 3947 858 3994 sumus.
887 3933 996 3986 Deo
1021 3936 1216 4001 gratias
1239 3933 1988 4000 referamus,qninobislidem
2007 3943 2226 3996 rectam,

651 4003 818 4055 etsihi
847 4003 1088 4070 placitam
1117 4003 1372 4068 inspirare
1389 4003 1472 4058 vel
1489 4004 1758 4056 insinuare
1779 4001 2022 4070 dignatus
2047 4009 2126 4054 est
2145 4019 2158 4052 :
2179 4009 2233 4054 et

653 4073 779 4126 totis
799 4073 998 4126 viribus
1027 4075 1172 4140 (quia
1195 4071 1324 4140 fides
1348 4073 1463 4128 sine
1494 4073 1742 4140 operibus
1771 4087 1868 4124 nos
1893 4072 2102 4124 salvare
2125 4087 2230 4124 non

653 4143 854 4212 potest)
881 4143 946 4196 ad
983 4139 1257 4212 spiritnale
1298 4139 1584 4195 lanificium
1617 4142 1743 4194 illttd
1783 4151 1996 4212 nostros
2026 4143 2233 4212 animus

653 4211 1034 4282 praeparemus.
1075 4212 1279 4280 Jugiter
1303 4212 1424 4265 ideo
1453 4213 1823 4282 eleemosynas
1851 4211 2132 4274 facientes,
2165 4211 2234 4265 de

651 4281 768 4336 colo
799 4283 1006 4338 trahere
1033 4283 1338 4336 festinemus
1361 4282 1426 4336 ad
1454 4281 1646 4346 fusum,
1666 4281 1799 4336 etde
1822 4282 2032 4334 sinistra
2057 4291 2227 4335 trans-

653 4351 887 4407 feramus
922 4353 988 4406 ad
1047 4353 1323 4406 dexteram
1374 4371 1386 4407 :
1430 4363 1483 4406 ut
1517 4367 1608 4420 per
1637 4353 2002 4422 elecmosynas
2034 4367 2233 4421 paupe-

655 4437 773 4476 rum
814 4423 1009 4476 stolam
1043 4425 1405 4491 unusquisque
1441 4431 1677 4475 nostrum
1709 4431 1972 4490 przeparet
1997 4422 2046 4474 iu
2075 4432 2232 4474 arter-

655 4507 818 4557 num,
861 4501 950 4556 ut,
981 4493 1118 4546 sicut
1145 4494 1270 4546 dicit
1301 4493 1585 4560 Apostolus
1607 4533 1620 4554 ,
1663 4493 1712 4544 in
1743 4493 1952 4546 emlesti
1991 4493 2236 4545 convivio

656 4564 816 4616 vestiti
845 4573 891 4616 et
918 4579 1018 4616 non
1049 4563 1170 4616 nudi
1199 4564 1510 4616 inveniamur
1538 4563 1614 4633 (ll
1645 4560 1762 4616 Cor.
1789 4578 1845 4628 v,
1871 4563 1930 4630 ὅ)
1957 4579 1968 4615 :
1997 4577 2062 4615 ne
2083 4563 2236 4615 nobis

653 4633 878 4698 dicatur,
901 4634 1092 4704 Amice,
1115 4633 1362 4704 quomodo
1384 4633 1482 4704 huc
1501 4633 1700 4704 intrain
1723 4649 1824 4686 non
1843 4633 2034 4704 [iubens
2059 4642 2237 4704 vestem

655 4705 930 4776 nuptialem
953 4703 1164 4776 (Matth.
1189 4720 1295 4758 xxn
1315 4743 1331 4768 ,
1355 4703 1482 4776 12)?
1502 4703 1593 4776 sed
1617 4704 1786 4776 magis
1804 4703 1872 4757 ab
1891 4703 2071 4756 auditu
2097 4703 2238 4776 malo

656 4772 890 4841 liberati,
925 4772 1066 4829 illam
1099 4775 1304 4830 felicem
1333 4783 1386 4830 et
1410 4772 1814 4828 desiderabilem
1842 4787 2022 4826 vocem
2052 4772 2238 4826 audire

657 4860 986 4910 mereamur,
1027 4844 1201 4899 Venite
1223 4885 1238 4910 ,
1268 4843 1509 4898 benedicti
1539 4844 1710 4898 Patris
1733 4845 1862 4910 mei,
1892 4845 2132 4911 pcreipite
2160 4860 2240 4895 re-

692 4931 808 4986 nnm
837 4919 970 4986 quod
995 4925 1335 4986 praeparatum
1355 4925 1430 4970 est
1457 4917 1519 4968 ab
1546 4916 1740 4986 origine
1765 4914 1940 4968 mundi
1966 4911 2076 4985 (Id.
2113 4929 2234 4978 xxv,

657 4931 808 5038 gnum
837 4931 968 4986 quoa
995 4931 1335 4986 praeparatum
1355 4931 1430 4970 est
1457 4931 1519 4968 ao
1546 4931 1672 4984 orig:

695 4982 776 5055 4);
807 4987 944 5056 quod
971 4989 1081 5056 ipse
1105 4995 1358 5057 priestare
1385 4983 1676 5056 dignetur.]

1187 5097 1413 5154 SERMO
1453 5097 1569 5152 th
1613 5097 1709 5168 (b).
2071 5171 2082 5180 ι

807 5187 880 5242 De
903 5189 1058 5242 tribus
1091 5193 1258 5259 pueris
1287 5190 1452 5244 missis
1481 5190 1534 5242 in
1568 5191 1820 5260 fornacem
1847 5189 1978 5258 ignis
2007 5187 2095 5258 (ε).

738 5302 788 5356 Ι.
833 5299 1061 5370 Tyranni
1108 5303 1295 5354 swvitia
1343 5303 1394 5355 in
1443 5309 1542 5355 tres
1598 5317 1800 5370 pueros.
1845 5299 2004 5356 Jubct
2055 5311 2241 5371 tyran~

722 5441 738 5473 ί
779 5436 1089 5500 Augustinus,
1109 5433 1268 5500 adhuc
1293 5434 1508 5500 futurum
1527 5439 1632 5495 est;
1655 5433 1784 5500 quod
1806 5433 1856 5485 in
1880 5435 1984 5497 fuso
2001 5441 2086 5484 est.

719 5501 792 5560 (a)
816 5497 910 5550 Hoc
932 5511 1058 5560 mute
1079 5497 1141 5544 ab
1163 5497 1426 5560 Augustino
1442 5498 1581 5546 abest
1605 5513 1618 5545 :
1645 5497 1732 5546 sed
1754 5505 1916 5547 tamen
1931 5499 2174 5559 PCj-Cl'illli‘
2199 5497 2246 5546 in

669 5555 783 5612 tera
797 5563 934 5611 Beda:
956 5555 1252 5609 collectione
1269 5557 1326 5604 ad
1351 5555 1496 5604 Galat.
1524 5572 1556 5605 ι.

719 5625 794 5682 (b)
825 5623 972 5681 Alias,
993 5622 1056 5670 de
1077 5628 1313 5681 Tempore
1335 5616 1444 5682 250,

723 5679 794 5746 (ιι)
825 5693 876 5735 ω
899 5679 1168 5747 Αιιιιεωιῆιιο
1198 5679 1328 5730 hunc
1361 5679 1566 5740 primum
1587 5679 1858 5732 collocatur.
1889 5683 2060 5734 incerti
2090 5689 2248 5732 aucto-

2064 249 2428 308 APPENDIX.

3759 255 3909 310 1856

2307 379 2407 436 nus
2432 363 2702 436 fornacem
2727 363 2938 436 incendi
2963 407 2976 430 ,
3015 371 3069 420 et
3107 373 3364 434 quantum
3401 363 3518 433 ipse
3547 367 3665 436 igne
3699 369 3906 426 furor-rs

2301 435 2540 496 ardebat,
2573 444 2716 488 tanto
2743 435 3034 489 sanetiores
3058 451 3256 502 pueros
3285 435 3712 496 consummabat.
3743 443 3908 498 Nunc

2303 504 2549 558 nudantis
2579 504 2704 558 fumi
2727 505 2988 560 densitate
3015 506 3206 558 cmlum
3238 506 3554 572 conteeitur,
3589 525 3736 563 nttnc
3765 511 3906 566 hor-

2303 574 2454 648 rifico
2483 575 2658 627 sonitu
2683 574 2920 648 Chaldaai
2953 577 3462 648 cunctiterrentur;
3495 589 3552 630 nt
3577 583 3906 648 magnitudo

2303 644 2494 698 divina:
2525 645 2823 699 severitatis
2855 661 2950 713 per
2975 644 3226 712 supplicia
3255 644 3906 705 monstrareturmevie-

2303 715 2389 767 bal
2419 715 2682 766 violentus
2705 715 2947 767 inimicus
2973 757 2984 772 .
3019 716 3334 782 supplicium
3365 719 3475 768 suis
3503 717 3716 771 famulis
3745 735 3906 785 quae-

2305 787 2524 838 siturus.
2557 785 2858 846 Szevicbat,
2901 799 3004 838 non
3037 794 3092 838 ut
3125 787 3298 850 justos
3328 787 3650 852 trucidaret,
3695 790 3794 842 sed
3849 801 3909 844 ut

2305 855 2416 906 suis
2443 855 2712 908 interitum
2749 864 3076 922 procuraret.
3111 856 3408 918 Sarviebat.
3443 873 3546 911 non
3579 865 3638 911 ιιι
3679 873 3914 914 cresce-

2305 935 2421 995 rent
2445 940 2718 995 ptBnarum
2745 934 3045 992 augmenta.
3080 925 3171 978 sed
3195 934 3250 978 ut
3275 927 3480 980 cunctis
3502 936 3910 983 monstraretur

2305 993 2481 1066 divina
2511 1003 2775 1062 potestas;
2800 1005 2856 1048 ut
2887 995 3009 1047 dum
3037 995 3184 1064 impii
3207 997 3479 1066 suppliciis
3507 997 3910 1066 gloriarentur,

2307 1063 2637 1117 flammarum
2683 1066 2880 1134 impetu
2927 1063 3604 1120 vorarentur.’vaiebant
3651 1069 3912 1122 scelerati

2307 1135 2538 1207 L‘haldaii
2559 1135 2839 1207 suppliciis
2867 1135 3220 1207 ιιιυιιτειιιιιίιιιιε
3243 1137 3482 1207 perituri,
3515 1146 3570 1189 ct
3595 1137 3908 1192 futurorum

2309 1203 2472 1272 ignari
2501 1205 2724 1257 ministri
2743 1205 2885 1270 jussa
2907 1205 3222 1268 accelerant,
3243 1203 3433 1272 parant
3459 1207 3722 1270 incendia,
3743 1209 3910 1261 flam-

2311 1289 2423 1325 mas
2465 1287 2807 1345 exaggerant.
2858 1273 3155 1326 Crudelitas
3185 1275 3300 1345 ejus
3337 1276 3572 1344 possidet
3619 1287 3904 1344 mentem,

2309 1344 2506 1396 vaitia
2541 1345 2782 1396 immutat
2817 1345 3166 1396 voluntatem.

2378 1413 2430 1466 '2.
2456 1413 2580 1467 Tres
2615 1415 2756 1484 pueri
2793 1415 2845 1466 in
2890 1418 3094 1484 fornace
3121 1414 3286 1468 ilimsi.
3333 1415 3384 1467 In
3431 1413 3701 1470 fornacem
3743 1418 3906 1472 missi

2311 1493 2435 1536 sunt
2463 1487 2664 1550 sancti,
2695 1485 2896 1550 fugiunt
2925 1485 3149 1536 llamnue
3171 1526 3184 1548 ,
3217 1485 3410 1538 cedunt
3437 1485 3584 1554 ignes
3605 1527 3620 1546 ,
3651 1487 3906 1543 incendia

2311 1563 2684 1620 expavescunt.
2715 1553 2925 1607 Timent
2973 1557 3117 1616 ignes
3157 1555 3346 1606 lzmlcre
3367 1553 3500 1622 quos
3531 1556 3742 1610 fuerant
3769 1560 3909 1620 iussi

2313 1625 2605 1676 ineuitinies
2649 1639 2940 1678 reservare.
2971 1624 3268 1679 Ostendtmt
3293 1625 3558 1692 justorutn
3603 1629 3866 1680 meritum
3895 1669 3910 1686 .

2311 1694 2436 1746 dum
2461 1695 2666 1762 tyranui
2689 1703 3036 1748 contemnunt
3061 1695 3364 1764 imperium.
3385 1695 3530 1748 Licet
3547 1699 3748 1749 sanctis
3777 1715 3908 1750 cum

2313 1763 2434 1830 igne
2473 1765 2638 1832 jomri
2661 1806 2672 1824 ,
2707 1765 2897 1832 quibus
2927 1780 3044 1816 cum
3077 1763 3378 1818 lunninilius
3423 1783 3526 1818 nou
3561 1766 3708 1820 licuit
3747 1783 3910 1820 Cont-

2315 1837 2528 1906 morari.
2559 1834 2726 1906 Licuit
2757 1834 3047 1906 infornace
3081 1835 3242 1906 Deum
3276 1837 3540 1896 venerari.
3569 1853 3728 1904 quem
3753 1837 3902 1906 apud

2315 1903 2556 1956 homines
2579 1921 2680 1956 non
2709 1904 2850 1956 licuit
2873 1905 3137 1957 honorari.
3167 1905 3311 1957 Licet
3339 1903 3666 1958 llannnarum
3695 1903 3904 1960 mereri

2315 1975 2564 2044 obsequia
2589 2016 2601 2036 ,
2629 1975 2716 2042 qui
2747 1989 2848 2026 non
2876 1984 3178 2028 meruerant
3203 1973 3570 2028 Chald;eorum
3613 1978 3906 2044 Simplicia.

2317 2043 2464 2098 Licet
2493 2045 2699 2112 ignibus
2724 2049 3022 2098 conservari
3053 2046 3266 2109 illaesos,
3285 2059 3429 2112 quos
3453 2043 3910 2115 tyrannnsidcdc-

2318 2126 2394 2166 rat
2425 2115 2744 2168 csurcndos.
2783 2115 2928 2167 Licet
2954 2115 3003 2168 in
3035 2130 3188 2182 pinna
3218 2131 3334 2168 esse
3373 2129 3622 2180 securos,
3647 2131 3786 2184 quos
3817 2133 3912 2170 ex-

2321 2193 2394 2235 tra
2423 2199 2634 2251 pmnam
2673 2200 2780 2236 nun
2805 2186 2944 2237 licuit
2971 2201 3087 2238 che
3119 2185 3342 2238 intactos
3373 2203 3384 2238 :
3417 2195 3474 2237 ut
3501 2186 3584 2238 ubi
3620 2188 3876 2239 interitus
3897 2227 3910 2248 ,

2318 2253 2386 2326 ibi
2430 2255 2574 2326 salus
2605 2271 2619 2317 ;
2666 2255 2751 2326 ubi
2782 2255 3032 2326 supplicia
3054 2296 3079 2326 ,ί
3103 2255 3172 2308 ibi
3215 2255 3576 2308 invenirentur
3603 2255 3910 2326 refrigeria.

2319 2323 2534 2396 Accipe,
2553 2324 2750 2396 bustis,
2778 2338 2808 2376 a
2839 2325 3463 2396 suppliciiscxcmplnn‘i,
3491 2327 3576 2392 qui
3607 2323 3912 2379 humanita—

2321 2395 2387 2446 tis
2439 2393 2708 2462 perdidisti
2760 2395 3060 2446 consilium.
3095 2393 3323 2463 Fugiunt
3365 2395 3740 2463 ignesjnstos,
3777 2413 3914 2463 quos

2321 2465 2514 2530 injuste
2541 2465 2800 2519 damnasti
2835 2481 2848 2518 :
2876 2475 3234 2530 expavescunt
3277 2463 3533 2524 flamnun,
3563 2475 3614 2518 ct
3647 2467 3914 2518 innocen-

2323 2543 2400 2588 tes
2442 2536 2816 2602 prommtiant,
2847 2547 2982 2604 quos
3023 2533 3212 2604 dignos
3240 2535 3499 2602 supplicio
3539 2535 3768 2602 deputas
3809 2553 3822 2588 :
3863 2547 3916 2588 ct

2321 2621 2438 2672 qua:
2466 2605 2653 2658 Saevire
2677 2603 3101 2668 consueverant;
3129 2603 3320 2673 dignos
3359 2613 3573 2658 sanctos
3603 2605 3654 2658 in
3686 2604 3912 2659 fornace

2322 2676 2630 2744 cernebant.
2667 2676 2924 2728 Danmant
2954 2675 3134 2729 boues
3162 2685 3214 2728 et
3240 2674 3517 2729 absolvunt
3545 2674 3712 2744 ignes.
3745 2673 3912 2729 Chal-

2323 2743 2422 2797 dmi
2453 2745 2723 2812 adjiciunt,
2753 2755 2804 2799 ct
2833 2761 3000 2813 pinna:
3029 2745 3336 2798 defendunt.
3371 2743 3623 2800 Homines
3653 2745 3906 2804 Szl‘vitml.

2325 2823 2376 2866 ct
2423 2817 2672 2886 supplicia
2725 2823 3061 2868 venerantur.
3115 2815 3393 2886 Tyrannus
3445 2817 3659 2883 putabat
3703 2825 3910 2870 tantum

2327 2893 2589 2938 tormenta
2621 2900 2775 2952 posse
2802 2887 2988 2938 δειξνὶιο
3009 2927 3022 2950 ,
3052 2895 3300 2954 quantum
3339 2887 3450 2954 ipse
3477 2887 3768 2954 sacrilegus
3799 2889 3914 2941 exi-

2327 2956 2573 3008 stimabat
2602 2970 2659 3008 se
2703 2965 3016 3023 potestatem
3047 2955 3258 3008 habere.
3293 2955 3444 3024 Ignes
3479 2956 3634 3024 jnstis
3671 2957 3868 3010 cedunt
3897 2997 3912 3018 ,

2327 3025 2544 3078 ardores
2573 3025 2902 3078 flammarum
2931 3027 2980 3078 in
3023 3025 3354 3092 refrigerium
3395 3037 3670 3078 vertuntur
3691 3069 3702 3088 ,
3751 3036 3804 3081 et
3837 3029 3916 3080 in-

2328 3097 2524 3148 stituta:
2564 3105 2764 3149 natura:
2793 3109 3012 3150 voraces
3040 3095 3266 3163 impetus
3295 3097 3676 3150 obliviscuntur
3701 3113 3715 3162 ;
3749 3105 3806 3149 ut
3827 3097 3912 3164 ju-

2328 3175 2436 3219 stas
2459 3175 2776 3220 venerantes
2799 3167 3065 3228 timerent,
3085 3175 3137 3219 et
3165 3181 3348 3220 eorum
3379 3165 3559 3220 hostes
3584 3181 3912 3236 persequen-

2329 3243 2408 3289 tes
2455 3237 2719 3302 punirent.
2755 3237 2902 3305 Ignes
2927 3237 3100 3304 jnstos
3135 3237 3366 3304 hospitio
3392 3251 3510 3290 cmn
3539 3237 3682 3290 omni
3711 3237 3912 3290 honora

2330 3307 2655 3387 suscipiunt,
2701 3315 2754 3360 rt
2799 3307 3024 3386 libenter
3075 3307 3386 3387 obsequium
3431 3309 3690 3387 przrbent.
3739 3307 3914 3360 llostis

2331 3383 2534 3428 mutato
2571 3391 2766 3445 genere
2815 3377 3000 3440 saevit,
3043 3391 3142 3430 nec
3181 3377 3355 3445 aliqua
3399 3377 3594 3444 pietate
3635 3388 3908 3438 movetur,

2330 3459 2428 3516 nec
2459 3445 2782 3499 hnnnmitate
2813 3446 3098 3500 blanditur.
3141 3447 3328 3501 Posset
3353 3447 3594 3508 vincere,
3635 3447 3682 3499 si
3705 3447 3912 3516 ignibus

2333 3515 2636 3585 imperaret.
2667 3517 2974 3570 ()ll'cruntur
3001 3531 3128 3585 ergo
3159 3518 3366 3585 ignibus
3384 3517 3510 3585 justi
3543 3515 3738 3570 vestitu
3768 3517 3910 3574 tecti.

2331 3587 2556 3639 vinculis
2607 3587 2836 3654 enlligali
2882 3604 2894 3640 :
2937 3585 3294 3640 defenduntur
3343 3587 3622 3640 ardoribus
3673 3587 3832 3650 justi,
3861 3593 3912 3639 ct

2331 3671 2465 3726 quos
2493 3657 2570 3708 vis
2609 3657 2832 3708 lnnnana
2863 3657 3165 3718 damnavit,
3197 3657 3333 3726 ignis
3363 3657 3607 3712 absolvit.
3641 3656 3786 3710 Nihil
3823 3671 3913 3709 co-

2333 3730 2494 3794 gitat,
2529 3727 2656 3778 nihil
2699 3727 2906 3780 metuit.
2945 3727 3034 3779 Sic
3074 3741 3300 3796 namque
3336 3727 3618 3780 crudelitas
3643 3727 3916 3796 tyrannica

2334 3805 2576 3864 superata
2607 3799 2962 3864 prosternitur
2982 3837 2996 3860 ,
3021 3797 3146 3850 dum
3175 3799 3261 3851 sui
3291 3797 3546 3851 satellites
3569 3797 3912 3850 devorantnr.

2333 3867 2514 3919 Cernit
2545 3881 2754 3935 pinnam
2777 3909 2791 3930 ,
2822 3875 2874 3918 et
2900 3881 3174 3920 Servorum
3209 3867 3299 3921 Dei
3328 3867 3516 3934 aspicit
3543 3867 3790 3936 gloriam.
3817 3865 3912 3919 Ju-

2335 3937 2430 3990 stis
2461 3941 2610 4005 ignes
2630 3937 2940 4006 obsequium
2975 3946 3244 4004 pnestant,
3269 3937 3478 4006 injustis
3499 3938 3770 3990 interitum
3797 3937 3920 3989 sub-

2337 4009 2654 4078 ministrant.
2685 4007 2815 4060 Dmn
2837 4007 3068 4061 vindicat
3095 4007 3336 4072 flamma,
3369 4009 3514 4078 impii
3543 4017 3835 4073 necantur,
3865 4013 3916 4058 et

2331 4077 2456 4146 justi
2488 4078 2776 4134 salvantur.

2409 4149 2460 4202 5.
2491 4148 2800 4201 Miraculum
2825 4149 3049 4218 agnoscit
3089 4157 3352 4218 tyrannus.
3377 4147 3508 4203 Cum
3537 4147 3602 4200 ad
3647 4146 3916 4201 fornacem

2337 4225 2595 4286 tyrannus
2635 4218 2944 4272 festinanter
2973 4218 3268 4278 accederet.
3295 4229 3472 4286 stupet
3497 4218 3729 4282 laudem,
3759 4218 3917 4286 mira-

2339 4285 2424 4340 tur
2455 4291 2669 4354 factmn,
2693 4297 2975 4342 veneratur
3001 4289 3163 4342 Deum
3193 4302 3313 4342 cum
3344 4285 3510 4342 tribus
3533 4289 3710 4357 pueris
3739 4287 3790 4341 in
3815 4285 3920 4340 for-

2340 4373 2489 4412 nace.
2539 4359 2738 4426 ASpicit
2765 4359 2910 4428 justo
2951 4357 3235 4427 divinoque
3273 4359 3470 4412 ambitu
3515 4357 3762 4428 protegi,
3795 4369 3919 4425 quos

2342 4445 2509 4495 nuper
2541 4427 2777 4497 iusserat
2799 4428 3062 4482 violentus
3091 4429 3374 4496 exstingui.
3409 4429 3462 4484 ln
3494 4429 3596 4482 illis
3623 4428 3676 4481 in
3709 4427 3918 4480 fornace

2341 4499 2515 4563 videt,
2547 4515 2702 4568 quem
2733 4503 2782 4552 in
2814 4499 2918 4552 illis
2943 4508 3066 4552 ante
3106 4513 3210 4552 non
3244 4515 3363 4553 esse
3403 4508 3628 4568 putaret.
3661 4499 3782 4564 Quo
3812 4498 3916 4547 visu

2343 4573 2558 4622 territus
2589 4569 2750 4624 furori
2779 4569 2924 4622 addit
2949 4569 3218 4623 lenitatem
3253 4585 3267 4622 :
3303 4571 3359 4623 fit
3387 4579 3604 4638 repente
3627 4569 3918 4638 confessor,

2341 4641 2432 4708 qui
2477 4655 2646 4708 nuper
2675 4639 2849 4694 fuerat
2899 4650 3226 4709 persecutor.
3259 4636 3514 4694 Prsetlicat
3559 4653 3718 4706 quem
3771 4636 3921 4709 paulo

2343 4707 2466 4764 ante
2496 4707 2740 4779 negabat,
2764 4707 3004 4780 venerari
3036 4709 3292 4778 praecipit,
3321 4711 3408 4780 qui
3459 4719 3779 4762 venerantes
3831 4707 3920 4758 da-

2344 4778 2854 4848 mnavit.’ftogatde
2893 4778 3108 4833 fornace
3148 4778 3664 4848 justas—procedere,
3685 4785 3922 4848 precatur

2345 4851 2411 4903 de
2443 4843 2560 4924 igne
2581 4843 3422 4924 _l_)ei‘famnlosprosilire._E;ciie,
3456 4851 3646 4924 inquit,
3677 4843 3808 4924 servi

2346 4917 2546 4974 excelsi.
2581 4921 2731 4976 Nunc
2751 4937 2834 4974 me
2865 4917 3196 4974 defeiisorem
3229 4921 3320 4973 Dei
3347 4917 3617 4990 profiteor,
3648 4919 3804 4987 cujus
3829 4917 3920 4968 ini-

2345 4993 2542 5044 micum
2587 4992 2747 5046 fuisse
2777 4999 3011 5052 constat;
3036 5000 3094 5044 ut
3117 4991 3266 5056 cujus
3291 5005 3474 5044 servos
3503 4991 3716 5058 ignarus
3749 4999 3919 5058 persc-

2347 5063 2567 5130 qncbar,
2596 5063 2710 5130 ejus
2743 5062 2983 5114 inimicus
3007 5071 3065 5114 ιιι
3093 5053 3369 5125 defensor,
3401 5053 3644 5114 ulciscar.
3671 5053 3824 5112 Tunc
3845 5053 3922 5130 _de

2349 5125 2563 5186 fornace
2585 5125 2928 5201 egrediuntur
2957 5131 3109 5184 illtesi
3151 5131 3392 5195 Hebraei,
3435 5132 3680 5201 l;r.tantur
3723 5125 3918 5201 incidu-

2350 5219 2483 5266 mes,
2519 5195 2844 5270 triumphant
2869 5201 3098 5254 victores
3117 5242 3132 5266 ,
3163 5201 3304 5270 quod
3337 5203 3442 5254 Deo
3485 5200 3709 5270 fideliter
3735 5195 3912 5250 servie-

2351 5283 2502 5338 runt,
2523 5283 2576 5326 et
2595 5269 2828 5328 furorem
2853 5274 3058 5341 tyranni
3085 5269 3519 5340 contempserunt
3541 5269 3700 5342 (Dan.
3729 5273 3826 5336 tn).

2353 5498 2420 5546 ris
2445 5503 2519 5545 est
2537 5530 2549 5552 ,
2571 5505 2672 5543 suae
2703 5494 2752 5540 in
2773 5491 2977 5541 dicendo
3003 5489 3236 5540 facultatis
3273 5495 3324 5538 ct
3349 5477 3924 5594 cloquentizcdfriculum

2353 5559 2602 5594 faninnlicf
2630 5556 2765 5594 mins
2791 5554 2952 5594 ilitimn
2986 5554 3233 5594 ingenium
3265 5551 3457 5594 sapiunt.
3477 5547 3554 5594 alii
3578 5547 3658 5594 (ιη’
3725 5559 3770 5592 nt
3793 5551 3922 5594 bule-3‘

2353 5547 2603 5607 facientis:
2630 5556 2765 5616 cujus
2791 5554 2952 5602 itidem
2986 5547 3457 5616 ingenium_sa_pittnt
3477 5547 3554 5616 alii
3578 5547 3770 5616 quidam
3793 5551 3922 5616 suth-

2355 5623 2456 5670 rius
2487 5607 2706 5688 impressi
2730 5627 2984 5690 sermones
3000 5648 3014 5670 ,
3237 5613 3285 5672 5,
3309 5607 3357 5670 7,
3383 5609 3458 5670 23,
3487 5609 3566 5668 27,
3593 5607 3672 5668 i6,
3697 5615 3813 5664 etc.,
3833 5607 3932 5664 qui-

2358 5695 2454 5740 que
2475 5677 2694 5741 praximc
2717 5678 3052 5739 subsequitur,
3075 5677 3136 5724 60
