4006 6464
133 403 300 460 1857

735 519 962 575 sentio
999 519 1088 575 ω(
1118 521 1211 590 (a).

725 631 805 686 De
835 633 1074 687 Susanna
1114 633 1208 704 (b).

229 727 290 781 l.
341 727 484 780 Justi
537 727 590 780 in
646 726 818 780 oraculi
883 726 1082 778 insidiis
1140 724 1248 778 Deo
1308 726 1548 779 Iiberante
1603 727 1758 779 victo-

135 813 260 850 res.
311 797 766 866 Quotiescumque
809 797 865 866 in
905 795 1004 848 hoc
1050 811 1298 866 perverso
1341 797 1536 849 srrculo
1575 807 1758 850 contra

141 867 470 920 ltndabiles
507 867 648 920 viros
682 865 1043 919 multiformes
1081 865 1364 918 tenduntur
1401 866 1641 930 insidim,
1675 867 1758 920 vel

139 937 398 990 diversae
424 937 808 991 calumniarum
839 938 1154 988 emerserint
1183 951 1354 988 causa:
1376 977 1389 998 ,
1432 937 1556 1004 quid
1597 935 1758 990 homo

141 1009 431 1069 pestilens
459 1009 675 1076 cogitet,
706 1005 828 1076 quid
857 1005 1450 1076 diabolusmaclninetur
1471 1046 1484 1067 ,
1514 1022 1616 1058 non
1647 1021 1758 1060 mc-

141 1087 278 1132 tuet
305 1077 502 1146 justus,
526 1075 646 1145 quia
673 1090 792 1130 cum
819 1075 934 1144 ipso
953 1075 1318 1146 estC‘hi-istus.
1346 1076 1576 1144 Eligatur
1598 1076 1758 1128 homo

143 1143 326 1201 miles
355 1149 408 1201 in
437 1143 624 1216 prgelio
651 1143 970 1216 constitutus
994 1187 1008 1209 ,
1047 1143 1222 1198 oflicia
1267 1143 1478 1216 semper
1505 1161 1756 1201 exercere

143 1215 446 1272 virtutum.
475 1215 646 1272 Unum
675 1231 801 1284 ergo
830 1215 898 1268 de
923 1215 1130 1268 duobus
1151 1215 1522 1283 amplectitur:
1545 1225 1636 1269 aut
1665 1231 1756 1284 pa-

143 1287 378 1342 tefactis
405 1286 637 1348 insidiis,
671 1287 785 1354 ejus
825 1285 1122 1340 innocentia
1154 1285 1205 1338 in
1247 1285 1440 1354 p0pulo
1468 1285 1750 1350 clarescit;

141 1368 252 1411 aut
283 1357 732 1426 persequentibus
761 1355 986 1410 inimicis
1029 1365 1360 1426 praeventus,
1403 1370 1522 1409 cum
1567 1356 1754 1410 condi-

147 1425 372 1483 tionem
403 1425 590 1480 inertis
621 1427 944 1490 excesserit,
975 1425 1230 1478 molestiis
1252 1426 1595 1478 szccularibus
1622 1426 1756 1480 lihe-

145 1509 337 1562 ratus,
361 1507 568 1566 portum
587 1495 888 1566 securitatis
907 1495 1142 1566 intrabit.
1168 1495 1350 1549 Daniel
1374 1495 1628 1564 prepheta
1655 1511 1755 1551 nec

147 1568 209 1620 in
239 1565 416 1621 lacum
447 1566 713 1634 proiectus
745 1565 956 1618 leoumn
989 1565 1181 1618 timore
1213 1567 1488 1632 percalsns
1519 1567 1748 1633 expavit;

145 1637 256 1690 sed
294 1638 434 1690 inter
455 1637 554 1690 ista
581 1635 866 1690 bestiarum
893 1649 983 1688 ora
1000 1635 1317 1700 consistens,
1339 1635 1619 1688 Dominum
1643 1643 1752 1690 tota

149 1717 346 1761 mente
395 1707 652 1772 placavit,
699 1713 754 1758 et
801 1705 1104 1774 tyrannicas
1141 1705 1514 1772 dispositiones
1555 1705 1752 1760 illmsus

147 1777 357 1830 evasit.
388 1775 672 1829 Zacharias
703 1774 937 1844 pontifex
961 1789 1203 1843 magnus,
1237 1790 1329 1841 pro
1349 1775 1488 1828 cultu
1517 1775 1631 1840 Dei,
1657 1789 1752 1843 pro

155 1847 376 1916 legibus
404 1847 568 1900 sacris
587 1886 600 1907 ,
633 1859 728 1912 pro
753 1860 977 1899 censura
1005 1847 1054 1897 in
1085 1845 1280 1913 templo
1317 1845 1630 1898 sacerdotali
1669 1861 1754 1898 re-

151 1917 360 1971 bellem
393 1917 671 1984 increpans
701 1917 1232 1984 pepulum,’mortem
1261 1923 1570 1968 constanter
1595 1929 1752 1968 acce-

151 1987 258 2056 pit,
291 1997 344 2040 et
371 1983 705 2056 detestabiii:
729 1987 874 2056 acies
901 1983 1204 2038 Judmorum
1233 1984 1352 2056 ejus
1377 1999 1566 2056 cruore
1596 1985 1750 2056 pavi-

153 2053 408 2110 inentum
439 2055 634 2110 infecit.
670 2053 955 2108 Zacharias
986 2063 1187 2123 martyr
1214 2055 1532 2122 triumphat,
1567 2065 1620 2108 et
1647 2054 1752 2107 Da-

153 2128 269 2181 niel
303 2127 580 2181 confessor
613 2124 850 2178 exsultat
879 2139 1056 2194 :runus
1084 2125 1308 2194 moritur
1345 2135 1398 2177 et
1429 2123 1746 2194 triumphat,

153 2197 302 2250 alter
340 2197 516 2250 evadit
559 2203 613 2250 et
651 2203 852 2264 regnat.
893 2193 996 2248 Sed
1027 2209 1124 2248 nec
1152 2193 1409 2247 femineus
1454 2193 1612 2264 sexus
1641 2195 1752 2264 suis

153 2265 442 2320 fraudetur
467 2263 744 2334 exemplis,
777 2263 868 2334 qui
895 2264 1164 2334 pudicitia:
1192 2273 1436 2318 ornatum
1467 2263 1751 2318 salubriter

151 2337 476 2390 reservavit.

229 2407 290 2460 2.
325 2405 578 2460 Susanna!
596 2404 873 2474 periculum
899 2413 945 2457 et
970 2403 1216 2459 liberatio.
1242 2403 1484 2459 Susanna
1508 2403 1746 2468 illustris,

153 2476 328 2531 decus
353 2477 638 2545 pudicitize,
669 2475 794 2528 vicit
824 2474 1203 2542 impudentiam
1227 2475 1486 2544 judicum,
1513 2474 1750 2542 petulan-

157 2550 292 2600 tiam
321 2547 590 2600 seniorum
617 2546 934 2614 compreSsit
962 2545 1248 2614 audacem;
1274 2560 1340 2599 ne
1368 2545 1660 2614 castitasiin
1688 2559 1750 2597 ca

155 2625 432 2684 pateretur
460 2611 945 2682 injuriametabat
973 2611 1214 2668 Susanna
1257 2617 1308 2669 in
1340 2615 1541 2682 judicio
1583 2613 1750 2668 falso-

155 2703 279 2740 rum
308 2686 648 2740 mendacibus
679 2699 933 2754 oppressa
973 2685 1290 2738 testimoniis
1329 2686 1697 2738 damnatorum
1732 2703 1746 2739 :

153 2757 336 2810 stabat
365 2771 469 2810 non
501 2765 748 2824 tanquam
771 2771 882 2818 rea,
910 2755 1001 2824 sed
1027 2770 1121 2822 pro
1138 2757 1378 2809 castitate
1393 2755 1612 2808 firmiter
1635 2768 1749 2808 mo-

151 2829 350 2880 ritura.
383 2827 493 2880 lbat
523 2823 649 2894 ergo
681 2824 866 2895 pudica
897 2823 962 2877 ad
993 2827 1304 2892 supplicium
1331 2867 1344 2890 ,
1394 2839 1498 2878 non
1541 2824 1748 2877 adulte-

153 2911 342 2950 rerum
375 2911 602 2964 corpus,
647 2898 698 2948 iu
735 2911 840 2964 quo
865 2905 1100 2948 extrema
1152 2895 1312 2948 libido
1338 2904 1650 2957 exarserat,
1694 2903 1751 2948 ct

153 2965 401 3020 diabolus
439 2967 878 3020 inflammaverat.
911 2964 1060 3030 Quod
1104 2975 1402 3032 protexerat
1443 2967 1640 3026 virtus,
1695 2973 1749 3017 et

154 3038 384 3091 ornabat
407 3037 602 3104 pudor,
635 3035 855 3088 illmsum
879 3035 984 3087 ibat
1013 3035 1064 3087 in
1094 3037 1278 3088 mortis
1307 3036 1545 3088 exitium.
1580 3036 1746 3102 Egre-

153 3107 302 3174 gium
335 3107 581 3174 portabat
608 3113 765 3173 caput
785 3146 798 3168 ,
829 3104 978 3172 cujus
1010 3105 1210 3157 vultum
1239 3106 1438 3173 integra
1472 3107 1748 3158 conscien-

155 3179 228 3229 tia
253 3177 572 3230 sublimabat
593 3177 658 3228 ad
685 3177 897 3229 cmlum.
927 3175 1151 3242 Propter
1178 3175 1368 3228 damna
1399 3176 1633 3244 pudoris,
1660 3189 1748 3226 sa-

155 3245 286 3300 lutis
307 3257 423 3300 vota
457 3247 772 3314 compressit
793 3261 806 3308 ;
828 3251 881 3299 et
899 3245 981 3297 cui
1007 3245 1386 3297 fueruntcbara
1411 3246 1621 3312 prarmia
1653 3259 1746 3298 ca-

155 3317 371 3380 Stitatis,
409 3319 527 3370 vita:
550 3315 798 3384 gaudium
831 3331 934 3368 non
965 3316 1160 3368 amisit.
1191 3315 1518 3383 Contempsit
1551 3329 1743 3378 unum;

156 3397 210 3440 et
231 3395 512 3442 consecuta
541 3395 624 3439 est
656 3395 822 3439 totum
849 3402 862 3438 :
891 3396 945 3439 et
974 3400 1092 3454 qua:
1123 3387 1256 3438 mori
1281 3385 1464 3446 voluit,
1489 3401 1608 3438 cum
1633 3385 1746 3454 glo-

156 3459 234 3510 ria
261 3458 517 3510 castitatis
546 3457 750 3520 evasit;
787 3465 840 3508 et
871 3471 1028 3524 quam
1062 3455 1322 3509 sententia
1352 3471 1508 3522 prava
1539 3455 1747 3522 dejece-

157 3535 264 3588 rat.
291 3527 502 3580 illustris
531 3526 873 3580 conscientia:
898 3527 1172 3593 integritas
1194 3525 1450 3594 erigebat,
1471 3535 1746 3594 metusque

159 3597 255 3650 Dei
285 3607 338 3650 et
377 3597 700 3650 imminentis
727 3596 863 3648 sacri
897 3595 1080 3662 judicii
1119 3595 1410 3651 indubitata
1437 3595 1752 3648 credulitas.-

157 3667 204 3720 0
232 3681 380 3720 amor
411 3667 701 3720 honestatis
730 3675 782 3719 et
828 3665 1014 3734 [.cgis!
1044 3665 1284 3718 Susanna
1317 3667 1562 3719 adulterii
1612 3681 1742 3718 cou-

161 3737 437 3790 scientiam
480 3737 777 3806 graviorem
817 3736 1106 3806 judicavit,
1151 3751 1306 3806 quam
1351 3751 1580 3804 pinnam.
1608 3734 1741 3788 Cum

160 3808 464 3872 duceretur,
488 3805 601 3860 non
629 3806 838 3859 dolebat
866 3805 931 3858 de
963 3805 1252 3874 supplicio;
1281 3807 1527 3875 quoniam
1551 3806 1746 3874 gaude-

161 3877 252 3930 bat
300 3877 366 3931 de
423 3876 726 3930 testimonio
775 3875 1034 3929 falsidico.
1063 3877 1318 3930 ltmocens
1345 3885 1744 3944 accusaturper

161 3948 476 4002 sententiam
504 3964 518 4010 ;
547 3947 637 4000 sed
663 3955 790 4000 nutu
821 3946 912 4000 Dei
939 3947 1279 4015 suspenditur
1305 3961 1492 4014 pinna;
1525 3955 1580 3998 ut
1605 3946 1745 4012 judi-

161 4017 392 4070 cantimn
426 4015 629 4084 falsitas
653 4017 1031 4081 denudarctur,
1051 4027 1102 4070 ct
1125 4017 1378 4070 innocens
1407 4027 1740 4084 purgaretur.

163 4086 410 4140 Infirmus
438 4083 598 4141 sexus
629 4095 812 4156 contra
855 4086 1000 4140 viros
1025 4089 1186 4156 surgit
1229 4083 1442 4150 fortior,
1479 4083 1744 4155 expugnat

163 4157 435 4210 libidinem
464 4157 677 4210 castitas
707 4167 760 4210 et
799 4155 1078 4220 honestas,
1113 4157 1340 4224 impulsu
1377 4158 1595 4210 luxui-im
1621 4159 1742 4209 hor-

163 4227 324 4280 renda
351 4227 698 4294 prosternitur
727 4227 1056 4295 improbitas.
1082 4226 1322 4280 Susanna
1347 4228 1612 4296 propriam
1637 4229 1744 4280 vir-

163 4307 327 4351 tutem
371 4297 533 4350 animi
575 4297 834 4358 servavit,
869 4305 922 4350 et
964 4297 1214 4366 judicium
1257 4299 1570 4366 popult‘irum
1615 4313 1744 4351 con-

163 4377 364 4420 stanter
392 4368 619 4435 excepit.
666 4365 976 4420 Cooﬂautur
1019 4369 1084 4422 de
1135 4365 1412 4422 innocente
1461 4368 1588 4420 falsa
1633 4369 1740 4422 cri-

163 4439 328 4491 mina.
359 4437 447 4491 lllc
475 4439 614 4491 enim
643 4439 875 4490 munitus
903 4447 982 4490 est
1008 4479 1022 4504 ,
1052 4439 1138 4506 qui
1176 4439 1336 4492 Deum
1371 4437 1613 4492 habuerit
1651 4438 1742 4491 de-

163 4509 448 4562 fensorem.
504 4507 738 4576 Denique
796 4507 978 4578 Daniel
1031 4507 1284 4578 propheta
1341 4508 1591 4561 instinctu
1649 4508 1740 4563 Dei

163 4579 548 4640 commonitus,
581 4578 760 4632 Redite
787 4577 838 4629 in
872 4577 1160 4646 judicium,
1192 4579 1523 4632 exclamavit.
1557 4579 1742 4646 Stupet

163 4647 386 4716 populus
436 4663 530 4716 pro
563 4647 764 4716 judicio
811 4647 1131 4716 repentino;
1165 4659 1444 4703 revocatur
1489 4648 1737 4714 addicta;

165 4715 326 4773 falSos
350 4715 511 4772 testes
533 4715 697 4786 pavor
715 4717 940 4788 invadit.
976 4715 1150 4772 Gemit
1176 4718 1417 4772 diabolus
1440 4761 1455 4784 ,
1491 4717 1630 4788 quod
1662 4720 1742 4787 ip-

165 4787 272 4842 sius
293 4799 590 4842 commenta
621 4787 888 4841 nudantur
919 4805 931 4841 :
963 4790 1194 4858 gaudent
1223 4790 1406 4858 Angcli
1435 4787 1740 4856 deputloris

165 4857 462 4982 integritate
487 4867 778 4928 comperta,
810 4861 950 4926 quod
981 4857 1292 4913 defendatur
1316 4857 1372 4914 iu
1417 4861 1574 4914 terris
1605 4860 1740 4912 veri-

169 4937 246 4982 tas
287 4931 498 4982 atieata.
533 4928 914 4982 lute'rroaatum
942 4938 1024 4982 est
1047 4944 1150 4982 auo
1176 4929 1228 4981 in
1252 4929 1370 4982 loco
1397 4929 1636 4982 Susanna
1667 4928 1740 4982 fa-

169 4937 246 4982 las
267 4928 498 4998 fatigata.
533 4928 914 4996 [interrogatum
942 4938 1024 4998 est
1047 4944 1150 4996 quo
1176 4929 1228 4981 in
1252 4929 1370 4984 loco
1397 4929 1636 4982 Susanna
1667 4928 1740 4982 fa-

167 4997 482 5066 cinus,’quo
510 4998 862 5066 arguebatur,
905 4997 1139 5052 admisit.
1174 4998 1302 5064 llic,
1349 4999 1456 5054 Sub
1498 5001 1734 5062 lentisco,

167 5070 308 5132 dicit;
337 5065 444 5133 ille,
467 5065 754 5136 Subprino.
772 5065 904 5122 Cum
930 5083 1057 5138 ergo
1087 5083 1268 5124 eorum
1295 5069 1592 5136 discrepant
1620 5083 1741 5136 pro-

169 5141 268 5194 lata
297 5153 550 5207 respousa
571 5181 583 5202 ,
612 5139 688 5194 sic
709 5137 1054 5206 repugnantia
1086 5137 1346 5193 dictorum
1379 5141 1511 5192 facta
1537 5139 1742 5192 nudan-

167 5221 266 5280 tur.
299 5219 354 5264 ut
379 5210 558 5277 vigore
585 5208 778 5280 mentis
809 5209 1080 5280 increpata
1109 5211 1332 5280 pOpulo,
1367 5211 1589 5280 testibus
1614 5224 1742 5280 con-

171 5279 295 5334 fusis
321 5280 514 5333 veritas
544 5279 934 5333 ostenderetur.
968 5279 1427 5349 Gaudet’populus
1467 5279 1534 5334 de
1577 5279 1740 5348 pudo-

169 5351 238 5404 ris
267 5350 564 5418 integritate
592 5367 604 5402 :
639 5351 926 5416 triumphat
961 5351 1178 5404 maritus
1198 5391 1212 5414 ,
1243 5349 1380 5419 quod
1419 5350 1572 5403 fidam
1605 5349 1738 5404 inve

171 5419 596 5490 ueritconjugem
627 5437 638 5471 :
671 5419 879 5472 Letatur
905 5419 1119 5486 familia,
1151 5421 1294 5490 quod
1323 5419 1454 5474 nihil
1483 5421 1742 5476 invenerit

247 5553 294 5624 ᾳ)
323 5551 552 5624 olim,__de
583 5559 819 5624 Tempore
840 5553 957 5624 ξιξ,
984 5563 1179 5624 etpost,
1205 5555 1252 5603 in
1275 5555 1546 5624 Appendice
1568 5555 1644 5624 6_9.

248 5614 294 5680 b)_
318 5615 496 5680 incerti
531 5614 742 5664 auctoris
777 5623 827 5664 et
859 5614 1102 5666 ineruditi.
1127 5614 1396 5680 observare
1433 5619 1568 5680 juvat
1587 5619 1742 5680 ipsum

173 5677 218 5727 in
549 5683 967 5738 Patrumrerxstare,
986 5683 1114 5738 torno
1139 5678 1362 5727 editionis
1379 5675 1537 5728 Coloni
1545 5675 1674 5729 ensis
1693 5681 1740 5738 5,

177 5741 443 5808 lfarisiensis
470 5736 535 5808 2,
561 5737 754 5808 tametsi
782 5737 977 5808 brevior
1007 5737 1248 5808 aliquanto
1273 5741 1518 5808 etpassim
1542 5736 1742 5808 varium,

177 5804 344 5908 Lm
361 5802 484 5850 sicut
528 5805 584 5850 et
611 5802 662 5846 in
713 5802 987 5859 Remigium
1027 5807 1110 5850 Its.
1145 5802 1320 5852 Zenoni
1361 5803 1624 5852 \‘eronensi
1658 5803 1744 5852 tri-

1627 409 1854 466 SERMO
1895 411 2026 467 LXI.

3321 425 3454 482 {358

1878 523 1932 576 in
1959 539 2018 576 ea
2047 523 2184 594 quod
2207 526 2414 594 puniat,
2447 529 2582 594 quod
2609 529 2852 584 adulterii
2879 529 3072 586 factum
3101 548 3206 588 non
3230 535 3448 591 int-euo-

1873 594 1970 672 rit,
2011 593 2482 672 neclioinicidium
2514 598 2754 654 diabolus
2792 599 2931 670 quod
2975 607 3322 672 procumbat,
3353 607 3454 662 iui-

1867 663 2090 731 plevcrit
2119 663 2277 734 (Dan.
2309 681 2398 719 xm
2411 664 2452 736 ).

2405 755 2631 810 SERMO
2671 757 2780 812 LXI
2813 758 2911 830 (a).

1865 839 1943 894 De
1991 839 2156 910 Pace,
2199 845 2252 898 in
2289 844 2418 926 iliud
2450 845 2988 926 Evangeiiidllattluei
3013 867 3126 922 cap.
3163 869 3216 922 v,
3261 855 3334 926 ᾗ.
3372 855 3404 914 9
3433 898 3446 920 ,

2305 916 2507 970 Felices
2531 920 2730 986 pacifici
2755 961 2769 984 ,
2799 931 2890 972 etc.
2923 920 3016 991 (b).

1939 1002 1988 1055 1.
2005 1000 2382 1086 ρασὶεξζμτριξ.
2400 1005 2677 1086 Concordia
2694 1010 3054 1086 {ratrn_nt.—~E
3055 1014 3200 1068 elices
3224 1019 3445 1086 paci/iro,

1863 1073 2100 1152 quoniam
2135 1075 2229 1152 filii
2253 1074 2362 1152 .Dei
2386 1073 2978 1152 vocabuntur;Meritum
3007 1073 3310 1140 christiana:
3337 1073 3444 1142 vir:

1865 1143 1991 1196 tutis
2015 1143 2222 1223 vilescit
2253 1145 2618 1223 in_cuuct_is.-si
2644 1150 2895 1223 unitatem
2927 1168 3027 1206 non
3059 1153 3248 1208 habeat
3275 1160 3436 1223 pacis,

1863 1226 1964 1296 uec
1997 1214 2236 1296 pervenit
2261 1215 2325 1266 ad
2352 1217 2660 1296 vocabulum
2689 1219 2804 1296 lilii,
2835 1222 2932 1296 nisi
2963 1237 3054 1288 per
3083 1214 3285 1278 nomen
3305 1214 3446 1296 paci;

1861 1281 1966 1348 ﬁci.
2009 1283 2112 1364 Pax
2142 1293 2257 1348 est,
2287 1301 2404 1352 qua:
2433 1281 2698 1352 eXSpoliat
2722 1281 2989 1364 hominem
3027 1281 3318 1358 servitute;
3351 1299 3444 1352 dat

1862 1365 2054 1432 nomen
2097 1360 2382 1432 ingenuum
2403 1395 2419 1420 ,
2453 1367 2618 1432 undat
2643 1373 2764 1432 cum
2793 1360 3094 1416 conditione
3126 1378 3437 1432 personam;

1860 1436 1926 1503 ex
1957 1420 2426 1503 tinnuloiliberum,
2462 1427 2623 1480 lilium
2657 1429 2780 1482 facit
2806 1444 2870 1482 ex
2899 1445 3095 1503 servo;
3117 1420 3316 1503 [Deum
3347 1420 3440 1503 pa:

1861 1500 1994 1564 [rem
2031 1502 2216 1564 vocat,
2261 1503 2316 1548 et
2353 1505 2648 1550 commutat
2687 1511 2898 1552 servum
2941 1500 2993 1552 in
3027 1500 3165 1564 filio,
3211 1500 3436 1560 amicum

1859 1559 1984 1641 facit
2013 1578 2076 1614 ex
2115 1563 2242 1642 Dc_o,
2272 1576 2474 1642 patrem
2501 1566 2678 1642 reddit
2704 1583 2764 1642 ex
2797 1569 3039 1642 Domino.
3068 1559 3164 1625 Sic.
3190 1573 3265 1626 sic
3293 1559 3439 1642 facit,

1858 1633 1947 1710 qui
1977 1633 2220 1712 amp-vnit
2244 1635 2420 1712 perire
2445 1677 2458 1698 ,
2488 1637 2624 1703 quod
2645 1636 3022 1712 Eacigulielices
3051 1643 3284 1709 paciﬁci,
3311 1633 3442 1712 quo;

1859 1701 1994 1782 nium
2023 1701 2123 1782 ﬁlii
2159 1701 2258 1756 Dei
2281 1701 2724 1782 vocabunf_ur.__Eu
2765 1709 2901 1782 filius
2922 1709 3022 1782 Dei
3051 1701 3183 1782 esse
3220 1701 3436 1782 incipit,

1857 1771 1944 1853 qui
1978 1771 2223 1853 pacificus
2252 1789 2372 1853 esse
2401 1777 2578 1853 coep-it:
2609 1777 2722 1830 Non
2763 1779 3050 1853 vult__li_lius
3077 1781 3200 1844 dici,
3230 1771 3438 1853 qui'pa;

1857 1839 2038 1920 ciliciis
2081 1843 2311 1920 noluerit
2353 1839 2574 1898 inveniri
2611 1863 2627 1920 :_
2657 1857 2823 1920 ucgai
2853 1849 2952 1902 sibi
2991 1839 3199 1918 patrem
3235 1839 3398 1908 Deum
3421 1896 3435 1920 ,

1857 1911 1944 1984 qui
1975 1910 2142 1964 hmrcs
2167 1915 2449 1984 pacisresse
2475 1917 2710 1984 nequivit
2728 1910 2769 1968 ἶ.
2793 1910 3046 1973 δενυνιιίιι
3079 1935 3335 1977 sensurus
3355 1910 3438 1979 est

1859 1978 2046 2043 Deum,
2079 1978 2234 2058 quem
2277 1978 2592 2058 clementem
2625 1987 2978 2058 blandumque
2998 1990 3328 2058 idcdignatus
3355 1978 3438 2048 est

1857 2062 2080 2125 patrem.
2098 2049 2309 2125 Felices
2335 2055 2533 2122 paciﬁci
2549 2095 2563 2116 ,
2586 2058 2824 2125 quoniam
2858 2049 2954 2124 filii
2988 2057 3080 2111 Dei
3107 2049 3432 2118 vocabuntur.

1857 2120 2190 2200 Gaudeamus
2236 2120 2342 2176 hoc
2365 2120 2768 2200 nundinequasi
2804 2120 2892 2180 filii
2932 2137 2998 2200 et_
3025 2129 3264 2184 lia-redes
3301 2133 3432 2200 Dei,

1855 2189 2163 2268 cohmredes
2189 2202 2367 2268 autem
2404 2189 2854 2268 Christi._'Quanta
2877 2209 2958 2251 est
2985 2197 3141 2265 hujus
3175 2202 3316 2268 pacis
3343 2189 3432 2258 re:

1855 2259 2099 2334 tributio,
2113 2260 2472 2334 lia‘reditatem
2502 2259 2770 2330 possidere
2791 2281 2908 2320 cum
2931 2259 3436 2334 Cliristti,'3iibstan-

1857 2328 1980 2408 tiam
2005 2329 2179 2408 Pati-is
2207 2330 2404 2409 habere
2429 2328 2550 2387 cuin
2580 2335 2732 2409 Pilio,
2763 2339 2978 2409 caeleste
3007 2328 3224 2406 regnum
3267 2345 3432 2409 parti-

1854 2399 2017 2476 cipari
2045 2414 2175 2476 _cum
2214 2401 2436 2476 Domino
2451 2445 2477 2476 ,_
2506 2411 2563 2476 e_t
2601 2405 2652 2456 in
2695 2407 3018 2476 consortium
3067 2399 3431 2476 perpetuitatis

1853 2469 2055 2547 admitti
2079 2470 2481 2547 compar-nino?
2510 2473 2746 2547 Quzesit
2785 2474 2902 2547 b:_ec_
2927 2469 3390 2543 pravitas-morum
3410 2521 3428 2546 ,

1855 2538 2091 2618 invidere
2123 2540 2448 2618 melioribus,
2472 2538 2628 2618 atque
2651 2545 2700 2596 in
2728 2538 3110 2618 sordidioribus
3135 2538 3426 2618 inlnerere;

1853 2607 2086 2678 adoptati
2115 2611 2381 2664 victoriam
2409 2607 2653 2681 perdere,
2689 2627 2752 2666 ac
2781 2617 2918 2667 nolle
2947 2616 3306 2671 lnereditatem
3342 2607 3429 2675 re;

1853 2693 2074 2749 suorum
2102 2681 2395 2734 cmlestium
2421 2682 2728 2749 possidere?
2761 2683 2968 2738 Etenim
2997 2687 3157 2740 filium
3180 2703 3236 2740 se
3261 2690 3350 2743 Dei
3378 2701 3432 2746 et

1852 2747 2184 2821 colla-redeat
2211 2747 2436 2820 denegat
2455 2751 2674 2812 Christi,
2706 2756 2792 2821 qui
2818 2759 3139 2810 recusaverit
3163 2759 3330 2812 Patris
3355 2777 3432 2814 re-

1850 2819 2048 2886 gimine
2077 2819 2378 2890 gubernari.
2419 2821 2526 2876 Pax
2569 2819 2850 2877 concordia
2890 2837 2964 2877 est
3006 2826 3258 2890 fratrum,
3289 2831 3426 2884 sicut

1852 2890 2106 2966 scriptum
2134 2900 2217 2943 est
2241 2910 2254 2943 :
2287 2889 2352 2966 [η
2375 2893 2528 2966 tribus
2560 2894 2748 2966 placuit
2775 2895 2978 2964 spiritui
2999 2913 3106 2950 meo
3127 2939 3138 2958 ,
3171 2889 3286 2966 qna:
3309 2911 3426 2952 sunt

1853 2961 2061 3024 probata
2090 2977 2256 3034 coram
2283 2960 2392 3013 Deo
2416 2973 2460 3014 et
2481 2960 2762 3034 hominibus
2784 2960 3096 3018 concordia
3125 2960 3358 3034 fratrum,
3385 2979 3428 3022 et

1851 3043 1994 3096 antor
2024 3031 2362 3096 proximorum
2384 3071 2396 3090 ,
2441 3042 2488 3084 et
2529 3033 2602 3084 vir
2644 3044 2692 3086 et
2723 3036 2902 3087 mulier
2937 3031 3295 3091 consentientes
3332 3040 3425 3092 sibi

1853 3095 2037 3172 (Ereti.
2071 3115 2190 3172 xxv,
2223 3099 2430 3172 1:32)]
2453 3101 2744 3156 Concordia
2763 3119 2890 3172 ergo
2911 3105 3154 3168 fratrum,
3189 3108 3428 3164 voluntas

1851 3167 1957 3246 Dei
1974 3177 2075 3232 est,
2100 3167 2624 3246 jncunditas'tjhristi
2647 3213 2668 3246 ,ν
2693 3167 2950 3242 [ιρι-160110
2979 3167 3271 3230 Sanctitatis
3289 3218 3302 3240 ,
3333 3179 3422 3246 ju-

1849 3238 2008 3290 stititc
2031 3241 2226 3308 regula,
2263 3242 2480 3294 materia
2507 3238 2781 3308 doctrinm,
2813 3259 3018 3298 morum
3047 3238 3306 3306 custodia,
3333 3238 3420 3300 at-

1850 3309 2032 3382 quoin
2069 3311 2226 3363 rebus
2252 3312 2498 3365 omnibus
2538 3311 2816 3382 laudabilis
2842 3315 3137 3382 disciplina.
3171 3317 3274 3370 Pax
3308 3317 3422 3372 suf-

1850 3377 2312 3456 fragiumprecum
2344 3391 2442 3456 est,
2463 3381 2916 3456 supplicationum
2950 3377 3116 3456 facilis
3141 3397 3298 3456 atque
3319 3389 3420 3442 im-

1851 3449 2122 3522 petrabilis
2149 3451 2258 3522 via;
2293 3453 2414 3519 quia
2443 3453 2826 3506 desideriorum
2853 3455 3084 3508 omnium
3116 3449 3422 3522 competens

1849 3527 1930 3598 est
1949 3519 2214 3598 plenitudo
2241 3519 2410 3592 [sicut
2433 3524 2686 3598 scriptum
2711 3523 2760 3575 in
2778 3525 3044 3598 _A_postplo
3071 3519 3322 3598 (Philipp.
3349 3543 3419 3592 tv,

1975 3587 2078 3641 Pax
2111 3587 2634 3666 ergo-conventionis
2655 3587 2931 3666 amabilem
2955 3587 3216 3666 [)eo‘farit
3236 3587 3295 3648 ’1ιί
3321 3587 3423 3650 fra-

1849 3657 2055 3734 tribus,
2079 3657 2196 3726 quae
2225 3662 2497 3713 charitatis
2532 3661 2727 3734 indicat
2759 3663 3170 3734 testimonium].
3207 3666 3310 3719 Pax
3340 3669 3424 3720 di-

1849 3726 2090 3803 lectionis
2134 3739 2301 3803 mater
2343 3741 2453 3792 cst,
2496 3732 2794 3803 concordia:
2840 3734 3100 3803 vinculum
3119 3726 3150 3798 ,⁸
3176 3749 3238 3788 ac
3279 3753 3424 3803 pune

1849 3798 2309 3870 mentisiudicium
2347 3799 2678 3854 manifestum
2715 3819 2727 3856 :
2766 3802 2887 3870 quia
2917 3803 3014 3856 sibi
3038 3806 3196 3870 exigit
3226 3798 3292 3860 de
3315 3807 3424 3861 Deo

1847 3868 1988 3945 quod
2021 3870 2176 3934 velit,
2207 3870 2457 3940 quidquid
2486 3871 2710 3925 voluerit
2739 3868 2915 3941 petat,
2957 3881 3012 3927 et
3046 3868 3298 3945 quidquid
3329 3893 3420 3932 vo-

1849 3937 2006 3990 luerit
2031 3948 2222 3991 suniat.

1917 4007 1983 4086 2._
2001 4007 2248 4086 Clu-ianua
2270 4011 2456 4078 spernit
2477 4011 2563 4081 qui
2582 4028 2754 4086 pacem
2777 4029 2876 4086 non
2895 4014 3130 4086 custodit.
3155 4015 3260 4070 Pax
3291 4033 3412 4086 prm-

1847 4079 2016 4146 ceptis
2037 4079 2299 4144 regalibus
2329 4079 2690 4135 conservanda
2723 4093 2823 4148 est,
2857 4083 3079 4138 Domino
3105 4079 3316 4140 Christo
3337 4089 3420 4142 di-

1848 4159 2034 4224 cente,
2077 4149 2282 4224 l’aceni
2302 4168 2462 4224 meum
2491 4153 2559 4224 do
2597 4153 2762 4224 vobis,
2804 4169 2976 4224 pacem
3017 4155 3245 4224 relinquo
3287 4160 3422 4212 vobis

1847 4216 2040 4284 (Joan.
2073 4235 2184 4284 XIV,
2215 4221 2338 4290 ‘27).
2371 4220 2504 4292 [Qui
2531 4216 2819 4292 discipulus
2854 4224 3048 4278 Christi
3089 4216 3192 4292 esi,
3223 4227 3421 4282 Christi

1850 4299 2112 4364 praecepta
2150 4300 2362 4364 servat:
2396 4309 2610 4364 servare
2642 4293 2988 4364 mandatum,
3025 4305 3108 4349 est
3149 4311 3330 4364 pacem
3369 4301 3420 4351 in

1847 4359 2092 4413 omnibus
2131 4361 2418 4415 custodire.
2451 4362 2582 4415 Nam
2622 4363 2856 4416 dividere
2893 4359 3180 4430 unitatem,
3207 4383 3310 4420 non
3341 4379 3424 4422 est

1847 4430 2156 4506 magistrum
2185 4432 2363 4500 sequi;
2395 4432 2636 4506 sed_cjus
2667 4434 2970 4486 mandatqu
3001 4436 3225 4491 calcare.
3256 4437 3416 4506 Sequi

1847 4501 1986 4576 enim
2007 4499 2298 4576 Clu-istum,
2324 4511 2406 4555 est
2432 4499 2833 4576 haberepaceiu
2860 4521 2872 4556 :
2901 4514 3080 4558 etnon
3101 4511 3248 4575 sequi
3280 4499 3420 4576 quod

1847 4571 1992 4636 pacis
2021 4580 2131 4636 est,
2177 4569 2280 4626 hoc
2305 4581 2390 4626 est
2429 4573 2530 4625 hoc
2562 4569 2759 4628 habere
2803 4574 2856 4626 in
2895 4576 3146 4696 maqistro
3179 4569 3240 4629 ex
3271 4569 3424 4648 parte

1847 4639 1988 4696 quod
2011 4639 2214 4696 diligas.
2241 4652 2294 4694 ct
2313 4658 2376 4694 ex
2403 4651 2548 4696 parte
2568 4641 2706 4696 quod
2729 4643 2966 4696 damnes.
3015 4645 3118 4696 llud
3140 4656 3222 4696 est
3241 4662 3423 4696 amare

1846 4639 1988 4706 quod
2011 4639 2214 4708 diligas,
2241 4652 2294 4694 ct
2313 4658 2376 4694 ex
2402 4651 2548 4711 parte
2568 4641 2706 4710 quod
2729 4643 2966 4697 damnes.
2984 4639 3118 4699 illud
3140 4656 3222 4700 est
3241 4639 3423 4702 ainare

1846 4711 2118 4784 doctorem
2140 4711 2417 4784 Ldoctoris
2457 4712 2702 4784 mandata
2726 4713 2797 4784 iu
2835 4716 3079 4770 omnibus
3117 4717 3418 4784 custodire,

1845 4778 2072 4852 dicentis
2097 4798 2107 4831 :
2143 4779 2330 4852 Pacem
2359 4799 2519 4835 meant
2539 4781 2603 4834 do
2625 4782 2778 4852 vobis,
2812 4801 2986 4852 pacem
3011 4786 3236 4852 relinquo
3261 4778 3417 4840 vobis;

1847 4849 2016 4920 Libet,
2041 4849 2246 4915 fratres,
2275 4851 2326 4904 iu
2357 4865 2482 4920 pace
2503 4849 3044 4920 protralierc'moras;
3073 4849 3302 4910 delectat
3322 4857 3423 4913 hoc

1846 4919 2042 4993 dixisse
2079 4919 2402 4993 frequenter,
2417 4931 2474 4993 et
2497 4919 2684 4974 iterum
2717 4931 2872 4990 atque
2895 4925 3080 4976 iterum
3107 4929 3418 4993 prmConari,

1855 4987 2032 5068 Pacem
2059 4987 2309 5068 uteani_do
2343 4991 2478 5045 vobis
2500 5031 2516 5056 ,
2549 5007 2732 5068 paceni
2760 4987 2953 5068 dimitto
2977 4987 3173 5068 robii]
3205 4997 3258 5050 In
3291 4987 3421 5066 pace

1847 5075 1940 5130 vos
1970 5061 2198 5124 dimitto,
2223 5061 2274 5113 in
2298 5075 2424 5128 pace
2447 5075 2539 5114 vos
2559 5061 2756 5126 dimisi,
2784 5063 2835 5115 in
2861 5077 2986 5130 pace
3013 5081 3104 5118 vos
3133 5061 3417 5122 inveniam.

1847 5129 2195 5184 Proficisceus
2230 5133 2392 5184 voluit
2427 5131 2555 5188 dare
2595 5133 2732 5199 quod
2767 5133 3101 5190 desiderabat
3130 5137 3342 5193 rediens
3373 5141 3424 5193 in

1845 5201 2092 5254 onmibus
2123 5201 2378 5256 invenire.
2411 5201 2426 5263 Ι
2441 5201 2752 5256 Cousultum
2783 5205 2950 5258 voluit
2983 5221 3102 5261 esse
3131 5210 3214 5262 cui
3253 5209 3420 5263 dede-

1847 5281 1958 5332 rat,
2005 5271 2094 5346 ςιυί
2147 5285 2314 5346 usque
2353 5271 2430 5346 ad
2470 5287 2764 5346 regressum
2809 5289 2962 5346 suum
3013 5293 3227 5332 servare
3281 5277 3421 5346 quod

1849 5341 2184 5410 praestiterat,
2214 5341 2687 5412 imperabat.'Quid
2716 5359 2845 5415 ergo
2873 5345 3106 5402 facturus
3133 5358 3216 5404 est
3239 5341 3420 5414 homo,

1912 5490 2188 5562 [μοιιίηῶ
2225 5493 2272 5542 in
2307 5491 2536 5562 libro_de
2579 5496 2841 5547 Virtutibus
2867 5505 2920 5546 et
2959 5498 3102 5556 vitiis,
3129 5490 3322 5558 cap.'6,
3343 5495 3430 5560 qui

1849 5551 2078 5618 paciﬁcus
2100 5567 2203 5618 esse
2218 5555 2489 5606 comemm't.

1912 5615 1983 5682 (ᾳ)
2015 5615 2152 5674 olim,
2177 5616 2498 5682 derumpore
2525 5617 2638 5676 169;
2665 5626 2716 5668 et
2749 5627 2870 5682 post,
2895 5619 2941 5666 in
2960 5617 3228 5682 Appendtce
3251 5619 3328 5668 57.

1912 5677 2092 5743 (_b)_Est
2129 5677 2556 5743 Petricbrj'sologi
2590 5677 2762 5731 sermo'
2791 5677 3214 5743 quinquagesimus
3237 5684 3430 5742 tertius,

1849 5739 1936 5788 sed
1961 5739 2038 5789 hic
2057 5741 2229 5802 passim
2265 5739 2606 5803 interpolat'us,
2627 5754 2718 5803 seu
2750 5739 2912 5803 multis
2930 5739 3112 5803 audtior
3142 5739 3428 5803 sententiis;

1887 5813 1972 5850 uas
1994 5799 2366 5852 commonstrant
2381 5799 2580 5854 ansulae.
2595 5799 2772 5852 Confer
2795 5799 2974 5852 Alcuini
2995 5799 3248 5854 librumde
3283 5805 3416 5854 \‘irttt

1927 5875 1986 5912 us
2005 5871 2054 5915 et
2077 5863 2226 5924 vitiis,
2249 5876 2352 5928 cap.
2375 5865 2422 5912 6.
