4016 6446
199 390 231 445 1
244 390 369 448 873

197 517 347 560 trem
373 520 557 570 suum,
599 504 652 559 in
690 505 898 559 tenebris
924 516 994 560 est
1012 548 1026 568 ,
1064 515 1107 560 et
1137 506 1189 559 in
1225 505 1436 559 tenebris
1462 502 1688 559 ambulat
1709 546 1722 565 ,
1751 512 1800 558 et

201 576 377 630 nescit
405 591 502 645 quo
529 574 677 628 radat
691 591 711 641 ;
732 575 967 645 quoniam
994 577 1205 630 tenebrae
1228 576 1596 629 obctecaverunt
1631 576 1802 628 oculos

199 647 330 715 ejus
355 645 402 715 (l
430 644 587 698 Joan.
613 660 665 706 ιι,
696 644 751 711 9,
781 646 894 713 Η).
922 645 1223 700 Secundum
1251 646 1365 701 lucc
1390 660 1515 715 ergo
1538 659 1632 712 per
1654 644 1801 715 subi-

204 714 436 786 taneam
463 714 786 786 iracundiam
809 715 983 768 cordis
1003 718 1187 770 oculus
1210 714 1483 782 turbatur;
1508 731 1603 786 per
1622 714 1801 769 odium

203 785 401 840 lumen
428 785 700 839 charitatis
727 786 1097 849 exstinguitur.

288 856 345 911 3.
380 854 771 920 Recapitulatio.
810 854 1068 908 Iudicium
1112 857 1429 909 temerarium
1454 871 1552 908 non
1594 869 1802 922 parram

204 925 668 995 peccatumdirgo,
696 924 883 979 fratres
903 925 1223 990 charissimi,
1246 924 1470 994 capitula
1491 924 1640 977 vobis
1656 939 1803 995 qum-

204 994 342 1049 dam
372 1004 427 1050 et
455 994 682 1048 iudicula
703 1036 718 1060 ,
764 996 990 1063 qualiter
1016 999 1129 1051 iure
1152 995 1445 1063 intelligere
1484 1002 1538 1048 et
1561 994 1804 1061 accipere

206 1064 483 1130 debeatis,
517 1066 744 1119 insiimo.
775 1063 905 1118 Nam
938 1080 1031 1118 vos
1064 1066 1169 1118 Deo
1194 1065 1441 1134 propitio,
1470 1063 1660 1117 melius
1690 1066 1804 1116 ba-c

206 1150 415 1203 capere
442 1145 497 1190 et
516 1136 796 1189 observare
826 1138 1065 1205 potestis.
1101 1135 1167 1189 Ut
1198 1135 1309 1205 lucc
1336 1149 1452 1205 qua:
1480 1133 1623 1197 dixi,
1656 1144 1802 1205 tena;

206 1200 335 1260 eius
365 1206 555 1259 vestris
581 1200 1167 1266 eortlibus'inserantur,
1198 1200 1434 1257 breviter
1454 1213 1637 1273 repeto
1659 1200 1801 1273 quod

204 1275 481 1344 suggessi.
515 1274 569 1328 ln
603 1274 684 1327 his
710 1291 839 1345 ergo
865 1276 1043 1340 rebus,
1072 1276 1207 1345 sicut
1230 1273 1337 1341 jam
1370 1288 1530 1342 supra
1552 1274 1681 1345 dixi.
1707 1288 1800 1340 pe-

204 1346 453 1400 riculose
478 1346 607 1399 alios
627 1344 944 1413 jutlieamns.
972 1361 1091 1414 qua:
1117 1344 1332 1396 dubium
1361 1355 1440 1396 cst
1463 1353 1634 1396 utrmn
1662 1344 1804 1395 bona

206 1429 286 1470 an
326 1415 473 1468 malo
495 1416 671 1467 animo
700 1414 859 1476 fiant;
891 1416 940 1467 id
972 1425 1073 1476 est,
1099 1415 1364 1482 jejuuare,
1396 1414 1634 1482 vigilare,
1662 1414 1803 1466 elec—

207 1499 475 1556 mosynas
500 1485 673 1556 facere
698 1524 714 1549 ,
759 1501 788 1537 a
832 1486 957 1556 vino
990 1493 1042 1538 et
1080 1500 1108 1556 ιι
1148 1484 1397 1556 carnibus
1424 1484 1507 1537 vel
1532 1482 1801 1556 abstinuere

207 1556 308 1609 vel
338 1552 444 1608 non
475 1555 760 1620 abstinere,
785 1564 838 1608 et
860 1555 1057 1622 reliqua
1084 1554 1166 1607 his
1191 1554 1401 1617 similia,
1426 1569 1542 1622 qure
1573 1567 1668 1622 pro
1690 1552 1801 1605 Deo

212 1633 276 1679 et
306 1641 404 1694 pro
427 1624 653 1677 humana
680 1624 846 1693 gloria
871 1624 982 1677 fieri
1003 1632 1242 1693 possunt.
1270 1624 1333 1677 Et
1352 1625 1472 1694 quia
1496 1625 1801 1694 ignoramus

205 1692 324 1765 quo
351 1694 531 1765 animo
562 1692 707 1765 liaut,
732 1694 970 1765 judicare
1001 1692 1207 1765 penitus
1238 1708 1341 1765 non
1371 1692 1645 1747 debemus.
1670 1692 1804 1765 Pro-

206 1761 403 1834 pterea
431 1764 544 1834 lucc
569 1764 700 1817 dixit
729 1761 1015 1830 Dominus,
1031 1763 1206 1817 Nolite
1219 1764 1474 1834 judicare,
1502 1772 1555 1815 ut
1589 1778 1687 1834 non
1705 1761 1800 1830 ju-

207 1831 476 1888 dicemini.
523 1833 747 1903 Pmpter
788 1844 1025 1902 apertam
1070 1849 1198 1887 vero
1220 1831 1800 1903 ‘iniquimtemdietnm

207 1915 319 1966 est,
354 1906 538 1972 Argue.
571 1904 792 1965 obsecra,
827 1904 1051 1972 increpa,
1080 1919 1191 1956 cum
1216 1905 1351 1956 omni
1377 1902 1618 1971 patientia
1640 1910 1684 1953 et
1709 1902 1801 1953 do-

207 1964 384 2028 ctrina
405 1964 470 2043 (ll
498 1973 629 2043 Tim.
660 1989 731 2035 tv,
758 1973 835 2041 Ξ).
870 1975 933 2027 Et
960 1964 1085 2026 illud
1116 1973 1257 2042 quod
1280 1964 1389 2039 jam
1415 1988 1575 2042 supra
1592 1985 1799 2043 inemo-

208 2040 474 2112 ravimus,
493 2042 527 2096 J
532 2054 701 2097 ustum
717 2044 970 2113 judicium
985 2040 1229 2114 judicate.
1255 2043 1376 2096 “'JBC
1396 2040 1558 2106 enim,
1584 2040 1796 2106 fratres,

210 2116 261 2168 si
293 2115 579 2181 diligenter
600 2153 615 2177 ,
655 2114 792 2167 sicut
819 2114 1085 2168 credimus
1109 2153 1122 2175 ,
1168 2114 1507 2167 considerare
1528 2155 1541 2175 ,
1588 2120 1643 2165 et
1677 2125 1798 2164 cum

208 2185 407 2253 grandi
427 2182 803 2247 sollicitudine,
830 2184 938 2237 Deo
957 2183 1208 2248 donante,
1228 2184 1512 2237 observare
1532 2182 1795 2253 volumus,

214 2252 325 2307 non
353 2255 421 2309 de
459 2268 623 2323 parvo
654 2262 869 2322 peccato
898 2269 1018 2307 cum
1060 2254 1151 2307 Dei
1188 2252 1450 2323 adjutorio
1489 2252 1796 2323 liberamur.

211 2321 622 2394 Maxima'cnim
657 2321 781 2394 pars
810 2324 1019 2394 generis
1048 2323 1263 2376 humani
1293 2322 1578 2377 indiscrete
1599 2321 1799 2394 judicio

209 2394 282 2474 ad
310 2390 1417 2474 reprehendendtun'promptauetparata
1449 2407 1568 2474 esse
1604 2390 1799 2474 proba-

212 2472 332 2527 tur;
364 2478 482 2517 cutn
515 2472 687 2517 tamen
717 2468 819 2516 non
840 2463 916 2516 ita
944 2478 1003 2517 se
1028 2462 1154 2517 velit
1175 2464 1243 2517 ab
1266 2463 1382 2516 aliis
1400 2462 1645 2531 iudicari,
1668 2475 1801 2530 quo-

217 2534 386 2587 modo
417 2534 531 2588 vult
556 2534 687 2586 alios
726 2532 986 2601 judicare.
1030 2532 1253 2602 Propter
1284 2535 1383 2586 hoc
1403 2530 1685 2601 Scriptura
1711 2530 1795 2582 di-

213 2605 339 2657 vina
360 2603 630 2667 admonet,
662 2602 846 2657 dicens
877 2618 891 2654 :
929 2602 1229 2672 Priusquam
1258 2603 1552 2673 interroges,
1570 2617 1648 2673 ne
1672 2602 1801 2673 uitu-

216 2690 364 2744 pgres
403 2689 735 2744 quemquam;
767 2682 951 2744 etcum
982 2672 1404 2744 interrogaveris,
1444 2671 1640 2744 corripe
1662 2671 1800 2744 juste

215 2740 511 2816 (Eccliixl,
539 2742 612 2816 7)_.
649 2741 835 2797 Omnis
857 2741 1018 2797 homo
1033 2740 1191 2816 prius
1222 2742 1417 2816 se_vult
1442 2740 1796 2816 interrogari;

214 2810 271 2882 et
302 2821 485 2881 postea
505 2854 521 2878 ,
552 2810 597 2866 si
626 2827 748 2866 reus
773 2821 858 2867 est
881 2853 894 2872 .
939 2810 1203 2881 patienter
1231 2813 1422 2882 tolerat
1453 2810 1795 2882 reprehendi.

215 2881 287 2938 Et
304 2880 435 2951 quia
462 2897 649 2937 omnes
679 2883 780 2937 hoc
811 2880 965 2937 nobis
1009 2883 1254 2936 volumus
1280 2881 1349 2937 ab
1386 2880 1650 2936 aliis’tleri
1672 2922 1687 2943 ,
1711 2880 1799 2948 ju-

214 2964 358 3009 stum
387 2955 707 3034 est_ut_.hoc
744 2953 800 3034 in
845 2953 964 3006 aliis
1004 2952 1596 3034 Studeamusnimplere.
1647 2951 1801 3034 Prius

215 3037 340 3079 cum
386 3023 637 3091 patientia
683 3023 1092 3092 interrogemus,
1136 3032 1190 3077 ct
1233 3022 1443 3077 solliciti
1487 3022 1694 3092 simus;
1748 3028 1802 3092 et

215 3108 339 3148 cum
370 3090 565 3161 aliquid
608 3093 806 3148 certius
848 3090 1256 3161 agnoverimus,
1300 3104 1423 3146 tunc
1460 3100 1550 3145 aut
1587 3090 1633 3144 si
1663 3091 1800 3145 mala

215 3173 363 3227 sunt,
396 3162 791 3232 reprehendere
812 3204 827 3229 ,
857 3170 950 3216 aut
974 3164 1017 3216 si
1045 3162 1201 3228 bona,
1230 3162 1507 3217 defensare
1530 3161 1755 3216 velimus
1784 3177 1797 3214 :

217 3242 440 3303 prepter
480 3232 608 3303 illud
644 3232 785 3303 quod
826 3233 1083 3301 scriptum
1120 3241 1228 3299 est,
1262 3232 1446 3286 Omnia
1481 3246 1802 3303 qutecumqtte

215 3300 368 3357 cultis
397 3311 450 3355 ut
478 3300 675 3371 faciant
699 3302 835 3356 vobis
865 3300 1110 3370 homines,
1139 3312 1183 3357 et
1209 3318 1294 3356 vos
1323 3303 1473 3371 facite
1496 3300 1602 3355 illis
1626 3300 1803 3371 simili-

215 3383 311 3444 ter.
346 3370 566 3444 tltec’est
596 3374 731 3444 enim
763 3371 871 3444 Lex
898 3384 963 3444 etp
987 3373 1255 3444 PrOpheta:
1288 3370 1498 3441 (Matth.
1539 3387 1652 3437 vn,
1684 3370 1798 3444 12).

216 3443 283 3497 Et
311 3443 432 3497 ideo
459 3443 700 3498 conversi
725 3443 789 3497 ad
818 3442 1119 3509 Dominum,
1142 3444 1257 3509 ejus
1287 3444 1629 3510 imploremus
1651 3443 1801 3495 auxi-

214 3514 347 3567 lium
368 3555 383 3579 ,
426 3524 484 3567 ut
518 3514 632 3583 ipse
662 3513 811 3567 nobis
839 3522 893 3566 et
932 3529 1108 3568 veram
1140 3513 1513 3566 discretionem
1532 3519 1597 3583 et
1632 3512 1801 3579 perfe-

212 3593 355 3638 ctam
385 3581 694 3637 charitatem
738 3592 992 3651 praestare
1022 3598 1116 3652 pro
1149 3598 1243 3636 sua
1287 3583 1479 3649 pietate
1513 3581 1796 3650 dignetur;

211 3654 301 3707 cui
331 3662 414 3707 est
443 3654 610 3723 gloria
639 3660 693 3707 et
718 3653 995 3721 imperium
1026 3669 1144 3708 cum
1183 3653 1340 3708 Patre
1369 3661 1423 3707 et
1446 3652 1646 3722 Spiritu
1672 3665 1796 3706 san-

213 3733 306 3778 cto
334 3725 387 3777 in
417 3722 612 3778 szecula
638 3724 955 3778 surculorum
983 3724 1022 3776 ί.

721 3811 957 3884 δειιιιο
987 3811 1169 3867 van
1223 3811 1320 3884 (a).

216 3879 299 3936 De
327 3881 486 3936 verbis
512 3880 773 3952 Evangelii
803 3881 1055 3949 Matthazi,
1083 3900 1198 4006 enim.
1227 3879 1321 3943 vn,
1353 3882 1439 3942 13,
1472 3882 1538 3936 M
1558 3880 1799 3962 ,_lutrate

292 3967 386 4006 per
413 3962 687 4006 angustam
722 3961 946 4006 portam.
975 3963 1093 4006 etc..
1154 3968 1273 4006 eque
1304 3951 1499 4006 duabus
1526 3954 1636 4006 viis.
1656 3961 1799 4005 arcta

292 3967 386 4074 per;
413 3962 687 4074 ttingustam
721 3961 946 4021 portam,
975 3963 1093 4021 etc.,
1117 3951 1273 4023 deque
1304 3951 1499 4006 duabus
1526 3952 1636 4018 viis,
1656 3961 1800 4005 arcta

292 4032 336 4074 et
384 4038 414 4073 a
436 4038 488 4074 a.

290 4032 336 4075 et
365 4031 488 4074 lata.

292 4092 347 4146 1.
375 4089 610 4144 Liberum
629 4091 913 4147 arbitrium.
942 4092 1195 4158 Audistis,
1229 4093 1419 4148 fratres
1445 4090 1792 4156 dilectissimi,

220 4176 342 4218 cum
375 4161 718 4242 Evangelium
744 4162 1010 4233 legeretur
1030 4203 1047 4226 ,
1076 4164 1209 4242 duas
1238 4165 1516 4218 Dominum
1558 4176 1797 4242 contine-

221 4245 459 4303 morasse
493 4231 608 4303 vias
642 4249 656 4286 :
688 4231 848 4303 unam
894 4233 1231 4289 metuendam
1266 4242 1424 4303 atque
1464 4231 1752 4287 terribilem
1778 4273 1793 4297 ,

220 4302 442 4357 alteram
470 4301 802 4356 ambiendam
828 4310 884 4356 et
910 4303 1133 4357 multum
1159 4301 1563 4358 desiderabilem
1589 4318 1602 4363 ;
1639 4317 1795 4355 uuam

293 4388 319 4426 r
343 4387 500 4443 quam
529 4382 645 4442 post
666 4387 883 4442 parvum
912 4372 1147 4426 laborem
1169 4373 1296 4442 justi
1316 4374 1588 4443 eriguntur
1613 4372 1664 4443 in
1688 4386 1793 4425 etn-

252 4440 377 4507 um,
421 4440 781 4512 alteram'per
825 4457 981 4511 quam
1030 4452 1149 4511 post
1172 4440 1421 4498 'breveuf
1459 4440 1795 4512 dulcedinem

224 4520 488 4581 amatores
512 4508 702 4567 mundi
739 4508 1118 4581 pertrahuntur
1162 4515 1211 4567 in
1244 4524 1519 4567 tartarum.
1565 4508 1795 4575 Intrate,

228 4580 425 4651 inquit,
467 4598 556 4650 per
581 4580 845 4652 angustam
879 4592 1112 4649 portam;
1145 4584 1263 4650 quia
1290 4584 1394 4637 lata
1419 4592 1561 4651 porta
1584 4590 1640 4652 et
1680 4597 1799 4647 spa—

226 4650 353 4724 tiosa
381 4652 461 4704 uia
484 4661 576 4720 est,
615 4650 727 4724 quae
753 4652 889 4724 ducit
915 4652 983 4706 ad
1009 4653 1373 4724 perditionem;
1411 4650 1455 4707 et
1486 4650 1629 4704 multi
1652 4659 1793 4715 sunt,

226 4720 311 4790 qui
338 4722 524 4775 intrant
555 4720 643 4790 per
662 4739 792 4775 eam.
832 4720 1164 4790 Quam'arcta
1186 4765 1199 4783 ,
1231 4723 1428 4792 inquit,
1458 4732 1602 4791 porta
1628 4732 1672 4774 et
1699 4737 1795 4772 an-

228 4801 370 4872 gusta
395 4792 476 4845 via
498 4801 569 4846 est
588 4833 603 4854 .
630 4808 743 4897 quae
779 4792 915 4845 ducit
940 4793 1007 4845 ad
1032 4794 1181 4846 vitam
1206 4809 1223 4855 ;
1249 4791 1476 4863 et’pauci
1511 4801 1628 4845 sunt
1654 4829 1669 4853 ,
1712 4791 1799 4859 qui

229 4861 479 4897 ...ηρηεηυι
505 4877 611 4897 nam
688 4862 823 4897 ρρρη
907 4861 1091 4897 rm...“
1124 4862 1447 4897 ,ιςιηιηςεςςηις
1530 4861 1795 4897 “summa.

227 4861 479 4931 inveniunt
504 4861 656 4916 eam!
686 4862 823 4916 Ecce
847 4903 861 4923 ,
905 4861 1094 4916 fratres
1124 4861 1486 4929 dilectissimi,
1530 4861 1799 4931 proposuit

228 4929 362 5001 Deus
389 4931 441 4986 in
478 4942 763 5001 conspectu
794 4933 952 4985 totius
994 4934 1203 5001 generis
1244 4932 1502 4996 humani,
1534 4929 1674 5001 quid
1700 4929 1796 5001 de:

225 4999 440 5056 beamus
465 4999 679 5070 expiare
700 5042 717 5068 ,
744 5002 871 5071 quid
900 4999 1066 5056 vita—re
1086 5045 1099 5065 ,
1131 5003 1259 5073 quid
1294 4999 1602 5058 desiderare
1624 5042 1640 5067 ,
1670 5000 1797 5069 quid

290 5092 317 5161 ﬂ
504 5089 823 5142 conclusionis
844 5090 1194 5161 loco.atss.htec
1215 5093 1398 5163 habent
1421 5106 1433 5141 :
1462 5098 1515 5141 Et
1541 5088 1656 5154 quia
1676 5089 1802 5141 sicut

290 5165 318 5202 it
337 5165 382 5202 vi
445 5157 523 5202 us.
544 5151 707 5202 plures
724 5165 788 5202 ea:
810 5161 985 5202 nostris
1007 5154 1069 5202 de
1092 5154 1295 5202 ecclesia
1326 5166 1452 5202 nunc
1470 5154 1683 5202 absentes
1699 5166 1800 5202 esse

226 5150 318 5217 ipsi
337 5150 523 5207 videtis.
544 5151 707 5217 plures
724 5165 789 5217 ea;
810 5152 985 5204 nostris
1007 5154 1069 5204 de
1092 5152 1295 5217 ecclesia
1315 5166 1452 5217 nunc
1470 5150 1683 5217 absentes
1699 5166 1800 5217 esse

227 5211 456 5279 uidentur,
480 5222 526 5265 et
545 5211 654 5265 "illis
676 5213 1065 5279 qualemcumque
1088 5214 1462 5279 admonitionem
1480 5213 1531 5265 in
1552 5211 1700 5263 aliam
1720 5212 1800 5279 ba-_

227 5274 405 5339 edicam
428 5274 721 5339 reservemus
749 5288 766 5325 :
790 5282 835 5339 et
858 5274 1058 5339 forsitan
1080 5275 1348 5339 inspirata
1370 5276 1467 5339 illis
1506 5283 1634 5324 Deus
1656 5280 1707 5339 ut
1727 5274 1801 5339 vel

228 5335 291 5399 ibi
308 5348 393 5399 pro
414 5334 589 5399 anirnte
608 5349 710 5399 suae
730 5334 879 5387 salute
896 5334 1196 5398 conveniant;
1220 5337 1299 5387 cui
1321 5345 1389 5387 est
1409 5337 1558 5399 honor
1579 5335 1801 5399 etgloria

226 5397 278 5447 in
297 5396 471 5447 stecula
492 5397 792 5449 steculorum.
821 5412 981 5449 amen.
1006 5396 1216 5448 Forsitan
1242 5400 1416 5449 eodem
1439 5399 1520 5448 dle
1544 5398 1595 5447 in
1610 5396 1800 5448 duabus

227 5457 429 5522 basilicis
462 5461 801 5518 concionatus,
828 5462 876 5510 in
910 5463 1059 5522 prima
1094 5462 1325 5509 concione
1346 5474 1465 5509 usus
1486 5466 1565 5522 est
1603 5472 1662 5522 ea
1683 5472 1800 5508 cou-

225 5518 468 5630 glﬂgne,
500 5533 613 5584 quin
645 5528 808 5571 eXstat
872 5518 922 5571 iu
960 5524 1295 5585 manuscriptis
1352 5531 1405 5573 et
1454 5521 1607 5571 altera
1643 5521 1693 5570 iu
1714 5535 1796 5571 se-

227 5594 389 5632 annos.

290 5642 376 5705 (a)
409 5643 567 5693 Prodit
620 5657 747 5694 nunc
800 5645 1004 5706 primum
1041 5657 1103 5694 ex
1148 5652 1227 5695 MS.
1270 5643 1673 5706 'rheodericensi,
1718 5644 1799 5694 ubi

230 5706 483 5766 Augustino
507 5707 752 5761 tribuitur.
776 5706 864 5754 sed
888 5705 1020 5755 tabo.
1050 5707 1314 5756 Doctriuam
1339 5713 1390 5755 et
1411 5705 1572 5754 stilum
1593 5707 1797 5761 Ca'sarii,

230 5768 480 5828 cujussunt
516 5766 598 5838 alii
616 5780 767 5838 prope
790 5780 960 5838 omnes
994 5769 1169 5819 eodem
1193 5770 1348 5819 veteri
1387 5768 1550 5820 codice
1585 5769 1799 5819 contenti

232 5827 489 5892 scrutones,
518 5827 757 5879 exhibere
778 5827 981 5878 videtur.
1050 5850 1055 5855 ~

1617 387 1848 445 SERMO
1888 386 2095 445 ιχιίι.

3347 400 3483 458 Ml.

1908 502 2109 572 fugere,
2134 504 2258 573 quid
2280 503 2636 580 timeregquid
2659 508 2710 563 in
2737 516 2847 580 toto
2865 509 3029 566 corde
3057 508 3305 580 diligere;
3332 520 3386 566 et
3410 512 3485 567 si-

1909 583 1997 653 cut
2028 588 2120 653 per
2145 573 2458 653 prOphetam
2496 573 2610 646 ipse
2640 579 2956 653 przedixerat
2978 620 3004 653 ,ξ
3033 573 3176 653 ᾼηιὶ
3465 623 3479 646 ,

1910 645 2227 721 inquit-Leito
2253 654 2300 721 et
2328 661 2461 700 mors
2479 689 2494 711 ,
2521 645 2655 721 quod
2684 649 2944 721 placuerit,
2969 649 3174 703 dabitur
3190 651 3268 704 illi
3290 649 3482 721 (Eceli.

1910 726 2005 777 xv,
2038 714 2128 781 {8)
2152 730 2171 789 ξ
2200 724 2253 767 et
2284 716 2493 789 iterum,
2523 714 2654 789 Ecce
2679 714 2831 771 habes
2856 721 3023 787 ignem
3047 729 3091 773 et
3117 714 3323 789 aquam,
3352 737 3486 774 mor-

1911 791 2007 861 tem
2032 792 2078 836 et
2116 783 2303 849 vitam;
2332 786 2457 861 elige
2497 788 2648 861 vitam
2666 829 2686 861 ,Α
2723 798 2776 842 ut
2804 783 2939 861 viras
2968 788 3143 861 (Deut.
3160 783 3317 853 'xxx,
3368 792 3482 861 i9).

1912 852 2020 925 lloc
2050 861 2213 925 totum
2242 855 2382 924 quod
2397 852 2562 925 supra
2584 858 2832 921 diximus.
2859 859 2910 912 id
2936 852 3035 923 est,
3060 860 3258 914 bonum
3287 852 3338 915 et
3366 852 3482 915 uui-

1911 922 2040 999 lum,
2070 922 2120 999 in
2153 922 2272 999 istis
2286 922 2500 999 duabus
2521 928 2823 982 continetur
2846 929 2979 999 viis:
3002 930 3318 997 Proponitur
3337 931 3482 999 enim

1909 993 2061 1067 nobis
2089 993 2152 1067 in
2180 995 2257 1067 eis
2286 993 2549 1050 infernum
2584 1005 2638 1051 et
2665 1013 2884 1067 regnum
2902 1039 2915 1062 ,
2940 993 3184 1053 Christus
3210 1008 3265 1053 et
3294 995 3481 1055 diabo-

1910 1064 2020 1121 lus.
2053 1064 2276 1138 altitudo
2301 1076 2353 1118 et
2386 1064 2852 1134 profundumeei
2880 1070 3019 1121 enim
3052 1084 3146 1138 per
3172 1072 3395 1138 gratiam
3423 1071 3478 1124 in

1910 1139 2166 1209 potestate
2197 1133 2352 1209 habet
2385 1133 2744 1206 anusluisque
2769 1138 2894 1207 quid
2930 1133 3133 1209 diligat,
3161 1133 3217 1193 et
3242 1139 3309 1194 ad
3338 1140 3480 1209 quod

1908 1202 2161 1271 placuerit
2189 1205 2418 1271 porrigat
2449 1202 2683 1260 manum.
2786 1202 2803 1207 “
3027 1202 3052 1209 ⁷
3120 1202 3129 1206 ⁷
3355 1202 3370 1209 ’
3484 1210 3493 1217 ’

1942 1340 1954 1351 ι
1975 1271 2027 1323 2.
2068 1269 2175 1324 Vite
2196 1269 2350 1351 arcta)
2372 1274 2618 1351 Christus,
2644 1276 3296 1351 latteprreest_diabolus_._i1
3302 1288 3478 1345 traque

1907 1343 1987 1393 via
2012 1357 2112 1393 non
2138 1343 2325 1401 carnis.
2347 1343 2434 1397 sed
2455 1346 2619 1417 cordis
2644 1343 2803 1400 oculis
2825 1347 3173 1417 dijudicanda.
3203 1348 3311 1401 Via:
3335 1343 3477 1402 enim

1906 1420 2068 1485 arcta:
2095 1419 2149 1465 et
2171 1423 2411 1485 augustm
2433 1416 2679 1485 praesidet
2702 1416 2943 1471 Christus
2975 1434 2988 1470 :
3023 1419 3118 1470 via:
3141 1418 3261 1471 latro
3282 1429 3333 1471 et
3360 1434 3480 1485 Spa-

1908 1482 2056 1556 tiosa:
2095 1491 2287 1556 prmest
2311 1483 2572 1556 diabolus.
2614 1482 2855 1539 Christus
2899 1486 3085 1540 invitat
3122 1487 3187 1540 ad
3228 1482 3478 1556 regnum;

1906 1549 1995 1604 ille
2041 1550 2288 1606 sollicitat
2327 1552 2394 1605 ad
2425 1554 2692 1609 infernum
2725 1574 2738 1608 :
2768 1557 2855 1609 illc
2900 1556 3041 1611 levat
3076 1558 3130 1610 in
3155 1549 3348 1619 altum;
3392 1549 3483 1612 ille

1905 1619 2156 1699 deprimit
2180 1622 2231 1676 in
2269 1622 2605 1699 profundnm.
2636 1626 2887 1680 Diabolus
2904 1634 3144 1699 ostentat
3169 1628 3328 1699 falsas
3352 1626 3481 1699 7an-

1904 1690 2137 1770 cedines,
2168 1700 2226 1770 ut
2256 1694 2430 1747 trahat
2453 1693 2519 1747 ad
2551 1712 2726 1770 verum
2752 1696 3156 1770 amaritudinem
3191 1714 3205 1749 :
3239 1696 3482 1770 Christus

1905 1760 2091 1835 invitat
2117 1760 2189 1835 ad
2213 1761 2426 1835 brevem
2458 1766 2800 1835 asperitatem
2825 1805 2840 1828 ,
2885 1775 2942 1819 ut
2981 1766 3234 1835 perducat
3260 1767 3325 1819 ad
3356 1767 3473 1820 lon-

1903 1843 2022 1909 gain
2052 1830 2452 1909 beatitudinem.
2477 1833 2534 1887 Si
2556 1834 2729 1909 solum
2752 1835 2935 1909 oculus
2960 1830 3198 1909 corporis
3220 1837 3474 1909 aperitur,

1903 1898 2101 1971 decipit
2129 1916 2227 1955 nos
2255 1902 2358 1955 lata
2387 1912 2441 1956 et
2469 1904 2699 1971 Spatiosa
2735 1922 2748 1958 :
2777 1904 2822 1957 si
2852 1921 2977 1960 vero
3006 1898 3172 1959 oculis
3201 1898 3378 1961 cordis
3402 1916 3485 1969 at:

1906 1969 2202 2044 tendimus,
2227 1985 2443 2025 securus
2470 1969 2567 2026 nos
2590 1974 2765 2028 reddit
2789 1974 2919 2029 dura
2945 1984 2999 2030 et
3027 1990 3234 2044 aspera.

1975 2040 2027 2094 5.
2046 2038 2299 2114 Christus
2326 2051 2372 2093 rt
2400 2044 2820 2114 peregrinantium
2846 2045 2926 2097 via
2944 2086 2958 2108 ,
2986 2053 3033 2097 et
3058 2038 3363 2114 rfngelorum
3390 2063 3480 2112 ραι

1904 2109 2020 2189 tria.
2046 2109 2275 2164 Invicem
2305 2127 2432 2181 ergo
2462 2109 2579 2177 nos,
2594 2113 2908 2189 .charissimi
2925 2155 2939 2177 ,
2955 2109 3369 2189 admoneamus,
3390 2109 3484 2168 in-

1904 2182 2073 2253 vicem
2104 2195 2201 2253 nos
2239 2194 2359 2234 cum
2400 2197 2522 2235 vera
2559 2182 2817 2237 charitate
2856 2184 3053 2253 jugiter
3093 2185 3391 2244 invitemus.
3425 2195 3484 2239 ut

1903 2249 2072 2313 magis
2109 2249 2323 2303 brevem
2368 2261 2422 2304 et
2460 2265 2736 2323 angustam
2770 2249 3059 2308 debeamus
3092 2255 3289 2323 eligere
3318 2256 3479 2315 viam.

1903 2332 2001 2393 per
2026 2333 2185 2393 quam
2216 2335 2519 2393 mereamur
2553 2322 2620 2375 ad
2659 2322 3250 2393 paradisilatitudinem
3293 2340 3484 2393 pervc-

1904 2388 2037 2441 nire.
2072 2389 2215 2461 Illam
2247 2405 2374 2443 vero
2410 2391 2577 2455 viam,
2607 2388 2725 2461 quae
2754 2402 2873 2461 post
2900 2392 3113 2448 brevem
3154 2388 3481 2448 latitudinem

1903 2459 2179 2512 consuevit
2214 2467 2483 2514 amatores
2508 2459 2639 2515 suos
2675 2462 2726 2515 in
2756 2459 2953 2517 inferni
2986 2460 3242 2530 profunda
3270 2465 3480 2517 demer-

1902 2542 2046 2596 gere,
2080 2534 2333 2597 quautum
2379 2544 2682 2599 possumus,
2724 2533 2833 2585 Deo
2877 2533 3183 2598 auxiliante,
3222 2533 3483 2588 debemus

1905 2599 2187 2672 repudiare
2206 2608 2754 2672 atquecontcmnere.
2774 2600 3029 2672 Sinamus
3057 2618 3185 2672 ergo
3212 2604 3483 2659 sinistram

1902 2668 2040 2721 viam
2059 2708 2082 2742 ,_
2103 2667 2255 2737 cujus
2282 2667 2415 2724 linis
2453 2669 2741 2742 introducit
2772 2671 2825 2725 in
2853 2667 3179 2740 gehennam;
3204 2683 3260 2728 et
3286 2688 3482 2742 sequa-

1904 2752 2025 2809 mur
2051 2737 2348 2803 dexteram,
2368 2754 2497 2809 qua:
2524 2738 2592 2794 ad
2621 2741 2782 2795 vitam
2812 2737 2960 2796 ducit
2986 2751 3261 2798 mternam.
3290 2737 3378 2797 Ad'
3412 2744 3481 2798 il-

1906 2807 2012 2880 lum
2045 2809 2322 2880 pervenire
2346 2807 2623 2880 debemus,
2652 2810 2742 2880 qui
2768 2820 2852 2865 est
2876 2811 2978 2878 via,
3009 2822 3056 2867 et
3085 2814 3205 2879 vita,
3231 2825 3276 2866 et
3302 2815 3484 2869 veritas

1904 2876 2082 2955 (Joan.
2115 2894 2224 2943 xiv,
2257 2878 2333 2949 6).
2364 2878 2472 2934 Nec
2502 2876 2718 2955 mirum.
2749 2882 2795 2936 si
2822 2876 3068 2955 ad_ill_um
3098 2876 3323 2955 ﬁdeliter
3359 2900 3484 2955 per-

1902 2948 2166 3024 venimus,
2189 2948 2301 3024 per
2339 2964 2497 3024 quem
2539 2950 2763 3024 ﬁdeliter
2802 2952 3153 3007 ambulamus.
3191 2953 3323 3007 Nam
3359 2948 3485 3024 quia

1902 3015 2126 3091 ipoeAcst
2153 3019 2256 3081 via,
2286 3015 2379 3088 per
2410 3020 2581 3088 ipsum
2618 3021 2881 3091 currimus
2906 3039 2920 3074 :
2944 3024 3066 3091 quia
3095 3038 3223 3078 vero
3251 3015 3484 3091 ipse-est

1904 3086 2106 3160 patria,
2137 3086 2524 3160 consummato
2570 3104 2733 3160 cursu
2780 3090 2847 3145 ad
2898 3086 3068 3160 ipsum
3119 3086 3479 3160 pervenimus.

1902 3156 2035 3232 Cum
2060 3158 2205 3232 enim
2237 3159 2527 3232 secundum
2548 3159 2877 3232 divinitatem
2905 3156 2974 3217 sit
2997 3156 3207 3231 requies
3233 3173 3285 3217 et
3316 3164 3483 3232 patria

1902 3228 2250 3301 Angelorum,
2275 3229 2566 3301 secundum
2589 3230 2968 3287 humanitatem
2994 3228 3162 3287 {actus
3187 3242 3270 3287 est
3287 3228 3371 3286 via
3394 3250 3485 3301 pe-

1903 3298 2309 3371 regrinantium.
2332 3298 2465 3371 Quia
2504 3309 2587 3354 est
2625 3302 2836 3371 requies
2872 3311 2927 3356 et
2969 3303 3132 3371 patria
3161 3298 3482 3371 Angelorum

1901 3368 1990 3440 vel
2022 3368 2268 3440 (omnium
2315 3370 2580 3440 fidelium,
2621 3368 2986 3440 In'principio
3028 3382 3134 3426 erat
3177 3368 3410 3437 Verbum,
3437 3383 3486 3426 et

1914 3434 2129 3511 Verbum
2167 3446 2271 3492 erat
2312 3440 2451 3508 apud
2481 3434 2749 3511 Deunt._et
2769 3434 2922 3511 (Deus
2949 3452 3054 3495 erat
3084 3441 3299 3496 Verbum
3320 3460 3338 3497 :
3361 3434 3482 3511 quia

1902 3515 1991 3582 est
2010 3508 2122 3582 _via_
2147 3510 2635 3582 peregrinantium,
2663 3508 2876 3582 Verbum
2916 3527 3035 3565 caro
3077 3514 3269 3582 factum
3309 3508 3401 3576 est,
3433 3523 3482 3567 et

1904 3576 2153 3650 habitagit
2172 3576 2390 3650 intrabis
2410 3579 2520 3650 (Id.
2544 3595 2583 3644 ι,
2617 3580 2667 3645 ι,
2698 3581 2810 3650 ιι).

1972 3647 2027 3700 4.
2066 3645 2372 3715 Beneﬁcium
2419 3645 2797 3719 redemptionis.
2847 3648 3071 3714 Quando
3118 3650 3185 3705 de
3236 3650 3479 3719 paradiso

1903 3725 2023 3798 post
2045 3725 2315 3798 peccatum
2337 3719 2495 3798 primi
2523 3718 2752 3773 hominis
2780 3719 3005 3798 in‘hunc
3028 3720 3305 3785 mundum,
3330 3719 3479 3798 qnasi

1903 3787 1957 3839 in
2000 3787 2298 3858 convallem
2346 3787 2698 3858 lacrymarum
2743 3789 2961 3858 projecti
3004 3804 3208 3853 sumus,
3249 3800 3304 3844 et
3342 3791 3479 3843 viam

1902 3856 2233 3927 perdidimus
2260 3857 2416 3911 simul
2444 3856 2497 3912 et
2528 3856 2774 3927 patriam,
2815 3856 3203 3914 ambulavimus
3243 3861 3482 3914 solitudi-

1903 3925 2306 4001 ncsdillliciles;
2335 3927 2472 3982 viam
2501 3925 2677 4001 autem
2707 3929 2914 4001 Domini
2941 3928 3298 4001 ignoravimus
3323 3929 3480 4001 (Sep.

1901 3994 2057 4068 v.7).
2086 3995 2192 4050 Sed
2234 3997 2349 4065 pius
2387 4005 2441 4051 et
2480 3998 2785 4068 miscricdrs
2813 4014 2903 4053 rex
2944 3994 3125 4068 [iuriae
3153 3994 3351 4054 nostras
3375 3994 3479 4055 non

1902 4066 2073 4137 solum
2098 4081 2282 4121 servos
2312 4082 2436 4121 suos
2458 4068 2526 4122 ad
2553 4082 2649 4121 nos
2679 4066 2984 4137 frequenter
3006 4070 3207 4123 studuit
3231 4071 3477 4135 mittere;

1901 4136 1995 4189 sed
2023 4137 2184 4191 etiam
2213 4136 2458 4205 dignatus
2484 4146 2568 4208 est
2596 4138 2707 4206 ipse
2736 4136 3080 4199 descendere.
3110 4151 3164 4193 et
3191 4140 3351 4205 viam,
3386 4156 3481 4208 per

1900 4220 2056 4277 quam
2086 4217 2477 4261 reverteremur
2501 4207 2567 4261 ad
2598 4208 2841 4275 patriam,
2870 4223 3191 4277 prtcparare.
3219 4209 3264 4262 0
3293 4207 3477 4271 homo,

1900 4277 1944 4328 si
1978 4276 2123 4343 piger
2150 4290 2300 4342 eras,
2334 4285 2389 4330 ut
2430 4291 2696 4345 qumrcres
2728 4277 2895 4343 viam;
2926 4278 3036 4343 ipsa
3068 4287 3119 4332 te
3144 4278 3222 4331 via
3262 4278 3477 4346 dignata

1900 4355 1983 4398 est
2006 4361 2246 4416 quaerere
2270 4364 2283 4400 :
2310 4346 2354 4398 si
2384 4347 2528 4415 piger
2556 4362 2673 4400 eras
2702 4347 2877 4402 venire
2901 4347 2967 4401 ad
2994 4348 3131 4401 viam
3154 4364 3167 4410 ;
3198 4348 3307 4416 ipsa
3333 4349 3399 4401 ad
3427 4359 3479 4402 te

1905 4416 1987 4468 via
2010 4416 2172 4469 venit.
2197 4415 2366 4486 Surge
2393 4427 2445 4470 et
2467 4416 2708 4479 ambula;
2735 4417 2855 4483 fuge
2870 4416 3009 4471 viam
3037 4415 3229 4472 sa-culi
3247 4419 3402 4471 latam
3424 4429 3479 4470 et

1900 4486 2207 4553 spatiosum,
2234 4501 2350 4555 qua:
2380 4494 2430 4539 te
2451 4486 2518 4540 ad
2546 4495 2754 4553 tempus
2775 4487 3022 4551 delectat,
3055 4497 3103 4540 ct
3137 4489 3187 4539 in
3219 4497 3473 4539 aiternntu

1900 4555 2134 4609 cruciat:
2164 4571 2321 4609 curre
2360 4571 2455 4625 per
2495 4557 2630 4610 viam
2667 4556 2885 4619 Christi,
2930 4558 2980 4609 in
3020 4573 3123 4625 qua
3166 4558 3476 4625 parvissimo

1902 4633 2140 4749 lemgoge
2184 4625 2466 4693 laborabis,
2502 4634 2557 4680 et
2594 4635 2774 4695 postea
2808 4642 2931 4681 cum
2960 4626 3176 4696 Angelis
3213 4627 3330 4680 sine
3372 4628 3477 4680 line

1902 4709 1997 4749 aau
2040 4712 2068 4749 e
2110 4710 2171 4749 IS.

1935 4696 2171 4749 audebis.

1900 4710 2180 4819 “Elegit;
2210 4765 2356 4832 pedes
2384 4764 2452 4817 ad
2480 4765 2778 4817 currendum
2808 4766 2859 4818 in
2898 4766 2976 4817 via
3006 4763 3225 4827 Christi,
3256 4763 3475 4817 charitas

1901 4833 2111 4903 duplex.
2145 4834 2301 4889 Forte
2325 4835 2476 4894 dicis.
2499 4835 2604 4888 Per
2630 4834 2768 4888 viam
2788 4833 2986 4888 Christi
3013 4834 3277 4903 quomodo
3301 4835 3473 4889 debeo

1902 4904 2157 4958 currere?
2185 4904 2240 4957 Si
2282 4904 2469 4957 ambos
2498 4904 2660 4973 pedes
2696 4919 2854 4958 sanos
2894 4903 3074 4967 habes,
3111 4904 3331 4958 feliciter
3357 4919 3477 4959 cur-

1902 4990 2007 5053 res.
2032 4973 2136 5053 Ωιιί
2166 4981 2288 5053 sunt
2325 4974 2410 5027 isti
2446 4973 2558 5053 duo.
2580 4973 2775 5053 pedes?
2794 4973 2851 5027 Si
2884 4973 3059 5042 diligis
3087 4973 3391 5053 Dominum,
3422 4985 3478 5029 et

1903 5043 2075 5109 diligis
2103 5046 2419 5109 proximum.
2449 5042 2514 5097 I‘n
2539 5042 2615 5113 his
2642 5042 2836 5097 duobus
2864 5045 3146 5113 praeceptis,
3169 5044 3307 5098 sicut
3332 5046 3478 5113 Apo~

1903 5115 2069 5167 stolns
2098 5114 2245 5186 dicit,
2275 5114 2506 5186 uniuersa
2530 5112 2858 5186 Lexpendet,
2889 5111 3235 5186 etDPrOpheta:
3262 5111 3472 5186 (Matth.

1903 5199 2035 5249 xxn,
2062 5184 2247 5250 57-40,
2278 5195 2322 5238 et
2352 5182 2519 5237 Galat.
2552 5199 2602 5247 v,
2637 5184 2746 5251 ιιι).
2783 5182 2838 5237 Si
2876 5183 3050 5254 diligis
3072 5182 3393 5247 Dominum,
3425 5194 3479 5238 et

1905 5270 2007 5325 non
2034 5256 2208 5324 diligis
2237 5254 2569 5324 proxinmm;
2598 5254 3152 5325 unumtantummodo
3176 5255 3362 5325 pedem
3386 5255 3479 5307 ha-

1906 5324 2017 5389 bes,
2049 5322 2152 5378 uoti
2190 5322 2339 5393 potes
2377 5339 2592 5378 currere
2625 5342 2636 5377 :
2668 5323 2713 5377 si
2738 5322 2915 5394 diligis
2943 5322 3262 5394 proximum,
3289 5333 3341 5377 ct
3370 5339 3477 5377 non

1904 5394 2077 5465 diligis
2101 5395 2408 5465 Dominum;
2430 5394 2649 5450 claudus
2672 5403 2725 5448 et
2751 5394 2950 5450 inutilis
2970 5394 3289 5465 remansisti.
3312 5394 3485 5465 Curre

1904 5462 2031 5534 ergo
2072 5481 2164 5532 per
2198 5466 2334 5517 viam
2375 5464 2568 5519 Christi
2596 5482 2608 5517 :
2640 5466 2750 5533 ipsa
2779 5473 2862 5520 est
2888 5466 3031 5520 enim
3061 5466 3161 5518 via.
3192 5464 3291 5518 Per
3321 5462 3475 5534 istam

1905 5531 2043 5589 viam
2065 5531 2363 5589 dilectionis
2383 5534 2542 5589 etiam
2568 5531 2680 5602 ipse
2704 5534 2961 5589 Dominus
2986 5535 3040 5589 in
3064 5548 3221 5587 cruce
3243 5531 3478 5602 pendens

1908 5606 2159 5664 cucurrit.
2191 5606 2401 5675 quando
2437 5619 2534 5675 pro
2552 5600 2775 5659 inimicis
2802 5605 2999 5669 oravit,
3027 5602 3221 5675 dicens
3247 5619 3260 5653 :
3293 5600 3468 5675 Pater.

1906 5676 2097 5729 dimitte
2119 5671 2255 5739 illis;
2278 5677 2397 5744 quia
2418 5671 2641 5728 tiesciunt
2660 5674 2780 5743 quid
2806 5675 2994 5744 faciunt
3016 5671 3162 5740 (Luc.
3181 5687 3336 5744 Δχχιιι,

1907 5747 2007 5799 Per
2046 5745 2200 5800 istam
2243 5741 2379 5800 viam
2426 5745 2583 5799 etiam
2636 5741 2819 5798 beatus
2855 5742 3151 5810 Stephanus
3180 5741 3248 5794 ita
3280 5741 3476 5795 studuit

1881 5814 2127 5873 -viriliter
2143 5832 2377 5886 currere,
2397 5826 2451 5872 ut
2468 5818 2657 5872 coelum
2679 5822 2940 5883 apertum,
2964 5820 3019 5868 ct
3036 5810 3304 5867 Christum
3327 5811 3475 5881 quasi
3504 5860 3511 5865 .
