3982 6522
517 397 642 452 .“l

484 463 622 520 1875

483 578 536 632 in
575 591 852 632 occursum
891 590 1042 628 suum
1073 574 1154 629 vel
1192 573 1510 643 adjutorium
1544 581 1788 636 stantem,
1817 587 2053 626 merere-

485 657 570 700 tur
593 648 829 713 aspicere
854 645 987 715 (Act.
1017 661 1107 708 vn,
1137 643 1248 715 55).

553 717 608 770 6.
653 710 926 770 Humilitas
962 715 1026 768 sit
1065 714 1326 766 cltaritatis
1360 729 1544 766 comes.
1567 711 1672 766 Sed
1698 712 1818 780 qttia
1849 710 2060 763 humili-

485 797 566 841 ter
583 786 745 839 debes
769 801 1005 848 currere,
1030 785 1073 838 si
1100 784 1178 838 vis
1205 784 1452 838 celeriter
1476 783 1772 850 pervenire,
1796 781 1915 834 vide
1937 783 2058 848 quia

479 857 533 909 in
579 856 746 916 illum,
776 863 829 909 et
859 870 955 923 per
983 855 1149 918 illum,
1187 861 1241 907 et
1274 854 1338 906 ad
1371 853 1516 906 illum
1545 854 1732 908 curris.
1761 851 1852 923 _qui
1879 851 2012 923 dixit
2042 868 2055 904 :

479 923 670 978 Discite
699 942 728 976 (ι
759 942 836 978 me
860 921 979 992 quia
1009 925 1142 976 mitis
1180 941 1291 977 sum
1325 933 1370 976 et
1410 923 1611 976 Immitis
1648 921 1797 974 corde
1831 921 2057 992 (Matth.

481 1012 553 1057 XI,
580 995 693 1064 ‘29).
721 991 984 1063 Quidquid
1027 994 1147 1047 boni
1197 994 1394 1060 Opt‘rlS,
1433 995 1544 1046 sive
1583 993 1635 1045 in
1681 991 2059 1064 eglgeemosy-uis.

479 1066 592 1118 sive
623 1061 672 1118 in
695 1061 929 1133 ieiuniis.
958 1064 1070 1118 sive
1095 1064 1146 1116 in
1172 1065 1501 1117 orationibus
1529 1064 1635 1116 Deo
1663 1061 1853 1133 otl‘erre
1881 1061 2061 1133 volue-

481 1135 576 1201 ris,
601 1130 764 1188 totum
789 1133 984 1203 perdis,
1009 1134 1054 1188 si
1075 1149 1194 1188 eum
1219 1150 1337 1188 vera
1367 1133 1624 1186 cliaritate
1643 1132 1791 1203 _mitis
1817 1139 1870 1185 et
1891 1130 2062 1203 Immi-

481 1199 738 1258 lisicorde
767 1199 886 1259 esse
915 1203 1166 1257 nolueris.
1197 1203 1264 1257 Et
1303 1203 1422 1256 ideo
1465 1203 1599 1256 sicut
1635 1201 1743 1270 jam
1790 1199 2057 1268 suggessi,

477 1275 848 1349 inter_reliqua
880 1289 1042 1340 opera
1082 1274 1264 1349 bona,
1293 1270 2060 1349 lutmilitateni_et_t-haritatem

481 1341 976 1412 praecipue'tenere
1021 1343 1323 1397 contendite
1356 1361 1368 1396 :
1401 1353 1455 1394 ιιι
1485 1342 1597 1412 istis
1618 1341 1834 1412 duobus
1861 1341 2064 1394 sanctis

481 1411 536 1466 et
577 1413 940 1481 Spiritualibus
983 1414 1205 1481 pedibus
1241 1413 1458 1481 possitis
1491 1411 1716 1465 tideliter
1742 1424 1977 1481 currere,
2008 1419 2062 1461 et

481 1483 548 1536 ad
591 1480 846 1537 teternam
905 1480 1284 1536 beatitudinem
1337 1482 1562 1536 feliciter
1610 1480 1922 1547 pervenire;
1971 1493 2063 1545 per

479 1567 602 1607 eum
629 1555 720 1622 qui
749 1555 874 1608 vivit
897 1563 950 1606 et
980 1561 1166 1622 regnat
1199 1553 1250 1606 in
1283 1553 1475 1606 s:ecula
1502 1551 1839 1604 saeculorum.
1871 1551 2058 1602 Amen.

979 1641 1206 1698 SERMO
1243 1640 1568 1708 LXVllHa).
1957 1685 1978 1707 ,

485 1711 561 1766 De
597 1712 785 1767 eisdem
822 1713 980 1768 verbis
1013 1712 1278 1781 Evangelii
1317 1711 1567 1775 Matthm‘,
1597 1727 1709 1778 cap.
1735 1725 1822 1773 vn,
1857 1709 1941 1772 15,
1973 1709 2059 1770 Η,

861 1783 988 1837 Lata
1018 1792 1072 1837 et-
1095 1783 1324 1850 spatiosa
1355 1789 1438 1835 est
1463 1782 1566 1845 via,
1589 1789 1682 1832 etc.

542 1870 826 1934 (Admonitio
847 1872 936 1920 ista
955 1874 1170 1934 continet
1191 1869 1399 1934 qualiter
1425 1882 1513 1934 per
1539 1875 1790 1934 peccatum
1813 1869 1950 1934 primi
1973 1869 2062 1916 bo-

480 1931 622 1982 miitis
642 1933 706 1981 de
729 1934 946 1994 paradiso
965 1935 1018 1982 in
1039 1931 1280 1981 infernum
1300 1931 1464 1979 mundi
1487 1931 1632 1990 hujus
1655 1931 1852 1991 projecti
1877 1943 2062 1988 sumus,

477 2002 532 2041 ut
551 1994 612 2042 ad
630 1995 908 2044 inferiorem
939 1994 1177 2042 infernum
1201 2005 1296 2041 non
1317 2005 1592 2040 mereamur
1615 2001 1920 2051 peccatorum
1943 2003 2063 2051 pon-

477 2004 532 2041 ut
551 2004 612 2042 aa
630 2004 908 2044 interiorem
939 2004 1177 2042 internum
1201 2005 1296 2041 non
1317 2005 1592 2040 mereamur
1615 2004 1920 2051 peccatorum
1923 2004 2063 2100 (pon-

475 2059 599 2102 dere
623 2056 814 2113 venire,
836 2055 924 2103 sed
945 2057 1086 2104 bonis
1114 2055 1343 2116 operibus
1367 2051 1500 2116 velut
1521 2052 1804 2116 quibusdam
1836 2063 1922 2112 gra
1957 2053 2064 2100 ibus

477 2116 536 2163 ad
553 2118 858 2179 superiorem
880 2129 936 2179 ac
967 2113 1281 2179 principalem
1317 2115 1517 2176 patriam
1538 2113 1667 2162 totis
1703 2113 1885 2162 viribus
1919 2125 2064 2161 eone-

477 2189 586 2224 mur
607 2177 916 2236 ascendere.)

555 2261 603 2310 Ι.
645 2259 846 2330 Inferni
873 2260 991 2313 duo.
1021 2259 1197 2330 Adam,
1215 2269 1326 2326 post
1355 2257 1555 2327 lapsum
1583 2259 1710 2330 inter
1763 2257 2058 2330 paradisum

479 2340 526 2381 et
555 2327 810 2400 infernum
839 2331 1154 2401 inferiorem.
1177 2329 1538 2401 Scio,_fra_tres
1565 2327 1887 2401 Cllat‘lSSl‘llti,
1919 2327 2062 2395 quod

481 2416 586 2452 non
610 2396 784 2469 possit
811 2396 1054 2470 ignorare
1077 2409 1258 2453 sancta
1278 2399 1529 2470 Charitas
1545 2407 1739 2470 vestra,
1769 2396 1937 2470 Adam
1967 2413 2060 2464 pa—

480 2467 630 2523 trem
662 2467 898 2523 nostrum
943 2471 1080 2524 inter
1109 2470 1336 2538 paradisi
1378 2469 1596 2538 delicias
1635 2467 1796 2520 fuisse
1826 2467 2062 2520 colloca-

479 2550 626 2603 tum;
657 2541 772 2604 sed,
819 2537 1173 2608 persuadente
1216 2538 1447 2600 diabolo,
1491 2537 1582 2590 Dei
1633 2547 1889 2608 prajcepta
1935 2551 2064 2608 conf

411 2657 423 2664 .
481 2611 746 2664 temnens1
775 2606 834 2663 i-n'.
857 2610 1008 2664 istius
1035 2608 1212 2662 mundi
1244 2609 1507 2672 miserias,
1531 2608 1676 2661 velut
1700 2606 1766 2660 de
1797 2607 2060 2674 superiori

479 2679 600 2733 loco
627 2679 694 2732 ad
725 2679 1052 2742 inferiorem,
1087 2677 1252 2732 fuisse
1286 2677 1571 2744 dejectum.
1601 2676 1901 2746 Supernum
1935 2692 2062 2746 ergo

479 2757 564 2802 est
603 2749 898 2816 paradisus,
927 2748 1190 2803 infernum
1215 2756 1299 2802 est
1325 2749 1409 2800 bic
1438 2745 1689 2800 mundus.
1711 2747 1866 2799 Aliud
1896 2745 2060 2799 infer-

479 2833 608 2872 num
638 2827 740 2882 est,
765 2819 818 2872 in
845 2834 952 2888 quo
981 2827 1100 2888 post
1129 2827 1352 2872 mortem
1383 2826 1690 2888 peceatores
1715 2825 1769 2870 et
1796 2817 1940 2888 impii
1963 2816 2062 2888 _de-

481 2897 810 2958 merguntur.
835 2885 965 2942 Nam
981 2885 1136 2958 quod
1161 2888 1266 2942 duo
1291 2885 1416 2958 sunt
1439 2886 1653 2958 inferni,
1675 2885 1931 2958 propheta
1961 2885 2062 2941 hoc

484 2956 759 3013 evidenter
785 2956 1026 3013 ostendit
1045 2960 1227 3012 dicens
1247 2977 1260 3012 :
1281 2956 1438 3021 Deus,
1469 2957 1552 3025 qui
1581 2957 1810 3026 eripuisti
1837 2959 2061 3010 animant

479 3044 644 3101 meam
663 3044 725 3084 ea:
750 3030 946 3101 inferno
970 3029 1199 3101 inferiori
1220 3027 1390 3098 (Psal.
1413 3041 1618 3101 tatxxv,
1643 3027 1758 3094 l5).
1781 3026 2058 3101 Nouenim

479 3099 684 3153 diceret
713 3097 1342 3162 inferiorem'infernum,
1377 3097 1478 3150 nisi
1503 3111 1622 3150 esse
1647 3105 1699 3149 et
1731 3097 2059 3162 superiorem

479 3171 660 3222 sciret.
701 3169 842 3224 Deus
887 3177 1066 3223 autem
1105 3178 1288 3222 noster
1317 3168 1601 3221 miseratur
1639 3175 1690 3219 et
1733 3167 2057 3230 misericors,

481 3237 690 3304 patiens
715 3247 770 3292 ct
799 3239 1020 3292 multum
1061 3238 1364 3292 misericors
1384 3278 1399 3302 ,
1442 3235 1652 3304 quando
1682 3251 1779 3288 nos
1809 3235 1860 3289 in
1892 3236 2060 3290 Adam

483 3317 632 3376 patre
661 3318 852 3362 nostro.
869 3309 937 3362 de
966 3307 1241 3361 altitudine
1273 3307 1500 3376 paradisi
1540 3307 1684 3376 justo
1725 3305 1923 3376 judicio
1963 3321 2062 3360 suo

481 3375 534 3430 in
567 3377 830 3432 infernum
859 3377 1040 3431 mundi
1070 3379 1219 3431 iStitlS
1239 3377 1501 3446 deposuit,
1537 3391 1632 3443 pro
1661 3375 1912 3429 ineffabili
1942 3377 2060 3445 pie-

482 3456 590 3502 tate
613 3448 677 3502 ad
719 3448 1022 3502 inferiorem
1065 3447 1325 3502 internum
1363 3463 1461 3502 nos
1487 3446 1634 3500 ruina
1661 3447 1942 3514 pervenire
1963 3461 2058 3500 no-

481 3519 604 3581 luit;
629 3519 722 3572 sed
750 3518 978 3587 quodam
1001 3517 1158 3572 modo
1187 3519 1322 3571 inter
1347 3517 1645 3586 paradisum
1674 3525 1726 3569 et
1755 3515 2060 3587 inferiorem

481 3587 743 3641 infernum
769 3586 907 3643 velut
929 3589 982 3640 in
1006 3587 1184 3642 medio
1200 3588 1478 3643 collocavit
1503 3603 1514 3638 :
1539 3597 1598 3640 ut
1625 3587 1665 3638 si
1697 3586 2058 3653 paenitentiam

482 3657 741 3712 vellemus
766 3674 944 3728 agere,
967 3657 1032 3710 ad
1059 3658 1390 3712 altitudinem
1413 3657 1720 3728 principalis
1751 3655 1945 3728 patriae
1957 3671 2060 3728 me-

483 3743 724 3781 reremur
742 3726 1030 3782 ascendere
1049 3745 1064 3792 ;
1087 3729 1130 3781 si
1151 3743 1278 3782 vero
1305 3728 1355 3780 in
1375 3727 1462 3780 illa
1481 3726 1756 3797 tyrannide
1773 3727 2054 3797 superbiae,

481 3813 577 3862 per
595 3812 752 3865 quam
781 3797 1038 3851 suadente
1057 3797 1268 3851 diabolo
1293 3795 1598 3858 cecidimus,
1624 3796 1846 3849 velimus
1865 3795 2060 3864 jugitcr

485 3881 835 3932 permanere,
883 3867 950 3920 ad
1008 3867 1276 3921 inferioris
1327 3867 1520 3921 inferni
1574 3865 1873 3935 profunda,
1921 3867 2060 3918 unde

479 3935 586 4002 jam
623 3937 822 3992 redit-us
848 3951 974 3990 esse.
1001 3953 1102 3990 non
1135 3937 1328 4006 possit,
1362 3937 1559 4007 peccati
1591 3937 1823 4004 pondere
1855 3951 2059 4004 preme,-

479 4021 681 4060 remur.

554 4075 606 4127 ἓ.
649 4076 778 4128 Lata
799 4077 876 4129 via
901 4077 968 4128 ad
987 4079 1236 4146 infernum
1257 4079 1563 4146 inferiorem,
1585 4086 1725 4128 arcta
1751 4076 1819 4128 ad
1849 4075 2058 4143 paradi-

478 4162 594 4198 sum
620 4147 778 4201 ducit.
807 4148 931 4202 Hmc
960 4163 1106 4212 ergo,
1139 4147 1326 4202 fratres
1351 4148 1671 4210 cliarissimi,
1697 4161 1798 4198 non
1821 4147 2057 4200 transito-

483 4217 578 4286 rie,
604 4217 695 4270 sed
722 4234 842 4272 cum
867 4218 1052 4286 grandi
1083 4219 1270 4270 timore
1299 4233 1360 4270 ac
1383 4227 1612 4270 tremore
1634 4216 2055 4280 considerantes,

483 4285 839 4356 intelligamus
865 4285 961 4341 nos
988 4289 1038 4340 in
1068 4289 1168 4340 isto
1197 4289 1456 4355 superiori
1489 4287 1695 4340 inferno
1725 4301 1816 4352 per
1839 4285 1928 4338 Dei
1961 4287 2060 4340 mi-

479 4358 822 4409 sericordiam
855 4360 1074 4425 positos,
1109 4368 1164 4410 ut
1194 4358 1360 4425 magis
1389 4359 1452 4409 ad
1487 4359 1632 4410 illum
1661 4357 1750 4424 qui
1779 4371 1876 4408 nos
1905 4371 2057 4410 crea-

479 4425 576 4490 vit,
601 4426 968 4480 desideremus
992 4428 1251 4482 liooorum
1279 4443 1500 4494 operum
1524 4427 1773 4496 gradibus
1797 4441 2054 4490 remeare,

479 4511 638 4566 quam
666 4511 786 4549 cum
820 4497 908 4550 illo
945 4497 1034 4566 qui
1074 4513 1170 4549 nos
1195 4497 1433 4565 decepit,
1466 4498 1530 4548 ad
1561 4496 1824 4550 inferioris
1868 4496 2056 4548 inferni

480 4563 740 4632 profunda
769 4563 1113 4620 descendere.
1141 4569 1205 4621 Et
1237 4563 1354 4635 quia
1398 4568 1550 4634 positi
1589 4581 1772 4618 sumus
1811 4577 2057 4634 tanquam

481 4638 620 4690 inter
647 4651 838 4705 aquam
858 4647 920 4708 et
947 4637 1142 4708 ignem,
1167 4639 1310 4690 velut
1335 4637 1472 4708 inter
1495 4651 1758 4708 summum
1786 4636 1979 4708 bonum
2007 4646 2060 4690 ct

477 4722 744 4760 summum
769 4705 987 4773 malum,
1009 4709 1153 4775 quasi
1188 4709 1323 4760 inter
1346 4707 1550 4760 ruinam
1581 4705 1844 4759 inferioris
1869 4706 2056 4760 inferni

479 4786 536 4830 et
570 4776 902 4831 altitudinem
935 4778 1191 4846 paradisi,
1223 4777 1498 4832 audiamus
1528 4777 1889 4846 Dominut‘niiu
1917 4777 2056 4831 Scri.

483 4847 650 4914 pturis
678 4862 797 4901 cum
837 4845 1133 4903 admirabili
1183 4849 1376 4917 pietate
1417 4849 1734 4901 clamantem
1761 4865 1772 4899 :
1798 4845 1958 4900 Posui
1989 4857 2054 4910 te,

481 4917 682 4988 inquit,
721 4919 849 4972 inter
897 4927 1108 4972 mortem
1147 4931 1192 4972 et
1234 4919 1380 4970 vitam
1405 4935 1422 4981 ;
1451 4919 1577 4988 elige
1605 4918 1784 4988 vitam,
1825 4925 1878 4988 ut
1927 4918 2058 4972 rivus

481 4989 499 5053 (
512 4986 656 5058 Deut.
685 5003 811 5052 xxx,
845 4988 951 5058 l9).
985 4990 1057 5042 De
1093 4990 1208 5042 istis
1235 4989 1440 5042 duabus
1465 4986 1562 5058 viis
1591 5001 1688 5041 nos
1720 4987 1971 5040 Dominus
2007 4989 2055 5041 in

485 5057 771 5128 Evangelia
791 5058 1080 5124 admonuit,
1105 5059 1314 5128 quando
1337 5059 1488 5122 dixit,
1515 5057 1645 5111 Lata
1673 5067 1718 5110 et
1745 5059 1966 5124 spatiosa
1985 5067 2058 5110 est

480 5129 579 5190 via,
603 5143 716 5197 qua:
739 5127 874 5180 ducit
895 5129 962 5180 ad
988 5127 1233 5192 mortem;
1259 5137 1306 5182 et
1335 5130 1478 5182 multi
1505 5139 1618 5182 sunt
1642 5129 1728 5196 qui
1757 5129 1944 5180 intrant
1971 5145 2057 5196 per

479 5215 590 5250 eam
613 5214 631 5270 ξ
655 5207 796 5251 arcta
833 5208 878 5251 et
914 5211 1132 5270 angusta
1171 5201 1250 5253 via
1275 5209 1366 5266 est,
1397 5215 1508 5268 quae
1539 5199 1674 5270 ducit
1701 5199 1768 5249 ad
1797 5199 1948 5250 vitam
1965 5213 1984 5260 ;
2013 5208 2058 5250 et

481 5269 633 5336 pauci
677 5278 795 5321 sunt
837 5269 921 5337 qui
967 5269 1222 5323 inueniunt
1259 5286 1386 5322 eam.
1421 5269 1484 5322 Et
1511 5269 1630 5337 quia
1659 5283 1754 5336 per
1779 5279 1976 5321 arctam
2003 5277 2058 5322 et

481 5350 758 5408 angustam
784 5339 984 5393 reditur
1007 5341 1070 5392 ad
1098 5340 1420 5406 paradisum,
1445 5349 1500 5393 et
1521 5355 1614 5408 per
1645 5341 1784 5392 illam
1816 5339 1975 5391 latam
2003 5340 2053 5392 in

481 5409 626 5464 illum
669 5409 970 5464 inferiorem
1012 5411 1270 5464 infernum
1313 5411 1682 5470 desvenditur;
1720 5409 1845 5461 dum
1885 5409 2056 5463 adhuc

483 5496 598 5534 cum
643 5481 738 5534 Dei
782 5479 1044 5548 adjutorio
1091 5495 1368 5548 possumus
1402 5491 1456 5534 et
1495 5483 1544 5533 in
1582 5489 1844 5550 potestate
1877 5493 2054 5533 nostra

482 5551 742 5614 consistit,
774 5553 908 5604 sicut
947 5551 1055 5618 jam
1099 5565 1257 5617 supra
1301 5553 1675 5618 suggessimus,
1707 5551 1871 5618 magis
1897 5565 2056 5604 cone-

485 5635 603 5689 mur
631 5637 726 5689 per
761 5631 960 5674 arctam
989 5629 1044 5674 ct
1069 5629 1342 5688 angustam
1373 5620 1436 5672 ad
1467 5621 1764 5688 paradisum
1793 5636 2054 5674 conscen-

484 5687 646 5752 dere,
665 5706 823 5758 quam
859 5707 950 5758 per
988 5691 1126 5744 illam
1151 5687 1326 5742 latam
1356 5701 1409 5744 et
1435 5691 1720 5758 spatiosum
1761 5689 1828 5742 ad
1863 5689 2052 5744 inferni

549 5781 568 5845 ξ
591 5782 868 5845 tegendum
891 5783 1073 5845 absque
1085 5783 1232 5832 dubio
1251 5819 1262 5839 ,
1282 5785 1666 5830 contemnentem.

550 5835 622 5892 (η)
651 5835 1497 5956 fuitbomiliaititerCaasarianaSJﬁr
1522 5850 1569 5888 v.
1585 5849 1633 5890 C.
1655 5843 1946 5906 Stephanum
1977 5849 2056 5895 Ba-

550 5907 660 5955 vium
676 5917 738 5956 ex
755 5906 892 5955 reeio
910 5905 1074 5956 codice
1097 5906 1315 5956 vulaatas
1335 5917 1388 5956 or
1427 5907 1436 5916 '
1477 5917 1506 5955 e
1529 5906 1672 5955 tertia
1695 5905 1898 5955 decima.

485 5907 660 5958 iustum
676 5917 738 5958 ex
755 5906 892 5955 reeio
910 5905 1074 5956 codice
1097 5906 1315 5966 volgatas
1335 5905 1506 5956 ordine
1529 5906 1672 5955 tertia
1695 5905 1898 5955 decima.

1926 457 2298 522 Al‘l‘ENDlX.

3619 469 3768 530 1375.

2169 572 2424 644 supplicia
2459 577 2754 641 pervenire.

2241 645 2291 696 5.
2315 643 2414 707 Qui
2439 661 2526 711 per
2552 645 2726 704 latam,
2751 647 2836 712 qui
2864 662 2949 710 per
2977 655 3166 699 arctam
3193 648 3319 700 viam
3347 650 3598 704 incedant.
3626 653 3758 706 Bre-

2170 713 2242 790 ris
2261 715 2521 790 utriusque
2543 715 2634 766 via:
2653 727 2738 790 aut
2769 716 3018 790 laborant
3042 718 3242 790 latinia.
3271 718 3372 773 Sed
3404 719 3537 776 forte
3561 723 3758 790 aliquis

2169 783 2334 858 dicit;
2359 783 2560 858 Vellem
2593 786 2730 858 scire
2769 787 2854 853 qui
2893 787 2998 858 sint
3041 787 3136 848 illi,
3160 790 3260 858 qui
3300 805 3418 842 cum
3453 783 3757 858 periculoso

2168 853 2360 920 gaudio
2389 869 2481 921 per
2511 855 2666 906 latam
2697 855 3018 908 descendunt
3043 873 3056 920 ;
3081 853 3369 931 quiantem
3397 853 3502 914 sint
3533 861 3626 920 illi,
3658 863 3754 931 qui

2173 937 2264 994 per
2301 933 2502 975 arctam
2552 933 2604 978 et
2644 935 2918 994 angustam
2964 943 3082 979 cum
3133 928 3310 982 labere
3359 928 3758 994 conscendat—IL,

2170 991 2366 1069 Omnes
2395 994 2536 1069 enim
2559 991 2827 1069 amatores
2858 997 3072 1069 mutuli,
3098 1000 3331 1065 superbi,
3371 1002 3536 1064 avari,
3567 1013 3720 1069 rapto
3739 1034 3753 1046 -

2171 1075 2275 1124 res,
2305 1061 2486 1126 invidi,
2525 1063 2738 1126 ebriosi,
2776 1073 2828 1118 et
2854 1066 3108 1120 adulteria
3141 1061 3548 1130 c'titiititittetttt‘s,
3583 1061 3753 1126 state-

2171 1147 2256 1182 ras
2283 1131 2500 1203 dolosas
2525 1142 2578 1187 et
2607 1149 2883 1188 mensuras
2911 1135 3150 1202 duplices
3178 1137 3456 1203 habentes,
3487 1141 3663 1194 cilium
3699 1144 3754 1197 in

2169 1201 2336 1279 corde
2358 1215 2713 1279 reservantes,
2756 1205 2952 1279 malum
2971 1201 3080 1279 pro
3123 1209 3259 1260 malo
3287 1201 3596 1274 reddentes,
3629 1226 3755 1279 spe-

2169 1271 2372 1350 etacula
2405 1273 2484 1324 vel
2519 1282 2738 1350 cruenta
2785 1283 2838 1326 et
2883 1271 3078 1350 furiosa
3113 1279 3190 1350 vel
3235 1281 3402 1347 turpia
3445 1271 3750 1350 diligentes,

2172 1354 2265 1406 per
2286 1342 2458 1420 .latam
2500 1353 2552 1395 et
2595 1345 2878 1420 spatiOsam
2924 1345 3248 1420 descendere
3289 1342 3748 1420 comprobantan

2169 1413 2298 1463 casti
2329 1427 2454 1485 vero
2483 1423 2536 1485 et
2559 1413 2744 1476 sobrii,
2770 1415 3164 1481 misericordes,
3193 1413 3451 1485 justitiam
3483 1430 3748 1484 tenentes,

2169 1481 2624 1558 secundtmt_vircs
2652 1497 2775 1536 suas
2804 1481 3464 1558 eleemosynasfprompto
3496 1499 3549 1543 et
3595 1481 3756 1550 hilari

2169 1549 2346 1604 animo
2387 1550 2660 1616 facientes,
2703 1563 2884 1606 contra
2932 1549 3132 1610 nulliim
3180 1549 3446 1612 hominem
3468 1560 3645 1614 odium
3693 1563 3750 1614 in

2167 1619 2327 1674 corde
2371 1631 2672 1696 servantes,
2717 1633 3046 1696 per_arctam
3097 1637 3151 1680 et
3195 1637 3468 1696 angustam
3499 1632 3634 1684 viam
3677 1633 3752 1688 ad

2169 1704 2394 1768 superna
2442 1692 2751 1768 ascendunt.
2801 1693 2870 1747 Et
2911 1695 3034 1768 licet
3075 1696 3248 1752 adhuc
3269 1692 3378 1752 'liic
3427 1701 3478 1753 in
3523 1716 3752 1768 corpore

2171 1757 2406 1840 liabitare
2427 1761 2706 1840 videantur
2731 1763 2782 1816 in
2805 1767 2978 1840 terris,
3005 1775 3178 1840 tamen
3203 1769 3493 1840 secundum
3517 1757 3751 1840 Aposto-

2171 1827 2276 1912 lum
2297 1832 2628 1912 conversatio
2649 1833 2864 1912 illorum
2885 1835 2935 1888 in
2963 1837 3112 1890 cmlis
3131 1845 3213 1912 est
3235 1835 3490 1912 (Philipp.
3517 1827 3590 1904 ιη’,
3613 1841 3706 1912 20)
3731 1860 3747 1896 :

2171 1909 2226 1978 ut
2265 1901 2799 1978 sacerdotediccnte.
2829 1903 3052 1978 _Surs_um
3085 1901 3278 1978 corda;
3316 1901 3486 1966 securi
3526 1901 3752 1978 respon-

2169 1967 2330 2048 deat-tt
2373 1985 2432 2024 se
2477 1971 2672 2026 habere
2703 1973 2784 2048 _ad
2829 1975 3124 2048 Dominum.
3157 1967 3533 2044 Considerate,
3577 1967 3746 2048 rogo,

2171 2039 2392 2104 fratres;
2423 2050 2478 2095 et
2505 2057 2608 2095 non
2639 2043 2810 2097 solum
2838 2057 2958 2098 cum
2985 2045 3186 2110 dolore,
3221 2049 3322 2102 sed
3343 2049 3500 2104 etiam
3521 2039 3748 2104 cuni'ti:

2167 2123 2340 2189 more,
2369 2125 2460 2164 eos
2488 2113 2575 2189 qui
2613 2119 2870 2189 perviam
2911 2113 3070 2168 latam
3101 2125 3154 2170 et
3179 2119 3464 2184 Spatiosam
3505 2122 3750 2189 prmcipi-

2169 2187 2366 2260 tantur,
2408 2183 2628 2250 arguite,
2661 2183 2919 2260 _dicentes
2945 2195 3007 2260 _et
3048 2183 3431 2260 conteStantesg
3459 2183 3556 2254 eis,
3602 2183 3750 2260 quod

2169 2257 2288 2328 post
2333 2249 2498 2330 breve
2544 2252 2786 2330 gaudium
2835 2253 3067 2309 habituri
3107 2269 3228 2310 sunt
3267 2259 3381 2312 sine
3411 2257 3512 2313 fine
3542 2249 3750 2330 suppli-

2167 2319 2328 2371 cium.
2349 2319 2458 2395 _ll|is
2487 2336 2611 2376 vero
2638 2323 2741 2395 qui
2759 2339 2852 2391 per
2875 2335 3073 2378 arctam
3102 2336 3154 2379 et
3178 2337 3453 2395 augustam
3485 2319 3752 2386 conantur

2166 2389 2477 2467 ascendere,
2506 2389 2853 2467 congaudete,
2884 2403 2938 2447 et
2963 2395 3164 2467 eis_vos
3195 2389 3419 2452 titfeliter
3443 2401 3660 2467 sociate,
3689 2412 3750 2458 et

2168 2472 2288 2511 cum
2332 2460 2459 2528 ipsis
2505 2463 2570 2514 ad
2618 2463 2948 2516 altitudinem
2986 2465 3066 2518 vel
3117 2467 3490 2521 beatitudinem
3531 2460 3748 2526 teterna:

2170 2529 2288 2607 _vit_:e_
2321 2532 2594 2607 pervenire
2619 2533 2940 2607 contendite.
2971 2535 3046 2607 Nc
3077 2537 3304 2592 timeatis
3342 2539 3462 2607 quia
3501 2539 3746 2596 laborem

2171 2596 2392 2679 habituri
2421 2603 2546 2679 estis
2577 2603 2626 2679 in
2649 2604 2730 2679 via
2753 2621 2764 2655 :
2785 2603 2884 2679 sed
2907 2605 3160 2679 gaudete,
3179 2609 3298 2676 quia
3329 2596 3574 2676 magnum
3603 2627 3743 2676 prte-

2167 2671 2332 2722 mium
2363 2671 2640 2748 invenietis
2671 2673 2722 2748 in_
2749 2671 2938 2748 patria.
2960 2674 3120 2748 Unde
3151 2671 3340 2748 iterum
3370 2671 3524 2748 atque
3553 2671 3750 2736 iterum

2167 2753 2297 2808 rogo
2317 2755 2434 2818 vos,
2459 2741 2648 2797 fratres
2676 2741 2993 2805 charissimi,
3019 2755 3075 2818 ut
3103 2756 3154 2799 et
3175 2741 3456 2814 justorutn'
3473 2761 3588 2817 post
3617 2767 3744 2818 par-

2167 2823 2288 2861 vum
2341 2811 2572 2866 laborem
2621 2822 2876 2886 atternum
2923 2811 3190 2882 gaudium
3218 2811 3644 2886 consideremus,
3687 2833 3748 2876 et

2167 2889 2502 2946 peccatorum
2533 2893 2652 2950 post
2693 2885 3046 2940 transitoriam
3095 2887 3329 2940 lmtitiatn
3359 2890 3473 2943 sine
3501 2891 3606 2942 ullo
3632 2885 3747 2950 lim:

2165 2949 2478 3026 supplicium
2527 2949 2841 3012 timeamus;
2882 2955 3280 3010 eonsitlerantes
3328 2959 3445 3026 quia
3491 2976 3588 3014 nec
3629 2949 3748 3026 illi

2166 3019 2254 3086 qui
2297 3035 2394 3094 per
2441 3031 2640 3094 arctam
2689 3034 2743 3077 et
2787 3036 3063 3094 angustam
3113 3043 3231 3080 cum
3281 3019 3457 3082 labore
3501 3019 3746 3086 videntur

2165 3090 2483 3162 ascendere,
2526 3093 2683 3162 longo
2733 3090 2976 3162 tempore
3023 3097 3262 3150 laborare
3309 3099 3568 3154 videntur.
3607 3100 3744 3155 Nam

2165 3161 2431 3235 quomodo
2474 3162 2564 3235 illi
2602 3161 2691 3232 qui
2737 3161 2861 3218 cum
2905 3163 3100 3219 infelici
3151 3167 3341 3235 gaudio
3384 3171 3616 3224 avaritiae
3659 3174 3746 3226 vel

2167 3227 2391 3303 luxurie
2433 3227 2686 3296 serviunt,
2728 3246 3043 3303 consumpto
3091 3227 3280 3292 itinere
3319 3239 3419 3292 vite
3457 3241 3576 3294 latze
3619 3257 3744 3296 cum

2164 3299 2376 3354 diabolo
2415 3305 2586 3356 arsnri
2631 3313 2753 3357 sunt
2805 3307 2856 3358 in
2901 3299 3108 3359 inferno
3136 3325 3148 3358 :
3180 3309 3246 3359 ita
3291 3325 3321 3362 e
3351 3311 3618 3364 contrario
3667 3312 3748 3370 illi

2165 3370 2252 3448 qui
2301 3371 2438 3448 falsa
2471 3373 2658 3442 gaudia
2687 3375 2787 3448 viae
2817 3375 2936 3428 lata:
2967 3377 3050 3429 vel
3088 3379 3206 3430 vine
3249 3377 3528 3433 luxuriosa:
3557 3381 3744 3448 deSpi-

2165 3440 2328 3514 ciunt,
2355 3441 2440 3494 tibi
2470 3440 2684 3497 cursum
2713 3445 2811 3498 via:
2840 3457 3075 3513 angusta:
3101 3449 3509 3514 compleverint,
3541 3451 3605 3503 ad
3633 3440 3744 3506 An-

2163 3510 2405 3584 gelorum
2433 3515 2754 3568 consortium
2787 3510 3072 3584 pervenire
3100 3510 3440 3572 merebuntur
3471 3510 3518 3572 iu
3546 3521 3702 3576 cmlo.

2235 3581 2294 3656 4,
2330 3579 2494 3656 zEger
2536 3579 2802 3656 sanitatem
2842 3588 3046 3656 cupiens
3084 3589 3265 3656 jungat
3308 3606 3360 3642 se
3404 3591 3611 3651 medico,
3643 3609 3748 3648 non

2165 3651 2355 3726 morbo.
2397 3653 2467 3726 Et
2507 3655 2626 3726 quia
2671 3655 2755 3726 de
2785 3651 3046 3726 superiori
3084 3651 3356 3726 paradiso,
3387 3659 3504 3712 loco
3543 3661 3630 3715 ubi
3659 3673 3744 3718 est

2166 3735 2288 3773 vera
2321 3721 2620 3796 beatitudo,
2648 3731 2702 3796 et
2729 3725 2794 3778 de
2831 3721 3037 3779 duobus
3081 3721 3301 3780 infernis
3333 3730 3492 3783 locuti
3527 3745 3740 3796 sumus,

2163 3799 2217 3864 et
2245 3791 2368 3859 quid
2399 3791 2581 3864 fugere
2615 3795 2696 3848 vel
2725 3795 2848 3862 quid
2885 3796 3190 3850 desiderare
3219 3798 3523 3864 debeamus,
3553 3791 3746 3855 seetth

2165 3860 2289 3913 dum
2315 3863 2716 3936 possibilitatem
2740 3860 2895 3934 quam
2921 3867 3058 3920 Deus
3082 3867 3244 3930 dedit,
3269 3860 3746 3936 breviter’demort-

2165 3931 2448 4010 stravimus
2471 3950 2486 4010 _;
2512 3941 2633 4010 sunt
2656 3931 2772 3987 alia
2785 3937 2878 3988 tria
2907 3937 2979 4010 ad
2995 3937 3236 4010 eamdem
3261 3955 3370 3992 rem
3401 3931 3742 4010 pertinentia,

2165 4015 2284 4069 qua:
2325 3999 2582 4076 Qbaritati
2627 4015 2816 4076 vestrae
2862 4007 3104 4076 cupimus
3149 3999 3414 4064 intimare:
3447 4011 3566 4064 'I‘ria
3596 3999 3741 4066 enini

2165 4081 2308 4138 sunt,
2331 4071 2398 4125 de
2426 4073 2617 4148 quibus
2647 4075 2842 4130 utiliter
2871 4071 3185 4132 tie—fideliter
3211 4081 3442 4148 cogitare
3471 4091 3520 4134 et
3551 4097 3744 4148 possu-

2165 4155 2285 4194 mus
2328 4151 2381 4194 et
2422 4143 2675 4198 debemus
2707 4163 2718 4198 :
2751 4153 2804 4199 et
2833 4147 2928 4200 ista
2963 4149 3062 4200 tria
3104 4149 3153 4200 in
3193 4143 3594 4205 coniversatione
3641 4153 3744 4206 hu—

2167 4226 2319 4288 mana
2349 4213 2462 4288 lic-fi
2491 4215 2646 4288 etiam
2673 4218 3034 4288 corporalibus
3054 4219 3221 4272 oculis
3249 4219 3554 4288 frequenter
3578 4237 3745 4288 agno-

2165 4282 2380 4361 scimus.
2405 4283 2500 4336 Est
2520 4285 2660 4337 enim
2687 4282 2942 4350 medicus,
2971 4297 3218 4361 mgrottis,
3249 4302 3298 4343 et
3329 4282 3561 4344 morbus.
3591 4282 3642 4344 Si
3677 4309 3742 4350 se.

2159 4353 2396 4424 junxerit
2443 4365 2671 4424 :rgrotns
2717 4371 2834 4408 cum
2882 4353 3118 4424 medico;
3167 4359 3269 4412 duo
3318 4370 3468 4423 sunt,
3513 4363 3744 4416 vincitur

2167 4422 2397 4500 morbus.
2421 4422 2504 4500 _Si
2543 4439 2601 4478 se
2644 4437 2873 4500 tegrotus
2920 4429 3086 4500 magis
3107 4422 3302 4483 morbo
3335 4422 3492 4500 quam
3527 4433 3742 4488 medico

2165 4492 2388 4566 voluerit
2412 4494 2665 4566 jungere;
2693 4492 2748 4548 et
2779 4497 2868 4562 ibi,
2901 4492 3032 4566 quia
3052 4499 3157 4550 duo
3186 4509 3328 4564 sunt,
3354 4492 3590 4556 'vincitur
3619 4519 3740 4558 me-

2164 4562 2311 4614 dicus
2337 4581 2350 4616 :
2377 4579 2494 4616 nam
2541 4565 2582 4638 si
2628 4566 2831 4620 medico
2874 4562 3214 4638 consentiret,
3257 4562 3508 4638 pereunte
3551 4575 3744 4627 morbo

2164 4641 2394 4698 :rgrotus
2440 4634 2722 4712 evaderet:
2770 4638 2890 4706 quia
2931 4637 3066 4712 diuos
3112 4634 3293 4712 contra
3337 4656 3397 4694 se
3447 4655 3744 4712 pugnantes

2166 4716 2377 4774 vmcerc
2405 4704 2698 4774 nullatenus
2729 4704 2922 4774 posset.
2951 4707 3124 4772 Quare
3153 4710 3308 4764 istam
3339 4704 3740 4768 similitﬁdincm

2165 4773 2451 4846 posuerim,
2495 4773 2774 4842 diligenter
2819 4779 3090 4832 attendite.
3133 4781 3383 4846 Medicus,
3431 4783 3568 4838 Deus
3615 4795 3740 4840 est:

2165 4851 2408 4920 aegrotus,
2435 4843 2593 4898 homo
2619 4855 2732 4920 cst_;
2763 4857 3055 4920 peccatum,
3081 4851 3296 4905 morbus
3322 4843 3420 4905 est.
3449 4853 3504 4906 Si
3531 4869 3588 4907 se
3615 4855 3742 4918 jun-

2164 4917 2238 4978 git
2266 4921 2513 4986 peccator
2539 4929 2657 4986 cum
2693 4917 2816 4977 Deo,
2850 4919 2936 4986 qui
2973 4927 3054 4973 est
3083 4935 3238 4973 verus
3269 4923 3523 4984 medicus,
3556 4925 3740 4978 statim

2168 4984 2301 5048 pcrit
2329 4983 2558 5036 morbus.
2665 5001 2789 5041 vero
2821 4983 3000 5042 infelix
3025 5002 3270 5062 peccator
3296 4991 3466 5062 diligit
3494 4983 3744 5050 morbum

2163 5065 2337 5130 suum,
2369 5062 2423 5105 ut
2464 5057 2630 5130 inagis
2674 5072 2731 5110 se
2759 5061 2989 5125 peccatis
3018 5057 3148 5122 suis,
3180 5057 3424 5130 tanquam
3457 5063 3743 5118 mortiferis

2165 5123 2385 5188 morbis,
2412 5125 2549 5196 _velit
2571 5123 2813 5196 jungere,
2845 5143 2999 5196 quam
3029 5131 3232 5184 ccelesti
3263 5123 3470 5187 medico
3495 5133 3742 5188 adluere-

2163 5207 2260 5256 re;
2292 5194 2554 5258 morbum,
2585 5199 2633 5250 id
2665 5194 2762 5257 est,
2799 5194 3068 5266 pel-catum
3108 5217 3284 5264 suum,
3317 5219 3420 5256 non
3452 5204 3620 5257 solum
3651 5219 3748 5260 ac—

2163 5277 2350 5342 cusare
2366 5278 2475 5342 pou
2507 5269 2928 5342 aetpiiescit,_sed
2961 5273 3116 5342 etiam
3147 5277 3316 5326 I'ronte
3347 5273 3750 5342 impudentissi-

2165 5348 2249 5409 ma
2291 5334 2876 5409 defensarecontendit
2911 5357 2923 5389 :
2954 5340 3076 5394 dum
3110 5357 3166 5394 se
3207 5334 3436 5409 peccatis
3475 5345 3584 5397 suis
3623 5346 3750 5400 vult.

2158 5405 2410 5477 jungere,
2443 5408 2589 5472 quasi
2633 5409 2844 5464 videtur
2882 5413 3148 5464 cmlestem
3191 5405 3450 5467 medicum
3485 5416 3699 5470 vincere
3729 5435 3746 5477 ;

2164 5475 2254 5526 sed
2282 5476 2551 5552 peristam
2585 5478 2842 5552 infelicem
2871 5481 3163 5552 victoriam,
3192 5493 3438 5551 tanquam
3465 5500 3560 5552 per
3583 5475 3748 5538 latani

2165 5553 2217 5596 ct
2264 5547 2546 5620 spatiosum
2590 5548 2726 5620 viam
2768 5547 3038 5620 descendit
3083 5554 3130 5604 in
3174 5547 3494 5620 gehennam.
3520 5556 3652 5620 Quia
3699 5560 3746 5610 si

2163 5615 2370 5668 tllcdlCo
2414 5618 2716 5692 consentire
2743 5619 3023 5680 voluisset,
3057 5615 3312 5689 pereunte
3353 5615 3588 5692 peccato,
3619 5635 3746 5678 tan-

2161 5699 2318 5763 quam
2367 5687 2734 5767 crudelissimo
2779 5692 2995 5767 morbo,
3031 5687 3127 5767 per
3154 5687 3434 5750 arctam-et
3461 5687 3750 5767 angustant

2161 5757 2299 5808 viam
2330 5757 2616 5811 ascendere
2647 5761 2926 5814 meruisset
2953 5761 3004 5815 in
3030 5757 3244 5816 cadum.

2251 5825 2653 5904 5.-_Adltortatio
2702 5831 2768 5904 od
2818 5831 3193 5904 eleemosynas,
3226 5835 3472 5889 orationes
3521 5845 3568 5888 et
3599 5838 3746 5904 jeju-

2165 5896 2268 5952 nia.
2325 5895 2448 5954 Haec
2493 5913 2618 5969 ergo
2637 5941 2652 5971 ,
2694 5899 2888 5956 fratres
2933 5895 3266 5973 chai'issimi,
3321 5907 3546 5963 tidetitcr
3599 5895 3752 5980 cogi»
