4016 6480
321 311 472 369 ηπ

326 434 514 482 tantes
544 465 561 491 ,
607 422 736 478 dum
781 416 953 491 adhuc
998 433 1115 473 cum
1161 418 1254 473 Dei
1309 417 1572 488 adjutorio
1629 417 1681 472 in
1733 424 1913 491 nostra

329 488 603 566 potestate
652 490 892 547 consistit
917 532 958 566 τι.
987 498 1320 566 peccatorum
1373 499 1674 566 nostrorum
1703 488 1917 566 vulnera

331 556 492 635 quasi
537 577 738 635 venena
760 556 1047 635 mortifera
1091 559 1507 635 _borresceutes,
1535 556 1912 635 eleemosynis,

334 629 704 698 dratiouibus,
751 630 966 700 jejunih
1006 630 1347 693 insistentes,
1400 637 1455 684 et
1502 629 1782 700 pracipue,
1825 640 1920 696 per

334 705 655 760 charitatem
682 744 697 768 ,
724 698 842 770 qua:
870 714 973 753 non
990 700 1170 753 solum
1201 700 1429 770 amicos,
1463 698 1557 752 sed
1584 699 1744 770 etiam
1773 699 1916 770 ipsos

326 775 514 846 diligit
545 768 818 846 inimicos,
846 779 1092 846 tanquam
1121 784 1217 838 per
1253 769 1638 846 medicamenta
1668 768 1918 846 spiritua:

337 844 415 901 lia
441 835 581 914 ξυμ)
616 840 917 914 recipienda
941 835 1167 914 sanitate
1205 840 1499 914 animarum
1531 835 1829 892 nosmirum
1855 835 1922 890 ad

335 909 502 969 illius
548 913 779 969 celestis
838 910 1027 964 medici
1083 909 1497 965 misericordiam
1563 921 1917 962 recurramus.

336 982 464 1052 Ipse
493 987 635 1038 enim
665 982 798 1035 dixit
820 1022 833 1043 ,
868 978 1006 1052 Nolo
1035 990 1239 1033 mortem
1265 978 1557 1047 peccatoris,
1586 978 1673 1052 sed
1706 986 1760 1030 ut
1799 993 1923 1052 cou—

337 1047 572 1108 rier-tatur
591 1061 637 1106 et
659 1053 786 1104 vivat
809 1067 827 1113 ;
848 1058 902 1103 et
929 1051 1140 1114 iterum,
1168 1066 1279 1102 cum
1302 1064 1565 1100 conversus
1591 1047 1915 1117 iugemueris,

338 1123 520 1177 salvus
538 1120 883 1198 eris_(Ezech.
908 1136 1089 1198 xsxm,
1128 1121 1183 1174 ll
1206 1118 1360 1198 )._Ad
1390 1132 1546 1198 quam
1577 1118 1923 1198 salutemnos

338 1208 450 1262 pro
487 1208 582 1246 sua
614 1185 810 1261 pietate
850 1192 1140 1262 perducat,
1186 1185 1424 1262 quicum
1453 1187 1607 1262 Patre
1634 1196 1689 1242 et
1726 1185 1924 1262 Spiritu

339 1257 539 1317 sancto
562 1257 687 1316 vivit
715 1270 770 1316 et
813 1269 999 1331 regnat
1046 1260 1098 1314 iu
1137 1258 1330 1315 Stecula
1370 1258 1702 1312 surculorum.
1731 1257 1921 1311 Amen.

844 1349 1076 1405 sermo
1114 1348 1277 1403 LXIX
1329 1347 1428 1416 (a).

342 1419 423 1477 In
445 1421 675 1477 eumdem
700 1421 863 1474 locum
903 1417 1155 1486 Matt/uri,
1186 1436 1298 1488 cap.
1325 1414 1413 1481 vu,
1442 1415 1529 1488 15,
1564 1416 1669 1488 με
1703 1414 1764 1469 de
1784 1431 1925 1488 pere—

422 1492 706 1563 grinatione
750 1488 1150 1563 Christianorum
1184 1486 1329 1541 ct'de
1368 1487 1561 1540 duabus
1606 1486 1730 1552 viis,
1766 1486 1927 1540 altera

424 1560 494 1616 ad
521 1560 722 1626 caelum,
746 1561 911 1613 altera
960 1560 1027 1612 ad
1055 1560 1327 1627 infernum.

425 1634 479 1689 1.
531 1624 717 1685 Amore
751 1638 865 1684 sunt
894 1630 1081 1692 simul,
1111 1624 1211 1697 'qui
1251 1627 1429 1681 absunt
1468 1624 1692 1697 corpore.
1738 1626 1927 1697 Sermo

341 1702 510 1757 nobis
555 1700 621 1754 ad
661 1714 753 1754 vos
782 1708 895 1763 est,
928 1697 1117 1752 fratres
1138 1695 1461 1762 ‘cltarissimi,
1489 1695 1563 1751 de
1595 1713 1660 1752 eo
1696 1695 1834 1764 quod
1876 1696 1927 1749 in

344 1770 644 1841 Evangelio
673 1770 911 1841 audistis,
940 1768 1091 1822 Arcta
1121 1776 1166 1821 et
1187 1768 1501 1841 angustavia
1525 1778 1632 1831 est,
1663 1782 1774 1841 qua;
1792 1765 1929 1841 ducit

344 1842 425 1900 ad
462 1835 655 1905 viiam;
694 1849 737 1893 et
765 1838 1006 1907 spatiosa,
1046 1853 1158 1905 quae
1194 1835 1330 1890 ducit
1353 1838 1420 1891 ad
1444 1848 1647 1891 mortem
1676 1835 1697 1889 ξ
1724 1835 1842 1907 sive
1862 1835 1929 1890 de

345 1905 1241 1982 peregrinationeChristianorum.
1262 1907 1324 1982 Si
1362 1908 1614 1982 temporis
1643 1905 1930 1982 necessitas
1956 1920 1959 1923 '

346 1974 690 2051 permitteret
709 1978 946 2051 ,Vfratres
980 1977 1307 2051 charissinti,
1341 1993 1444 2051 non
1470 1974 1847 2051 Solutnsemel
1876 1974 1929 2029 iu

345 2046 530 2115 'a'nno,
561 2048 655 2105 sed
681 2050 839 2104 etiam
874 2047 1108 2102 secundo
1137 2048 1217 2100 vel
1244 2048 1399 2102 tertio
1440 2062 1537 2102 vos
1579 2046 1793 2101 visitare
1834 2060 1931 2115 vo-

347 2114 598 2176 lebamus
630 2136 644 2173 :
692 2129 749 2174 ut
776 2128 829 2173 et
870 2125 1051 2173 nostra
1080 2117 1235 2172 simul
1280 2126 1333 2172 et
1373 2126 1546 2172 vestra
1574 2115 1837 2171 desideria
1864 2114 1932 2169 de

347 2199 648 2260 conspectu
676 2198 857 2244 vestro
892 2188 1084 2243 satiare
1113 2202 1407 2260 possemus.
1439 2186 1545 2260 Sed
1579 2187 1819 2260 voluntas
1842 2199 1932 2238 cu-

351 2261 465 2329 pit,
494 2256 752 2328 temporis
783 2260 1072 2329 necessitas
1101 2274 1210 2312 non
1245 2257 1501 2329 permittit
1533 2275 1545 2309 :
1584 2256 1711 2329 nihil
1755 2265 1931 2308 tamen

349 2326 517 2388 itnbis
551 2326 633 2384 vel
670 2329 821 2382 vobis
864 2327 1120 2396 impedit,
1153 2326 1294 2397 quod
1324 2340 1422 2381 nos
1458 2326 1800 2397 corporaliter
1826 2332 1931 2378 tar-

350 2400 481 2455 dius
524 2399 810 2463 videmus;
856 2398 1065 2464 quando
1110 2396 1293 2453 amore
1340 2406 1394 2452 et
1430 2396 1685 2451 cbaritate
1723 2410 1933 2463 semper

395 2470 557 2524 ariter
604 2483 810 2524 sumus.
858 2467 915 2524 In
963 2468 1060 2521 ista
1100 2467 1239 2522 enim
1287 2466 1708 2536 peregrinatione
1753 2465 1929 2536 mundi

372 2540 538 2609 tujus,
568 2539 777 2595 etiamsi
813 2538 865 2592 in
910 2554 1011 2591 una
1041 2538 1257 2609 civitate
1282 2552 1399 2609 esse
1428 2535 1708 2609 possemus
1731 2574 1745 2599 ,
1772 2535 1930 2609 simul

350 2606 479 2665 esse
527 2624 630 2665 non
680 2618 1005 2677 poteramus.
1062 2608 1156 2661 Est
1209 2607 1359 2677 enim,
1405 2606 1507 2661 alia
1568 2606 1786 2669 civitas,
1825 2606 1932 2677 _ubi

348 2678 646 2736 Christiani
674 2673 797 2734 boui
828 2694 1091 2746 nunquam
1114 2686 1237 2731 sunt
1260 2677 1327 2729 ab
1352 2676 1581 2732 invicem
1611 2673 1859 2746 separati.

430 2751 486 2804 2.
517 2748 647 2803 Dua:
669 2759 784 2803 sunt
821 2743 1062 2810 civitates,
1092 2748 1307 2801 mundus
1332 2756 1377 2801 et
1410 2747 1608 2801 caelum.
1639 2743 1705 2798 In
1747 2745 1931 2798 saeculo

350 2820 653 2892 peregrinus
682 2820 780 2892 sit,
816 2819 901 2892 qui
934 2819 1034 2871 vult
1071 2819 1190 2872 civis
1229 2833 1334 2871 esse
1368 2817 1517 2892 caeli:
1533 2815 1934 2892 Christianorum

351 2886 526 2961 'patria
549 2931 564 2957 ,
600 2890 779 2961 civitas
798 2886 967 2961 ,cives
990 2930 1002 2951 ,
1033 2896 1270 2961 parentes
1292 2927 1309 2953 ,
1348 2904 1457 2940 rex.
1652 2894 1776 2941 sunt
1804 2886 1934 2961 civi-

351 2955 497 3018 tates
520 2955 556 3026 ,⁷
591 2958 783 3013 fratres
825 2955 1120 3012 charis-simi
1155 2976 1167 3011 :
1199 2973 1299 3010 una
1344 2967 1426 3012 est
1466 2957 1652 3012 civitas
1700 2955 1880 3026 mundi
1913 2972 1929 3021 ;

346 3032 458 3087 alia
489 3040 571 3084 est
590 3030 775 3084 cisitas
800 3028 1046 3097 paradisi.
1071 3026 1127 3082 lu
1158 3028 1369 3082 civitate
1398 3026 1577 3097 mandi
1595 3027 1764 3082 bonus
1788 3025 1931 3097 chri-

349 3102 562 3160 stiauus
610 3096 823 3168 semper
878 3099 1245 3167 peregrinatur
1290 3115 1303 3160 ;
1353 3098 1403 3151 in
1443 3096 1674 3168 civitate;
1705 3096 1931 3168 paradisi

348 3170 490 3226 civis
518 3185 637 3225 esse
674 3166 1028 3239 cognoscitur.
1063 3168 1164 3223 Ista
1190 3177 1270 3222 est
1303 3168 1487 3239 civitas
1512 3166 1773 3239 laboriosa
1799 3207 1813 3231 ,
1843 3167 1931 3221 illa

348 3242 537 3309 quieta
571 3240 706 3301 :ista
724 3238 937 3303 misera,
970 3238 1062 3309 illa
1095 3239 1243 3293 beata
1271 3239 1389 3309 :_in
1413 3238 1510 3291 ista
1536 3238 1807 3309 laboratur
1831 3277 1848 3303 ,
1879 3240 1931 3309 in

355 3307 449 3371 illa
482 3312 690 3364 hetatur
731 3321 785 3363 et
823 3308 1113 3378 quiescitur
1142 3326 1153 3360 :
1186 3308 1274 3377 qui
1301 3307 1352 3361 in
1380 3308 1476 3378 ista
1509 3307 1643 3360 male
1670 3307 1830 3378 vivit,
1866 3307 1934 3361 ad

352 3381 506 3437 illam
550 3380 823 3449 pervenire
846 3377 955 3449 non
981 3378 1193 3447 poterit.
1235 3377 1501 3446 Peregrini
1527 3391 1645 3449 esse
1680 3377 1935 3449 debemus

355 3453 413 3506 in
443 3447 769 3504 hoc—sarculo
788 3490 803 3515 ,
833 3457 889 3502 ut
914 3448 1057 3503 cives
1085 3464 1204 3503 esse
1232 3463 1531 3503 mereamur
1557 3448 1608 3501 in
1633 3447 1787 3503 celo.
1834 3447 1932 3516 Qui

353 3532 503 3574 amat
543 3520 815 3583 mundum,
857 3528 910 3572 et
945 3518 1076 3572 civis
1100 3534 1219 3573 esse
1254 3518 1363 3572 vult
1406 3518 1457 3571 in
1485 3518 1701 3583 mundo,
1732 3528 1932 3587 partem

356 3607 470 3645 non
500 3590 655 3645 habet
680 3594 734 3644 in
762 3590 920 3643 cudo.
964 3589 1017 3641 In
1045 3588 1145 3642 hoc
1172 3588 1312 3643 enim
1347 3587 1630 3656 probamus
1666 3588 1808 3657 quod
1844 3604 1936 3657 pe—

355 3661 558 3731 regrini
596 3673 813 3724 sumus,
861 3659 906 3714 si
945 3658 1214 3731 cmlestem
1264 3658 1485 3731 patriam
1529 3657 1931 3731 desideramus.

355 3727 529 3785 Neirio
558 3746 615 3785 se
639 3729 1018 3785 circumveniat
1035 3770 1051 3795 ,
1080 3727 1616 3783 fratrcs’dilectissimi
1637 3770 1652 3793 ,
1676 3728 1934 3783 Christia-

355 3817 551 3856 norum
580 3801 744 3856 patria
776 3799 856 3853 vel
896 3799 1082 3852 civitas
1107 3814 1211 3851 non
1240 3806 1321 3852 est
1349 3797 1435 3851 hic
1468 3815 1480 3849 :
1512 3797 1934 3853 Christianorum

354 3867 632 3928 beatitudo
676 3885 797 3925 vera
823 3878 878 3923 et
918 3880 1118 3923 teterna
1164 3867 1384 3922 felicitas
1426 3883 1529 3921 non
1559 3878 1640 3921 est
1690 3869 1791 3922 hic.
1835 3868 1933 3934 Qui

358 3942 661 3996 felicitatem
711 3940 899 4010 quarrit
941 3940 993 3992 iu
1039 3938 1271 4010 mundo,
1313 3952 1417 3992 non
1459 3938 1843 4010 illambabebit
1883 3939 1936 3992 in

354 4013 518 4067 celo.
567 4008 746 4065 Patria
789 4020 965 4063 nostra
1011 4008 1286 4077 paradisus
1342 4018 1458 4073 est,
1520 4008 1707 4061 civitas
1755 4017 1935 4061 nostra

357 4080 656 4137 Jerusalem
683 4090 767 4135 est
791 4079 878 4133 illa
900 4079 1134 4134 catlestis
1164 4094 1178 4144 ;
1205 4078 1349 4133 cives
1384 4077 1551 4131 nostri
1581 4078 1765 4147 Angeli
1791 4088 1933 4145 sunt,

358 4160 613 4222 parentes
642 4149 810 4205 nostri
840 4148 1160 4204 l’atriarcha:
1211 4156 1337 4222 sunt
1372 4155 1427 4222 et
1454 4147 1753 4222 Pr0pbetrn,
1792 4151 1935 4216 Apo-

357 4217 486 4278 stoli
512 4232 566 4275 et
598 4228 858 4291 martyres
886 4236 901 4291 ;
931 4235 1022 4273 rex
1066 4226 1248 4291 noster
1281 4217 1522 4291 Christus
1558 4227 1655 4269 est.
1695 4217 1783 4291 Sic
1812 4234 1939 4287 ergo

356 4294 415 4349 in
454 4292 555 4347 ista
586 4287 1009 4361 peregrinatione
1050 4289 1287 4342 vivamus
1311 4328 1331 4361 ,_
1366 4299 1447 4361 ut_
1468 4287 1608 4340 illam
1642 4288 1796 4361 talem
1843 4304 1938 4356 pa-

363 4362 519 4417 triam
545 4404 560 4427 ,
588 4357 859 4431 'quaindiu
904 4358 989 4431 hic
1029 4373 1241 4431 sumus,
1302 4357 1936 4431 desiderare__possimus.

356 4432 461 4501 Qui
488 4427 641 4487 enim‘
675 4432 811 4485 male
840 4430 1065 4485 voluerit
1107 4429 1304 4495 vivere,
1352 4427 1572 4497 patriam
1618 4428 1765 4482 illaut
1793 4427 1937 4483 desi-

363 4503 556 4558 derare
584 4516 685 4557 non
711 4509 902 4569 potest.

432 4574 487 4627 5.
533 4568 836 4627 Sanctorum
872 4570 1112 4641 gaudium
1140 4569 1199 4621 de
1239 4569 1366 4622 bona
1393 4576 1562 4622 nostra
1586 4568 1705 4641 vita,
1735 4568 1938 4641 tristitia

359 4646 425 4697 de
450 4643 605 4696 mala.
645 4642 761 4697 Jam
798 4639 1032 4695 ad‘illam
1063 4642 1283 4709 patriam
1315 4652 1414 4691 uos
1450 4640 1719 4709 przccessit
1748 4639 1941 4691 nmlta-

361 4729 482 4767 rum
511 4712 934 4767 Patriareharum
956 4720 1008 4765 et
1034 4708 1438 4777 PrOphetarum,
1464 4708 1626 4764 etiam
1659 4709 1940 4775 Apostolo-

362 4798 480 4837 rum
508 4793 561 4837 et
590 4792 878 4851 martyrum
906 4781 1171 4852 gloriosus
1208 4779 1473 4833 exercitus
1497 4820 1511 4844 ,
1544 4790 1599 4833 et
1625 4778 1787 4832 multa
1830 4780 1939 4831 mil-

358 4854 431 4909 lia
459 4853 820 4907 confessorum
846 4863 899 4905 et
939 4851 1196 4918 virgmum
1218 4889 1233 4912 ,
1257 4860 1311 4903 et
1337 4863 1441 4902 non
1467 4863 1656 4917 parvus
1691 4865 1939 4901 numerus

358 4923 598 4978 ﬁdelium
636 4923 947 4991 populorum
978 4919 1112 4991 :qui
1142 4935 1333 4991 omnes
1350 4919 1457 4991 jam
1491 4919 1551 4991 in
1576 4918 1725 4991 beata
1758 4919 1938 4991 requie

358 4986 664 5055 constituti,
705 4986 808 5046 nos
842 4986 1076 5058 quotidie
1121 4990 1368 5056 expansis
1409 4988 1639 5041 brachiis
1667 4986 1941 5043 rharitatis

363 5072 707 5132 exspcmaut,
756 5062 1118 5132 desiderantes
1151 5060 1345 5125 pariter
1390 5068 1444 5112 et
1491 5066 1739 5132 nrantes,
1770 5068 1823 5109 ut
1864 5059 1941 5132 de

359 5127 522 5188 arena
567 5132 747 5186 mundi
789 5132 969 5195 istius,
1022 5130 1073 5183 in
1106 5146 1205 5197 qua
1248 5127 1741 5201 contra_diabol_um
1790 5129 1941 5201 nobis

361 5219 601 5273 pugnare
634 5210 1006 5273 necesseiest,
1052 5201 1414 5273 victores__n_ns
1446 5197 1941 5273 cunttrimnpboet

358 5268 713 5329 exsultatione
745 5273 795 5326 in
828 5272 911 5325 illa
943 5270 1105 5341 patria
1135 5269 1360 5346 paradisi
1382 5268 1693 5336 suscipiant.
1717 5270 1771 5323 Si
1799 5269 1938 5322 enim

425 5388 498 5449 (α)
515 5384 667 5449 Prodit
693 5397 818 5449 nunc
854 5384 1056 5449 primum
1090 5395 1149 5429 ex
1186 5381 1371 5449 duobus
1532 5380 1941 5449 _(:orbciensilms,

357 5440 605 5511 quibusin
630 5447 762 5511 libris
793 5440 988 5499 tla‘Esarii
1008 5457 1182 5511 nomen
1209 5446 1431 5511 praefert;
1454 5443 1539 5489 nisi
1565 5440 1691 5503 quod
1719 5443 1764 5511 in
1788 5441 1943 5489 altero

361 5504 424 5558 ἐκ
452 5510 527 5559 bis
560 5509 852 5564 vetustiore,
875 5519 985 5553 cum
1005 5504 1280 5552 Caesarianis
1310 5504 1383 5552 a‘ii
1408 5512 1491 5552 uot
1525 5504 1831 5551 sermonibus
1854 5510 1943 5550 Au-

361 5572 555 5611 mulino
577 5570 863 5611 adscribitur
887 5580 914 5611 a
942 5567 1090 5611 prima
1128 5578 1295 5611 uetuit.
1322 5518 1408 5611 sed
1432 5578 1458 5611 a
1488 5563 1698 5611 secunda
1719 5565 1941 5611 (laesario.

359 5572 555 5635 gustan
577 5563 863 5635 adscribitur
887 5580 914 5614 a
942 5567 1090 5627 prima
1128 5578 1295 5635 nstitit,
1322 5563 1458 5635 sucina
1488 5563 1698 5635 secunda
1719 5565 1941 5635 Caesarie.

358 5625 529 5682 Eumer
549 5631 608 5680 ad
631 5630 922 5690 superiores
939 5625 1194 5690 sermones
1214 5626 1273 5674 67
1298 5634 1347 5690 et
1371 5627 1445 5674 68.
1475 5634 1710 5690 murrea
1726 5625 1787 5690 de
1813 5639 1941 5690 imm.

357 5696 388 5744 Ἰ
414 5694 509 5743 vid.
549 5686 739 5741 (ἱερείαιίῆ
784 5688 945 5737 ltomil.
966 5689 1037 5745 19,
1066 5689 1111 5736 iu
1135 5687 1259 5745 line;
1284 5688 1346 5737 de
1372 5704 1499 5737 nun).
1527 5690 1555 5731 8
1573 5722 1586 5748 ,
1614 5686 1775 5749 homil.
1810 5688 1860 5735 2|
1895 5694 1943 5736 et

361 5758 440 5816 ω,
461 5752 811 5818 euppendicis
827 5751 971 5813 hujus
993 5764 1139 5800 Serm.
1166 5750 1244 5811 ‘29,
1267 5765 1315 5801 ιι.
1352 5752 1387 5817 ξ.

1743 296 1971 355 SERllO
2010 295 2195 353 LXlX.

3460 307 3625 385 1878:

2026 415 2161 489 bene
2191 414 2441 489 agimus,
2469 417 2512 472 si
2541 416 2800 473 diabolica
2845 425 3065 489 peccatu
3089 427 3142 475 et
3176 418 3475 479 mortiferas
3506 408 3629 476 de!

2028 485 2337 541 lectationes
2376 490 2766 543 contemnimus
2820 485 2873 543 iu
2926 488 3030 545 hoc
3072 489 3303 554 mundo,
3353 492 3623 546 omnibus-

2028 556 2129 607 illis
2169 557 2356 623 gaudia
2395 573 2710 627 generamus
2740 559 2789 612 iu
2819 559 2958 614 ctelo
2988 578 3001 614 :
3045 560 3090 616 si
3116 575 3247 614 vero
3271 560 3437 615 Deum
3472 576 3600 615 cou-

2028 627 2336 699 temnimus,
2359 635 2417 681 et
2440 628 2690 699 mundum
2720 628 3004 698 diligimus,
3036 630 3258 686 crimina
3298 638 3353 686 et
3391 641 3600 699 peccata

2027 696 2426 770 complectimur
2458 713 2473 763 ;
2515 698 2634 752 illos
2669 696 2880 769 quidem
2909 715 3128 766 attines,
3175 711 3232 755 ut
3267 696 3427 770 supra
3468 700 3606 755 dixi—

2029 779 2148 839 mus
2168 806 2204 839 ,A
2229 766 2459 836 Angelos
2480 810 2494 839 ,
2516 771 2571 839 7A
2583 766 2817 838 posiolos
2846 772 2902 824 et
2942 779 3201 839 Martyres
3227 766 3604 826 coniristamus

2028 836 2079 887 iu
2108 836 2244 911 coelo
2266 875 2293 911 ,_
2326 845 2381 891 et
2406 838 2559 892 nobis
2584 836 2855 911 internum
2886 836 3247 911 przeparamus
3277 839 3599 911 incendium.

2098 906 2132 959 4
2174 906 2400 979 Christus
2439 917 2627 978 spectat
2666 917 2713 962 et
2745 906 2953 978 adjuvat
2996 906 3087 979 pro
3119 927 3173 964 se
3200 919 3459 964 certantes.
3502 909 3602 963 Di-

2029 989 2167 1049 versa
2205 974 2388 1049 Christi
2431 974 2476 1049 et
2504 979 2688 1032 diaboli
2729 974 3006 1047 promissa!
3032 979 3171 1034 Ecce
3209 987 3604 1049 exspectantes

2029 1044 2269 1117 Christus
2294 1047 2345 1099 in
2362 1047 2499 1101 coelo
2512 1062 2633 1102 cum
2662 1044 2875 1117 Angelis
2894 1050 3022 1111 suis,
3045 1050 3271 1117 qualiter
3290 1044 3473 1104 contra
3494 1050 3609 1105 dia-

2031 1115 2206 1169 bolum
2223 1117 2504 1185 ctaugelos
2519 1118 2634 1187 ejus
2648 1115 3021 1187 repugnemus.
3046 1115 3164 1174 Non
3187 1121 3486 1184 timeamus,
3508 1122 3606 1172 fra-

2037 1193 2171 1258 tres,
2191 1187 2440 1258 quianon
2462 1187 2631 1243 solum
2648 1202 2744 1241 nos
2755 1187 2997 1244 Christus
3017 1188 3418 1258 exspectat,sed
3436 1190 3598 1243 etiam

2030 1254 2465 1328 adjuvat._Nolite
2491 1258 2677 1328 timere
2696 1299 2711 1322 ,
2741 1258 2905 1313 nolite
2928 1254 3212 1327 desperare
3244 1277 3257 1312 :
3302 1254 3453 1314 Srevit
3483 1260 3604 1328 qui-

2028 1323 2150 1397 dem
2177 1323 2419 1378 diabolus
2449 1342 2464 1389 ;
2493 1326 2587 1382 sed
2617 1323 3043 1382 consolationem
3067 1331 3298 1397 porriget
3340 1323 3602 1384 Chrisius.

2035 1393 2320 1461 Exspectat
2350 1406 2401 1448 te
2426 1406 2743 1465 pugnantem
2766 1438 2778 1455 .
2808 1398 3021 1462 adjuvat
3051 1393 3103 1453 te
3128 1393 3454 1453 laborantem
3476 1440 3491 1463 ,
3517 1413 3603 1453 co-

2035 1473 2188 1537 ronat
2222 1465 2612 1537 tevincentem
2645 1484 2658 1519 :
2702 1469 2806 1520 noli
2845 1467 3164 1537 desperare,
3213 1468 3322 1522 noli
3357 1483 3604 1522 succum-

2034 1535 2188 1606 bere.»
2212 1534 2401 1606 fl‘alem
2439 1536 2820 1606 imperatorem
2848 1534 3006 1606 super
3036 1548 3086 1590 te
3110 1538 3301 1602 babes,
3325 1548 3378 1592 et
3403 1538 3559 1592 times
3585 1539 3609 1589 ἲ

2031 1602 2321 1676 Considera
2361 1605 2486 1674 quid
2518 1602 2589 1659 Sit
2611 1606 2751 1676 quod
2791 1606 2883 1661 tibi
2915 1602 3187 1675 promittit
3226 1607 3467 1662 diabolus
3491 1650 3504 1672 ,
3554 1619 3612 1662 et

2032 1672 2159 1739 quid
2204 1673 2272 1726 sit
2316 1672 2457 1741 quod
2508 1677 2598 1729 tibi
2629 1672 2868 1731 'daturus
2914 1672 2995 1731 est
3047 1677 3308 1732 Christus.
3360 1678 3611 1731 Diabolus

2037 1742 2293 1809 promittit
2322 1744 2519 1798 falsam.
2540 1745 2871 1801 dulcedinem
2894 1788 2907 1808 ,
2937 1747 3182 1802 Christus
3222 1763 3399 1802 veram
3438 1747 3609 1801 beati-

2037 1812 2317 1898 tudinem:
2348 1813 2588 1898 diabolus
2601 1816 2805 1898 ingerit
2831 1831 2963 1898 vana
2989 1817 3176 1898 gaudia
3207 1817 3388 1898 mundi
3412 1858 3425 1880 ,
3452 1816 3613 1898 Chri-

2034 1890 2147 1957 stus
2174 1896 2351 1936 veram
2384 1883 2758 1957 beatitudinem
2786 1883 3032 1957 paradisi.
3064 1887 3315 1957 Diabolus
3344 1901 3438 1957 per
3455 1887 3611 1940 adul-

2037 1952 2225 2005 terium
2254 1953 2502 2023 providet
2530 1955 2683 2009 unius
2711 1952 2856 2010 hora:
2902 1956 3136 2011 libidinis
3161 1952 3565 2012 delectationem
3592 1997 3609 2023 ,

2037 2030 2095 2074 ut
2119 2022 2324 2076 occidat
2351 2024 2579 2077 animam
2628 2024 2978 2080 immortalem
3013 2043 3026 2078 :
3058 2026 3299 2081 Christus
3324 2026 3418 2080 tibi
3458 2022 3619 2080 com?"

2040 2092 2590 2165 meudat_castitatem
2639 2110 2924 2163 paucorqu
2970 2096 3211 2161 dierum,
3247 2096 3440 2165 quibus
3477 2097 3611 2150 vivis

2039 2162 2088 2235 in
2131 2160 2362 2235 mundo,
2392 2172 2453 2235 ut
2478 2164 2567 2235 tibi
2616 2160 3011 2220 similitudinem
3059 2160 3379 2235 Angelorum
3423 2165 3616 2221 reddat

2039 2231 2593 2305 in__ctnlo._l)iabolus
2623 2250 2720 2303 pro
2762 2235 2863 2289 lata
2902 2244 2957 2290 et
3002 2231 3233 2305 spatiosa
3280 2236 3503 2290 luxuria:
3529 2237 3612 2289 via

2036 2300 2285 2377 sollicitat
2313 2302 2368 2354 in
2398 2300 2661 2377 internum
2688 2320 2719 2377 _:_
2752 2306 2991 2377 Christus
3016 2300 3293 2377 profarcla
3311 2316 3363 2359 et
3390 2315 3628 2377 august»

2036 2371 2292 2424 castitatis
2318 2380 2372 2425 et
2395 2373 2771 2427 misericordia:
2797 2376 2878 2428 via
2907 2371 3085 2429 iuviiat
3117 2376 3169 2429 in
3198 2376 3414 2429 etelum.

2107 2440 2155 2493 5.
2202 2439 2447 2514 Libertas
2470 2443 2684 2514 eligendi
2714 2445 2844 2497 riam
2896 2448 3125 2498 dextram
3185 2456 3275 2498 aut
3336 2446 3620 2499 sinistram.

2050 2508 2153 2562 Viae
2200 2509 2316 2563 latte
2359 2508 2593 2586 dulcedo-
2615 2512 2773 2586 brevis
2805 2523 2851 2567 et
2891 2514 3023 2586 falsa
3045 2558 3059 2578 ,
3100 2516 3187 2568 sed
3229 2532 3376 2585 paena
3412 2518 3565 2586 longa
3596 2531 3615 2568 :

2037 2590 2190 2653 arch
2209 2597 2236 2634 ε
2259 2584 2529 2636 contrario.
2554 2582 2708 2643 Ecce.
2740 2582 2921 2649 homo,
2945 2585 3109 2639 habes
3124 2582 3311 2653 aquam
3333 2599 3387 2639 et
3416 2582 3611 2653 ignem,

2037 2650 2198 2703 vitam
2238 2660 2292 2704 et
2329 2663 2555 2707 mortem
2588 2670 2603 2717 ;
2651 2653 2814 2708 habes
2850 2663 2975 2708 ante
3004 2666 3054 2709 te
3080 2650 3275 2709 bonum
3310 2664 3365 2708 et
3387 2650 3608 2719 malum,
3664 2698 3675 2707 .

2041 2720 2217 2793 habes
2241 2721 2501 2776 infernum
2526 2731 2582 2777 et
2603 2738 2846 2793 regnum,
2871 2724 3033 2779 babes
3061 2724 3246 2779 falsam
3279 2725 3616 2780 dulcedinem

2039 2790 2255 2866 mundi,
2304 2802 2360 2846 et
2401 2807 2579 2847 veram
2623 2790 2998 2866 beatitudinem
3047 2796 3295 2866 paradisi.
3357 2795 3482 2849 Data
3531 2805 3616 2850 est

2040 2861 2130 2913 tibi
2163 2870 2395 2934 potestas
2435 2877 2533 2934 per
2567 2866 2788 2934 gratiam
2821 2863 3016 2918 Christi
3039 2861 3063 2931 ,⁷
3097 2866 3162 2920 ad
3209 2866 3347 2934 quod
3389 2866 3619 2921 volueris

2039 2932 2249 3007 porrige
2293 2932 2510 3007 manum
2551 2932 2587 3007 τί
2611 2935 2748 3007 elige
2775 2935 2966 2998 vitam,
2995 2945 3053 2990 ut
3089 2932 3447 3007 vivas(Deut.
3484 2952 3614 3001 xxx,

2039 3000 2203 3075 19);
2253 3002 2491 3075 relinque
2533 3000 2801 3059 sinistram
2858 3014 2914 3061 et
2955 3007 3240 3074 spatiosum
3271 3000 3461 3071 'viam,
3496 3000 3618 3075 quae

2040 3072 2199 3125 trahit
2256 3072 2701 3146 a_d__morte_m.et
2745 3083 2866 3146 tene
2906 3072 3176 3146 desteram
3211 3086 3265 3131 et
3306 3072 3614 3146 angustam,

2036 3157 2156 3210 qua:
2201 3152 2252 3196 te
2276 3142 2500 3197 feliciter
2524 3144 2669 3199 ducit
2709 3145 2774 3198 ad
2826 3146 3006 3199 vitam.
3036 3145 3151 3201 Non
3194 3154 3246 3201 te
3273 3142 3477 3211 teneat,
3506 3162 3615 3200 non

2042 3222 2093 3265 te
2120 3211 2347 3285 delectet
2377 3213 2615 3285 sinistra.
2650 3214 2791 3269 Illius
2830 3216 3048 3270 latitudo
3086 3216 3259 3285 ampla
3296 3216 3509 3285 quidem
3535 3226 3621 3271 est

2038 3290 2092 3335 et
2131 3283 2282 3351 plana
2303 3323 2320 3349 ,
2342 3292 2397 3338 et
2424 3284 2649 3340 diversis
2675 3285 2891 3340 ﬂoribus
2915 3295 3099 3340 ornata
3128 3304 3142 3340 :
3170 3283 3261 3341 sed
3288 3283 3446 3341 ﬂores
3475 3286 3614 3341 illius

2037 3353 2145 3406 cito
2182 3363 2549 3426 marcescunt,
2582 3364 2634 3409 et
2660 3356 2798 3411 inter
2830 3357 2976 3424 ipsos
3011 3356 3172 3411 ﬂores
3212 3365 3492 3426 serpentes
3521 3373 3618 3411 vce

2039 3424 2224 3494 uenosi
2252 3439 2310 3479 se
2331 3424 2634 3494 frequenter
2657 3426 3025 3491 abscondunt;
3053 3437 3112 3481 ut
3135 3427 3260 3480 dum
3293 3424 3347 3481 tu
3384 3427 3449 3482 ad
3482 3426 3614 3482 falsa

2038 3493 2227 3565 gaudia
2269 3493 2460 3559 curris,
2504 3510 2711 3551 veneno
2752 3496 3023 3552 mortifero
3050 3496 3273 3551 feriaris.
3305 3499 3489 3565 Ampla
3512 3507 3615 3562 est,

2038 3563 2131 3617 sed
2166 3579 2282 3617 non
2329 3565 2502 3635 longa.
2537 3566 2775 3620 Attendis
2811 3582 2902 3635 per
2926 3567 3133 3635 qualem
3163 3568 3299 3619 viam
3337 3563 3485 3621 vadis
3517 3583 3531 3629 ;
3563 3577 3619 3621 et

2040 3648 2144 3686 non
2187 3634 2415 3689 attendis
2436 3636 2513 3705 ad
2553 3635 2761 3704 qualem
2800 3634 3023 3705 patriam
3078 3639 3346 3704 pervenis.
3388 3639 3442 3690 Si
3487 3638 3618 3691 mihi

2041 3719 2145 3756 non
2165 3705 2354 3769 credis,
2382 3704 2449 3758 ad
2472 3715 2696 3759 mortem
2725 3716 2775 3759 te
2799 3704 3067 3759 subtrahis
3101 3723 3115 3759 ε
3162 3706 3269 3759 imo
3298 3708 3343 3759 si
3375 3708 3425 3760 in
3454 3707 3613 3761 Chri-

2039 3783 2122 3845 sto
2150 3788 2255 3827 non
2279 3776 2472 3839 credis,
2501 3776 2551 3828 in
2602 3774 2809 3831 inferno
2832 3776 3046 3845 peribis.
3074 3775 3163 3831 Sic
3190 3776 3333 3831 enim
3377 3778 3489 3845 ipse
3515 3778 3620 3831 Do-

2041 3844 2214 3917 minus
2254 3844 2303 3917 in
2352 3845 2639 3914 Evangelio
2661 3846 2809 3917 dixit.
2840 3844 2977 3899 Lata
2999 3855 3043 3899 et
3064 3847 3286 3917 spatiosa
3309 3844 3485 3900 via’est
3504 3861 3619 3915 qut:

2040 3914 2177 3985 ducit
2216 3914 2282 3966 ad
2321 3926 2527 3967 mortem
2564 3956 2579 3978 ,
2608 3926 2653 3968 et
2691 3916 2835 3969 multi
2877 3926 2993 3969 sunt
3031 3914 3115 3983 qui
3152 3917 3343 3969 intrant
3370 3933 3458 3985 per
3483 3933 3613 3969 eam.

2045 3984 2280 4037 Delectat
2308 3985 2566 4052 quidem;
2613 3987 2704 4040 sed
2749 3986 2961 4054 decipit.
3008 3987 3049 4040 Ε
3105 3988 3373 4040 contrario
3401 3988 3615 4040 dextera

2041 4054 2131 4125 via
2165 4070 2268 4107 non
2311 4063 2362 4108 te
2386 4057 2664 4110 contristet
2692 4066 2782 4109 aut
2809 4065 3004 4110 terreat
3037 4074 3050 4109 :
3080 4064 3223 4109 arcta
3263 4057 3476 4125 quidem
3502 4067 3613 4121 est,

2042 4124 2137 4178 sed
2165 4141 2211 4176 nc
2235 4140 2267 4178 u
2300 4125 2469 4194 longa.
2503 4126 2612 4179 Nec
2656 4126 2708 4179 iu
2740 4127 2827 4180 illa
2857 4127 2958 4180 lata
2988 4126 3075 4179 diu
3101 4126 3361 4195 gaudetur
3383 4167 3396 4191 ,
3431 4142 3527 4180 nec
3566 4128 3617 4181 iu

2043 4196 2142 4265 ista
2171 4206 2387 4261 angusta
2418 4194 2506 4248 diu
2540 4196 2827 4250 laboratur.
2880 4196 2971 4250 Illa
3010 4194 3131 4265 post
3169 4197 3384 4249 brevem
3436 4197 3615 4249 latitu-

2043 4264 2219 4318 dinem
2239 4267 2319 4336 ad
2361 4275 2588 4336 aeternas
2615 4267 2883 4333 angustias
2919 4264 3079 4319 trahit
3106 4281 3121 4331 ;
3152 4266 3249 4336 ista
3283 4276 3400 4336 post
3429 4270 3618 4321 breves

2042 4335 2311 4402 angustias
2347 4335 2412 4388 ad
2448 4344 2698 4389 :rteruam
2728 4335 3100 4389 beatitudinem
3130 4334 3294 4388 ducit.

2114 4404 2167 4476 ti.
2210 4403 2592 4467 Laborandum,
2622 4415 2675 4476 ut
2720 4406 2858 4458 bonis
2884 4406 3113 4476 operibus
3140 4406 3378 4476 gaudium
3409 4406 3473 4459 iur
3493 4407 3618 4458 creto

2045 4475 2187 4527 nobis
2215 4490 2581 4543 comparemus.
2611 4475 2699 4529 Sic
2737 4491 2862 4543 ergo
2881 4490 3001 4529 cum
3040 4475 3153 4530 Dei
3177 4475 3442 4542 adiutorio
3471 4477 3618 4530 labo-

2044 4560 2163 4599 rare
2189 4559 2478 4610 conemur,
2508 4545 2695 4599 fratres
2715 4584 2731 4610 ,
2762 4556 2814 4599 et
2840 4555 3052 4614 peccata
3076 4546 3433 4615 repudiautes,
3465 4547 3618 4615 bonis

2045 4629 2144 4668 nos
2179 4616 2427 4685 operibus
2479 4631 2798 4669 exornemus
2840 4633 2853 4669 :
2891 4625 2947 4669 ut
2985 4630 3081 4670 nos
3111 4614 3203 4669 rex
3245 4625 3425 4685 noster
3458 4614 3617 4668 Chri-

2048 4693 2183 4750 stus,
2212 4684 2358 4739 eives
2387 4686 2552 4738 uestri
2581 4685 2784 4754 Angeli,
2814 4694 3058 4753 parentes
3088 4686 3251 4738 nostri
3277 4684 3616 4745 Patriarcb-v,

2046 4754 2356 4825 Prophetze.
2398 4755 2633 4825 Apostoli
2658 4794 2673 4817 ,
2722 4766 2982 4825 martyres
3007 4796 3021 4819 ,
3067 4754 3403 4825 confessores
3429 4763 3482 4807 et
3510 4756 3617 4807 vir-

2044 4824 2228 4892 gines,
2253 4825 2338 4893 qui
2380 4839 2479 4878 nos
2505 4824 2617 4892 jam
2657 4825 2707 4877 in
2751 4823 3015 4878 civitatem
3056 4834 3288 4878 nostram
3327 4823 3618 4878 Jerusalem

2045 4895 2313 4949 ccelestem
2352 4894 2576 4948 feliciter
2617 4902 3029 4963 prmCesseruut,
3074 4909 3194 4947 cum
3236 4895 3429 4963 gaudio
3456 4902 3510 4949 et
3534 4911 3618 4949 ex-

2045 4964 2329 5045 sultatione
2377 4964 2684 5033 suscipiant.
2728 4963 2816 5019 Sic
2844 4979 2971 5045 ergo
3017 4978 3267 5045 agamus,
3298 4963 3509 5045 fratres,
3568 4974 3624 5018 ut

2048 5050 2141 5103 per
2176 5034 2311 5087 bona
2354 5048 2514 5102 opera
2565 5044 2743 5089 nostra
2770 5034 3017 5104 gaudium
3068 5038 3156 5087 liat
3198 5035 3248 5087 iu
3281 5036 3419 5090 coelo
3464 5050 3623 5102 super

2048 5119 2207 5157 llllllm
2237 5114 2566 5173 peccatorem
2613 5104 2974 5174 pmuiteutiam
3004 5114 3245 5173 agentem
3283 5121 3297 5169 ;
3345 5108 3485 5160 sicut
3509 5105 3623 5174 ipse

2051 5172 2305 5229 Dominus
2328 5183 2477 5227 antea
2505 5172 2750 5243 dignatus
2773 5184 2853 5228 est
2874 5172 3164 5244 praedicere
3193 5178 3211 5245 (
3237 5175 3363 5231 Luc.
3402 5192 3489 5234 xv,
3518 5176 3549 5227 7
3577 5172 3620 5243 ).

2048 5246 2101 5296 Si
2133 5261 2277 5316 ergo,
2300 5246 2349 5297 in
2379 5245 2516 5299 cmlo
2543 5244 2792 5316 gaudium
2825 5246 3073 5316 facimus,
3108 5244 3319 5315 quando
3355 5246 3616 5316 ptenitcn-
3700 5248 3709 5253 ’

2048 5317 2173 5369 tiam
2201 5315 2447 5385 agimus;
2494 5315 2671 5383 utique
2718 5315 2981 5369 tristitiam
3032 5314 3373 5383 generantusj
3410 5314 3624 5383 quando

2048 5386 2112 5438 ad
2156 5394 2489 5454 peccatorum
2526 5395 2827 5439 llOall‘ttl‘llm
2858 5387 3175 5453 voluptatem
3210 5386 3545 5439 recurrimus.

2120 5456 2188 5527 7.7
2220 5455 2454 5509 Charitas
2496 5457 2712 5527 integra.
2765 5455 2887 5511 ideo
2913 5500 2926 5520 ,
2974 5456 3160 5511 fratres
3201 5455 3494 5527 cbarissiuti
3523 5494 3537 5516 ,
3567 5461 3624 5506 ut

2053 5526 2316 5593 possimus
2362 5526 2538 5596 omnia
2581 5525 2792 5596 precata
2817 5568 2829 5589 ,
2871 5528 2980 5581 Deo
3006 5527 3285 5596 adjuvante
3306 5564 3320 5588 ,
3350 5525 3574 5578 evadere
3608 5541 3621 5583 ;

2050 5598 2356 5650 Studeamus
2399 5593 2706 5657 cltarttatem
2758 5599 3015 5661 integram
3063 5593 3362 5659 custodire,
3410 5602 3464 5647 et
3514 5609 3619 5646 non

2052 5668 2221 5723 Solum
2243 5667 2442 5721 amicos
2462 5709 2476 5731 ,
2509 5668 2600 5723 sed
2628 5668 2784 5723 etiam
2816 5667 3056 5720 inimicos
3084 5664 3330 5730 diligere,
3362 5677 3413 5717 et
3441 5679 3626 5717 omnes

2055 5737 2348 5807 supplicare
2404 5740 2567 5805 velle,
2624 5753 2717 5808 pro
2760 5737 2961 5793 cunctis
3005 5733 3305 5791 hominibus
3355 5749 3526 5790 orare.
3569 5733 3626 5788 Si
