4016 6436
164 290 188 337 1
197 294 298 347 £95

120 454 129 461 .
162 414 259 466 hoc
283 410 787 491 mstitnodnttiiilitur
810 409 1019 491 dictum
1050 409 1245 491 'iqula
1276 416 1455 491 tantus
1484 417 1656 491 terror
1684 420 1738 491 et

161 492 303 537 tanta
336 482 659 536 evaminatio
686 482 785 533 erit
810 481 859 534 in
890 480 978 533 die
999 480 1177 548 judicii
1200 520 1215 543 ,
1267 489 1321 532 ut
1346 482 1505 533 etiam
1546 480 1617 531 illi
1647 481 1737 548 qui

160 555 333 607 oleum
355 551 728 606 misericordia:
748 566 806 603 se
833 550 1127 617 intelligunt
1149 549 1501 603 abundantius
1531 565 1733 618 priepa-

161 638 344 683 rassc,
374 630 612 675 metuant
656 636 722 673 ne
746 622 824 673 eis
856 621 1022 686 possit
1046 620 1111 672 ad
1138 620 1312 672 omnia
1345 628 1561 688 peccata
1591 620 1735 673 redi-

160 693 352 748 menda
382 692 643 747 sul’licere.
685 690 812 743 lllud
840 703 968 744 vero
993 689 1132 757 qttod
1171 687 1366 742 dictum
1393 699 1474 743 est
1492 729 1506 750 ,
1537 687 1618 741 Ite
1645 706 1735 757 po-

163 763 259 817 tius
284 764 350 814 ad
398 763 694 824 vendentes,
721 770 766 813 et
792 761 936 813 emite
964 760 1132 822 vobis;
1175 767 1346 825 potest
1376 759 1475 811 hoc
1512 758 1579 811 de
1603 774 1735 826 pan-

163 833 376 900 poribus
424 831 666 899 intelligi.
700 830 801 897 Ipsi
844 836 967 884 sunt
998 828 1386 900 negotiatores.
1429 828 1516 900 qui
1558 829 1733 900 ole_um

159 897 455 957 animarum
508 897 839 967 lampadibus
902 898 1258 952 necessarium
1320 897 1571 951 vendunt.
1632 897 1738 951 Per

159 972 304 1040 ipsos
324 972 463 1025 enim
486 970 590 1023 hoc
610 969 875 1038 negotium
896 967 1139 1022 Christus
1164 982 1411 1021 exercere
1440 968 1732 1020 consuevit.

160 1043 218 1096 In
256 1042 384 1107 ipsis
414 1041 555 1102 enim
584 1040 773 1105 accipit
806 1048 1012 1092 terrena
1033 1078 1048 1100 ,
1096 1046 1471 1106 repensaturns
1516 1048 1733 1091 :rterna.

161 1114 398 1175 Denique
425 1113 501 1164 sic
531 1112 643 1178 ipse
669 1109 804 1162 dixit
827 1150 841 1171 ,
875 1107 1132 1178 Quamdiu
1175 1107 1473 1178 fecistisuni
1497 1123 1560 1160 ea:
1588 1109 1737 1160 mini-

156 1183 255 1235 mis
306 1181 414 1235 istis
437 1222 451 1243 .
502 1175 627 1232 mihi
657 1179 845 1247 fecistis
875 1177 1086 1248 (Matth.
1116 1191 1228 1230 xxv
1253 1218 1266 1237 .
1295 1175 1408 1248 40).
1445 1178 1735 1248 Lampados

157 1261 356 1313 autem,
381 1251 570 1303 anima:
588 1247 1113 1317 itilelligtttttttr.Vasa
1142 1256 1317 1301 autem
1345 1248 1429 1300 illa
1450 1247 1537 1300 tibi
1558 1249 1733 1301 oleum

158 1330 464 1376 reservatur
487 1360 502 1386 ,
530 1319 869 1372 conscientiae
895 1318 1046 1371 bona:
1075 1318 1457 1381 signiﬁcantur.
1487 1317 1622 1382 Quid
1653 1327 1736 1370 est

156 1400 333 1444 autem
359 1391 532 1443 oleum
557 1391 608 1442 in
636 1391 773 1441 vasis
802 1389 997 1441 habere
1020 1428 1033 1447 ,
1057 1387 1310 1440 nisiiutus
1332 1388 1381 1439 in
1411 1388 1735 1441 conscientia

160 1475 321 1528 opera
375 1461 510 1513 bona
539 1457 871 1514 recondere?
905 1459 967 1511 Et
994 1458 1115 1526 quia
1162 1471 1323 1528 opera
1367 1458 1503 1528 bona
1530 1457 1735 1528 alii_fa-

156 1525 308 1584 ciunt
336 1545 433 1599 pro
466 1529 554 1581 Dei
585 1543 799 1588 amore,
828 1528 913 1581 alii
952 1525 1060 1599 pro
1109 1526 1395 1599 cupiditate
1434 1526 1607 1599 laudis
1632 1525 1734 1579 hu-

158 1596 354 1660 manm,
376 1600 605 1667 virgines
629 1600 728 1651 ill:e
744 1608 799 1652 et
824 1597 973 1667 quod
994 1598 1044 1649 in
1070 1596 1545 1667 corporevirgines
1562 1607 1731 1659 erant,

157 1678 212 1723 et
241 1669 382 1738 quod
420 1665 478 1723 se
505 1669 695 1737 vigiliis
720 1670 762 1731 ²,
794 1665 1012 1738 psalmis
1034 1707 1049 1729 ,
1078 1665 1395 1738 lectionibus
1422 1666 1504 1719 vel
1536 1667 1734 1719 oratio-

160 1735 318 1793 nibus
344 1735 695 1803 exercebant,
728 1735 893 1791 totum
922 1736 1021 1789 hoc
1048 1749 1143 1803 pro
1165 1735 1316 1789 laude
1346 1735 1595 1798 humana,
1628 1751 1732 1789 non

159 1825 259 1878 pro
306 1809 412 1863 Deo
440 1810 519 1861 vel
566 1824 663 1877 pro
705 1817 899 1861 aeterna
930 1804 1252 1878 beatitudine
1279 1805 1577 1878 faciebant;
1618 1806 1736 1878 ideo

160 1876 334 1933 inerte
382 1876 767 1933 interveniente
793 1920 807 1943 ,
840 1877 929 1930 ubi
958 1876 1025 1930 ab
1053 1876 1130 1929 eis
1150 1877 1376 1930 cessavit
1405 1876 1518 1929 laus
1568 1877 1736 1928 homi-

161 1965 320 2012 num,
344 1949 500 2003 simul
530 1948 633 2002 illis
663 1947 859 2003 defecit
886 1956 941 2000 et
962 1946 1159 2000 oleum.
1190 1946 1318 1999 Nam
1347 1946 1473 2000 illud
1496 1946 1634 2014 quod
1658 1948 1735 1999 ris

157 2017 361 2072 dictum
400 2027 483 2099 est
504 2059 518 2083 ,
552 2017 631 2071 Ite
659 2019 824 2099 potius
850 2017 917 2069 ad
960 2015 1221 2099 veridentcs
1241 2056 1263 2095 ,.
1296 2025 1344 2099 et
1364 2016 1731 2099 entite‘vobiss

160 2098 339 2157 potest
360 2099 415 2143 et
441 2089 519 2143 sic
564 2085 1202 2157 accipi.rut‘vcndentes
1252 2085 1610 2157 intelligantur
1659 2086 1734 2139 illi

157 2154 514 2228 quiivirgioes
543 2154 711 2211 fatuas
752 2154 959 2228 blandis
990 2154 1382 2228 adulationibus
1427 2154 1732 2221 przedicant.

160 2221 314 2282 Unde
344 2221 650 2297 intelligitur
665 2225 1014 2297 quod‘omnes
1038 2224 1126 2297 qui
1150 2222 1335 2297 laudes
1362 2221 1619 2297 humanas
1642 2238 1733 2276 ac-

156 2297 342 2366 cipere
361 2291 581 2366 cupiu'nt
601 2336 616 2361 ,
639 2291 862 2366 quodin
886 2306 1049 2366 opere
1072 2291 1162 2346 Dei
1183 2305 1436 2366 exercere
1452 2291 1732 2355 videntur;

158 2360 409 2421 humanis
432 2360 880 2421 assentationibus
902 2360 1137 2416 vendunt
1157 2401 1170 2422 ,
1194 2360 1517 2426 accipientes
1544 2376 1733 2415 vanam

158 2436 407 2499 laudem,
434 2445 488 2488 et
536 2433 751 2504 prtemia
784 2442 1000 2504 aeterna
1055 2430 1355 2504 pet-dentes.
1407 2430 1512 2483 Illae
1556 2440 1736 2485 autem

157 2506 396 2574 virgines
416 2500 735 2574 quin—oleum
783 2500 1168 2574 habueruntin
1197 2500 1341 2554 vasis
1378 2504 1524 2567 suis,
1578 2514 1739 2574 omne

140 2570 297 2643 .optis
323 2570 514 2628 bonum
542 2574 681 2627 intus
725 2573 778 2626 in
817 2571 1194 2643 conscientiam
1248 2579 1566 2643 posuerunt;
1600 2570 1736 2643 ‘quia

157 2638 265 2697 hoc
289 2658 393 2697 non
416 2658 512 2712 pro
532 2643 686 2697 laude
704 2683 720 2709 ,
748 2641 841 2697 sed
872 2656 968 2712 pro
997 2639 1358 2694 misericordia
1387 2639 1564 2694 divina
1592 2638 1739 2695 fece-

156 2721 306 2766 runt.

231 2783 286 2835 4.
323 2780 582 2851 Virginum
614 2782 875 2844 exercitia,
931 2797 993 2851 ne
1010 2779 1268 2851 virginitas
1304 2783 1370 2834 sit
1413 2796 1561 2836 vano.
1610 2780 1737 2836 Haec

142 2850 545 2921 ‘ergoclideliter
590 2852 919 2919 cogitantes.
968 2850 1158 2903 fratres
1187 2850 1557 2914 dilectissimi,
1612 2852 1734 2921 quia

146 2920 409 2987 parabola
444 2924 539 2974 ista
587 2922 652 2975 ad
693 2922 989 2973 universam
1023 2920 1310 2975 Ecclesium
1337 2921 1598 2989 pertinet.
1638 2920 1734 2990 qui

155 3006 267 3043 non
302 2998 523 3057 possunt
541 3004 754 3044 servare
784 2990 1134 3060 virginitatem
1157 2992 1396 3059 corporis
1417 3031 1429 3051 .
1460 2991 1734 3060 integrita-

146 3068 266 3131 tem
295 3060 591 3131 custodiant
640 3059 817 3114 cordis
845 3077 856 3111 :
885 3069 959 3131 ut»
989 3059 1033 3112 si
1071 3059 1135 3111 ad
1156 3073 1405 3113 coronam
1444 3069 1736 3131 martyrum

155 3129 275 3183 sive
313 3130 572 3198 virginum
599 3144 706 3183 non
756 3129 1024 3198 potuerint
1052 3131 1364 3197 pervenire,
1418 3129 1607 3184 saltent
1654 3131 1736 3186 vel

153 3199 396 3252 omnium
440 3212 774 3267 peccatorum
822 3198 1198 3268 indulgentiam
1235 3209 1539 3253 mereantur
1594 3201 1738 3254 acci-

154 3282 309 3338 pere.
341 3268 580 3337 Virgines
602 3283 728 3324 vero
757 3284 876 3335 qua:
906 3270 1256 3337 integritatem
1306 3270 1546 3338 corporis
1565 3309 1579 3328 .
1629 3271 1737 3324 Deo

155 3334 482 3403 auxiliante,
513 3334 856 3401 custodiunt,
880 3334 1258 3400 tctis'viribus.
1299 3334 1419 3392 cum
1453 3334 1541 3391 Dei
1586 3340 1738 3405 adju-

158 3409 330 3469 torio,
363 3408 604 3463 laborare
626 3407 945 3462 contendant
974 3408 1347 3462 verbositatem
1395 3408 1576 3475 fugere
1596 3448 1611 3470 .
1643 3410 1736 3464 de-

159 3479 471 3531 tractionem
497 3480 575 3532 vel
600 3481 1077 3532 murmurationem
1118 3479 1260 3531 velut
1290 3478 1485 3533 diaboli
1531 3494 1737 3534 venena

156 3561 448 3616 respuere,
483 3547 693 3601 invidiae
730 3547 1368 3617 superbiazquectnorbum
1396 3547 1584 3617 ’qnasi
1635 3549 1735 3603 ho-

157 3615 503 3685 stis’gladium
532 3618 906 3685 pertimescere
923 3657 939 3682 ,
962 3615 1318 3671 obedientiam
1349 3615 1622 3672 humiliter
1645 3634 1738 3672 cu-

162 3687 369 3756 stodire
403 3726 418 3748 ,
477 3702 746 3755 nunquam
795 3687 1021 3740 senioris
1052 3696 1312 3756 praecepta
1356 3696 1733 3753 contemnere,

148 3755 372 3825 lectioni
403 3766 459 3810 et
497 3756 726 3810 orationi
763 3756 1041 3820 insistere;
1080 3757 1125 3809 si
1153 3755 1431 3810 infirmitas
1474 3771 1578 3811 non
1611 3773 1736 3825 pro-

158 3824 343 3896 hibet,
392 3826 457 3879 ad
484 3826 689 3896 vigilias
728 3841 849 3880 cum
895 3826 1039 3879 omni
1087 3827 1359 3879 alacritate
1394 3824 1733 3896 consurgere,
1780 3862 1789 3877 .

157 3894 275 3949 sive
296 3897 349 3951 in
376 3894 638 3959 oratorio,
681 3896 793 3951 sive
822 3897 874 3949 in
899 3896 1266 3965 alioquolibet
1318 3896 1468 3960 loco;
1525 3894 1738 3965 semper

158 3965 304 4033 quod
338 3964 405 4018 ad
433 3965 785 4020 obedientiam
815 3965 899 4020 vel
954 3964 1018 4018 ad
1066 3964 1414 4018 humilitatem
1461 3964 1689 4034 pertinet
1717 4008 1733 4032 ,

156 4034 410 4089 studeant
433 4050 497 4090 ex
522 4049 618 4090 ore
657 4034 895 4103 proferre
919 4050 932 4086 ε
957 4034 1002 4088 si
1031 4035 1235 4089 tristem
1281 4033 1510 4089 viderint
1536 4075 1551 4099 ,
1603 4051 1736 4090 con-

159 4105 404 4159 solentur
440 4145 455 4170 ,
512 4105 560 4159 si
608 4104 1000 4160 inobedicntem
1048 4104 1396 4175 agnoverint,
1475 4107 1737 4176 castigare

156 4188 269 4228 non
294 4182 521 4229 cessent.

231 4246 286 4298 5.
324 4243 517 4315 Ubique
544 4244 800 4308 adiutores
825 4243 1011 4300 Christi
1047 4252 1094 4297 et
1127 4243 1336 4299 diaboli.
1376 4245 1476 4315 Qui
1520 4244 1738 4299 ministri

155 4314 351 4368 diaboli
375 4314 791 4368 in'monasteriis.
825 4317 888 4368 Et
913 4315 1033 4384 quia
1061 4316 1112 4367 in
1132 4315 1282 4384 omni
1326 4314 1658 4383 professione
1682 4325 1739 4371 et

156 4384 287 4438 boni
322 4384 661 4438 inveniuntur
685 4394 739 4437 et
778 4384 933 4449 mali,
960 4394 1016 4439 et
1045 4385 1096 4437 in
1120 4383 1356 4438 Ecclesia
1388 4385 1581 4438 Christi
1630 4401 1735 4440 non

154 4454 332 4507 solum
363 4454 627 4518 triticum,
668 4454 761 4508 sed
788 4456 948 4509 etiam
983 4454 1147 4521 paleze
1183 4456 1557 4522 reperiuntur:
1591 4455 1740 4509 inve-

155 4523 379 4578 niuntur
398 4561 412 4588 ,
443 4524 583 4592 quod
610 4524 758 4593 pejus
786 4532 896 4587 est,
926 4524 1135 4593 clerici.
1164 4524 1405 4578 monachi
1445 4534 1499 4578 et
1542 4525 1739 4579 sancti-

154 4594 422 4666 moniales
448 4595 516 4648 ita
538 4595 864 4666 negligentes
887 4602 941 4648 et
965 4592 1161 4663 tepidi,
1188 4603 1250 4666 ut
1282 4609 1384 4647 non
1398 4595 1552 4666 velut
1577 4597 1736 4666 spirig

155 4664 331 4719 tnales
356 4678 514 4732 apes.
548 4665 721 4717 duit-ia
751 4664 1046 4718 animarum
1100 4664 1255 4717 mella
1282 4664 1568 4718 conficiant
1587 4664 1620 4727 ,ν
1643 4665 1736 4719 sed

154 4734 306 4787 velut
348 4734 731 4788 crudelissime
780 4748 954 4802 vespa:
999 4735 1273 4787 venenatis
1303 4734 1495 4803 linguae
1540 4735 1739 4789 aculeis

155 4802 381 4857 fratrum
428 4803 586 4857 corda
635 4804 953 4871 percutiant.
1005 4803 1093 4856 Isti
1122 4802 1255 4857 tales
1309 4802 1413 4857 non
1470 4803 1740 4872 adjutores

154 4873 390 4943 Christi,
420 4874 514 4928 sed
540 4872 851 4927 defensores
881 4873 1076 4927 diaboli
1130 4886 1250 4926 esse
1295 4873 1606 4943 probantur.
1639 4876 1739 4941 Qui

160 4944 204 4997 si
228 4942 369 4997 forte
398 4943 629 4997 viderint
655 4943 871 5006 fratrem
900 4943 980 4997 vel
1000 4956 1240 4997 sororem
1258 4942 1440 4996 contra
1471 4947 1737 4998 seniorem

151 5012 419 5081 superbos
440 5016 669 5067 existere
698 5012 721 5043 ⁸
742 5054 758 5077 ,
791 5027 895 5066 non
935 5012 1107 5065 solum
1146 5012 1363 5066 student
1390 5014 1630 5082 mitigare
1668 5015 1690 5045 ⁸
1720 5056 1735 5078 ,

152 5083 249 5138 sed
276 5082 447 5152 magis
486 5083 730 5153 malignis
748 5082 1084 5138 sermonibus
1108 5082 1175 5136 ad
1208 5083 1461 5151 majorem
1488 5098 1610 5138 eum
1655 5083 1737 5139 fn-

215 5258 230 5288 ¹
267 5253 432 5304 Codex
449 5261 709 5315 Portarum,
732 5253 818 5305 hoc
842 5254 1010 5306 timore
1032 5260 1100 5307 est
1123 5253 1365 5306 humiliter
1383 5256 1579 5307 dictum.

214 5319 232 5350 ³
266 5318 345 5366 sic
369 5330 429 5365 ex
450 5318 622 5365 eodem
643 5317 748 5367 cod.
768 5317 832 5378 [et
855 5330 965 5381 qua:
996 5317 1048 5368 in
1070 5329 1267 5382 corpore
1289 5316 1495 5381 virgines
1515 5326 1671 5381 erant,
1695 5326 1742 5371 et

214 5391 260 5428 az
275 5390 333 5428 se
355 5376 569 5439 vigiliis]
630 5437 638 5439 Α
707 5436 717 5439 _
763 5437 771 5439 _
906 5438 909 5439 ν

148 5391 260 5511 ἠιξ
621 5436 817 5511 inuidia:
839 5438 912 5489 vet
932 5439 1168 5504 superbus
1189 5439 1417 5491 morbum.
1445 5443 1516 5492 Sic
1537 5441 1633 5492 duo
1650 5444 1742 5493 ista

142 5506 361 5551 nectere
384 5498 512 5548 solet
532 5501 780 5549 Caesarius.

212 5568 235 5593 ο
258 5563 335 5629 δερ
373 5573 439 5610 ex
484 5561 659 5611 eodem
714 5561 819 5611 cod.
857 5560 1062 5623 [contra
1104 5566 1337 5615 seniorem
1393 5566 1595 5629 superbe
1638 5564 1743 5617 exi-

150 5623 431 5749 mIGtorlorte,
457 5694 550 5733 non
572 5681 725 5734 totum
744 5694 837 5733 non
867 5683 1058 5735 student
1080 5684 1313 5749 mitigare.

1574 290 1799 348 ΒιζΒᾶἰο
1836 290 2066 348 LXXVI.

3287 306 3422 362 ΗΜ

1845 423 2021 483 rorem
2051 416 2311 483 conantur
2347 408 2669 483 accendere,
2715 412 2953 467 dicentes
2998 414 3138 483 quod
3191 412 3294 467 hoc
3324 430 3424 469 nec

1846 480 2012 545 possit
2034 494 2131 532 nec
2147 479 2339 533 debeat
2376 480 2571 533 diutius
2609 484 2857 537 sustineri
2890 502 2903 537 :
2936 479 3213 537 hortantur
3261 485 3421 537 etiam

1845 558 1906 623 ut_
1924 549 2020 601 ista
2051 548 2349 623 senioribus
2370 553 2620 623 littilillt‘nl
2638 592 2653 616 ,
2684 550 2848 621 quare
2874 570 2968 607 eos
2990 564 3202 623 paterna
3224 554 3425 623 pietate

1842 617 2134 692 admouere
2171 619 2255 692 v_el
2284 621 2544 692 castigare
2576 617 2853 692 voluerint.
2900 617 3004 678 Sed
3050 624 3170 692 quia
3204 617 3254 676 in
3277 625 3423 677 omni

1845 689 2115 760 proposito
2134 729 2148 751 ,
2171 689 2310 760 sicut
2341 690 2449 757 jam
2479 691 2708 744 diximus
2728 732 2743 755 ,
2788 708 2891 746 non
2939 689 3110 747 solum
3151 694 3423 760 adjutores

1842 757 2183 832 veiministri
2211 758 2404 832 diaboli
2436 761 2502 813 ad
2544 761 2952 816 inobedicntiam
3003 765 3088 817 vel
3119 757 3421 832 superbiam

1842 827 2029 880 callida
2073 829 2436 897 susurratione
2488 832 2815 885 succendunt
2852 849 2867 885 :
2901 827 3198 897 adjutores
3223 832 3420 886 Christi

1843 897 2031 949 blanda
2072 896 2440 953 adhortatione
2474 908 2528 952 et
2556 909 2740 954 sancto
2765 917 2827 955 ac
2856 896 3053 956 salubri
3100 903 3325 957 consilio
3350 902 3419 956 ad

1843 964 2191 1019 humilitatem
2222 968 2302 1019 vel
2325 971 2778 1024 mansuetudinem
2798 986 3048 1026 revocare
3064 973 3414 1026 contendunt.

1844 1034 1920 1111 Il_l_i
1948 1037 2085 1111 enim
2116 1036 2204 1105 qui
2233 1038 2285 1111 in_
2308 1038 2453 1111 clero
2491 1041 2573 1111 vel
2600 1040 2651 1092 in
2681 1043 3002 1096 monasterio
3031 1044 3183 1111 positi
3215 1051 3267 1097 et
3288 1055 3345 1095 se
3367 1050 3421 1095 et

1842 1105 1975 1181 alios
2002 1105 2680 1181 adsuperbiamerigunt,
2712 1112 2859 1181 velut
2903 1105 3162 1178 pharetrae
3208 1113 3415 1181 sagittis

1842 1174 2036 1250 diaboli
2062 1175 2228 1250 plentc
2252 1174 2569 1250 simplicium
2597 1179 2754 1233 corda
2778 1174 3059 1250 peri-ntere
3083 1222 3097 1245 ,
3120 1192 3172 1235 et
3192 1174 3419 1234 charito-

1844 1255 1948 1298 tem
1969 1246 2029 1327 in
2060 1246 2137 1299 eis
2156 1287 2170 1308 ,
2202 1245 2550 1303 humilitatem
2569 1250 2649 1303 vel
2673 1245 3131 1305 mansuetudinem
3159 1260 3419 1305 conantur

1842 1326 2204 1382 exstinguere.

1912 1386 1966 1459 β.
2000 1386 2102 1449 Qui
2128 1402 2241 1459 vero
2271 1386 2476 1440 Christi.
2499 1387 2604 1442 Sed
2630 1390 2749 1459 quia
2780 1390 2888 1443 Deo
2911 1392 3141 1459 propitio
3166 1390 3217 1443 in
3239 1389 3417 1443 medio

1841 1455 2110 1528 palearum
2140 1455 2403 1528 invenitur
2431 1467 2483 1528 et
2515 1455 2744 1513 triticum
2767 1500 2782 1523 ,
2806 1455 3233 1514 animie'sanetzc
3252 1500 3267 1525 ,
3299 1476 3418 1528 qnte

1841 1526 1983 1599 velut
2003 1525 2229 1579 armaria
2253 1524 2447 1599 Clu-isti
2467 1530 2827 1599 spiritualibus
2852 1531 3102 1585 antidods
3124 1524 3274 1599 plena
3298 1524 3420 1583 esse

1842 1593 2165 1667 probantur.
2198 1595 2478 1667 quidquid
2504 1593 2600 1651 'illi
2652 1601 3075 1667 vulneraverint,
3107 1593 3415 1655 cmlcstibns

1842 1662 2521 1733 inedimmentis‘appositis
2546 1683 2733 1723 curare
2759 1662 3125 1725 noudesinunt
3142 1712 3157 1733 ,
3180 1671 3419 1724 dicentes

1840 1732 2156 1808 cuicumque
2201 1732 2481 1808 superbo,
2513 1737 2629 1808 Noli
2676 1740 2990 1806 superbire.
3049 1732 3243 1803 frater;
3295 1740 3418 1808 quia

1841 1802 2095 1877 setjiptutn
2115 1811 2236 1877 est,
2267 1803 2509 1877 Superbia
2533 1806 2667 1859 Deus
2694 1802 2875 1877 resistit
2918 1810 3135 1877 (Jacobi
3162 1802 3251 1866 tv.
3295 1802 3363 1876 6)
3402 1827 3415 1862 :

1842 1872 1947 1926 noli
1974 1873 2126 1946 irasci
2142 1875 2324 1946 _;_quia
2347 1872 2606 1946 scriptum
2628 1886 2737 1942 est.
2784 1876 2873 1930 Ira
2902 1872 2953 1930 in
2993 1880 3107 1932 sinu
3136 1872 3418 1946 insipientis

1845 1943 2103 2020 [equitescit
2129 1942 2321 2015 (Eccle.
2345 1960 2445 2020 v_n_,
2478 1944 2603 2020 10);
2632 1948 2887 2020 etiterum
2908 1989 2923 2013 ,
2939 1948 3041 2020 _Ira
3062 1949 3153 2000 viri
3163 1942 3419 2020 justitiam

1841 2011 1934 2064 Dei
1978 2029 2077 2086 non
2104 2011 2340 2086 operatur
2367 2014 2588 2086 (Jacobi.
2617 2032 2668 2081 1,
2689 2016 2802 2086 20).
2834 2017 2889 2073 Si
2912 2011 3063 2071 forte
3106 2011 3417 2070 inhhedicn-

1843 2090 1951 2152 tem
1993 2083 2251 2152 viderint,
2284 2084 2474 2139 blande
2500 2095 2553 2139 et
2600 2083 2871 2152 humiliter
2896 2088 3105 2152 dicunt,
3129 2087 3246 2140 Noli
3293 2102 3415 2141 esse

1841 2150 2206 2226 inobediens.‘
2237 2152 2424 2226 frater;
2465 2151 2609 2226 qnia'
2639 2158 2893 2226 scripturn
2944 2167 3027 2213 est
3048 2198 3065 2223 ,
3094 2150 3099 2152 ⁷
3124 2156 3420 2211 Obedientia

1839 2234 1992 2288 super
2024 2221 2340 2296 sacri/icium
2372 2223 2411 2291 (Ι
2454 2224 2579 2296 Reg.
2611 2241 2679 2278 xv
2699 2266 2715 2289 ,
2744 2221 2873 2296 92);
2904 2235 2957 2281 et
2992 2221 3274 2295 Apostolus
3303 2228 3415 2280 cla-

1842 2287 1951 2369 mat
1970 2329 1985 2352 ,
2001 2287 2225 2369 .Qbedite
2252 2287 2549 2369 praepositis
2576 2287 2746 2347 vestris
2771 2287 2842 2369 et
2863 2287 3132 2366 vsubjarete
3171 2298 3274 2369 eis;
3300 2298 3420 2366 quia

1839 2359 2187 2435 ipsivigitant
2224 2376 2315 2435 pro
2341 2362 2601 2435 animabus
2620 2366 2836 2435 _vestris,
2885 2359 3122 2435 tanquam
3174 2359 3419 2419 rationem

1840 2428 2085 2500 reddituri
2113 2428 2294 2500 (llebr.
2328 2446 2421 2484 xm
2442 2472 2457 2494 ,
2486 2433 2594 2500 i7).
2620 2432 2737 2488 Ista:
2779 2428 2993 2489 animai
3016 2436 3124 2490 Deo
3160 2436 3331 2500 plena:
3372 2436 3420 2489 si

1843 2495 2075 2573 tepidum
2102 2495 2156 2551 et
2183 2499 2534 2573 negligentem
2555 2495 2777 2558 viderint
2803 2544 2819 2569 ,
2850 2504 2917 2559 de
2943 2495 3198 2573 spirituali
3239 2521 3418 2558 arma-

1843 2568 1957 2630 rio,
1982 2567 2031 2619 id
2064 2575 2142 2641 est
2160 2609 2175 2630 ,
2200 2568 2267 2622 de
2292 2567 2453 2625 corde
2476 2572 2613 2626 bono
2630 2614 2643 2635 ,
2675 2567 2891 2641 prolatis
2930 2567 3327 2630 medicamentis
3350 2575 3419 2628 ad

1841 2638 2304 2706 compunctionem
2330 2650 2590 2696 conantur
2613 2638 2905 2699 accendere
2936 2663 2948 2698 :
2983 2646 3025 2699 si
3048 2645 3414 2699 detrahentem

1840 2720 1904 2761 ac
1928 2716 2345 2783 murmurantem
2370 2711 2590 2765 viderint
2610 2754 2623 2773 .
2656 2713 2838 2769 dicunt
2856 2716 2903 2769 ei
2938 2715 3066 2769 illttd
3087 2716 3224 2770 beati
3281 2719 3424 2783 Apo-

1840 2776 1963 2829 stoli
1985 2817 1999 2842 ,
2032 2774 2211 2847 Neque
2236 2783 2691 2852 murmuraveritis.
2710 2785 2840 2837 sicut
2863 2784 3067 2852 quidam
3088 2801 3256 2839 eorum
3286 2774 3423 2838 niur-

1841 2856 2270 2926 m‘uraverunt,‘et
2293 2850 2543 2926 perierunt
2578 2852 2639 2905 ab
2666 2850 3047 2926 exterminatore
3078 2856 3118 2926 (l
3168 2855 3286 2910 Cor.
3346 2871 3379 2908 x
3402 2896 3417 2918 ,

1844 2916 1976 2992 l0);
2007 2931 2176 2992 nequc
2196 2916 2530 2992 detraxcritis
2553 2962 2569 2984 ,
2600 2923 2719 2992 quia
2751 2924 3003 2992 scriptum
3030 2916 3145 2990 est,
3180 2926 3278 2990 Qui
3320 2916 3414 2977 de;

1843 2985 2008 3063 trahit
2017 2986 2169 3063 fratri
2189 3027 2204 3050 ,
2230 2988 2452 3063 detrahit
2500 2985 2926 3063 legii_(1acobi'tv
2950 3034 2965 3058 ,
2995 2993 3084 3063 tt)
3120 2985 3143 3049 ε’
3164 2985 3218 3050 ei
3241 2996 3363 3047 alibi
3395 3036 3412 3059 ,

1844 3053 1944 3137 Qui
1974 3053 2187 3137 détualtit
2215 3058 2488 3137 [ratrisum
2511 3053 2875 3137 eradicabitur._
2898 3053 2964 3116 Et
2983 3053 3077 3133 per
3106 3066 3241 3118 hanc
3268 3053 3413 3137 san;

1841 3132 1979 3201 ctatu
2018 3124 2428 3201 admonitionem
2457 3144 2485 3181 a
2508 3131 2819 3201 maliloquio
2844 3124 3193 3199 deterrentes,
3216 3134 3279 3187 ad
3306 3135 3422 3188 Ian-

1840 3193 2073 3269 dandum
2102 3197 2266 3269 Deum
2295 3212 2389 3252 eos
2417 3199 2676 3267 incipiunt
2703 3193 3010 3269 provocare.
3052 3204 3107 3257 Si
3138 3193 3418 3258 verbosum

1841 3264 1922 3337 vel
1943 3268 2330 3337 contentiosum
2352 3264 2665 3337 agnoverint
2684 3264 2713 3331 ,⁷
2733 3272 3175 3327 medicamentum
3207 3276 3423 3327 tat-itur-

1840 3335 2020 3389 uitatis
2045 3345 2319 3411 apponunt
2342 3379 2356 3401 ,
2389 3335 2630 3411 dicentes
2658 3341 2730 3411 illi
2753 3382 2766 3404 ,
2794 3342 2933 3411 quod
2968 3344 3017 3397 in
3042 3345 3214 3397 Veteri
3236 3344 3419 3398 Testa-

1840 3414 2042 3476 mento-
2065 3415 2145 3476 est
2194 3408 2448 3476 scriptum
2469 3448 2485 3469 .
2513 3410 2667 3475 Audi,
2690 3408 2857 3464 Israel
2880 3452 2895 3476 ,
2929 3422 2974 3464 et
3014 3423 3161 3476 tace;
3212 3423 3263 3467 et
3294 3415 3421 3467 illud

1841 3474 1981 3541 quod
2011 3472 2079 3527 de
2112 3472 2350 3549 Domino
2375 3472 2662 3533 Salvatore’
2692 3472 3063 3549 prophetatum
3117 3472 3229 3542 est.
3276 3484 3421 3537 Sicut

1840 3559 2006 3612 agnus
2030 3560 2203 3596 coram
2229 3546 2464 3599 tondente
2485 3564 2538 3601 se
2561 3546 2891 3613 obmutescet;
2912 3562 2957 3603 et
2979 3553 3107 3604 sicut
3129 3563 3295 3606 mutus
3316 3570 3417 3605 non

1840 3613 2072 3686 aperiens
2099 3629 2154 3667 os
2172 3630 2315 3686 suum
2338 3614 2489 3683 (Isai.
2521 3633 2607 3670 LIII
2632 3658 2646 3681 ,
2670 3620 2700 3671 7
2708 3628 2723 3684 )
2752 3635 2766 3682 ;
2790 3629 2841 3673 et
2869 3620 3017 3686 illud,
3044 3621 3204 3674 Omne
3222 3622 3422 3674 verbum

1841 3684 2058 3754 otiosum
2085 3683 2221 3754 quod
2251 3682 2403 3737 locuti
2432 3686 2619 3754 fuerint
2647 3682 2872 3742 homines
2893 3730 2907 3753 ,
2936 3682 3147 3743 reddent
3174 3693 3422 3745 rationem

1839 3751 1904 3824 de
1925 3751 2178 3824 eoqinudie
2196 3753 2384 3822 judicii
2413 3751 2628 3823 (Matth.
2657 3773 2728 3811 χιι
2747 3799 2760 3820 ,
2787 3751 2900 3824 56).
2942 3759 3160 3813 Talibus
3197 3762 3337 3814 enhn
3367 3772 3424 3814 et

1842 3818 2208 3908 bissimilibus
2226 3818 2643 3908 medicamentis.
2663 3818 2915 3908 quidquid
2938 3844 3060 3908 vasa
3089 3830 3285 3884 diaboli
3311 3842 3424 3884 stu-

1840 3888 2053 3961 duerint
2081 3891 2362 3947 vulnerare
2380 3934 2396 3961 ,
2427 3909 2553 3949 vasa
2573 3888 2768 3951 Christi
2798 3888 3130 3953 contendunt
3150 3910 3206 3954 et
3225 3915 3424 3954 conan-

1843 3968 1927 4012 tur
1950 3958 2341 4035 ad_sanita_tem
2374 3958 2644 4018 reducere.
2687 3966 2810 4021 Sive
2844 3983 2971 4035 ergo
3012 3970 3271 4034 clericus,
3312 3971 3425 4023 sive

1842 4029 2132 4084 monachus
2150 4071 2165 4094 ,
2195 4033 2308 4085 sive
2333 4035 2752 4091 sanctimonialis
2775 4077 2790 4101 ,
2821 4029 3125 4093 consideret
3142 4029 3424 4094 conscien-

1842 4101 1967 4176 tiam
1998 4114 2147 4153 suam
2172 4109 2270 4176 ;.et
2304 4103 2510 4176 sibene
2535 4105 2801 4175 loquendo
2828 4107 3121 4176 adjutorem
3155 4110 3349 4163 Christi
3370 4119 3425 4164 et

1840 4168 2177 4248 defensorem
2198 4170 2419 4239 justitia:
2467 4189 2527 4248 se
2556 4168 2676 4230 esse
2717 4168 2996 4248 cognoscit
3026 4180 3075 4242 ί,
3103 4179 3327 4248 gaudeat
3367 4191 3423 4234 et

1842 4239 1956 4324 Dec
1982 4240 2178 4308 gratias
2202 4251 2324 4321 agat
2343 4282 2357 4305 ,
2387 4250 2438 4296 et
2466 4244 2582 4324 ipso
2609 4239 2894 4324 auxilia—nte
2916 4239 3216 4324 persevtviret
3258 4260 3426 4324 usque

1842 4308 1895 4361 in
1927 4308 2084 4385 ﬁnem
2105 4310 2263 4385 ;Aquia
2280 4326 2390 4385 non
2406 4308 2502 4380 qui
2520 4316 2759 4382 cmperit,
2779 4315 2871 4385 sed
2892 4308 2981 4384 qui
3011 4308 3426 4385 perseveraverit

1841 4392 2010 4448 usque
2038 4378 2090 4432 in
2116 4379 2273 4454 linem
2292 4421 2308 4446 ,
2341 4378 2434 4436 hic
2450 4378 2631 4454 salvus
2661 4378 2762 4439 erit
2786 4378 2965 4453 (ldfx
2986 4378 3137 4454 ἂρ).
3171 4389 3268 4454 Qui
3297 4403 3426 4443 vero

1841 4463 1938 4531 per
1959 4449 2261 4531 superbiam
2284 4466 2427 4531 aper
2458 4449 2866 4531 inobedicntiam
2888 4457 2969 4531 v_el
2987 4449 3241 4531 invidiam
3268 4460 3424 4531 adju-

1843 4528 2011 4571 torem
2040 4519 2132 4591 vel
2162 4519 2416 4574 vicarium
2440 4538 2558 4577 esse
2602 4538 2661 4579 se
2708 4527 2870 4579 sentit
2896 4526 3092 4581 diaboli
3114 4569 3128 4591 ,
3156 4519 3422 4583 doleat-de

1842 4589 2145 4656 praeterito,
2170 4600 2351 4663 caveat
2382 4592 2447 4644 de
2479 4591 2653 4647 futuro
2675 4609 2689 4656 ;
2712 4604 2766 4648 et
2790 4611 2882 4663 per
2901 4589 3252 4652 humilitatem
3294 4614 3424 4651 con—

1844 4667 2048 4735 struat,
2090 4660 2243 4735 quod
2272 4676 2365 4727 per
2393 4663 2654 4735 superbim
2677 4660 3008 4735 tyrannidem
3050 4666 3423 4730 destruxerat;

1843 4727 1984 4804 quod
2012 4730 2278 4804 iracundia
2309 4727 2739 4804 su‘ecettderat”,
2788 4735 2992 4804 mitiget
3027 4727 3420 4803 mansoetudo;

1842 4794 1985 4877 quod
2013 4799 2209 4877 malitia
2249 4800 2331 4852 vel
2363 4794 3203 4877 inobetlientia'exasperaverat.
3249 4794 3419 4860 chori:

1846 4867 1968 4921 tatis
2009 4867 2234 4922 dulcedo
2280 4879 2563 4937 componat
2601 4888 2615 4923 :
2649 4881 2701 4926 et
2736 4873 2863 4928 dum
2901 4867 3079 4929 adhuc
3128 4877 3302 4930 anima
3336 4877 3425 4932 illa

1845 4937 2123 5011 tcncbtjosa
2147 4977 2163 5001 ,
2191 4953 2310 5005 qua:
2337 4938 2550 5011 diabolo
2581 4944 2783 4998 servire
2829 4952 3211 5011 consueverat,
3244 4946 3295 5000 in
3325 4948 3428 5007 isto

1846 5006 2052 5060 mortali
2080 5021 2307 5076 corpore
2335 5010 2626 5073 retinetur,
2658 5013 2949 5067 remedium
2998 5016 3098 5068 sibi
3127 5016 3178 5069 in
3199 5006 3207 5011 ⁷
3225 5017 3313 5071 die
3342 5034 3435 5072 ne-

1843 5076 2105 5129 cessitatis
2130 5077 2367 5145 acquirat
2398 5096 2412 5131 :
2444 5089 2501 5134 ut
2524 5080 2591 5135 de
2616 5082 2829 5137 sinistra
2859 5085 3140 5139 translatus
3159 5086 3209 5140 in
3240 5086 3423 5141 dexte-

1844 5159 1959 5220 ram
1982 5159 2103 5220 cum
2127 5149 2319 5220 ovibus
2347 5150 2544 5205 Christi
2575 5151 2759 5206 audire
2791 5164 3089 5218 mereatur,
3125 5155 3313 5220 Venite,
3345 5160 3426 5210 be-

1843 5215 2060 5280 nedicti,
2102 5217 2342 5287 percipite
2386 5235 2596 5290 regnum
2624 5222 2760 5291 quod
2804 5222 2941 5278 vobis
2970 5215 3206 5295 paratum
3250 5215 3320 5282 est
3363 5228 3425 5279 ob

1908 5386 2143 5456 i‘Textus
2184 5403 2255 5439 Sic
2295 5392 2575 5456 restituitur
2613 5398 2897 5448 auctoritate
2943 5401 3119 5449 codicis
3166 5408 3423 5453 Portarnm.

1845 5446 1979 5523 [quia
2006 5450 2248 5523 scriptum
2282 5458 2400 5523 rst,‘
2543 5454 2752 5523 detrahit
2777 5446 2921 5523 fratri
2940 5446 3425 5517 sudaradirubitnr;

1843 5509 2320 5632 ξξοέέὲέξιέιξὸφιεηαο
2335 5509 2603 5573 edituram
2632 5526 2677 5568 et
2702 5509 2993 5583 dcfcnsorem
3020 5509 3226 5581 iustitia:
3259 5509 3428 5575 satis;

1958 5633 2280 5709 sieqeme‘nda
2311 5636 2392 5709 ‘ad
2422 5639 2647 5709 eumdem
2691 5642 2922 5709 codicem.
2959 5641 3107 5703 [quod
3117 5703 3126 5709 _
3145 5656 3231 5709 per
3262 5658 3424 5709 super-

1847 5689 1939 5743 bia:
1959 5694 2263 5755 tyrannidem
2290 5694 2595 5751 destrueret
2608 5736 2624 5764 ,
2644 5689 2825 5766 mitiget
2844 5689 3198 5767 maniuetudd.)
