3982 6468
526 334 662 396 4907

526 462 637 511 est,
687 453 750 522 in,
793 449 1070 522 Synagoga
1103 447 1376 522 ‘Domiuus
1425 443 1801 522 recumbebat;
1865 457 1970 496 non
2017 457 2104 496 re-

527 511 851 593 quiesci-bat:
879 511 1334 593 Qiieiiiadinodum
1379 523 1553 593 autem
1598 514 1648 567 iu
1696 511 1970 593 Synagoga
2018 527 2105 565 re-

529 592 801 658 quiescere
830 597 1052 659 poterat,
1087 588 1136 640 iu
1168 602 1283 659 qua
1302 585 1552 638 humilem
1579 594 1632 636 et
1661 585 1914 659 quietum,
1944 597 2107 659 super

529 652 683 725 quem
713 652 1085 729 requiesceret,
1113 652 1349 729 invenire
1375 653 1746 729 nonpoterat?
1779 652 1908 729 Ecce
1927 653 2108 729 mittier

531 721 801 796 peccatrix;
829 731 957 796 Qum
986 737 1068 782 est
1091 729 1188 783 ista
1218 726 1425 786 mulier,
1453 721 1833 796 niSihEeclesia
1869 738 1936 796 ex
1961 721 2105 777 Gen-

529 792 686 864 tibus,
719 792 1620 869 quaa'peceatriserat,_quam_diii
1667 809 1771 869 non
1820 792 2108 869 advenerat

530 863 768 924 remiSsio
798 863 1173 937 peccatorum?
1204 870 1272 920 At
1305 865 1390 919 ubi
1417 865 1562 937 venit
1585 863 1858 937 Dominus,
1881 863 2108 916 accessit

526 943 590 990 ad
625 932 985 1006 Raptis-nium;
1033 948 1088 992 et
1116 937 1250 991 facta
1277 944 1360 989 est
1387 935 1502 989 sine
1543 933 1773 1006 macula,
1802 932 1932 1006 sine
1954 947 2102 1000 ruga.

527 1001 736 1077 Agnum
766 1011 961 1064 etenim
993 1008 1382 1062 immaculatum
1413 1002 1683 1077 sequendo
1713 1001 1960 1077 deposuit
1987 1017 2105 1054 otii-

528 1073 623 1132 ués
675 1081 906 1132 maculas
950 1087 1310 1148 peccatorum.
1350 1075 1588 1148 Accessit
1644 1073 1908 1148 peccatrix
1952 1086 2107 1148 secus

525 1149 689 1220 pedes
717 1141 1314 1220 Cliristi.'Peecator_ad
1356 1145 1518 1214 pedes
1554 1141 1808 1220 accedit;_
1827 1142 2003 1220 justus
2037 1141 2104 1195 ad

526 1211 717 1287 i-aput:
749 1227 995 1288 peccator
1029 1218 1278 1286 lacrymis
1299 1211 1444 1288 lavat
1472 1213 1644 1288 pedes
1663 1212 1903 1288 Domini;
1931 1211 2106 1280 justus

528 1283 702 1342 autem
725 1283 884 1342 omne
910 1304 1102 1357 corpus
1123 1283 1238 1356 ejus
1262 1283 1494 1355 pretioso
1520 1283 1793 1357 perfundit
1817 1291 2102 1357 unguento.

528 1359 634 1412 Sed
676 1360 888 1427 ignarus
918 1350 1480 1428 mysteriiPliarisaius
1502 1350 1712 1408 dicebat
1736 1353 1870 1428 intra
1897 1350 1974 1416 Se,
2007 1350 2106 1428 llic

525 1430 571 1480 si
597 1423 718 1482 esset
747 1423 1010 1498 prop/tetu,
1042 1429 1186 1482 sciret
1215 1427 1383 1498 utique
1407 1441 1518 1498 qua;
1548 1434 1601 1498 _et
1637 1423 1801 1498 qualis
1829 1432 1901 1498 est
1928 1423 2106 1498 mulier

526 1515 641 1565 qua:
673 1491 1152 1569 tangit'euin.illlale
1183 1491 1970 1569 isteincredulus;a'stimabat
2001 1491 2108 1569 Do—

529 1561 728 1621 iniuuni
760 1561 798 1620 Ei
827 1584 886 1623 se
915 1568 1108 1622 debere
1151 1578 1454 1635 peceatores
1484 1564 1748 1632 expellere
1777 1580 1790 1614 :
1821 1561 1910 1631 qui
1959 1564 2102 1635 enim

532 1649 748 1690 vein-rat
779 1654 881 1692 non
915 1654 1103 1692 vocare
1127 1631 1319 1706 justus,
1346 1635 1438 1711 sed
1469 1631 1812 1711 peccatores,
1823 1631 2104 1711 quomodo

530 1716 734 1774 poterat
773 1717 1106 1776 peccatorum
1129 1702 1406 1762 consortia
1449 1703 1749 1756 declinare?
1786 1702 2100 1776 _Noucoin-

527 1772 829 1846 quiuatur'a
869 1777 1254 1846 peccatoribus,
1287 1776 1374 1844 qui
1421 1783 1560 1826 tactu
1588 1772 1830 1839 corporis
1857 1772 1957 1846 sui__
1980 1786 2099 1846 pec-

526 1839 732 1901 eatores
762 1839 1032 1902 emundat.
1063 1846 1204 1900 Fons
1234 1839 1465 1898 internus
1489 1859 1590 1896 lion
1619 1850 1792 1910 potest
1817 1839 2098 1905 sordidari,

525 1917 618 1969 sed
648 1918 990 1971 inundatione
1017 1932 1110 1970 sua
1140 1916 1308 1969 abluit
1336 1915 1630 1968 universos.

596 1988 652 2041 5.
695 1988 788 2054 0s,
815 1986 1280 2055 niauus,scapulaz,
1322 1995 1368 2055 et
1414 1983 1560 2055 pedes
1597 1979 1802 2055 Christi.
1821 1979 1954 2055 ideo
1982 1996 2101 2032 con-

526 2072 696 2110 versus
741 2050 807 2109 ad
856 2050 1287 2109 mulierem'dia‘it
1337 2050 1573 2108 Simoni:
1610 2050 1758 2103 Vides
1810 2051 1940 2102 hanc
1985 2066 2100 2102 niu-

527 2127 696 2179 lierem
727 2127 754 2179 .9
805 2125 1000 2179 Intraui
1044 2127 1098 2179 in
1151 2125 1354 2177 domum
1401 2133 1537 2175 tuam
1586 2136 1606 2174 :
1670 2137 1853 2191 aquam
1898 2120 2102 2191 pedibus

527 2199 649 2248 meis
671 2213 771 2249 non
795 2197 1006 2259 dedisti;
1045 2196 1151 2249 han:
1169 2206 1337 2247 autem
1364 2192 1598 2261 lacrymis
1622 2189 1725 2244 suis
1749 2191 1928 2261 rigavit
1953 2189 2100 2261 pedes

528 2283 681 2330 meos,
710 2276 757 2319 et
782 2266 982 2336 capillis
1011 2267 1114 2319 suis
1141 2265 1297 2317 tersit.
1333 2259 1573 2316 Osculum
1608 2261 1731 2336 mihi
1754 2259 1853 2336 non
1883 2259 2065 2336 dedisti
2081 2275 2100 2322 ;

525 2337 632 2388 hare
659 2329 930 2390 autem'ex
954 2352 1050 2402 quo
1075 2336 1295 2396 intravit,
1330 2351 1430 2386 non
1473 2331 1678 2385 cessavit
1707 2329 1924 2402 osculari
1953 2330 2100 2397 pedes

528 2422 681 2459 ineas.
715 2405 928 2475 Propter
967 2401 1104 2474 quod
1142 2405 1228 2475 tibi
1271 2404 1406 2475 dico,
1449 2402 1770 2475 remittuntur
1809 2401 1855 2475 ei
1897 2409 2101 2475 peccata

527 2469 854 2546 inultatqui'a
893 2469 1067 2546 dilexit
1108 2473 1658 2546 multuni._ulugress_us
1703 2469 2098 2546 Dominusdo-

525 2563 668 2598 mum
709 2539 984 2607 Pliarismi,
1011 2560 1201 2612 aquam
1255 2539 1474 2611 pedibus
1518 2541 1628 2594 suis
1677 2555 1782 2612 non
1825 2539 2095 2612 quazsiyit;

523 2615 643 2684 quia
675 2631 768 2669 eos
811 2608 1149 2684 peccatorum
1196 2608 1444 2684 laei'yiuis
1483 2609 1826 2684 reservabat:
1858 2608 2098 2662 osculum

526 2680 775 2737 Pharisaei
811 2680 926 2738 'non
957 2680 1319 2743 desideravitf
1353 2681 1474 2750 quia
1513 2680 1724 2748 dignius
1764 2686 2097 2746 peccatorum

523 2755 761 2807 osculum
783 2754 1053 2822 judicabat
1085 2774 1097 2806 :
1129 2754 1234 2806 imo
1258 2762 1418 2818 caput
1442 2765 1594 2822 suum
1629 2760 1682 2804 et
1713 2755 2101 2822 unguentonno-

524 2824 620 2877 luit
664 2817 904 2894 perungi,
933 2839 1009 2894 ne
1027 2817 1444 2891 iinpinguaretur
1471 2820 1590 2874 oleo
1633 2819 1943 2894 peccatoris.
1973 2817 2100 2870 Om-

523 2908 619 2946 nes
643 2886 786 2948 eiiim
813 2886 863 2947 in
888 2886 1290 2948 Cliristo'uuinn
1311 2906 1503 2956 corpus
1531 2886 1735 2949 sumus,
1765 2887 1858 2941 sed
1889 2886 2099 2940 diversa

524 2965 778 3024 membra.
801 2965 900 3018 alia
922 2963 1232 3026 inﬁrmiora,
1251 2962 1350 3014 alia
1370 2961 1586 3014 fortiora
1605 2958 1758 3028 (Rom
1795 2973 1889 3028 xii,
1910 2957 2000 3028 iet
2017 2957 2097 3026 5).

523 3033 594 3084 Os
626 3033 740 3102 ejus
785 3044 899 3087 erat
945 3034 1130 3086 beatus
1171 3031 1442 3106 apostolus
1486 3029 1700 3106 Paulus,
1737 3027 1826 3096 qui
1869 3027 2096 3106 dicebat,

531 3106 607 3155 An
653 3098 1048 3170 experimentum
1100 3098 1324 3170 quw’ritis
1375 3102 1483 3169 ejus
1525 3100 1608 3170 qui
1653 3100 1704 3150 in
1757 3107 1842 3149 ‘mc
1877 3098 2102 3170 loquitur

530 3167 757 3227 Christus
792 3173 864 3243 (ll
897 3171 1014 3228 Cor.
1063 3167 1170 3236 xiii,
1201 3167 1513 3243 5)?_Manus
1543 3168 1672 3243 _ejus
1713 3175 1835 3243 sunt
1863 3167 2098 3236 Apostoli

524 3237 879 3306 venerabiles,
918 3259 1014 3312 per
1041 3256 1172 3312 quas
1213 3237 1408 3294 multas
1431 3240 1697 3312 sanitates
1737 3246 1790 3291 et
1822 3237 2098 3289 innumera

524 3321 776 3373 operatus
805 3323 886 3366 cst
918 3308 1206 3364 inirabilia.
1254 3309 1494 3379 Scapula:
1536 3308 1651 3376 ejus
1681 3315 1806 3360 sunt
1840 3315 2099 3379 martyres

523 3381 714 3445 sancti,
749 3381 1024 3449 inquibus
1061 3391 1141 3444 est
1182 3396 1210 3432 a
1251 3376 1478 3433 diversis
1526 3376 1958 3449 persecutoribus
2001 3376 2098 3449 lla-

523 3453 779 3518 gn-Ilatus;
823 3447 1052 3520 denique
1095 3466 1188 3518 per
1213 3447 1657 3520 preplietaniiail,
1679 3447 1839 3520 _l’osui
1866 3447 2100 3520 scapulas

523 3516 656 3573 ineas
685 3524 735 3573 in
759 3516 1143 3590 ﬂagellatlsai.
1180 3516 1240 3583 ι’.
1270 3516 1324 3585 6,
1348 3521 1493 3586 juxta
1526 3516 1712 3590 LXX).
1732 3517 1805 3590 _Si
1833 3517 1974 3590 enim
2004 3533 2098 3570 su-

525 3593 729 3656 periora
760 3586 876 3660 ejus
905 3586 1140 3645 membra
1167 3600 1291 3645 sunt
1318 3589 1506 3652 sancti,
1532 3586 1692 3656 pedes
1731 3586 2100 3660 Dominiquos

526 3661 656 3714 alios
684 3656 1108 3729 uisi'peecatores
1138 3674 1418 3728 possumus
1447 3659 1888 3729 mstimare,_quos
1916 3656 2101 3729 Eccle-

521 3731 598 3784 sia
639 3727 818 3783 saneta
863 3733 972 3785 suis
1013 3727 1261 3799 lacrymis
1293 3730 1498 3792 ileliuit,
1526 3737 1580 3781 et
1618 3727 1852 3795 pretioso
1892 3727 2100 3779 miseri-

520 3799 715 3853 cordiae
739 3800 886 3869 fovet
907 3801 1206 3869 unguento?
1233 3800 1346 3854 Noli
1377 3800 1472 3850 hos
1493 3813 1744 3869 spernere
1773 3805 2095 3869 peccatores.

521 3870 644 3936 quia
675 3870 834 3938 pedes
859 3866 1055 3924 Christi
1083 3879 1242 3933 sunt;
1275 3870 1367 3923 sed
1411 3868 1621 3936 require
1654 3882 1748 3920 eos
1774 3866 2096 3938 diligentius,

524 3941 734 4006 require
765 3941 814 3991 in
845 3955 1076 4004 carcere,
1109 3938 1318 4007 require
1345 3941 1396 3992 in
1427 3938 1705 4007 custodiis,
1731 3937 1940 4007 require
1973 3951 2102 4007 pau-

525 4005 702 4074 perem
730 4019 783 4062 et
826 4024 1082 4076 egenum;
1132 4005 1198 4062 et
1231 4024 1351 4063 cum
1397 4006 1682 4076 inveneris,
1723 4005 2100 4058 misericordia:

525 4078 606 4130 bis
627 4080 799 4132 oleum
833 4074 1026 4147 praebe,
1055 4079 1206 4132 mitte
1241 4080 1291 4130 iu
1337 4075 1497 4145 pedes
1520 4074 1714 4147 Christi
1741 4084 2096 4147 unguentum:

525 4156 663 4214 utet
704 4150 769 4202 de
803 4145 852 4202 te
892 4148 1118 4211 dicatur,
1150 4148 1373 4200 Diniissa
1415 4156 1531 4198 sunt
1578 4145 1622 4199 ei
1668 4155 1870 4212 peccata
1919 4145 2096 4209 multa,

522 4218 638 4285 quia
667 4219 841 4271 dilexit
880 4218 1090 4270 multum
1113 4233 1132 4271 :
1160 4218 1240 4270 cui
1269 4218 1399 4270 enim
1426 4217 1589 4268 minus
1619 4215 1904 4279 dimittitur,
1934 4215 2100 4267 minus

523 4287 707 4357 diligit.
743 4289 810 4341 Et
853 4288 992 4348 ideo,
1032 4291 1240 4354 fratres,
1291 4288 1406 4355 plus
1448 4285 1763 4355 diligamus;
1811 4286 1932 4357 quia
1984 4285 2100 4357 plus

521 4355 796 4410 dimissum
837 4366 920 4411 est
961 4358 1134 4418 nobis,
1166 4368 1220 4410 et
1263 4359 1409 4424 plura
1454 4366 1788 4423 praestemus,
1818 4369 1848 4408 a
1879 4355 2101 4407 Domino

521 4427 937 4480 misericordiam
967 4429 1302 4480 consecuturi
1335 4446 1352 4480 λ
1382 4427 1465 4480 cui
1491 4435 1569 4478 est
1599 4427 1764 4494 gloria
1807 4425 1861 4478 in
1904 4424 2100 4480 sucula

523 4499 860 4552 siliculorum.
893 4499 1084 4551 Anien.

979 4586 1209 4642 SERMO
1244 4586 1509 4641 Lxxxw
1547 4585 1647 4656 ta).
1701 4557 1708 4562 ’

523 4678 601 4733 De
637 4680 795 4734 verbis
823 4680 1083 4750 Evangelii
1107 4679 1276 4742 Lacte,
1310 4693 1522 4750 cuiust,
1555 4677 1670 4750 1-4,
1702 4677 1938 4750 Domine,
1961 4677 2100 4750 _doee

595 4765 691 4805 nos
745 4767 919 4814 orare,
965 4747 1084 4818 etc.,
1113 4765 1224 4802 cum
1277 4749 1583 4819 expositione
1629 4747 1882 4801 Orationis
1934 4748 2099 4801 domi-

595 4823 722 4874 nica:
740 4821 834 4889 (b).

594 4912 645 4964 1.
705 4910 842 4964 Dens
890 4910 1076 4964 Christi
1124 4907 1359 4978 specialis
1431 4903 1604 4970 Pater,
1651 4917 1816 4960 noster
1868 4907 1918 4978 in
1964 4924 2102 4960 com-

523 4981 681 5032 muni.
708 4980 915 5047 Cwlum,
937 4981 1022 5032 ubi
1045 4980 1179 5033 abest
1200 4982 1370 5046 culpa.
1389 4979 1625 5047 Apostoli
1653 4978 1817 5032 sancti
1857 4977 2104 5031 dicebant

520 5049 586 5101 ad
633 5046 909 5103 Dominum
955 5049 1158 5115 Jesum,
1203 5046 1446 5111 Domine,
1480 5046 1602 5100 doce
1641 5063 1732 5100 nos
1769 5063 1932 5110 orare,
1970 5047 2102 5100 sicut

521 5117 748 5172 Joannes
801 5119 968 5171 docuit
1011 5119 1286 5186 discipulos
1337 5134 1471 5171 suos.
1528 5116 1677 5171 Tunc
1723 5117 1797 5170 ait
1845 5117 2101 5171 Dominus

521 5189 837 5251 orationi-in,
875 5188 1028 5240 Pater
1069 5199 1256 5252 noster,
1293 5188 1380 5257 qui
1405 5204 1456 5240 es
1498 5187 1548 5239 in
1577 5188 1734 5257 cielis,
1763 5187 2103 5252 sanctificetur

519 5274 701 5312 nomen
728 5268 885 5310 tuum.
912 5259 1152 5309 Adveniat
1177 5255 1384 5325 regnum
1405 5267 1565 5309 tuum.
1600 5255 1716 5310 Fiat
1740 5257 1968 5310 voluntas
1992 5269 2098 5322 tua,

519 5329 650 5380 sicut
691 5329 742 5380 in
769 5330 893 5380 eielo
921 5337 964 5379 et
993 5328 1045 5379 in
1076 5337 1228 5379 terra.
1263 5325 1455 5378 Panem
1487 5338 1711 5379 nostrum
1754 5328 2100 5394 quotidianum

523 5400 588 5449 du
609 5399 750 5452 nobis
779 5399 945 5450 hodie.
984 5395 1054 5450 Et
1083 5396 1274 5448 dimitte
1311 5397 1452 5449 nobis
1491 5397 1654 5450 debita
1680 5407 1870 5459 nostra,
1901 5400 2028 5448 sicut
2056 5406 2100 5449 et

522 5484 614 5522 nos
650 5469 948 5522 dimittimus
984 5465 1286 5520 debitoribus
1313 5467 1515 5520 nostris.
1555 5466 1621 5521 Et
1651 5483 1712 5520 ne
1752 5467 1962 5538 patiaris
2006 5483 2097 5519 nos

583 5601 655 5720 ξαζ
687 5599 806 5648 olim
823 5634 838 5657 ,
861 5598 926 5648 de
952 5598 1121 5647 Verbis
1142 5597 1320 5648 Domini
1359 5596 1448 5658 ﬁ;
1467 5606 1519 5648 et
1541 5605 1668 5670 post,
1689 5597 1738 5646 in
1757 5596 2029 5709 Aévpendice
2049 5598 2097 5648 5.

606 5663 634 5708 ti
688 5668 832 5710 Totus
863 5663 1135 5720 exscriptus
1159 5668 1234 5710 est
1274 5672 1337 5708 ex
1378 5660 1605 5708 Auibrosn
1640 5658 1760 5709 libro
1842 5660 1904 5709 de
1941 5667 2097 5708 Sacra-

606 5658 655 5722 ti)
688 5668 832 5710 Totus
863 5663 1135 5725 exscriptus
1159 5668 1234 5710 est
1274 5672 1337 5708 ex
1378 5658 1605 5708 Ambrosii
1640 5658 1760 5709 libro
1781 5658 1904 5709 S‘de
1941 5667 2101 5708 Sacra-

511 5725 713 5782 mcntis,
736 5735 838 5785 cap.
867 5723 908 5771 4.

1970 325 2334 381 APPLNDIX.

3669 332 3803 390 τί)οε

2215 441 2386 494 induci
2414 441 2464 492 in
2497 441 3028 510 ‘tentationem,quam
3069 441 3200 510 ferre
3240 456 3339 492 non
3382 457 3681 498 coutinuis:
3713 451 3799 497 sed

2217 512 2372 564 libera
2411 527 2502 563 nos
2528 527 2558 562 a
2588 510 2740 562 malo.
2774 508 2932 562 Vides
2972 508 3131 577 quam
3179 509 3354 563 brevis
3383 513 3573 575 oratio,
3605 523 3660 566 et
3687 529 3801 566 om-

2216 582 2359 652 niuni
2390 581 2542 652 plena
2567 580 2856 632 virtutum?
2889 580 3096 633 l’rimus
3122 595 3321 652 sermo.
3346 593 3553 652 quanta:
3582 584 3801 652 gratim?

2213 650 2258 704 Ο
2286 651 2470 716 homo,
2500 651 2684 704 faciem
2717 660 2857 702 tuam
2888 665 2990 702 non
3038 650 3271 705 audebas
3299 651 3362 703 ad
3404 650 3602 705 coeluui
3638 653 3799 706 attol-

2215 719 2345 780 lere.
2375 721 2558 773 oculos
2586 730 2705 774 tuos
2730 722 2780 773 in
2812 729 3008 773 terram
3035 720 3332 787 dirigebis;
3361 733 3409 775 et
3441 723 3614 776 subito
3639 738 3798 777 acce-

2215 791 2336 858 pisti
2359 792 2580 859 gratiam
2606 790 2826 852 Christi,
2845 791 3021 842 omnia
3047 791 3136 843 tibi
3167 802 3375 858 peccata
3400 793 3612 846 dimissa
3639 803 3762 846 sunt
3785 813 3796 847 :

2215 876 2282 914 ex
2313 862 2452 912 malo
2481 875 2652 920 servo,
2684 861 2852 914 factus
2877 877 2933 913 es
2962 861 3129 913 bonus
3162 862 3300 914 tiliiis
3329 879 3342 916 :
3387 863 3504 916 ideo
3535 879 3800 924 praesume

2214 945 2318 983 non
2348 931 2415 985 de
2441 931 2748 998 operatione
2790 941 2896 992 tua,
2925 930 3015 984 sed
3044 931 3110 984 de
3149 930 3344 984 (lbi-isti
3372 935 3567 1000 gratia;
3617 932 3799 987 Gratia

2212 1001 2346 1054 enim
2384 1002 2565 1054 saluati
2611 1003 2726 1054 estis
2768 1000 3064 1070 (Ep/ics.ii.
3093 999 3170 1070 8),
3220 999 3500 1068 Apostolus
3540 999 3630 1057 ait.
3680 1004 3797 1058 Non

2213 1086 2339 1136 ergo
2383 1072 2466 1125 hic
2507 1073 2801 1140 arrogantia
2833 1082 2936 1129 est.
2977 1071 3068 1124 sed
3117 1072 3247 1142 ﬁdes
3278 1091 3289 1123 :
3322 1073 3610 1138 prmlicare
3657 1076 3796 1142 quod

2213 1143 2503 1209 acceperis,
2533 1156 2636 1193 non
2665 1154 2744 1193 est
2766 1143 3032 1210 superbia,
3055 1141 3149 1194 sed
3177 1142 3407 1193 devotio.
3446 1144 3582 1210 Ergo
3609 1141 3796 1197 attolle

2212 1211 2396 1281 oculos
2423 1211 2486 1263 ad
2533 1211 2763 1271 Patrem,
2806 1212 2898 1278 qui
2947 1222 2996 1266 te
3041 1227 3133 1278 per
3175 1211 3440 1265 lavacrum
3483 1215 3682 1281 genuit.
3726 1215 3796 1268 ad

2215 1279 2424 1333 Patrem
2477 1282 2566 1348 qui
2612 1296 2705 1349 per
2755 1281 2946 1335 Filium
2995 1290 3046 1336 te
3100 1282 3346 1346 redemit,
3389 1292 3444 1336 et
3483 1279 3588 1344 dic,
3636 1281 3798 1336 Pater

2211 1360 2398 1403 noster.
2432 1351 2576 1403 Bona
2619 1353 2979 1420 praesumptio,
3007 1352 3098 1406 sed
3142 1351 3432 1406 moderata.
3466 1352 3674 1406 Patrem
3706 1354 3794 1406 di-

2211 1420 2308 1490 cis,
2339 1419 2458 1489 quia
2494 1421 2785 1490 ﬁlius;sed
2825 1419 2930 1474 noli
2980 1422 3070 1475 tibi
3102 1421 3295 1489 aliquid
3343 1423 3641 1490 specialiter
3673 1424 3786 1476 vin-

2208 1489 2408 1544 dicare.
2442 1490 2618 1544 Solius
2655 1489 2852 1545 Christi
2881 1491 3125 1558 specialis
3167 1501 3248 1544 est
3278 1489 3451 1555 Pater,
3492 1493 3646 1547 nobis
3669 1507 3787 1547 om.

2211 1561 2366 1632 uibus
2397 1561 2447 1614 in
2478 1576 2758 1614 commune
2787 1570 2870 1615 est
2914 1561 3072 1616 Pater
3103 1579 3116 1614 :
3147 1561 3266 1630 quia
3300 1561 3448 1614 illum
3492 1562 3664 1616 solum
3693 1578 3793 1632 ge-

2210 1631 2342 1695 nuit,
2384 1645 2480 1684 nos
2520 1633 2738 1688 creavit.
2773 1632 2866 1685 Dic
2895 1647 3024 1702 ergo
3051 1640 3106 1686 et
3135 1642 3186 1702 tu
3229 1647 3323 1702 per
3357 1634 3602 1700 gratiam,
3635 1631 3801 1687 Pater-

2209 1712 2395 1762 noster,
2429 1710 2485 1754 ut
2515 1703 2651 1756 titius
2679 1717 2797 1756 esse
2836 1701 3120 1763 merearis;
3163 1701 3414 1755 Ecclesia:
3438 1703 3709 1756 contuitu‘
3738 1712 3793 1756 et

2207 1771 2631 1841 consideratione
2657 1781 2708 1824 te
2733 1771 2846 1839 ipse
2873 1771 3206 1826 commenda.
3237 1769 3394 1824 Pater
3422 1783 3608 1836 noster,
3627 1774 3715 1841 qui
3739 1789 3794 1827 es

2208 1838 2259 1891 in
2286 1841 2442 1893 cazlis.
2475 1841 2610 1906 Quid
2641 1851 2737 1904 est,
2759 1838 2824 1893 in
2853 1843 3029 1896 caelis?
3065 1841 3198 1895 Audi
3245 1841 3570 1909 Seripturam
3608 1838 3793 1897 dicen-

2207 1917 2345 1973 tem,
2398 1909 2640 1963 Excelsus
2692 1928 2843 1978 super
2895 1928 3065 1965 omnes
3117 1912 3265 1964 cmlos
3313 1911 3561 1965 Dominus
3587 1911 3786 1979 ’(Psal.

2206 1993 2332 2050 exn,
2365 1981 2442 2045 4).
2479 1981 2542 2034 Et
2569 1983 2760 2050 ubique
2791 1981 2953 2035 babes
2973 1981 3113 2050 quod
3140 1997 3301 2048 super
3325 1982 3490 2036 caelos
3528 1985 3789 2036 caelorum

2208 2047 2460 2119 Dominus
2488 2052 2555 2103 sit
2575 2067 2588 2102 :
2612 2047 2760 2119 quasi
2789 2068 2891 2102 non
2921 2053 2970 2104 in
2994 2047 3158 2105 caelis
3183 2047 3237 2104 et
3267 2052 3469 2117 Angrli,
3503 2054 3652 2119 quasi
3682 2068 3790 2106 non

2209 2117 2259 2189 i_u
2290 2121 2440 2171 cuilis
2464 2131 2516 2173 et
2535 2117 2963 2179 Dominatioues:
2993 2122 3085 2175 sed
3112 2123 3161 2174 iu
3189 2121 3341 2175 oculis
3362 2121 3486 2184 illis,
3507 2117 3572 2175 de
3595 2125 3792 2189 quibus

2205 2187 2401 2261 dictum
2431 2200 2532 2254 est,
2561 2191 2684 2243 Caeli
2711 2202 2946 2243 enni-rant
2966 2193 3180 2260 gloriam
3218 2191 3308 2243 Dei
3334 2189 3502 2258 (Psal.
3534 2187 3686 2255 xviii,
3705 2194 3786 2261 ἓν.

2204 2255 2410 2311 (Ζωιιιηι
2444 2270 2524 2313 est
2553 2261 2641 2319 ibi,
2668 2261 2752 2312 ubi
2783 2261 2938 2327 culpa
2965 2255 3210 2314 cessavit.
3231 2255 3433 2313 Ctrluin
3464 2273 3545 2314 est
3576 2263 3666 2325 ibi,
3698 2255 3788 2317 ubi

2206 2327 2401 2392 ﬂagitia
2444 2346 2550 2383 non
2589 2339 2731 2384 sunt.
2776 2331 2979 2384 Caelum
3006 2341 3088 2385 est
3118 2331 3210 2394 ibi,
3251 2331 3338 2383 ubi
3371 2332 3568 2384 nullum
3599 2333 3790 2390 mortis

2204 2407 2290 2452 est.
2308 2400 2512 2452 vulnus.
3130 2429 3133 2432 -

2275 2466 2328 2520 2.
2358 2467 2603 2540 Regnum
2622 2469 2712 2522 Dei
2727 2471 2986 2540 gratia.—-
3005 2468 3162 2523 Pater
3182 2481 3368 2533 noster,
3383 2471 3534 2537 quies
3551 2472 3602 2523 in
3621 2473 3786 2536 carlis,

2203 2539 2546 2605 sanctiﬁcetur
2567 2539 2747 2592 nomen
2765 2551 2995 2593 sanctum
3021 2551 3161 2592 tuum
3201 2541 3252 2593 in
3279 2543 3472 2594 nobis'.
3502 2541 3636 2607 Quid
3677 2552 3784 2608 est,

2203 2609 2583 2680 sanctificetnr?
2602 2609 2760 2676 Quasi
2797 2621 3060 2678 optemus,
3089 2618 3147 2662 ut
3185 2611 3540 2680 sanctilieetur
3570 2612 3657 2664 ille
3694 2614 3789 2680 qui

2203 2676 2295 2735 ait.
2319 2677 2488 2749 Estote
2506 2681 2685 2742 sancti,
2705 2680 2820 2747 quia
2833 2676 2881 2732 et
2901 2697 2991 2748 ego
3012 2690 3214 2733 sanctus
3233 2697 3342 2732 sum
3365 2679 3546 2749 (Leuit.
3569 2697 3678 2744 XIX,
3693 2676 3786 2749 9;):

2205 2747 2358 2816 quasi
2383 2749 2577 2816 aliquid
2618 2751 2664 2803 ei
2693 2765 2756 2802 ex
2801 2747 2977 2803 nostra
3011 2751 3311 2816 prcCatione
3356 2747 3790 2806 sanctiﬁcationis

2204 2815 2602 2872 accedat‘lNon
2632 2836 2646 2872 :
2676 2820 2767 2872 sed
2799 2815 3159 2873 saiietiﬁeetur
3207 2821 3257 2872 iu
3308 2821 3481 2883 nobis,
3513 2831 3568 2874 ut
3591 2822 3655 2874 ad
3687 2837 3788 2876 nos

2205 2887 2373 2958 possit
2401 2889 2516 2954 ejus
2537 2890 2886 2943 sanctiﬁcatio
2911 2891 3205 2958 pervenire.
3237 2889 3392 2942 Pater
3417 2901 3604 2956 noster,
3627 2893 3711 2958 qui
3733 2909 3790 2946 es

2205 2957 2257 3008 in
2296 2958 2450 3022 aclis,
2480 2960 2822 3027 sancti/icetur
2866 2957 3044 3012 nomen
3087 2971 3315 3013 sanctum
3345 2971 3483 3012 tuum
3528 2962 3580 3013 in
3621 2962 3784 3014 nobis.

2207 3027 2449 3098 Adveniat
2489 3045 2699 3098 regnum
2738 3041 2898 3082 tuum.
2942 3031 3102 3096 Quasi
3145 3045 3251 3082 non
3297 3032 3673 3098 sempiternum
3716 3032 3787 3086 sit

2206 3097 2298 3150 Dei
2326 3097 2567 3167 regnum.
2608 3098 2725 3167 Ipse
2767 3100 3020 3153 Dominus
3058 3101 3217 3166 dicit,
3264 3099 3376 3167 Ego
3418 3097 3470 3153 in
3509 3101 3602 3152 hoc
3637 3112 3790 3155 natus

2203 3182 2316 3220 sum
2363 3166 2542 3236 (Joan.
2573 3184 2723 3234 xviii,
2757 3168 2878 3241 57);
2924 3178 2979 3224 et
3018 3180 3069 3222 tu
3112 3169 3263 3241 dicis,
3299 3166 3473 3234 Pater,
3500 3169 3660 3222 veniat
3700 3188 3785 3225 re-

2205 3253 2360 3306 gnum
2387 3247 2526 3290 tuum
2552 3254 2572 3292 .'
2601 3241 2750 3308 quasi
2796 3239 2898 3293 non
2930 3239 3170 3293 venerit?
3199 3240 3302 3294 Sed
3344 3251 3468 3293 tunc
3504 3242 3648 3294 venit
3691 3256 3783 3294 re-

2204 3321 2365 3375 gnum
2396 3309 2507 3372 Dei,
2535 3311 2760 3378 quando
2789 3311 2917 3364 estis
2945 3311 3166 3378 gratiam
3189 3311 3303 3376 ejus
3329 3312 3596 3365 consecuti
3624 3330 3636 3364 :
3669 3311 3788 3375 ipse

2205 3378 2346 3449 enim
2395 3379 2488 3443 ait,
2523 3377 2748 3448 Regnum
2798 3379 2896 3431 Dei
2937 3377 3071 3431 intra
3113 3397 3197 3432 vos
3224 3390 3295 3432 est
3326 3381 3476 3447 (Luc.
3510 3397 3636 3444 xvu,
3663 3381 3782 3449 2|).

2216 3445 2392 3500 Veniat
2424 3445 2628 3516 regnum
2659 3460 2820 3502 tuum.
2850 3449 2968 3502 Fiat
3006 3450 3236 3503 uoluntas
3273 3445 3380 3513 tua,
3407 3452 3531 3502 sicut
3558 3456 3607 3502 in
3635 3445 3782 3515 caelo,

2204 3526 2250 3587 et
2278 3517 2329 3570 in
2351 3528 2500 3570 terra.
2535 3518 2720 3571 Panem
2743 3532 2966 3572 nostrum
2991 3520 3336 3587 quotidianum
3359 3523 3424 3573 da
3445 3521 3584 3573 nobis
3611 3522 3782 3573 hodie.

2206 3586 2471 3654 Sanguine
2495 3587 2687 3642 Christi
2728 3586 3008 3657 paciﬁcata
3037 3601 3159 3641 sunt
3187 3591 3384 3655 omnia,
3411 3593 3492 3644 vel
3525 3592 3574 3643 in
3619 3592 3782 3656 caalo,

2208 3658 2290 3710 vel
2340 3659 2390 3710 iu
2435 3669 2570 3712 terra
2619 3660 2830 3726 (Coloss.
2880 3675 2918 3723 i,
2957 3660 3082 3724 ἓως
3125 3662 3509 3714 sanctiﬁcatum
3541 3673 3618 3714 est
3668 3676 3782 3716 cm-

2207 3727 2335 3789 liiiii,
2365 3729 2599 3794 dejectus
2625 3738 2704 3783 est
2733 3729 2989 3783 diabolus.
3024 3731 3093 3782 Ibi
3126 3741 3391 3795 versatur,
3425 3733 3510 3784 ubi
3538 3741 3589 3784 et
3623 3732 3784 3783 homo

2206 3812 2360 3864 quem
2391 3801 2474 3851 ille
2504 3799 2726 3865 decepit.
2755 3798 2874 3852 Fiat
2903 3800 3131 3853 voluntas
3148 3811 3252 3860 tua,
3271 3803 3398 3853 sicut
3419 3802 3469 3854 in
3491 3802 3636 3866 ca'lo,
3665 3803 3782 3854 etin

2206 3876 2374 3939 terra:
2397 3868 2493 3939 hoc
2508 3879 2609 3933 est,
2627 3870 2695 3921 sit
2717 3885 2812 3938 pax
2836 3870 2886 3923 in
2909 3880 3067 3939 terra.
3091 3871 3599 3939 quemadniodumin
3622 3873 3786 3927 curio.

2277 3938 2330 3991 5.
2373 3938 2689 3992 Consecratio
2737 3941 2964 4005 corporis
3010 3938 3214 3992 Christi.
3267 3939 3456 3994 Crtecis
3499 3943 3783 3994 communio

2206 4024 2343 4061 rara.
2378 4008 2684 4074 Quotidiuna
2702 4009 3037 4063 suadetur.—
3063 4008 3256 4063 Panem
3276 4022 3501 4064 nostrum
3526 4012 3782 4079 quotidia-

2207 4093 2324 4130 num
2351 4079 2417 4130 da
2456 4079 2595 4130 nobis
2633 4080 2796 4132 hodie.
2839 4079 3051 4132 Memini
3099 4081 3359 4133 sermoois
3403 4084 3526 4145 mei,
3555 4097 3674 4135 cum
3715 4082 3787 4137 de

2208 4148 2564 4202 Sacramcntis
2595 4159 2871 4202 tractarem
2903 4167 2915 4201 :
2947 4149 3054 4202 dixi
3092 4151 3260 4213 vobis,
3288 4149 3428 4218 quod
3469 4164 3590 4205 ante
3620 4151 3780 4204 verba

2206 4219 2433 4288 Christi,
2484 4219 2624 4286 quod
2675 4219 2915 4282 oll'ertur,
2964 4221 3113 4288 panis
3159 4220 3396 4282 dicatur;
3447 4221 3532 4273 ubi
3582 4220 3783 4275 Christi

2207 4287 2365 4341 verba
2391 4289 2703 4356 deprompta
2734 4289 2947 4352 fuerint,
2968 4287 3076 4356 jam
3115 4305 3216 4342 non
3260 4291 3408 4356 panis
3449 4291 3662 4354 dicitur,
3689 4293 3783 4346 sed

2209 4372 2401 4425 corpus
2429 4359 2742 4426 appellatur.
2770 4361 2943 4423 Quare
2967 4374 3095 4424 ergo
3137 4360 3187 4412 in
3217 4361 3464 4413 Oratione
3493 4361 3778 4426 dominica,

2209 4442 2326 4496 qua:
2365 4439 2546 4497 postea
2591 4429 2847 4497 sequitur,
2882 4429 2974 4489 ait,
3033 4428 3225 4482 Panem
3267 4432 3534 4483 nostrum?
3584 4431 3790 4485 Panem

2208 4497 2418 4571 quidem
2457 4498 2615 4571 dixit,
2636 4499 2729 4571 sed
2756 4503 2989 4571 imoimo:
3016 4498 3167 4559 dixit,
3203 4501 3301 4552 hoc
3345 4509 3447 4559 est,
3493 4505 3783 4571 supersub-

2209 4568 2525 4640 stantialem.
2568 4567 2684 4640 Non
2718 4569 2816 4622 iste
2863 4570 3008 4636 panis
3045 4571 3131 4637 qui
3179 4571 3319 4623 vadit
3350 4572 3399 4622 in
3445 4567 3659 4640 corpus,
3689 4574 3788 4628 sed

2211 4638 2300 4690 ille
2343 4640 2490 4704 panis
2528 4638 2649 4690 vice
2693 4648 2924 4698 ueterum,
2958 4640 3045 4707 qui
3075 4641 3264 4693 anima:
3309 4649 3502 4693 nostra:
3532 4638 3785 4698 substan-

2210 4707 2334 4759 tiam
2378 4708 2541 4778 l‘ulcit.
2573 4707 2695 4762 Ideo
2724 4724 2851 4776 ergo
2877 4725 3048 4778 grasce
3075 4715 3307 4763 ἐπιούσιον
3334 4711 3560 4764 dicitur:
3590 4712 3788 4769 latinus

2206 4787 2383 4850 autem
2436 4777 2600 4850 hunc
2628 4793 2813 4846 panem
2866 4777 3211 4850 quotidianum
3254 4781 3383 4834 dixit
3415 4800 3427 4835 :
3459 4783 3579 4850 quia
3609 4783 3783 4838 (Ξῖ-τιξρὶ

2209 4847 2388 4901 dicunt
2416 4848 2784 4901 advenientem
2814 4849 3007 4903 diem’.
3059 4849 3196 4914 Ergo
3224 4849 3363 4916 quod
3414 4847 3607 4907 latinus
3653 4854 3788 4908 dixit

2207 4926 2260 4970 et
2284 4933 2509 4986 griecus,
2537 4929 2816 4992 utrumque
2847 4920 2970 4992 utile
2991 4919 3196 4992 videtur
3222 4938 3234 4972 :
3263 4937 3467 4986 gra-eus
3500 4933 3786 4992 utrumque

2209 5003 2315 5059 uno
2339 5003 2584 5042 sermone
2609 4990 2954 5057 signiﬁcavit;
3011 4990 3202 5043 latinus
3238 4991 3584 5059 quotidianum
3629 4990 3783 5048 dixit.

2206 5055 2259 5111 Si
2279 5059 2616 5129 quotidianus
2641 5055 2722 5113 est
2753 5061 2922 5125 panis,
2941 5074 3037 5113 cur
3061 5072 3182 5128 post
3207 5055 3402 5114 annum
3428 5063 3570 5116 illum
3595 5067 3782 5129 sumis,

2207 5128 2651 5195 quemadmodum
2695 5129 2864 5183 Grazci
2913 5131 2962 5182 in
3006 5131 3222 5184 Oriente
3271 5133 3446 5186 facere
3486 5128 3785 5189 cousueve4

2209 5199 2368 5257 runt?
2412 5200 2606 5267 Accipe
2633 5199 2887 5268 quotidie,
2915 5200 3052 5268 quod
3079 5200 3315 5269 quotidie
3344 5203 3433 5255 tibi
3467 5205 3632 5272 prosit
3658 5223 3670 5257 :
3704 5207 3784 5260 sic

2271 5355 2286 5385 ³
2317 5358 2380 5401 tta
2403 5357 2511 5413 Inv.
2550 5363 2659 5400 cum
2693 5357 2759 5400 Ms
2784 5387 2796 5399 .
2821 5350 2882 5400 cl.
2918 5360 2974 5402 At
3013 5353 3088 5401 hie
3110 5353 3219 5402 duae
3243 5367 3406 5413 voces,
3432 5354 3658 5407 Ecclesia:
3673 5369 3788 5406 can-

2204 5412 2346 5477 tuitu,
2373 5414 2422 5461 in
2445 5412 2552 5477 aliis
2575 5413 2720 5477 editis
2755 5425 2812 5462 ac
2834 5417 3170 5476 manuscriptis
3193 5424 3369 5477 puncto
3391 5412 3669 5467 dividuntur
3694 5432 3707 5467 :
3737 5427 3788 5468 et

2207 5475 2374 5545 plures
2396 5480 2502 5523 uss.
2528 5475 2728 5545 habent,
2751 5481 3004 5545 vomuere;
3027 5475 3130 5545 pro,
3148 5475 3378 5545 contuitu.

2244 5539 2291 5608 f
2315 5543 2420 5584 Hinc
2445 5537 2612 5608 verba,
2645 5542 2879 5608 sanctum,
2909 5545 2977 5598 et,
3018 5537 3067 5586 in
3105 5538 3256 5597 uoltis,
3295 5540 3374 5590 hic
3406 5545 3458 5588 et
3490 5538 3612 5588 infra
3649 5547 3787 5592 Leva-

2207 5603 2406 5647 nienses
2427 5603 2706 5646 omiserunt.

2274 5659 2293 5687 ³·
2321 5659 2612 5719 κέαιιιιειετίιιι]
2647 5672 2667 5724 _j
2688 5657 3121 5724 leriqueomittuut
3150 5675 3332 5722 vocem,
3382 5659 3549 5723 diem;
3585 5675 3694 5724 qua
3722 5671 3791 5715 ta-

2212 5734 2324 5769 men
2353 5728 2507 5768 exstat
2534 5721 2656 5778 τίμια
2679 5723 2991 5768 Amirosium.
