4016 6452
241 318 388 378 1913

240 444 412 512 petit;
449 453 558 512 sed
584 452 768 512 acctpc
810 442 1060 512 quantum
1092 437 1287 512 dedisti
1317 455 1329 490 :
1363 452 1500 512 nam
1527 447 1581 492 et
1620 437 1822 492 benefi-

235 506 386 566 cium
415 508 685 580 perdidisti
711 547 727 572 ,
764 514 819 580 et
858 507 902 565 si
948 506 1048 561 hoc
1091 509 1262 580 ipsum
1291 508 1441 580 quod
1470 508 1777 580 daturuses
1805 547 1820 569 ,

237 576 504 650 exigatur.
547 577 704 632 Forte
730 576 797 630 ad
833 591 1044 629 manum
1083 594 1187 631 non
1220 577 1376 650 habet
1415 577 1554 631 unde
1578 577 1778 650 reddat
1807 594 1820 628 :

243 645 826 730 [mrlulisti_petentgm,
848 655 1101 730 exspecta
1122 662 1226 702 non
1249 647 1552 730 habentem:
1577 645 1697 701 Noli
1711 645 1824 730 cla-

241 714 394 775 inare
419 729 473 774 et
493 714 691 780 dicere,
711 715 973 785 Numquid
1002 714 1156 772 fenus
1176 716 1396 785 quacro?
1423 717 1647 770 Tantum
1676 725 1822 785 peto,

241 736 394 775 mare
419 732 473 774 et
493 732 691 780 uicere,
711 732 973 785 Ivumqqu
1002 732 1156 772 tenus
1211 732 1356 771 utero
1373 732 1395 769 ι
1433 732 1647 770 tantum
1676 732 1817 785 peto,

238 800 502 857 quantum
532 787 653 842 dedi
679 802 694 851 ;
728 787 829 857 hoc
863 785 1135 853 recipiam.
1163 732 1278 840 [gon
1307 801 1367 840 es
1395 786 1650 857 mentitus
1670 825 1686 850 ,
1725 800 1817 840 ve-

239 853 362 912 rum
379 859 532 923 dicis,
553 871 659 913 non
681 872 738 910 es
758 853 1053 925 fenerator;
1075 866 1134 911 et
1158 856 1240 910 vis
1262 857 1347 910 cui
1376 855 1590 921 dedisti,
1617 863 1823 925 quaerat

241 929 632 989 temeratorem,
675 939 731 980 ut
781 924 874 978 tibi
926 925 1130 980 reddat.
1172 925 1275 980 Sed
1319 926 1363 979 si
1423 924 1707 995 propterea
1747 925 1824 979 fe-

144 1056 152 1067 ,
238 1014 347 1052 nus
375 1013 478 1052 non
508 996 694 1065 exigis,
728 1011 804 1067 ne
823 1003 875 1049 te
905 995 1256 1067 feneratorem
1289 995 1482 1067 indicet
1516 995 1674 1058 Deus,
1704 1009 1822 1067 pre-

237 1069 367 1131 mis,
394 1063 642 1128 suffocas,
672 1065 839 1133 exigis
869 1081 884 1116 :
911 1065 956 1118 si
987 1074 1190 1119 tantum
1219 1065 1414 1134 exigis,
1445 1075 1698 1134 quantum
1728 1063 1821 1134 de-

235 1139 404 1200 disti;
436 1134 740 1190 sulfucando
765 1144 943 1188 tamen
969 1135 1095 1188 etin
1119 1133 1378 1203 angustiis
1403 1133 1700 1195 retinendo,
1724 1133 1820 1188 be-

239 1209 488 1262 neficium
516 1220 619 1259 non
647 1204 938 1273 pnestitisti
957 1243 974 1268 ,
1000 1204 1094 1258 sed
1123 1206 1351 1271 majores
1379 1204 1648 1273 angustias
1678 1203 1821 1257 intu-

241 1278 373 1331 listi.
416 1275 522 1331 Sed
561 1272 696 1328 forte
736 1273 906 1337 dicis,
957 1273 1124 1328 Habet
1165 1273 1305 1328 unde
1344 1272 1569 1328 reddere
1608 1274 1816 1341 possit:

243 1347 406 1400 habet
433 1345 852 1414 possessionem;
872 1343 1072 1414 vendat
1097 1361 1110 1397 :
1139 1343 1298 1398 habet
1317 1343 1559 1414 domum;
1587 1342 1780 1398 vendat
1803 1361 1817 1397 :

239 1416 404 1470 habet
433 1412 680 1468 familiam
706 1431 720 1476 ;
749 1412 963 1466 vendat.
996 1413 1182 1467 Frater
1206 1422 1326 1468 tuus
1350 1413 1561 1482 quando
1585 1428 1616 1482 a
1645 1419 1697 1466 te
1726 1427 1821 1480 pe-

239 1487 346 1549 tiit,
375 1484 494 1540 ideo
517 1493 565 1538 te
591 1483 737 1549 petiit
760 1499 826 1536 ne
851 1483 1136 1552 venderet;
1161 1481 1438 1552 propterea
1460 1498 1562 1538 non
1590 1481 1750 1552 faciat
1775 1482 1816 1547 ⁸,

237 1555 365 1622 quia
395 1553 714 1616 subvenisti,
747 1567 814 1606 ne
849 1551 1018 1607 ﬁeret.
1053 1551 1176 1622 Iloc’
1199 1553 1311 1622 vult
1347 1553 1512 1622 Deus,
1543 1552 1646 1607 hoc
1669 1551 1822 1621 jubet

242 1621 403 1678 Deus.
431 1623 534 1678 Sed
560 1623 605 1676 si
628 1636 820 1676 avarus
843 1636 925 1686 es,
949 1621 1108 1676 modo
1127 1621 1248 1676 audi
1282 1621 1409 1691 quid
1426 1622 1538 1690 ipse
1566 1622 1820 1677 Dominus

241 1695 296 1747 in
322 1693 606 1763 Evangelio
620 1691 781 1757 dicat,
805 1691 992 1756 Stulte,
1015 1691 1109 1744 hac
1129 1700 1273 1763 nocte
1290 1691 1634 1763 “postulatur
1648 1691 1819 1763 anima

239 1774 329 1842 tua
350 1774 447 1842 a_te_
473 1759 581 1842 E_ea
604 1777 718 1842 qua:
736 1763 1054 1832 prwparasti,
1075 1761 1380 1842 cujusnerunt
1399 1759 1538 1842 ?_.Sic
1562 1769 1632 1815 est
1655 1761 1818 1816 omnis

235 1834 327 1902 qui
352 1835 445 1888 sibi
473 1829 795 1902 tltesauriaut,
831 1840 877 1902 et
901 1829 1371 1902 nonirstiintDeum
1396 1831 1551 1885 dives.

691 1901 921 1972 διεκιιο
959 1900 1248 1955 LXXXVII
1278 1899 1376 1972 (a).

243 1971 321 2026 De
343 1972 501 2026 verbis
527 1970 788 2042 Evangelii
816 1970 987 2036 Lucae,
1012 1987 1126 2042 cap.
1155 1987 1268 2037 xm,
1289 1969 1385 2042 l8,
1410 1969 1496 2036 l9,
1520 1969 1620 2026 Cui
1643 1969 1818 2026 simile

655 2040 738 2096 est
766 2056 985 2109 regnum
1019 2041 1145 2105 Dei,
1182 2050 1276 2094 etc.
1309 2040 1408 2111 (b)_.

313 2112 364 2165 1.
399 2110 608 2180 Sinapis
631 2127 842 2181 granum
865 2111 1043 2163 virtute
1068 2109 1334 2181 magnumi
1365 2109 1520 2181 Fides
1543 2109 1818 2181 christiana

241 2182 408 2248 specie
451 2179 645 2248 parva,
676 2180 764 2232 sed
809 2195 994 2247 magna
1039 2179 1233 2231 virtute.
1267 2179 1413 2248 Dicit
1463 2179 1716 2248 Dominus
1761 2179 1814 2248 in

293 2246 532 2315 vangelio
565 2267 578 2302 ς
608 2248 702 2302 Cui
726 2246 986 2301 similesest
1011 2263 1218 2316 regnum
1240 2247 1378 2300 Dei?
1401 2256 1444 2299 et
1465 2247 1546 2316 cui
1572 2246 1734 2300 simile
1753 2247 1817 2299 il-

241 2321 336 2372 lud
358 2319 655 2373 testiinabo?
685 2316 865 2371 Simile
883 2326 952 2369 est
978 2315 1135 2385 grana
1161 2317 1373 2385 sinapis,
1401 2315 1534 2384 quod
1557 2324 1815 2385 acceptum

239 2391 392 2442 homo
420 2389 552 2442 misit
579 2388 633 2440 in
661 2388 861 2439 hortum
887 2402 1072 2448 suum;
1102 2394 1148 2438 et
1174 2387 1361 2450 crevit,
1392 2395 1437 2437 et
1465 2389 1600 2455 facta
1630 2397 1702 2455 est
1728 2402 1814 2438 ar-

237 2459 351 2522 bor,
380 2467 426 2510 et
455 2457 677 2510 volucres
702 2457 812 2508 cwli
846 2457 1188 2525 requieverunt
1213 2456 1268 2508 in
1291 2455 1446 2508 ramis
1467 2454 1602 2523 ejus.
1641 2454 1816 2509 Movet

207 2529 468 2595 _fortassc
496 2540 684 2580 sensus
713 2535 938 2595 vestros,
965 2540 1130 2595 quare
1163 2540 1381 2595 regnum
1426 2525 1516 2595 Dei
1545 2533 1650 2576 tam
1680 2539 1811 2592 pra:-

238 2598 442 2652 clarum
471 2603 629 2664 atque
659 2594 993 2666 magniﬁcum
1017 2609 1182 2666 grano
1209 2594 1408 2663 sinapis
1437 2594 1627 2666 exiguo
1663 2609 1812 2666 com-

241 2675 458 2734 paretur
480 2706 495 2729 ,
524 2663 579 2718 et
605 2665 716 2732 spei
748 2674 941 2719 nostra:
967 2663 1040 2717 in'
1059 2678 1118 2719 se
1151 2673 1255 2718 tam
1291 2663 1490 2734 grande
1528 2663 1811 2734 solatium,

240 2733 317 2788 rei
342 2735 606 2788 vilissimae
629 2734 800 2788 simile
819 2749 936 2788 esse
955 2734 1161 2788 dicatur
1187 2750 1199 2786 :
1229 2733 1531 2803 prmsertim
1549 2746 1668 2786 cum
1686 2733 1812 2787 alibi

242 2805 380 2857 idem
417 2804 667 2856 Dominus
692 2803 964 2872 discipulis
998 2803 1112 2856 suis
1139 2801 1272 2856 dicat
1301 2843 1316 2863 ,
1349 2802 1410 2857 Si
1446 2801 1714 2872 habueritis
1745 2804 1810 2871 ﬁ-

237 2873 353 2925 dem
380 2874 508 2925 sicut
535 2888 750 2943 granum
771 2870 984 2943 sinapis,
1013 2873 1187 2926 dicetis
1213 2873 1330 2926 huic
1343 2872 1527 2943 monti,
1549 2870 1750 2943 Tollere
1767 2883 1814 2926 et

231 2945 431 3013 jactare
458 2943 510 2994 in
537 2940 673 2994 mare
691 2959 710 3007 ;
731 2951 776 2994 et
797 2942 882 3008 ﬁet
909 2940 1120 3013 (Matth.
1144 2957 1271 3013 χιιι,
1298 2942 1405 3012 l9).
1429 2941 1591 3013 Igitur
1610 2943 1654 2994 si
1683 2941 1814 3013 tides

240 3011 385 3065 tanta
413 3022 516 3076 est,
546 3027 665 3079 quae
694 3019 866 3074 potest
893 3013 961 3065 ab
991 3012 1119 3080 ipsis
1144 3011 1381 3079 sedibus,
1413 3012 1666 3065 montium
1697 3012 1813 3065 fune

238 3091 489 3135 uaInenta
541 3079 846 3143 transferre,
900 3079 1204 3135 necessario
1249 3089 1304 3150 et
1343 3096 1564 3150 granum
1613 3082 1814 3150 sinapis

239 3166 489 3220 magnum
533 3159 649 3216 est,
696 3150 762 3220 ad
799 3151 950 3218 cujus
994 3149 1392 3220 similitudinem
1421 3149 1577 3204 fidem
1617 3149 1813 3207 habere

237 3219 630 3288 compellimur.
661 3219 906 3288 Magnum
933 3229 1109 3274 autem
1139 3219 1452 3286 dixerimus,
1482 3234 1586 3273 non
1613 3221 1809 3288 specie,

237 3290 336 3344 sed
366 3289 594 3350 virtute;
621 3299 676 3343 et
704 3303 808 3343 non
835 3288 979 3354 fidei,
1011 3290 1264 3358 qualitate
1290 3289 1473 3356 oleris,
1497 3304 1812 3358 comparan-

237 3361 390 3425 dum,
417 3359 511 3414 sed
539 3359 718 3428 vigore
741 3359 1045 3412 acrimonia:
1071 3359 1473 3428 coaequandum.
1502 3358 1631 3412 Nam
1658 3360 1700 3428 si
1727 3360 1810 3413 di-

238 3430 463 3499 ligenter
480 3427 844 3499 intendamus,
875 3429 1177 3499 invenimus
1203 3437 1348 3483 recte
1373 3443 1402 3480 a
1425 3429 1648 3484 Domino
1677 3427 1813 3484 hanc

235 3496 638 3572 similitudinem
664 3508 1040 3572 comparatam.
1064 3496 1212 3554 Sicut
1235 3499 1376 3553 enim
1406 3513 1648 3572 granumr
1665 3499 1808 3552 sina-

236 3569 323 3639 pis
343 3569 509 3636 prima
538 3567 710 3623 fronte
728 3567 924 3636 speciei
948 3582 1058 3622 sua:
1086 3576 1169 3622 est
1196 3567 1434 3639 parvum,
1467 3568 1589 3632 vile,
1618 3567 1810 3639 destie-

235 3637 407 3702 ctum,
439 3654 543 3692 non
570 3652 812 3706 saporem
840 3647 1114 3706 prtestans,
1152 3652 1258 3692 non
1285 3637 1503 3693 odorem
1528 3637 1809 3692 circumfe-

237 3723 400 3770 rens,
434 3723 536 3761 non
565 3707 802 3761 indicans
841 3708 1188 3770 suavitatem;
1219 3716 1274 3761 at
1304 3707 1391 3762 ubI
1421 3707 1517 3761 teri
1555 3709 1807 3776 cteperit,

235 3778 415 3831 statim
441 3776 660 3831 odorem
689 3791 841 3830 suum
873 3776 1060 3840 fundit,
1088 3776 1432 3831 acrimoniam
1467 3777 1697 3838 exhibet,
1731 3777 1812 3831 ei-

238 3846 364 3900 bum
395 3845 624 3901 ﬂammei
650 3846 856 3915 saporis
884 3846 1114 3911 exhalat,
1140 3855 1195 3900 et
1221 3855 1366 3900 tanto
1387 3845 1608 3900 fervoris
1635 3847 1813 3901 calore

235 3917 597 3980 succenditur,
619 3924 678 3969 ut
697 3917 886 3978 mirum
909 3916 976 3969 sit
997 3917 1047 3968 in
1071 3925 1175 3969 tam
1194 3915 1392 3969 frivolis
1413 3924 1613 3969 tantum
1637 3916 1810 3984 ignem

239 3987 405 4040 fuisse
432 3988 740 4041 conclusum
774 4001 788 4038 :
815 3984 966 4054 cujus
993 3985 1152 4039 etiam
1187 3985 1406 4040 seminis
1430 3985 1606 4038 cibum
1642 3985 1813 4040 homi-

239 4070 360 4119 nes,
393 4055 580 4110 hiemis
610 4055 872 4124 prtecipue
901 4063 1160 4124 tempore,
1181 4070 1390 4124 magna
1419 4069 1515 4124 pro
1551 4055 1812 4111 suavitate

239 4125 571 4194 percipiunt;
601 4122 863 4194 quatenus
890 4122 1149 4193 repellant
1170 4122 1387 4193 frigora,
1417 4123 1668 4194 humores
1687 4139 1813 4194 ege-

237 4193 666 4257 rant,’viscerum
693 4194 896 4248 interna
923 4194 1259 4257 ealefaciant;
1284 4208 1426 4260 saepe
1446 4193 1604 4248 etiam
1628 4209 1690 4248 ex
1714 4193 1813 4249 Iioc

234 4265 398 4332 capiti
435 4264 690 4318 adhibent
721 4263 1036 4333 medicinam
1057 4303 1073 4328 ,
1106 4272 1164 4316 ut
1189 4263 1233 4317 si
1255 4263 1382 4333 quid
1412 4263 1696 4317 invalidum
1721 4305 1736 4329 ,
1767 4265 1812 4318 si

235 4333 367 4403 quid
411 4343 666 4404 :rgrotum
707 4332 883 4404 fuerit,
913 4333 1112 4404 sinapis
1149 4332 1512 4404 ignecuretur
1541 4349 1554 4385 :
1585 4334 1656 4386 ita
1684 4348 1814 4403 ergo

234 4402 295 4457 et
319 4404 452 4456 fides
468 4402 762 4457 christiana
787 4403 953 4470 prima
977 4402 1147 4457 fronte
1171 4403 1377 4456 videtur
1395 4418 1511 4458 esse
1533 4417 1714 4471 parva,
1739 4402 1816 4456 vi-

235 4472 308 4526 iis
334 4481 388 4526 et
412 4475 602 4537 tenuis,
633 4488 736 4526 non
767 4473 1054 4540 potentiam
1086 4487 1234 4526 suam
1255 4472 1562 4537 ostendens,
1591 4488 1696 4526 non
1721 4486 1813 4527 sn-

236 4542 480 4612 perbiam
522 4541 812 4612 praeferens
838 4583 854 4606 ,
884 4555 996 4612 non
1035 4543 1255 4610 gratiam
1294 4542 1730 4608 subministrans;
1759 4550 1816 4596 at

236 4611 330 4666 ubi
357 4611 582 4667 diversis
603 4611 977 4666 tentationibus
999 4612 1094 4665 teri
1115 4612 1356 4680 cmperit,
1379 4612 1556 4665 statim
1579 4612 1812 4679 vigorem

234 4695 394 4762 suum
411 4682 618 4762 prodit,
646 4681 987 4762 acrimoniam
1014 4681 1248 4762 indicat,
1275 4680 1814 4762 calonemdominitm

235 4750 572 4806 credulitatis
596 4753 816 4820 aspirat,
837 4759 891 4804 et
919 4759 1064 4803 tanto
1083 4750 1246 4804 divini
1273 4751 1408 4820 ignis
1427 4750 1618 4805 ardore
1642 4759 1812 4818 jacta-

237 4831 352 4885 tur,
380 4830 435 4874 ut
464 4830 518 4874 et
547 4819 673 4890 ipsa
697 4823 932 4882 ferveat,
959 4829 1015 4874 et
1052 4819 1453 4890 participantem
1488 4820 1603 4890 sibi
1624 4821 1815 4876 ardere

233 4891 546 4959 compellat.
576 4891 724 4946 Sicut
756 4891 807 4944 in
834 4897 1017 4944 sancto
1043 4890 1328 4958 Evangelio
1355 4889 1461 4944 duo
1488 4904 1552 4943 ex
1576 4889 1814 4959 discipu-

234 4960 311 5016 lis
336 4961 585 5015 dixerunt
612 4962 632 4992 ³
656 4999 673 5026 ,
715 4959 840 5014 dum
880 4973 1001 5013 cum
1029 4959 1157 5029 ipsis
1181 4967 1301 5028 post
1326 4959 1625 5029 passionem
1664 4975 1814 5016 suam

304 5071 324 5131 ξ
349 5077 419 5122 Its
441 5079 546 5131 ita.
568 5071 889 5131 Editigautem.

280 5125 320 5195 ᾗ
343 5132 450 5174 Mss.
474 5126 578 5195 haec
599 5128 765 5188 verba,
782 5125 954 5195 duo’ex
970 5125 1236 5195 uiscipulis,
1256 5134 1499 5195 omittunt,
1522 5144 1568 5186 et
1597 5139 1684 5188 ista
1704 5141 1818 5189 sub-

227 5189 441 5260 stituunt
457 5220 474 5246 ,
498 5194 720 5260 Emittam
750 5195 795 5239 et
818 5189 1050 5260 (taetrius
1069 5189 1331 5256 dixerunt;
1369 5210 1460 5260 nec
1483 5189 1673 5249 minima
1705 5201 1818 5254 hinc

228 5245 424 5318 additur
455 5245 714 5318 auctoritas
745 5245 1078 5318 manuscriptis
1104 5245 1380 5318 sermonem
1417 5245 1815 5314 hune—ltinbrcsio

229 5306 650 5380 atlscribentilnis,
683 5312 761 5380 cui
802 5306 1023 5380 nimirum
1051 5315 1154 5380 hoc
1185 5317 1430 5378 singulare
1468 5306 1816 5378 esi,ii"iiﬁi1§

231 5380 295 5415 ex
323 5368 792 5439 Iluobttsudisprulis
822 5374 996 5439 quibus
1017 5376 1228 5426 Christus
1260 5368 1371 5439 post
1406 5368 1815 5434 resurrectionem

231 5440 350 5534 :ﬁse
394 5429 634 5480 visibilem
669 5429 906 5494 prazbuit,
949 5441 1187 5486 Emmauxn
1225 5429 1400 5490 némen
1584 5429 1817 5496 *ci'eailié'.

258 5503 310 5536 ιι.

301 5546 375 5614 (ᾳ)
408 5545 546 5614 filim,
567 5545 832 5614 densanctis
851 5548 904 5596 5|
929 5562 944 5607 ;
972 5556 1022 5598 et
1045 5559 1166 5614 post,
1191 5553 1238 5600 in
1263 5556 1530 5614 Appendtce
1553 5557 1630 5605 8f.

299 5607 375 5665 (lt)
410 5607 571 5680 Editus
592 5606 714 5677 olim.
739 5615 790 5656 et
813 5606 948 5680 inter.
974 5606 1200 5680 Itnihrosii
1233 5606 1512 5680 sei'I'nones,
1532 5619 1731 5680 ejusque
1768 5621 1813 5670 in

239 5677 573 5730 ωςιυυςιιηιιιδ
595 5682 787 5719 uotutne
810 5677 1061 5734 inscriptus
1083 5677 1354 5736 reperitur;
1381 5677 1465 5726 sed
1483 5680 1545 5726 ibi
1560 5677 1809 5737 aiziuauto

1539 313 1769 371 SERMO
1805 311 2134 370 LXXXVIII.

3371 327 3510 384 19η

1936 434 2189 488 Dominus
2218 433 2542 503 loqueretur,
2569 433 2751 489 Nonne
2770 451 2846 489 cor
2879 447 3108 492 nostrum
3129 447 3234 493 erat
3249 441 3429 497 ardens
3454 449 3510 499 ln

1931 503 2072 556 nobis
2095 504 2146 557 in
2178 504 2278 570 via,
2301 505 2421 556 dum
2437 505 2650 570 aperiret
2673 506 2812 560 nobis
2833 505 3078 562 Dominus
3099 509 3250 563 Jesus
3276 512 3511 570 Scriptu-

1931 523 2072 556 noats
2095 523 2146 557 m
2178 523 2278 570 ma,
2301 523 2421 556 aunt
2437 523 2468 555 α
2507 523 2650 557 ertret
2673 523 2812 560 nonis
2833 523 3078 562 uenimus
3099 523 3250 563 Jesus
3276 523 3390 565 δτι-ε
3429 523 3506 566 lu-

1928 589 2012 626 ras
2043 572 2192 647 (Luc.
2225 589 2376 647 xxtv,
2398 523 2536 647 ᾨςέ
2565 574 2715 647 Ergo
2731 590 2952 644 granum
2995 579 3197 647 sinapis
3241 530 3506 636 memgro-

1928 657 2045 695 rum
2075 643 2275 720 viscera
2300 643 2720 720 calefacit_;__ﬂdei
2739 643 2915 720 autem
2946 649 3094 716 vigor
3119 643 3360 705 cordium
3383 666 3508 720 pec-

1928 721 2044 788 cata
2097 713 2382 788 comburit.
2431 713 2499 788 Et
2540 713 2666 767 illud
2709 713 2943 788 quidem;
2973 713 3219 786 asperum
3272 713 3506 788 algorem

1929 779 2140 850 frigoris
2168 790 2434 844 removet;
2480 782 2594 837 inec
2625 779 2801 837 autém
2839 779 3157 842 delictorum
3185 779 3504 845 diabolicuni

1928 849 2094 918 frigus
2119 851 2619 926 expellitaSinapis,
2651 853 2888 926 inquam,
2916 869 3134 924 granum
3165 859 3376 926 iniquos
3403 860 3504 914 hu-

1927 935 2106 990 mores
2153 920 2402 990 decoquit
2444 920 2768 990 corporum;
2823 920 2954 979 fides
2998 937 3174 981 autem
3221 920 3498 984 libidinum

1927 989 2124 1044 ﬂuenta
2149 989 2435 1067 consumit.
2465 989 2654 1060 Et’per
2678 991 2803 1067 illud
2829 993 3092 1067 medicina
3120 998 3278 1066 capiti
3308 1013 3497 1067 procu-

1928 1067 2114 1136 ratur;
2161 1059 2257 1136 per
2299 1059 2679 1136 iidem_autem
2722 1063 2994 1136 spirituale
3027 1059 3456 1136 caput-nostrum
3485 1109 3502 1134 ,

1927 1129 2064 1250 anod
2091 1139 2170 1183 est
2194 1129 2439 1184 Christus
2460 1129 2738 1197 Dominus,
2754 1129 2965 1203 saepius
2985 1129 3270 1190 relevetur.
3311 1137 3417 1192 Sed
3444 1129 3500 1192 ei

1963 1197 2048 1250 dei
2085 1198 2228 1250 iuxta
2254 1200 2700 1250 comparationem
2735 1202 2934 1250 sinanis
2967 1215 3153 1250 sanam
3183 1205 3350 1250 ndnm
3378 1223 3499 1250 ηριο-

1963 1197 2048 1276 dei
2079 1198 2238 1276 juxta
2254 1200 2700 1276 comparationem
2735 1197 2934 1276 sinapis
2967 1215 3153 1276 saneto
3182 1205 3350 1276 odore
3378 1223 3499 1276 per-

1927 1266 2175 1352 iruimur,
2195 1269 2335 1322 sicut
2359 1266 2434 1322 ait
2456 1271 2745 1352 apostolus
2769 1266 2955 1352 beatus
2966 1273 3275 1352 _,_Quoniam
3311 1266 3499 1332 Christi

1926 1335 2434 1414 bonuspdor-sumus
2463 1336 2568 1392 Deo
2600 1337 2668 1411 (ll
2695 1335 3039 1414 Cor.rtt,_15).

1995 1407 2050 1461 2.
2081 1406 2403 1481 Laurentius,
2426 1406 2640 1478 granum
2669 1411 2882 1481 sinapis.
2915 1406 3074 1481 Igitur
3097 1422 3337 1468 sanetum
3366 1430 3503 1470 mar-

1926 1483 2096 1547 tyrem
2128 1476 2465 1554 Laurentium
2505 1492 2673 1554 grano
2711 1476 3239 1554 sirinpisjpossumus
3275 1499 3499 1554 compa-

1925 1546 2064 1620 rare,
2092 1548 2179 1615 qni
2207 1547 2430 1620 diversis
2452 1546 2673 1620 attritus
2701 1546 3056 1616 passionibus,
3090 1566 3184 1620 per
3207 1560 3374 1607 totum
3401 1546 3495 1608 'or-

2091 1614 2488 1702 grattiantneruit
2525 1618 2604 1702 sui
2639 1614 2904 1702 fragrare‘
2928 1614 3187 1702 martirii.
3207 1622 3317 1702 .Qui
3339 1623 3498 1702 enim

1923 1694 2076 1762 antea
2101 1687 2420 1740 constitutus
2449 1687 2500 1738 in
2526 1701 2769 1756 corpore,
2783 1697 2910 1762 erat
2941 1687 3174 1756 humilis,
3207 1687 3417 1762 ignotus
3440 1702 3498 1748 et

1922 1754 2073 1828 vilis;
2105 1765 2450 1828 posteaquam
2478 1754 2736 1828 vexatus,
2783 1758 3042 1828 laceratus
3062 1801 3077 1825 ,
3126 1754 3346 1816 exustus
3371 1772 3454 1817 est
3477 1803 3494 1828 ,

1922 1824 2188 1878 universi-5
2226 1839 2321 1892 per
2351 1832 2518 1877 totum
2549 1825 2802 1880 mundum
2846 1827 3088 1883 ecclesiis
3124 1831 3344 1885 odorem
3387 1824 3500 1887 sua:

1923 1892 2211 1970 nobilitatis
2237 1893 2442 1970 infudit.
2473 1893 2636 1948 [lecte
2661 1894 2817 1970 igitur
2838 1896 2965 1970 huic
2985 1901 3312 1970 comparatio
3334 1915 3498 1970 copu-

1924 1963 2062 2033 latur
2092 1979 2104 2014 :
2137 1963 2396 2033 siquidem
2435 1978 2657 2031 granum
2683 1963 2886 2033 sinapis
2910 1982 3031 2020 cum
3061 1963 3269 2033 teritur,
3299 1963 3490 2025 accen-

1923 2031 2097 2102 ditur;
2144 2032 2457 2086 Laurentius
2487 2047 2608 2087 cum
2655 2031 2888 2102 patitur,
2929 2031 3328 2092 inflammatur:
3368 2041 3492 2094 illud

1923 2101 2184 2176 fervorem
2213 2103 2484 2176 attritione
2503 2117 2607 2176 sua
2639 2101 2815 2176 movet
2846 2106 2863 2136 ⁸
2888 2122 2904 2169 ;
2934 2105 3021 2160 hic
3061 2107 3234 2174 ignem
3264 2109 3488 2176 plurima

1923 2172 2200 2241 vexatione
2219 2173 2466 2239 suspirat.
2498 2172 2730 2238 Sinapis,
2759 2174 2992 2241 inquam,
3019 2172 3305 2234 invasequ
3325 2179 3498 2232 calido

1923 2239 2261 2316 decoquitur;
2290 2241 2606 2316 haerentins
2644 2243 2696 2296 in
2726 2239 2974 2316 craticula
3016 2245 3348 2316 ﬂammarum
3376 2249 3497 2316 igne

1925 2317 2173 2379 torretur.
2217 2309 2450 2363 Ardebat
2489 2311 2664 2379 itaque
2686 2313 3017 2368 extrinsecus
3045 2315 3232 2372 beatus
3257 2309 3496 2371 Lauréno

1923 2377 2025 2457 tius
2044 2388 2244 2457 martyr
2273 2379 2482 2457 tyranni
2509 2377 2776 2457 saavientis
2806 2382 3097 2457 incendiis;
3123 2386 3214 2440 sed
3246 2387 3414 2457 major
3435 2387 3500 2439 il-

1921 2447 2028 2500 lum
2071 2447 2388 2502 intrinsecus
2415 2448 2613 2503 Christi
2654 2451 2850 2505 amoris
2891 2447 3102 2507 ﬂamma
3143 2447 3397 2509 torrebst.
3431 2457 3497 2509 Et

1920 2518 2160 2589 quamvis
2198 2533 2289 2572 rex
2316 2518 2587 2587 improbus
2616 2519 2753 2589 ligna
2782 2520 3086 2589 subjiceret,
3119 2524 3362 2578 incendia
3390 2539 3498 2578 ma~

1915 2586 2030 2655 jura
2057 2596 2414 2656 supponeret;
2444 2596 2616 2642 tamen
2649 2586 2862 2643 sanctus
2881 2586 3198 2646 Laurentius
3223 2595 3318 2647 IIas
3342 2593 3493 2647 llam-

1918 2671 2035 2731 tnas
2059 2655 2182 2731 fidei
2207 2658 2384 2731 calore
2414 2673 2517 2711 non
2538 2659 2708 2731 sentit
2739 2677 2751 2712 :
2779 2669 2831 2714 et
2857 2660 2981 2731 dum
3005 2660 3203 2717 Christi
3232 2672 3496 2731 praecepta

1917 2727 2134 2795 cogitat,
2158 2725 2402 2797 frigidum
2431 2735 2514 2781 est
2537 2727 2609 2780 illi
2635 2743 2793 2783 omne
2813 2729 2951 2797 quod
2982 2731 3194 2797 patitur.
3226 2725 3333 2787 Nec
3352 2725 3495 2786 enim

1921 2805 2095 2871 potest
2115 2797 2166 2850 in
2193 2796 2490 2871 visceribus
2512 2797 2707 2871 ignium
2737 2796 2995 2871 tormenta
3017 2803 3234 2871 sentire,
3257 2802 3348 2871 qui
3371 2817 3498 2857 sen-

1918 2865 2067 2936 sibus
2106 2865 2335 2934 paradisi
2370 2865 2642 2936 refrigeria
2673 2867 2992 2935 possidebat.
3025 2869 3206 2925 Jaceat
3229 2865 3350 2926 licet
3374 2882 3496 2927 ante

1920 2935 2088 3007 ριξάιεδΔ
2109 2936 2314 3007 tyranni
2343 2935 2526 3007 exusta
2552 2950 2681 2990 caro
2700 2978 2716 3002 ,
2744 2952 2937 3006 corpus
2961 2941 3236 3004 exanime;
3268 2941 3395 2994 nihil
3427 2949 3499 2995 ta-

1918 3003 2040 3058 men
2061 3003 2362 3060 deirimenti
2393 3005 2586 3074 patitur
2624 3007 2676 3074 in
2703 3003 2879 3068 terris,
2903 3007 3056 3072 cujus
3082 3003 3291 3064 animus
3315 3010 3498 3064 demo-

1919 3083 2068 3146 ratur
2111 3075 2162 3128 in
2190 3073 2405 3146 remlis.’
2430 3073 2747 3129 Extenditur
2790 3091 2918 3146 ergo
2959 3092 3123 3146 super
3163 3079 3497 3134 ﬂammarum

1919 3143 2114 3212 ignitos
2152 3144 2379 3214 globos,
2422 3154 2476 3198 et
2521 3146 2716 3212 saepius
2760 3143 3004 3201 versatur
3030 3143 3102 3200 ἰιι
3151 3149 3352 3214 latera;
3397 3149 3497 3204 sed

1917 3223 2116 3286 quanto
2137 3214 2255 3282 plus
2282 3227 2555 3286 ptenarum
2577 3216 2790 3286 patitur,
2816 3224 2963 3286 tanto
2983 3217 3210 3286 amplius
3228 3218 3497 3273 Christum

1920 3283 2200 3356 Dominum
2230 3283 2574 3356 pertimescit.
2598 3283 2743 3339 Novo
2764 3283 3126 3356 admirationis
3145 3303 3340 3356 genere
3360 3289 3499 3344 alius

1917 3351 2064 3425 illum
2093 3360 2340 3425 torquet,
2385 3361 2441 3406 et
2479 3354 2568 3425 alii
2611 3355 2878 3425 saevientis
2908 3351 3172 3411 tormenta
3198 3358 3498 3425 proficiunt.

1917 3422 2260 3545 lDevotiotrem
2289 3421 2632 3479 Laurentium
2659 3423 2921 3481 Salvatori
2947 3421 3213 3496 supplicia
3233 3428 3495 3482 atrociora

1938 3506 2130 3545 ecerun
2161 3530 2176 3545 .

1938 3500 2176 3546 'ecerunt.

2353 3581 2582 3637 SERMO
2618 3581 2926 3638 LXXXVIII
2965 3585 3062 3656 (α).

1917 3667 2141 3724 Rursum
2165 3669 2228 3724 de
2261 3669 2427 3744 gerbis
2451 3669 2714 3744 Euangelii
2755 3671 2938 3739 Lucaz,
2966 3690 3080 3743 cap.
3123 3689 3194 3744 rm
3215 3714 3232 3740 ,
3261 3674 3328 3731 18
3347 3716 3362 3741 ,
3397 3675 3498 3744 l9,

2253 3735 2347 3792 Cui
2386 3740 2558 3795 simile
2583 3735 2664 3795 est
2692 3735 2942 3811 regnum,
2977 3735 3073 3797 etc.
3097 3743 3198 3814 (ὁ).

1990 3829 2042 3905 ᾖ.
2074 3825 2231 3905 Fides
2267 3828 2579 3905 christiana,
2603 3846 2815 3905 regnum
2838 3829 2956 3886 Dei.
2991 3831 3187 3905 Vigoris
3206 3831 3344 3889 illius
3363 3851 3504 3905 sym-

1917 3898 2108 3970 bolum,
2130 3899 2321 3970 sinapi.
2332 3929 2403 3939 —
2418 3899 2517 3970 Cui
2537 3898 2698 3970 simile
2721 3911 2792 3954 est
2817 3917 3024 3970 regnum
3043 3898 3318 3958 calorum?
3339 3898 3503 3958 εἴριιὶ

1917 3969 2084 4048 simile
2107 3968 2365 4048 aestimabo
2388 3968 2552 4048 illud,
2583 3969 2658 4048 ait
2683 3968 2935 4048 Dominus
2955 3989 2980 4048 _:
3012 3972 3193 4028 Simile
3230 3983 3302 4048 est
3341 3991 3502 4048 grano

1917 4037 2111 4112 rinapis
2135 4079 2150 4104 ,
2181 4047 2235 4092 et
2254 4045 2469 4092 caetera.
2493 4038 2656 4112 _Mttlta
2684 4040 3093 4112 perstrinximus
3112 4083 3128 4109 ,
3160 4037 3502 4112 quibus'pro-

1919 4103 2168 4161 bare—mus
2202 4122 2452 4180 regnum
2493 4103 2793 4180 Deitgr'ano
2839 4103 3039 4180 sinapis
3089 4103 3194 4166 non
3239 4103 3504 4168 immerito

1918 4177 2216 4245 comparari
2240 4219 2256 4244 ,
2288 4177 2359 4232 et
2403 4177 2706 4232 distantiam
2750 4180 2802 4233 in
2841 4177 3112 4236 sola—esse
3154 4183 3503 4238 aestimatione

1918 4246 2204 4320 verborum
2229 4263 2395 4320 ,Anou
2441 4248 2493 4301 in
2545 4247 2828 4304 collatione
2868 4251 3122 4320 virtutum
3173 4267 3189 4304 :
3232 4251 3496 4320 siquidem

1917 4314 2204 4388 christiana
2223 4385 2233 4388 Α
2253 4315 2383 4370 ﬁdes
2403 4357 2420 4382 ,
2465 4333 2584 4386 qum
2612 4333 2833 4388 regnum
2880 4319 2975 4374 Dei
3013 4329 3129 4387 est,
3155 4314 3396 4376 eumdem
3426 4322 3504 4375 vi-

1917 4399 2101 4458 gorem
2127 4385 2332 4458 obtinet
2353 4385 2550 4458 ,λιιιιόιιι
2597 4385 2794 4457 sinapis
2822 4397 3006 4443 natura
3043 4385 3325 4458 depromit.
3369 4391 3502 4446 Nam

1919 4453 2060 4508 sicut
2082 4470 2202 4525 eum
2230 4453 2430 4525 sinapis
2454 4471 2668 4519 succum
2712 4453 2999 4522 sumimus,
3027 4453 3174 4514 vultu
3214 4461 3500 4515 contrista-

1920 4540 2060 4599 mur,
2087 4523 2263 4580 fronte
2288 4523 2672 4599 contrahimur,
2716 4527 2781 4581 ad
2821 4529 3084 4599 lacrymas
3107 4544 3499 4598 permoventur,

1919 4601 1976 4670 et
2022 4594 2188 4664 ipsam
2237 4594 2618 4670 salubritatem
2646 4594 3244 4670 corporisnostri'cum
3270 4594 3499 4670 quodam

1918 4661 2057 4718 ﬂetu‘
2084 4665 2413 4720 austeritatis
2453 4661 2776 4734 accipimus;
2823 4666 2971 4722 illinc
3019 4668 3162 4722 enim
3206 4661 3503 4724 amaritudo

1921 4747 2019 4787 nos
2043 4741 2362 4807 erasperat,‘
2384 4735 2673 4790 acrimonia
2711 4745 2958 4807 penetrat
2975 4777 2992 4802 ,
3024 4737 3146 4791 hinc
3189 4739 3335 4792 calor
3362 4739 3500 4807 ignei

1920 4801 2127 4872 saporis
2149 4801 2424 4870 accendit;
2452 4812 2505 4859 et
2535 4814 2647 4859 toto
2673 4801 3216 4876 perturbaticorpore
3245 4801 3504 4863 tunc'ma-

1919 4953 2153 5020 prolixior
2168 4987 2184 5014 ,
2208 4953 2445 5015 incipiens
2464 4953 2526 5002 ab
2547 4953 2698 5004 hocce
2715 4955 2948 5020 exordio:
2976 4972 2999 5002 ι
3021 4957 3247 5020 libenter
3269 4971 3361 5010 nos
3375 4972 3503 5020 pre-
3551 4952 3555 4956 ’

1925 5014 1951 5062 's
1972 5014 2134 5064 dicare
2152 5022 2210 5077 et
2229 5014 2478 5077 gratanter
2509 5028 2634 5077 Opus
2655 5017 2739 5077 Dei
2763 5015 2924 5066 facere
2945 5017 3253 5068 manifestum
3276 5028 3352 5070 est
3375 5014 3389 5069 Ξ
3414 5020 3504 5072 sed

1926 5092 1952 5122 ι
1971 5087 2082 5150 cum
2108 5075 2570 5150 rvitlemuslplures“
2587 5088 2618 5124 e
2659 5075 2888 5150 fratribus
2929 5080 3114 5150 pigrius
3144 5080 3219 5150 ad
3250 5080 3504 5150 ecclesiam

1927 5153 1951 5183 ι
1973 5137 2254 5209 convenire,
2270 5152 2292 5180 ι
2323 5137 2418 5186 etc.
2443 5144 2737 5199 notaturque
2758 5137 2949 5190 habitus
2982 5137 3040 5190 in
3077 5140 3223 5191 natali
3266 5145 3502 5194 Laurentii

1985 5259 2003 5322 ε
2021 5257 2070 5322 tn
2092 5266 2216 5322 Mss"
2239 5259 2472 5322 fervorem
2486 5257 2737 5322 attritionis
2757 5271 2860 5312 sua
2878 5261 3066 5312 evomit.

2005 5320 2056 5388 ᾳ)
2089 5318 2226 5379 olim,
2240 5318 2313 5368 'de
2333 5322 2512 5369 sanctis
2531 5321 2623 5388 3?);
2650 5329 2701 5388 et
2723 5330 2848 5388 post,
2871 5324 2920 5372 in
2944 5324 3220 5388 Appendice
3237 5324 3315 5372 82.

2008 5380 2225 5458 (9,Ῐὲιῖηὲ
2237 5380 3286 5458 ΗΒῈΨΡεθωξξνοὲἷίὲίπίὲίηρᾶ¹¹’Ῠίάβωυδζθι
3324 5386 3371 5456 ίΡ
3395 5387 3503 5458 ei“!

1923 5455 2124 5515 plerum
2149 5441 2427 5515 vulgatis—et
2450 5443 2496 5490 in
2528 5446 2862 5515 manuscriptis
2898 5444 3051 5515 libris,
3078 5447 3124 5515 in
3145 5447 3320 5515 quibus
3339 5441 3502 5515 incipit

1922 5502 1968 5552 in
1994 5502 2097 5550 haec
2123 5502 2297 5568 verba:
2333 5523 2354 5548 ι
2373 5506 2633 5568 superiore
2653 5502 2890 5568 Dominica
2916 5502 3184 5568 parabolam
3207 5506 3388 5553 honuni
3406 5502 3500 5556 dis-

1921 5572 2166 5619 serentes,
2192 5565 2236 5611 in
2257 5579 2350 5626 qua
2375 5567 2457 5622 ait,
2483 5564 2570 5613 (‘in
2594 5564 2748 5614 simile
2772 5574 2841 5616 cst
2863 5564 3060 5626 rranum
3084 5568 3326 5621 (alarum,
3349 5581 3370 5607 ι
3402 5575 3496 5626 etc.

1922 5636 1981 5673 Ae
2007 5639 2174 5673 vetsus
2213 5624 2355 5674 liuent
2381 5627 2540 5675 multis
2564 5641 2668 5690 qux
2708 5628 2782 5676 hic
2807 5624 3172 5683 desiderantur,
3197 5627 3378 5675 auctior
3402 5624 3499 5676 illic

1925 5692 2198 5735 CXhli‘ClUl'.
