4016 6444
529 299 662 354 1915

527 416 608 482 gis
646 415 763 467 sani
807 410 1090 482 efficimur,
1140 423 1257 462 cum
1295 423 1362 482 an
1386 417 1522 475 ptius
1549 404 1925 482 deploratuus:
1959 405 2027 482 iia
2053 416 2107 459 et

529 475 651 536 cum
677 483 798 536 fidei
826 481 1126 534 christiatue
1153 477 1394 532 mandata
1427 475 1776 544 percipimus,
1825 475 2108 528 contrista-

531 568 652 607 mur
681 553 890 616 animo,
921 551 1198 618 aflligimur
1221 561 1446 613 corpore
1465 587 1480 610 ,
1511 547 1574 597 ad
1609 546 1870 618 lacrymas
1895 558 2107 618 pergno-

531 638 737 682 vemur.
765 631 820 676 et
849 614 1012 690 ipsam
1028 614 1260 688 Salutem
1292 624 1534 690 nostrain
1565 615 1939 690 cumquodam
1978 614 2104 668 ﬂetu

529 707 592 746 ac
623 707 850 745 merere
873 683 1270 756 consequimur.
1297 685 1423 739 [nde
1453 684 1825 764 Otiiln77jerIlia
1879 699 2107 764 πως-ςκ-

532 772 802 830 asperant,
822 762 962 834 iliinc
992 754 1319 834 peccatorum
1346 755 1667 834 conscientia
1697 763 1927 834 macerat
1947 754 2106 834 ;7li_inc

535 823 832 899 patrimonii
852 823 1054 902 jactura
1101 827 1409 896 perturbat:
1441 834 1495 902 et
1549 823 1979 902 toto7contris7tati
2009 823 2104 902 lia-

529 893 640 956 bitu
685 893 868 969 magis
926 893 1149 952 salutem
1209 897 1603 969 consequimur,
1633 895 1677 946 si
1722 893 1966 969 amplius
2002 895 2104 969 de-

532 970 752 1024 ﬂeamus
771 962 797 1035 ξ
819 969 1106 1024 secundum
1137 967 1278 1035 quod
1307 967 1381 1018 ait
1409 966 1680 1036 Dom-inus,
1722 962 1818 1014 Vos
1837 962 2105 1036 plorrtiiitis

529 1050 577 1094 et
607 1032 822 1108 ﬂebitis;
849 1039 1086 1092 sa'cufum
1128 1032 1294 1108 autem
1335 1036 1566 1108 gaudebit
1614 1032 1790 1108 (Joau7.
1836 1032 1952 1096 im,
1982 1033 2102 1108 2(7)).

531 1102 681 1164 Sicut
706 1121 881 1162 autem
907 1124 1027 1162 cum
1058 1106 1227 1183 sinapi
1249 1102 1406 1183 caput
1427 1104 1566 1183 forte
1583 1102 1974 1183 curandutnest
1993 1143 2005 1164 ,
2021 1104 2107 1183 ju-

533 1180 719 1232 bemur
755 1179 974 1232 abrasas
1016 1177 1236 1251 capillos
1277 1176 1521 1253 demere,
1555 1172 1926 1253 impedimenta
1970 1172 2106 1253 cuiis

532 1250 774 1302 universa
797 1241 1098 1316 deponere,
1129 1245 1354 1298 ut‘nudo
1377 1243 1584 1316 corpori
1615 1241 1900 1316 perfectius
1938 1241 2106 1316 medi-

529 1318 648 1373 cina
693 1309 966 1387 perveniat
998 1335 1010 1369 :
1045 1318 1114 1370 ita
1141 1309 1543 1387 etcumanima
1572 1325 1665 1380 per
1689 1309 1842 1387 fidem
1872 1312 2103 1387 curanda

533 1397 649 1450 est,
685 1380 1018 1454 prmcipimur
1046 1400 1078 1438 a
1103 1383 1255 1437 nobis
1290 1383 1634 1454 substantiam
1660 1382 1866 1433 auferre
1887 1380 2064 1454 sareuli
2086 1421 2101 1445 ,

533 1449 911 1524 impedimenta
937 1455 1049 1509 auri
1077 1451 1676 1524 argentiquedeponere
1693 1458 1860 1524 ,7ut7et
1879 1449 2032 1502 nuda:
2051 1458 2105 1504 et

532 1519 632 1580 soli
661 1528 851 1579 anitnze
878 1519 1256 1592 congruentius
1279 1519 1568 1592 spiritualis
1609 1519 1868 1592 medicina
1913 1533 2106 1592 conve-

536 1596 663 1649 niat.
692 1595 939 1664 Quisquis
964 1589 1104 1647 enim
1131 1592 1294 1664 rebus
1321 1590 1500 1664 mundi
1521 1599 1575 1643 et
1590 1589 1796 1664 divitiis_
1809 1589 2102 1664 s:e_culi7ob-

532 1657 742 1739 volutus
780 1657 892 1727 esi,
926 1664 1046 1739 huic
1069 1662 1196 1739 iidei
1229 1660 1487 1715 medicina
1523 1673 1629 1739 non
1665 1657 1929 1739 proderit.
1969 1659 2105 1738 lirgo

531 1735 672 1802 quod
703 1749 890 1787 succus
913 1731 1113 1800 sinapis
1153 1731 1204 1785 in
1233 1744 1488 1799 corpore,
1523 1730 1622 1782 hoc
1663 1727 1794 1782 fides
1818 1727 2105 1783 christiana

533 1804 866 1882 operantem
895 1805 1114 1882 anima.“
1452 1870 1464 1881 7
1575 1868 1588 1882 υ
1652 1866 1712 1882 m
1780 1868 1791 1880 _

601 1875 655 1927 2.
685 1873 910 1926 Christus
939 1871 1161 1934 Innuilis,
1189 1885 1402 1938 granum
1422 1868 1630 1938 sinapis.
1648 1867 1910 1938 Gloriosus
1937 1867 1994 1938 ﬁt
2016 1884 2096 1938 ar-

535 1944 653 1997 bor:
667 1945 793 1996 rami
809 1941 968 2008 illius,
988 1941 1168 1994 sancti.
1186 1936 1550 2016 sedquoniam
1569 1937 1621 1990 in
1641 1936 1824 2016 eadem
1842 1936 2102 2016 dominica

535 2014 792 2066 sententia
819 2006 1070 2080 scriptum
1099 2019 1200 2080 est,
1234 2006 1383 2072 Quod
1411 2016 1670 2080 acceptum
1698 2006 2008 2080 Itom07misit
2050 2006 2106 2058 in

534 2084 730 2134 hortum
755 2075 982 2142 suumfet
1005 2079 1174 2139 crevit,
1191 2089 1237 2132 et
1265 2081 1400 2147 facta
1425 2086 1496 2129 est
1523 2077 1688 2136 arbor,
1711 2085 1760 2128 et
1783 2075 2105 2147 uoluet-ears-

533 2153 822 2222 qniereruut
837 2153 890 2203 in
906 2151 1060 2204 ramis
1075 2150 1182 2216 ejus
1196 2145 1523 2222 ;diltgen_ti_us
1536 2147 1863 2222 requiramus
1879 2146 1994 2214 quis
2009 2145 2106 2222 iste

532 2216 620 2280 sit,
641 2223 720 2274 cui
738 2221 851 2275 bzec
863 2230 1048 2274 cuncta
1061 2216 1396 2272 conveniant.
1412 2217 1644 2270 Diximus
1659 2216 1900 2283 superius
1911 2217 2106 2270 sanctis

533 2291 850 2361 martyribus
867 2331 884 2356 ,
905 2291 990 2360 qui
1017 2289 1239 2343 diversis
1268 2288 1430 2341 attriti
1456 2297 1578 2361 sunt
1619 2287 1946 2361 passionibus
1964 2327 1978 2350 ,
1997 2301 2106 2361 7na_-

535 2357 706 2414 tumin
745 2357 941 2428 sinapis
982 2373 1136 2428 posse
1186 2373 1500 2426 congruere.
1540 2357 1647 2428 Sed
1687 2358 1932 2428 quoniam
1976 2357 2106 2410 dicit

531 2430 832 2498 Scriptura,
866 2427 931 2482 Et
956 2427 1126 2491 crevit,
1156 2438 1200 2482 et
1243 2432 1376 2498 facta
1414 2437 1486 2480 est
1511 2427 1680 2498 arbor,
1705 2436 1751 2498 et
1780 2427 2108 2498 uolucresfe—

533 2495 818 2568 quieiierunt
844 2501 896 2552 in
917 2500 1070 2553 ramis
1094 2495 1250 2568 ejus}
1269 2497 1496 2568 arbitror
1523 2497 1631 2568 Itnc7
1647 2496 1743 2568 ipsi
1771 2495 1982 2568 Christo
2004 2496 2107 2568 Do-

535 2563 680 2624 mino
709 2571 906 2624 rectius
929 2563 1223 2635 comparari
1242 2607 1257 2629 ,
1287 2566 1377 2634 qui
1405 2565 1671 2635 nascendo
1691 2565 1742 2615 in
1770 2563 1980 2635 homine
2011 2563 2107 2635 ho-

535 2639 768 2692 miliatus
798 2647 855 2692 ut
878 2633 1100 2706 granum
1136 2643 1252 2706 est;
1284 2633 1621 2706 ascendendo
1646 2635 1708 2706 ad
1737 2633 1932 2686 etelum
1961 2633 2107 2706 egra!-

539 2715 680 2761 tatus
726 2717 782 2761 ut
805 2702 963 2760 arbor
987 2715 1088 2758 est.
1121 2703 1354 2758 Granum
1385 2704 1538 2771 plane
1565 2702 1807 2756 Christus
1831 2710 1943 2764 est,
1977 2702 2103 2756 dum

535 2778 764 2846 patitur;
793 2777 951 2829 arbor
976 2783 1091 2841 est,
1121 2789 1240 2827 cum
1281 2774 1528 2846 resurgit.
1559 2771 1820 2846 Granum,
1851 2773 2062 2840 inquam
2087 2813 2102 2835 ,

534 2841 648 2911 cst,
681 2861 799 2900 cum
847 2846 1037 2898 famem
1079 2845 1322 2898 esuriens
1361 2841 1612 2905 sustinet;
1643 2841 1801 2896 arbor
1839 2851 1954 2906 est,
1983 2856 2104 2895 cum

535 2919 766 2993 quinque
797 2915 960 2993 millia
987 2915 1216 2967 virorum
1239 2914 1468 2993 quinque
1505 2913 1727 2993 panibus
1764 2920 1999 2993 saturat}
2027 2912 2103 2993 ibi

535 2983 869 3060 sterilitatem
902 2984 1128 3060 humana
1159 2983 1461 3060 conditione
1494 2984 1720 3060 patitur,
1766 2983 1852 3035 hic
1884 2983 2104 3060 satieta-

538 3064 644 3109 tem
679 3056 887 3126 propria
919 3054 1192 3108 divinitate
1218 3054 1454 3122 largitur.
1486 3053 1719 3126 Granum
1755 3063 1929 3126 autem
1961 3051 2109 3105 dixe-

535 3127 635 3178 rim
677 3121 953 3179 Dominum
975 3166 989 3188 ,
1021 3140 1139 3177 cum
1178 3121 1417 3187 creditur,
1448 3123 1818 3186 contemnitur,
1865 3121 2106 3188 increpa-

536 3205 622 3248 tur
653 3212 667 3248 :
695 3197 936 3250 arborem
964 3203 1139 3247 autem
1165 3233 1179 3259 ,
1206 3208 1324 3246 cum
1354 3207 1524 3245 ca-eos
1545 3193 1833 3254 illuminat,
1867 3201 2105 3245 mortuos

534 3267 846 3327 resuscitat,
873 3273 1086 3332 peccata
1114 3263 1396 3317 condonat.
1422 3264 1498 3332 (α)
1525 3263 1720 3315 Ramos
1745 3271 1918 3332 autem
1951 3261 2106 3329 hujus

536 3335 743 3388 arboris
768 3336 810 3389 si
851 3331 1090 3403 requiras
1108 3375 1122 3398 ,
1147 3335 1384 3387 invenies
1407 3331 1524 3395 quia
1555 3346 1734 3403 ramus
1758 3340 1840 3384 est
1874 3331 2066 3403 Petrus
2087 3372 2102 3395 ,

534 3420 714 3458 ramus
751 3415 834 3459 est
872 3401 1094 3467 Paulus,
1130 3419 1307 3457 ramus
1333 3412 1413 3455 est
1435 3404 1618 3456 beatus
1641 3401 1973 3466 Laurentius,
2003 3415 2103 3454 cu-

528 3475 616 3546 jus
665 3475 819 3546 hodie
868 3474 1104 3546 natalitia
1155 3473 1536 3546 celebramus;
1573 3472 1702 3546 rami
1752 3480 1874 3546 sunt
1904 3485 2106 3546 omnes

534 3539 773 3614 Apostoti
800 3545 882 3598 vel
913 3553 1206 3613 martyres;
1239 3543 1302 3594 ad
1330 3557 1462 3614 quos
1492 3543 1538 3594 si
1569 3542 1688 3610 quis
1708 3556 1778 3614 se7
1799 3539 2003 3592 fortiter
2026 3551 2105 3594 te-

534 3610 662 3670 nete
691 3616 951 3680 voluerit,
979 3610 1223 3667 fluctibus
1253 3613 1429 3666 Satculi
1461 3613 1676 3664 minime
1700 3610 2103 3678 submergetur:

530 3687 657 3755 quin
703 3687 876 3753 potius
915 3684 1014 3755 sub
1058 3684 1241 3736 umbra
1289 3683 1496 3736 illorum
1552 3680 2108 3755 latitans,77gclteuutc

536 3750 640 3808 non
668 3750 893 3821 patietur
923 3753 1166 3807 ardorem
1191 3795 1204 3816 ,
1239 3766 1455 3806 securus
1485 3751 1627 3805 etde
1649 3750 1924 3821 diabolicae
1969 3758 2102 3821 tem-

533 3820 752 3892 pestatis
798 3824 1024 3891 procella
1051 3865 1064 3885 ,
1113 3832 1164 3875 et
1205 3822 1274 3876 de
1313 3822 1495 3888 judicii
1524 3820 1796 3892 exurentis
1827 3820 2105 3892 incendio;

533 3887 649 3961 ἱνμο
674 3887 954 3959 adjuvaute
979 3893 1065 3960 qui
1094 3893 1218 3945 vivit
1268 3887 1322 3944 et
1363 3901 1544 3960 regnat
1575 3893 1626 3944 in
1655 3891 1856 3944 unitate
1881 3887 2108 3958 Spiritus

531 3965 699 4018 sancti
730 3965 868 4017 Deus
883 4004 896 4027 ,
927 3971 1029 4016 etc.

984 4050 1211 4106 SER-MO
1249 4049 1512 4103 LXXXIX
1553 4048 1648 4122 (li).

532 4143 611 4199 Dc
633 4145 790 4199 verbis
811 4143 1074 4213 Evangelii
1097 4141 1249 4194 Luca:
1267 4183 1281 4203 ,
1305 4157 1422 4206 cap.
1453 4157 1557 4213 xvii
1573 4183 1588 4204 ,
1618 4139 1717 4213 2f,
1744 4139 1983 4208 Regnum
2016 4140 2107 4195 Dei

602 4216 737 4269 intra
757 4229 848 4266 vos
874 4210 993 4268 est':
1014 4215 1143 4267 etde
1164 4213 1318 4264 verbis
1334 4212 1559 4276 Apostoli
1585 4210 1651 4262 ad
1673 4210 1846 4273 Rom,
1864 4226 1979 4278 cap.
2001 4225 2106 4277 xlv,

610 4287 697 4347 17,
731 4285 968 4354 Regnum
1000 4284 1089 4344 Dei
1121 4297 1222 4336 non
1254 4292 1334 4334 est
1360 4297 1513 4346 esea,
1535 4291 1626 4334 etc.

604 4378 655 4430 1.
716 4376 1016 4429 It‘xotdium.
1048 4374 1354 4427 Andivimus
1404 4389 1525 4425 cum
1582 4372 1923 4435 Evangelium
1962 4373 2107 4442 lege-

533 4457 718 4510 retur,
762 4448 972 4500 dicente
1006 4446 1227 4496 Domino
1252 4485 1265 4505 ,
1324 4443 1554 4510 Regnum
1597 4442 1688 4493 Dei
1728 4443 1860 4494 intra
1885 4457 1969 4494 ros
2014 4453 2105 4495 est.

537 4517 601 4575 Et
624 4520 742 4586 quia
784 4517 986 4570 sciebat
1023 4515 1162 4586 quod
1197 4529 1296 4586 non
1325 4529 1511 4586 omnes
1547 4513 2110 4586 poteruntintelligere

538 4581 678 4659 quod
707 4586 950 4659 diccbat;
980 4581 1101 4659 eum
1135 4585 1349 4659 dixisset
1374 4625 1385 4642 ,
1441 4582 1665 4650 Regnum
1697 4581 1986 4659 _l)_ei77iu_t_ra
2025 4599 2110 4635 ros

533 4652 604 4710 cit
624 4701 638 4723 ,
669 4659 816 4726 quasi
849 4655 1120 4724 alr-aliquo
1151 4657 1585 4721 illlClrﬂgal‘t'lUI‘,
1629 4653 1859 4726 subdidit
1889 4652 2107 4718 dicens,

531 4723 762 4797 Regnum
789 4725 887 4778 Dei
915 4743 1010 4776 non
1035 4723 1112 4777 m
1137 4741 1248 4776 esca
1276 4735 1320 4773 et
1359 4734 1503 4797 potus
1527 4765 1540 4787 ,
1583 4723 1669 4797 seti
1689 4724 1972 4797 justitioet
2011 4739 2108 4789 paa.

534 4811 578 4854 et
614 4793 874 4865 inuidiam.
899 4798 1050 4865 Rogo
1080 4812 1206 4858 εει·μο
1235 4810 1325 4845 vos
1346 4837 1359 4856 ,
1393 4796 1579 4865 fratres
1619 4793 1947 4855 cltarissitui,
1979 4807 2109 4845 con-

533 4857 827 4922 sideremus
847 4857 1198 4919 conscientias
1221 4875 1460 4924 nostras;
1489 4863 1786 4926 videamus,
1816 4865 1857 4914 si
1889 4878 2107 4930 regnum

535 4937 668 4990 intra
698 4938 921 4990 arcellas
949 4939 1139 4990 anima:
1186 4947 1380 4987 nostra!
1407 4935 1696 4999 repositum
1745 4933 2018 4984 habemus.
2047 4933 2108 4987 Si

533 5016 614 5060 est
661 5007 726 5057 ibi
772 5007 970 5074 jastitia
995 5049 1007 5071 ,
1053 5010 1094 5059 si
1126 5021 1223 5075 pax
1246 5046 1259 5068 ,
1290 5008 1332 5056 si
1364 5006 1639 5074 gaudium,
1670 5003 1842 5075 securi
1888 5019 2104 5075 sumus;

531 5077 649 5143 quia
682 5092 900 5144 regnum
954 5077 1041 5128 Dei
1087 5073 1219 5129 intra
1267 5073 1383 5128 nos’
1408 5089 1525 5128 esse
1568 5074 1954 5140 cognoscimus.
2004 5073 2107 5126 Sed

530 5163 648 5214 qnzc
679 5159 754 5199 est
799 5147 894 5197 ista
923 5145 1124 5213 justitia
1149 5185 1164 5210 ,
1199 5162 1315 5215 quae
1354 5161 1454 5213 pax
1475 5185 1490 5210 ,
1524 5145 1662 5214 quod
1690 5144 1956 5213 gaudium,
1989 5144 2105 5198 dili-

530 5230 715 5286 gt‘tttct‘
745 5217 1021 5268 attendite.
1049 5285 1056 5286 7
1223 5285 1236 5286 7
1338 5285 1343 5286 7
1931 5263 1942 5268 ._

604 5287 658 5339 ‘2.
690 5287 903 5338 Justitia
943 5285 1181 5355 perfecta.
1214 5285 1422 5342 Justitia
1453 5301 1582 5354 ergo
1613 5299 1736 5339 vera
1765 5293 1819 5338 et
1843 5283 2070 5353 perfecta
2093 5326 2106 5345 .

532 5356 645 5424 ipsa
679 5367 762 5410 est
795 5372 911 5420 qua:
958 5371 1060 5408 non
1093 5356 1215 5408 facit
1244 5355 1360 5408 aliis
1389 5357 1526 5424 quod
1558 5356 1657 5408 sibi
1699 5371 1802 5408 non
1847 5356 1977 5408 vult.
2005 5356 2109 5409 Sed

525 5427 658 5480 dicit
701 5427 894 5497 aliquis
924 5446 936 5480 :
965 5426 1094 5492 Quis
1140 5435 1312 5494 potest
1353 5426 1600 5479 omnibus
1630 5425 1932 5479 hominibus
1977 5425 2110 5480 bene

589 5561 662 5623 (α)
697 5562 933 5613 Permulta
955 5563 1033 5613 hic
1055 5563 1247 5612 omissa.

524 5686 554 5734 ὁ
591 5622 663 5691 (ti)
697 5627 796 5675 t-‘uit
839 5627 1027 5676 (‘wsarii
1067 5625 1263 5675 homilia
1298 5625 1346 5673 in
1385 5622 1672 5674 Bibliotheca
1715 5633 1902 5674 Patrum
1943 5625 2108 5675 ordan

559 5699 708 5734 C(‘lllm
735 5701 873 5736 "Ulla.

1967 291 2033 343 Ai
2062 290 2116 343 Ρ.
2147 289 2326 343 NDIX.

3651 295 3809 350 [916

2219 403 2432 457 facere?
2456 403 2630 456 [‘otcst
2662 412 2833 455 tamen
2865 402 3110 457 omnibus
3133 404 3434 458 hominibus
3453 404 3592 460 bene
3621 411 3797 462 velte;

2215 473 2353 542 quod
2382 489 2500 543 cum
2529 473 2716 526 ieceris
2736 515 2750 535 ,
2777 473 2904 526 dicit
2929 474 3018 526 tibi
3042 475 3360 543 evangelista
3381 516 3396 536 ,
3424 473 3599 529 Gloria
3625 479 3679 530 in
3700 493 3796 532 ca:-

2214 541 2358 596 cels-is
2397 541 2504 596 Deo
2523 583 2539 606 ,
2579 551 2626 595 et
2664 544 2716 595 in
2749 551 2880 595 terra
2907 559 3009 611 pax
3035 541 3317 597 hominibus
3353 547 3496 598 bona-
3522 550 3799 603 voluntatis

2219 612 2363 681 (Luc.
2402 629 2466 676 ll,
2500 612 2610 680 14).
2641 612 2820 666 Potest
2845 613 3021 666 dicere
3049 613 3236 681 aliquis
3262 654 3278 678 ,
3321 612 3650 670 Facultatem
3683 635 3794 674 non

2215 682 2384 736 habeo
2414 700 2427 735 ;
2459 683 2711 750 numquid
2744 692 2916 751 potest
2956 683 3166 744 dicere,
3217 685 3414 738 Bonam
3456 687 3793 744 voluntatem

2215 752 2410 826 habere
2433 768 2534 826 non
2567 753 2818 826 possum?
2843 753 3066 826 lpsa7est7
3091 769 3220 826 ergo
3246 770 3366 808 vera
3405 755 3606 824 justitia
3629 800 3642 819 ,
3669 777 3792 826 quae

2213 824 2461 896 omnibus
2503 823 2805 896 horninibus
2839 822 2978 896 quod
3005 825 3106 896 sibi
3136 824 3247 896 vul_t
3287 822 3466 893 optat;
3516 827 3614 881 boe
3643 822 3790 896 qur-d

2211 891 2310 966 sibi
2343 893 2488 956 vult,
2521 893 2625 946 illis
2652 891 3187 966 evenire_desiderat.
3217 891 3336 966 Ipsa
3364 906 3446 949 est
3472 913 3594 950 vera
3629 891 3792 966 ju~ti-

2214 961 2318 1024 lia,
2345 977 2465 1030 qua:
2491 977 2587 1030 pro
2628 977 2813 1016 amore
2863 963 2989 1030 Dei,
3036 979 3139 1017 non
3185 961 3355 1018 solum
3401 961 3646 1030 amicos,
3688 971 3787 1024 sed

2210 1032 2368 1104 etiam
2402 1031 2545 1104 ipsos
2573 1031 2742 1101 diligit
2771 1032 3030 1104 inimicos.
3074 1034 3179 1088 Sed
3221 1035 3374 1089 istam
3408 1051 3584 1090 veram
3627 1039 3793 1104 justi-

2213 1101 2369 1172 tiam,
2403 1100 2619 1172 fratres,
2656 1100 2778 1156 tunc
2803 1103 2921 1155 aliis
2951 1105 3085 1158 bene
3114 1104 3468 1172 impendimus
3487 1148 3501 1169 ,
3529 1108 3573 1160 si
3604 1100 3659 1160 εἰ
3686 1125 3794 1164 nos

2212 1169 2407 1243 habere
2441 1170 2828 1243 desideramus.
2869 1172 2998 1226 Nam
3039 1169 3307 1242 quomodo
3344 1176 3620 1243 quisquam
3663 1181 3794 1233 aliis

2211 1238 2448 1314 largitur,
2472 1239 2612 1314 quod
2639 1242 2691 1294 in
2718 1257 2776 1295 se
2795 1241 2912 1308 ipso
2933 1238 3125 1298 habere
3145 1258 3250 1298 non
3271 1238 3648 1314 cognoscitur?
3675 1250 3787 1304 Sed

2211 1307 2346 1362 forte
2374 1310 2564 1432 aliquis
2594 1307 2920 1382 interrogat,
2949 1314 3214 1382 quomodo
3242 1315 3294 1368 in
3330 1307 3482 1370 nobis
3520 1317 3786 1386 justitiam

2211 1391 2420 1432 Servare
2485 1379 2722 1432 ebemus.

2210 1391 2420 1432 Servare
2448 1379 2722 1436 debemus.

2281 1448 2333 1500 ὅ.
2371 1448 2580 1524 Iustitia
2606 1466 2637 1501 a
2652 1451 2768 1524 jure
2789 1451 3164 1524 dicendo_inter
3189 1454 3318 1507 duas
3338 1466 3503 1524 partes
3522 1457 3788 1516 adversus.

2208 1514 2306 1596 lus
2333 1519 2548 1580 auium,
2566 1529 2634 1596 ⁸ει
2652 1514 2959 1596 'juscaruis.
2990 1521 3170 1596 Justus
3212 1526 3264 1576 in
3302 1514 3432 1596 alios
3455 1542 3559 1579 esse
3579 1514 3780 1596 nequit,

2209 1587 2300 1661 qui
2323 1604 2422 1661 non
2449 1599 2520 1661 est
2541 1587 2707 1661 inse.
2742 1591 3041 1657 Attendite,
3085 1594 3275 1647 fratres
3295 1635 3310 1660 ,
3339 1595 3544 1661 justitia
3572 1587 3786 1654 videtur

2211 1655 2337 1735 mihi
2367 1660 2506 1735 quod
2539 1659 2659 1712 inde
2689 1655 3148 1735 nomenacafpit,
3178 1655 3307 1735 quia
3332 1655 3466 1718 intra
3493 1665 3623 1720 duas
3653 1683 3784 1735 par-

2211 1733 2292 1801 tes
2318 1727 2568 1801 adversas
2595 1738 2646 1780 et
2675 1731 2970 1783 contrarias
2998 1727 3096 1784 sibi
3115 1727 3256 1801 jus-te
3279 1734 3516 1800 judicare
3545 1727 3780 1792 consue-

2209 1795 2301 1874 vit.
2349 1797 2475 1861 Eia,
2507 1795 3183 1874 fratres,_agr_ioscamus'et
3222 1795 3457 1859 in'nobis
3493 1805 3600 1857 duo
3627 1823 3783 1874 qua:—

2209 1863 2334 1944 dam
2357 1881 2476 1920 esse
2517 1863 2802 1944 contraria.
2836 1869 2964 1944 Nam
2991 1885 3116 1925 caro
3158 1876 3481 1944 concupiscit
3521 1863 3794 1931 adversus.

2210 1934 2450 2017 spii‘itum
2471 1976 2487 2000 ,
2515 1947 2569 1990 et
2601 1939 2815 2017 spiritus
2842 1940 3092 2017 adversus
3119 1934 3550 2017 carnem'walat.
3578 1963 3631 2011 v,
3663 1949 3782 2017 17).

2212 2001 2480 2078 Habemus
2513 2001 2642 2074 ergo
2681 2018 2734 2062 et
2781 2010 3084 2066 interiorem
3130 2001 3396 2067 hominem
3419 2057 3432 2078 ,
3461 2024 3515 2068 et
3545 2001 3786 2071 exierit;-

2209 2087 2322 2126 rem
2355 2075 2654 2147 :_habemus
2682 2093 2894 2134 carnem
2923 2089 2976 2134 et
3015 2083 3280 2147 animam;
3323 2075 3428 2138 hoe
3461 2096 3574 2145 est,
3610 2087 3780 2140 babe-

2209 2157 2328 2222 mus
2372 2144 2638 2222 dominam
2680 2158 2732 2222 et
2766 2152 3037 2222 ancillam.
3086 2152 3140 2207 Si
3179 2144 3307 2222 ergo
3339 2156 3420 2208 vis
3455 2165 3509 2208 ut
3543 2144 3631 2208 tibi
3659 2172 3785 2210 cre-

2209 2212 2329 2292 dam
2349 2257 2365 2279 ,
2393 2218 2532 2292 quod
2567 2219 2737 2292 possis
2758 2220 2898 2286 juste
2925 2238 3138 2276 causam
3168 2212 3384 2279 alti-rius
3416 2225 3651 2292 judicare
3677 2269 3691 2291 ,
3721 2227 3780 2280 in

2213 2291 2264 2364 te
2287 2285 2400 2364 ipso
2431 2288 2548 2364 volo
2570 2285 2800 2364 primum
2829 2307 3135 2364 agnoscere.
3172 2293 3300 2347 Esto
3325 2285 3498 2361 justus
3519 2285 3689 2364 judev'
3723 2298 3784 2350 in

2212 2361 2262 2406 te
2305 2358 2420 2429 ipso
2447 2358 2462 2386 ⁸
2497 2360 2711 2429 :_tribne
2757 2358 2947 2413 animm
2990 2363 3127 2429 quod
3158 2358 3371 2428 dignum
3412 2358 3535 2427 esti
3563 2381 3778 2418 reserva

2210 2425 2355 2501 carni
2393 2427 2531 2492 quod
2577 2443 2708 2493 Opus
2733 2438 2851 2501 est:
2885 2425 3056 2482 tribue
3080 2425 3308 2485 domitae
3335 2434 3472 2501 quod
3505 2425 3580 2487 illi
3623 2439 3780 2488 sulti-

2209 2493 2315 2564 ciat
2338 2494 2388 2546 in
2416 2503 2708 2560 internum;
2735 2507 2789 2550 et
2810 2497 2909 2552 hoc
2935 2508 3133 2552 tantum
3155 2493 3366 2556 reserva
3385 2504 3610 2564 ancillae,
3635 2506 3794 2559 unde-

2211 2561 2578 2638 viverepossit
2600 2567 2650 2638 in
2680 2567 2896 2638 mundo.
2928 2567 3057 2638 Nam
3104 2569 3148 2622 si
3198 2571 3408 2623 domina
3440 2561 3777 2638 bumibatur,

2209 2639 2264 2682 et
2291 2632 2480 2704 ancilla
2505 2635 2749 2703 erigitur;
2781 2635 2825 2689 si
2851 2637 3080 2691 deminae
3108 2649 3197 2690 aut
3225 2655 3405 2704 parum
3433 2652 3523 2693 aut
3549 2643 3674 2694 nihil
3701 2632 3785 2697 re;

2210 2701 2422 2765 ponitur
2470 2703 2522 2756 in
2579 2701 2732 2767 caelo,
2787 2716 2838 2760 et
2893 2716 3060 2760 totum
3109 2701 3316 2760 ancilla:
3369 2721 3668 2762 reservatur
3720 2714 3777 2764 in

2209 2770 2408 2845 mundo
2432 2787 2446 2834 ;
2478 2787 2601 2845 ecce
2619 2776 2726 2841 jam
2755 2775 2809 2827 in
2837 2775 3230 2844 nobismetipsis
3252 2777 3376 2845 justi
3402 2793 3502 2830 non
3533 2792 3652 2831 esse
3677 2795 3776 2832 co-

2209 2841 2530 2912 gnoscitnur.
2561 2843 2627 2896 Et
2650 2845 2914 2912 quomodo
2943 2860 3100 2899 causa
3123 2841 3344 2899 alterius
3363 2847 3564 2900 directo
3587 2848 3779 2902 ordine

2209 2910 2432 2981 a_7n_obis
2458 2910 2687 2974 auditur,
2727 2914 2941 2981 quando
2971 2916 3021 2967 in
3049 2915 3200 2969 nobis
3226 2927 3279 2969 et
3317 2918 3368 2970 in
3410 2928 3586 2969 nostra
3614 2932 3776 2971 causa

2210 2978 2347 3054 nihil
2366 2979 2586 3048 justitiae
2628 2978 2968 3054 reservatur?
3007 2985 3118 3038 Hoc
3160 2986 3330 3038 solum
3379 2989 3525 3051 scio,
3560 2987 3776 3054 fratres,

2209 3049 2350 3127 quod
2379 3066 2645 3127 nunquam
2675 3052 2894 3127 alterius
2937 3068 3151 3108 causam
3175 3055 3318 3122 juste
3353 3049 3589 3122 judicare.
3619 3049 3766 3124 pote;

2210 3121 2311 3180 rit,
2343 3122 2432 3187 qui
2479 3121 2615 3174 inter
2641 3123 2869 3191 animam
2897 3132 2952 3176 et
2977 3121 3190 3176 carnem
3219 3121 3366 3177 suam
3391 3121 3646 3191 jusritiam
3694 3137 3775 3181 le-

2213 3203 2338 3242 net'e
2368 3190 2696 3264 noluerit.7ln
2713 3193 2898 3264 anima
2940 3193 3079 3246 enim
3110 3204 3164 3246 et
3191 3194 3239 3246 in
3268 3190 3445 3249 mente
3482 3195 3546 3248 ad
3593 3197 3779 3264 imagi-

2212 3273 2332 3311 nem
2382 3261 2472 3314 Dei
2519 3261 2639 3316 facti
2688 3260 2902 3324 smnus;
2950 3264 3237 3317 secundum
3280 3279 3494 3318 carnem
3540 3281 3665 3318 vero
3700 3260 3777 3320 de

2211 3327 2338 3380 limo
2368 3339 2520 3383 terra:
2548 3331 2758 3384 formati
2787 3347 2990 3386 sumus.
3031 3335 3128 3398 Qui
3156 3349 3283 3402 ergo
3329 3335 3443 3403 plus
3473 3345 3613 3388 amat
3655 3351 3774 3388 ear-

2212 3411 2334 3452 nem
2365 3416 2522 3473 quam
2564 3403 2793 3454 animam
2837 3417 3011 3468 suam,
3044 3405 3324 3471 imaginem
3358 3406 3445 3457 Dci
3477 3407 3583 3457 vult
3611 3406 3779 3473 depo.

2213 3483 2338 3541 nere
2367 3471 2612 3523 deorsum
2633 3513 2648 3541 ,
2681 3481 2733 3523 et
2769 3481 2961 3524 terram
2992 3473 3196 3541 erigere
3224 3490 3430 3527 sursum
3466 3492 3478 3526 :
3527 3485 3578 3527 et
3605 3471 3694 3541 qui
3722 3479 3774 3528 ῑη

2213 3551 2272 3611 se
2299 3539 2410 3611 ipso
2430 3548 2546 3611 tam
2578 3540 2800 3609 injustas
2827 3552 2942 3606 est;
2971 3544 3014 3595 si
3041 3539 3251 3597 causam
3277 3545 3499 3598 alterius
3524 3539 3772 3611 audierit,

2212 3607 2328 3684 sine
2353 3608 2513 3663 dubio
2536 3607 2791 3684 justitiam
2825 3627 2929 3666 non
2975 3614 3192 3667 tenebit.
3247 3615 3309 3668 Et
3352 3614 3472 3669 ideo
3499 3617 3585 3684 qui
3622 3607 3778 3683 justi;

2215 3679 2340 3755 tiam
2371 3687 2553 3755 tenere
2590 3680 2890 3748 desiderat,
2933 3697 2961 3734 a
3005 3697 3064 3755 se
3104 3683 3217 3751 ipso
3257 3679 3596 3755 incipiam—ct
3623 3679 3686 3737 in
3719 3702 3776 3739 se

2215 3750 2360 3814 prius
2380 3749 2632 3817 justitiam
2661 3759 2873 3816 teneat,
2921 3761 2977 3806 et
3022 3749 3160 3806 inter
3193 3749 3405 3806 carnem
3454 3765 3505 3808 et
3545 3756 3776 3809 animam

2214 3831 2362 3870 suam
2389 3819 2563 3886 justus
2603 3821 2764 3888 judex
2809 3837 2928 3876 esse
2961 3834 3290 3877 consuescat.
3316 3823 3471 3878 Carui
3505 3826 3696 3877 vietum
3725 3835 3780 3880 et

2214 3888 2459 3941 vestitum
2481 3891 2772 3959 simplicem
2795 3901 2847 3944 et
2869 3893 3185 3946 mediocrem
3213 3905 3446 3949 reservet
3474 3897 3522 3948 in
3547 3897 3775 3958 mundo;

2214 3968 2266 4034 et
2293 3959 2432 4034 quod
2460 3969 2541 4034 est
2568 3961 2778 4034 melius,
2811 3963 3039 4034 animam
3084 3978 3177 4030 per
3206 3966 3571 4034 eleemosyoas
3621 3975 3780 4033 ponat

2216 4027 2266 4080 in
2293 4029 2448 4082 ctelo.
2487 4030 2616 4082 Nam
2647 4031 2689 4082 si
2719 4032 2873 4085 aliter
2899 4027 3114 4097 fecerit,
3147 4044 3197 4085 et
3227 4049 3285 4088 se
3315 4050 3416 4086 non
3442 4027 3781 4089 'emenilave-

2216 4099 2280 4172 rit
2304 4142 2325 4172 ,7
2348 4100 2391 4150 si
2421 4099 2471 4152 in
2511 4099 2610 4172 hoc
2637 4115 2979 4172 perseverare
3006 4104 3231 4157 voluerit
3249 4143 3265 4168 ,
3293 4105 3560 4172 quomodo
3581 4105 3784 4171 jndieat

2215 4167 2267 4219 in
2295 4167 2414 4239 hoc
2451 4167 2679 4232 sacculo,
2711 4171 2786 4223 sic
2817 4171 3126 4239 iudicandus
3169 4167 3259 4226 est,
3280 4167 3330 4227 in
3362 4173 3556 4227 futuro.
3583 4167 3653 4227 Et
3681 4175 3782 4228 hoc

2215 4237 2427 4306 quidem
2453 4239 2522 4294 de
2551 4254 2671 4292 vera
2695 4237 2900 4306 justitia
2930 4243 2951 4273 ⁸
2978 4243 3208 4296 breviter
3233 4245 3429 4296 dictum
3453 4245 3539 4297 sit.

2285 4307 2338 4361 4.
2371 4307 2487 4380 Paaf.
2511 4325 2644 4361 vero.
2675 4312 2849 4362 Multis
2871 4311 3099 4380 displicet
3128 4313 3279 4366 Deus.
3302 4313 3416 4367 Pax
3445 4315 3659 4380 perfecta
3687 4323 3798 4378 ειη,

2214 4376 2258 4428 si
2294 4379 2573 4451 cum7_l)eo.
2612 4380 2715 4433 Pax
2747 4381 2886 4432 enim
2917 4376 3034 4450 quae
3078 4383 3146 4436 sit
3187 4398 3310 4438 vera
3334 4426 3348 4448 ,
3389 4376 3592 4437 debetis
3617 4376 3781 4451 agno;

2214 4459 2382 4521 scere.
2415 4448 2528 4501 Non
2556 4459 2636 4502 est
2663 4451 2805 4502 enim
2837 4451 2922 4503 illa
2937 4448 3071 4506 ’vera
3099 4467 3218 4520 pax,
3242 4469 3401 4521 quam
3427 4455 3524 4505 sibi
3559 4448 3784 4507 invicem

2215 4517 2459 4570 videntur
2484 4529 2735 4586 praestare
2761 4529 2998 4586 raptores
3026 4531 3081 4574 et
3100 4517 3299 4576 ebriosi
3319 4563 3335 4586 ,
3359 4525 3598 4576 maledici
3623 4535 3672 4576 et
3697 4541 3786 4576 su-

2216 4587 2384 4660 perbi.
2416 4589 2517 4641 lsta
2549 4604 2652 4641 non
2680 4599 2762 4642 est
2793 4591 3013 4643 dicenda
3048 4607 3144 4658 pax
3167 4633 3181 4657 ,
3212 4610 3329 4660 qua:
3360 4595 3426 4646 de
3453 4595 3632 4646 radice
3661 4597 3786 4647 cha-

2217 4657 2385 4710 ritatis
2421 4673 2524 4730 non
2569 4660 2856 4728 consurgit.
2886 4661 2985 4727 Qui
3009 4657 3135 4730 ergo
3165 4657 3344 4730 pacem
3373 4679 3551 4717 veram
3579 4664 3787 4718 deside-

2216 4736 2330 4799 r7at_,
2368 4729 2593 4799 primum
2622 4744 2740 4780 cum
2775 4731 2881 4782 Deo
2909 4729 3089 4799 pacem
3127 4729 3320 4786 habere
3349 4734 3652 4787 contendat.
3681 4734 3785 4787 Sed

2214 4795 2341 4850 dicit
2369 4797 2610 4870 a|7iquis77z7
2630 4799 2760 4862 Quis
2785 4809 2868 4853 est
2909 4795 2998 4870 qui
3046 4818 3224 4870 pacem
3271 4819 3390 4856 eum
3437 4805 3542 4859 Deo
3591 4805 3788 4858 habere

2217 4881 2323 4942 non
2353 4868 2514 4921 velit?
2561 4869 2651 4942 Ille
2697 4871 2876 4942 utique
2914 4868 3002 4942 qui
3048 4868 3130 4926 _sic
3177 4889 3279 4925 non
3311 4875 3474 4937 vivit,
3523 4874 3789 4942 quomodo

2218 4936 2625 5012 Densprarcepit
2643 4954 2768 5012 esse
2792 4936 3094 5012 vivendum.
3114 4943 3244 5010 Quis
3270 4953 3352 4996 est
3377 4936 3571 5012 hic’qui
3605 4959 3787 5012 pacem

2216 5021 2334 5081 cum
2365 5009 2606 5081 DCOJlttn
2640 5010 2866 5064 habeat?
2895 5009 2990 5066 Cui
3030 5009 3272 5081 displicet
3317 5015 3476 5068 Deus.
3505 5009 3629 5068 Sed
3665 5014 3791 5068 dicit

2216 5077 2540 5151 aliquingt
2582 5081 2699 5148 quis
2746 5081 2812 5133 ita
2859 5081 3076 5135 insanus
3117 5077 3233 5144 est,
3288 5094 3342 5136 ut
3392 5084 3464 5138 illi
3514 5085 3792 5151 displiceat

2219 5147 2401 5222 Deus?
2426 5149 2478 5222 Si
2511 5158 2564 5203 te
2592 5147 2763 5222 ipsum
2794 5151 3052 5222 diseutio,
3083 5152 3219 5206 forte
3248 5163 3298 5207 te
3341 5154 3512 5222 ipsum
3538 5147 3786 5219 invenio,

2218 5219 2300 5271 cui
2329 5219 2572 5289 displicet
2604 5221 2766 5293 Deus.
2796 5221 2894 5293 Die
2917 5223 3066 5284 mihi,
3091 5238 3220 5292 rogo
3247 5233 3317 5284 te,
3347 5219 3614 5293 nunquam
3644 5240 3789 5278 mur-

2219 5296 2434 5364 murasti
2492 5303 2676 5344 contra
2723 5291 3098 5364 abundantiam
3137 5291 3432 5364 pluviarum
3452 5291 3488 5348 τ’
3526 5310 3792 5360 numnam

2218 5361 2517 5414 ariditatem
2565 5371 2784 5431 questus
2809 5374 2868 5415 es
2896 5361 3233 5417 siccitatuin?
3261 5380 3528 5435 nunquam
3561 5380 3798 5418 murmu-

2227 5625 2236 5634 ι
2285 5564 2308 5638 *7
2325 5570 2387 5638 tta
2413 5571 2556 5638 vetus
2579 5563 2701 5612 liber
2724 5561 3068 5612 (:laromontani
3093 5559 3304 5625 collegii.
3333 5562 3461 5624 [Esto
3489 5561 3625 5616 istius
3637 5561 3798 5624 jude:

2219 5626 2269 5675 in
2293 5631 2335 5673 te
2357 5626 2499 5686 ipso]

2288 5691 2306 5717 '
2354 5695 2416 5735 Ita
2439 5688 2533 5736 duo
2558 5693 2661 5734 Mss.
2691 5686 2709 5746 [
2734 5686 2792 5736 de.
2818 5693 2969 5736 vestra
2985 5683 3215 5746 justith
