4016 6446
550 373 685 440 1343

548 497 620 549 ris
642 501 703 549 ex
729 485 830 547 llde
853 488 1350 559 repromissionibus
1367 487 1733 559 conferantur.
1761 486 2009 559 continuo
2035 501 2117 559 va-

552 567 686 618 nitas
718 556 1081 632 apparebunt,
1113 559 1322 636 dicente
1363 557 1524 612 David
1551 556 1799 636 :_0nmia
1819 557 1948 636 sicut
1973 556 2120 636 vesti:

551 627 765 696 lucutuni
791 627 1120 694 ceterascent,
1148 638 1192 682 et
1212 631 1337 682 sicut
1371 628 1670 696 opertorium
1699 627 1909 678 mutabis
1933 641 2046 696 tos,
2076 634 2122 696 et

552 694 901 766 iactabuntur;
929 714 981 753 tu
1001 699 1318 768 autemidem
1339 694 1446 768 ipse
1465 713 1535 760 es,
1563 705 1611 768 et
1633 696 1753 768 anni
1773 697 1842 748 tui
1867 711 1965 747 non
1992 694 2120 762 deli-

551 773 680 825 eieut
701 766 866 842 (Psat.
884 765 933 824 'c.
964 769 1030 823 27
1046 767 1216 838 M28).
1243 765 1379 836 Ergo
1399 768 1516 889 (una
1546 765 1673 820 nihil
1701 774 1782 819 est
1810 781 1903 834 per
1929 774 2124 844 semet-

555 841 723 889 lnsum
763 841 950 889 stabile
977 881 991 889 .
1035 839 1164 889 nihil
1195 838 1411 889 innnuta
1456 837 1557 889 ile.
1588 837 1716 889 nihil
1761 834 1988 889 bonum.
2022 834 2122 888 nisi

555 834 723 907 ipsum
763 841 950 895 stabile
977 881 991 904 ,
1035 834 1522 892 nihilinnnhtabile
1542 876 1557 900 ,
1588 837 1716 889 nihil
1749 834 1995 907 _bonum_._
2022 834 2122 888 nisi

553 903 729 964 Deitas
765 911 906 971 sola;
953 923 1136 961 omnes
1165 921 1292 962 vero
1339 915 1592 960 creatura:
1646 911 1701 958 ut
1749 903 2122 960 beatitudinem

553 979 862 1032 tetcrnitatis
885 979 965 1033 vel
993 975 1432 1032 immutabilitalis
1456 975 1748 1040 obtineant,
1782 990 1886 1026 non
1913 974 2011 1027 huc
2030 986 2126 1042 per

555 1064 702 1102 suam
727 1057 997 1111 naturam,
1024 1047 1117 1100 sed
1143 1061 1236 1115 per
1264 1046 1532 1100 Creatoris
1564 1045 1641 1097 sui
1673 1044 2124 1115 participationem

555 1127 612 1172 ct
649 1117 872 1187 gratiam
902 1113 1322 1187 censeqoentur;
1363 1122 1544 1168 tenere
1591 1114 1835 1167 meritum
1879 1113 2126 1168 bonitatis

555 1186 790 1242 Creatori
818 1202 914 1242 suo
933 1186 1120 1240 collata
1148 1200 1251 1238 non
1283 1191 1521 1253 possunt.

626 1258 678 1310 4.
704 1255 913 1309 Bonitas
930 1256 1149 1309 humana
1164 1250 1344 1308 divina:
1361 1256 1542 1307 intuitu
1561 1253 1711 1306 mata.
1731 1250 1879 1319 Quod
1902 1251 1943 1304 si
1967 1251 2125 1305 etiam

558 1325 1000 1380 manifestioribus
1030 1323 1200 1378 adhuc
1232 1322 1544 1377 testimoniis
1572 1323 1726 1388 huius
1747 1321 2020 1375 sententiae
2040 1337 2126 1374 ra-

561 1397 754 1449 tionem
780 1395 1099 1448 volucrimus
1125 1402 1379 1459 astruere,
1412 1406 1587 1446 nonne
1612 1392 1771 1444 multa
1801 1391 2128 1460 pronuntiari

560 1460 697 1518 bona
724 1465 776 1516 in
805 1461 1352 1532 Evangeliolegimus,
1376 1471 1430 1516 et
1451 1462 1696 1532 arborem
1722 1459 1908 1514 bonam
1936 1470 1989 1532 et
2016 1459 2130 1514 the-

560 1545 774 1588 Saurum
797 1530 1032 1586 boumn?
1067 1530 1194 1586 Nam
1230 1542 1283 1584 et
1317 1533 1511 1587 bonum
1545 1531 1829 1592 hominem,
1855 1539 1908 1584 et
1933 1530 2128 1584 bonum

560 1603 928 1672 servungquia
939 1643 953 1666 ,
967 1618 1062 1654 non
1075 1609 1253 1671 potest,
1270 1602 1454 1672 inquit,
1468 1600 1616 1654 arbor
1627 1600 2130 1672 bonamalosfructus

559 1677 727 1742 facere
751 1670 960 1740 (Matth.
977 1669 1084 1734 VII,
1104 1673 1213 1742 18);
1233 1669 1652 1742 rc_t,Bouus_homo
1669 1669 1730 1723 de
1751 1671 1877 1742 bona
1898 1669 2131 1723 tliesauro

561 1736 728 1812 'tjordis
747 1736 1194 1812 suiprofertbona
1220 1741 1238 1812 (
1257 1739 1341 1812 Id.
1369 1756 1470 1804 xu,
1493 1736 1631 1811 35);
1673 1750 1757 1803 et,
1796 1737 1956 1808 Euge,
1997 1755 2134 1794 serve

560 1811 686 1881 bone
703 1821 750 1863 et
775 1808 1073 1881 [idolis'(ld.
1107 1808 1236 1878 xxv,
1261 1811 1351 1881 2|)
1389 1826 1401 1863 :
1435 1820 1488 1881 et
1509 1808 1918 1881 tttiqueromnes
1945 1824 2134 1881 secun-

557 1880 687 1934 dum
723 1879 783 1933 se
807 1879 1114 1936 bonos’csse
1139 1897 1257 1936 cum
1301 1879 1404 1934 non
1431 1880 1646 1934 dubium
1675 1880 1775 1945 sit;
1803 1879 1849 1932 si
1878 1880 2130 1946 respicia—

561 1957 679 2003 mus
715 1949 779 2003 ad
831 1950 1117 2005 bonitatem
1169 1950 1298 2015 Dei,
1330 1950 1506 2004 nullus
1538 1964 1720 2003 eorum
1768 1948 2135 2016 pronuntiatur

563 2018 752 2083 bonus,
784 2018 992 2073 dicente
1025 2020 1244 2074 Domino
1273 2037 1286 2073 :
1319 2018 1483 2072 Nemo
1504 2018 1680 2083 bonus,
1707 2017 1801 2072 uisi
1826 2019 1963 2071 solus
2001 2017 2135 2071 Deus

566 2087 717 2168 (tute:
743 2103 886 2168 svnt,
920 2088 1026 2168 19).
1057 2087 1218 2168 Cujus
1241 2089 1429 2168 intuitu
1459 2089 1624 2168 etiam.
1645 2088 1742 2156 ipsi
1765 2088 2021 2168 Apostoli,
2045 2089 2134 2157 qui

563 2156 838 2211 electionis
867 2156 1054 2212 merito
1075 2156 1360 2212 bonitatem
1381 2158 1590 2227 generis
1611 2156 1821 2210 humani
1847 2157 2025 2227 multis
2044 2156 2136 2212 ex-

563 2235 835 2280 Cesserunt
863 2227 1051 2292 modis,
1079 2228 1201 2281 tituli
1224 2226 1469 2282 dicuntur
1494 2242 1612 2281 csse
1635 2243 1663 2279 a
1703 2227 1925 2280 Domino
1951 2226 2018 2281 ad
2043 2243 2136 2282 eos

565 2295 634 2348 Ita
661 2295 906 2366 loquente
934 2313 948 2349 :
978 2297 1036 2351 St
1073 2314 1191 2366 ergo
1229 2313 1333 2358 vos.
1365 2314 1478 2354 cum
1505 2298 1611 2350 sitis
1649 2297 1788 2362 mali,
1817 2298 1971 2351 nostis
2009 2298 2136 2351 bona

564 2365 684 2438 data
705 2368 825 2418 dare
844 2365 963 2438 ﬁliis
983 2365 1160 2438 uestris
1179 2383 1200 2432 ,'
1227 2377 1414 2438 quanto
1439 2368 1596 2438 magis
1615 2366 1780 2438 _Paler
1806 2377 1961 2438 vester
1979 2369 2066 2438 qui
2085 2369 2138 2420 in

565 2435 700 2489 rae/is
726 2444 842 2506 est,
875 2435 1009 2506 dabit
1033 2437 1160 2490 bona
1187 2435 1459 2506 petentibus
1485 2454 1536 2490 se
1568 2435 1686 2506 (1d.
1717 2449 1786 2498 χι,
1821 2437 1944 2504 t5)?
1976 2437 2136 2490 Deni-

565 2514 667 2573 t|tte
693 2505 826 2558 sicut
861 2505 1065 2558 bonitas
1096 2505 1272 2559 nostra
1310 2521 1555 2574 superna:
1588 2506 1834 2558 bonitatis
1863 2507 2051 2558 intuitu
2086 2508 2136 2557 iu

568 2575 819 2642 malitiam
844 2576 1092 2637 vertitur;
1123 2576 1190 2628 ita
1219 2575 1374 2628 etiam
1393 2575 1592 2642 justitia
1617 2584 1792 2627 nostra
1819 2575 2008 2626 divina:
2031 2575 2140 2628 eol-

568 2641 672 2694 lata
696 2644 930 2709 justitiat,
963 2657 1136 2709 panno
1167 2641 1504 2696 tnenstru’atze
1539 2644 1777 2695 universa
1807 2644 2004 2709 justitia
2047 2661 2141 2697 no-

566 2717 676 2764 Stra
706 2712 892 2764 similis
924 2711 1224 2777 deputatur,
1256 2713 1466 2765 dicente
1503 2711 1630 2764 ISaia
1665 2714 1916 2779 propheta
1947 2730 1959 2764 :
1996 2713 2139 2766 Sicut

572 2796 778 2901 parum:5
799 2790 1132 2917 )menstruataz
1173 2781 1416 2834 uttiverste
1467 2780 1670 2848 iustitia:
1723 2792 1906 2835 nostra?
1962 2781 2136 2851 (lsai.

572 2855 708 2914 Lxrv,
825 2887 839 2901 .
1775 2867 1780 2872 '

567 2855 708 2914 Lxrv,
746 2850 839 2914 6).
1775 2867 1780 2872 ·

639 2919 691 2971 5.
726 2917 834 2972 Lex
860 2918 912 2991 in
958 2935 1010 2972 se
1045 2919 1194 2987 bona,
1215 2920 1470 2991 Evangelii
1498 2921 2141 2977 iutuitunouboaninus

571 2994 855 3062 peccantes,
875 2989 1158 3062 impiorum
1181 2989 1446 3062 collatione
1470 2991 2041 3062 Scriptura‘jasti/icat.
2075 2993 2143 3046 Et

571 3065 626 3133 nt
657 3057 857 3133 aliquid
884 3056 1054 3113 adhuc
1081 3061 1373 3133 evidentius
1404 3056 1722 3133 inferamus,
1750 3056 1912 3133 [St-gis
1933 3078 2142 3130 quoque

572 3126 737 3201 ipsius
779 3137 1037 3201 prmcepta
1081 3131 1252 3201 vitalia
1275 3170 1290 3194 ,
1333 3147 1465 3201 quae
1488 3131 1747 3201 dicuntur
1772 3126 2012 3201 ordinata
2050 3126 2144 3201 per

571 3195 802 3268 Angelos
829 3198 880 3250 in
904 3212 1058 3268 manu
1078 3195 1379 3268 Mediatoris
1402 3198 1593 3268 (Galat.
1623 3215 1696 3261 ιιι,
1731 3199 1840 3267 19),
1867 3209 1920 3254 et
1946 3201 2013 3255 de
2042 3195 2143 3268 qua

574 3263 712 3316 idem
745 3267 1041 3332 apostolus,
1071 3267 1249 3337 Itaque
1277 3263 1616 3338 Lexfinquit,
1648 3263 1840 3338 sancta,
1860 3281 1904 3324 et
1929 3263 2142 3324 manda-

577 3344 964 3411 ttttttnsanctttm,
996 3351 1042 3388 et
1068 3339 1293 3411 justum,
1333 3347 1381 3411 et
1416 3337 1598 3390 bonum
1626 3337 1795 3411 (Rom.
1832 3357 1922 3406 vn,
1953 3342 2072 3411 1'2);
2099 3344 2142 3396 si

575 3402 881 3474 perfectioni
914 3402 1227 3474 evangelicae
1255 3408 1592 3461 conferantur
1612 3402 1871 3473 ,minime
1900 3402 2032 3465 bona
2060 3413 2142 3465 di-

575 3473 696 3524 vino
719 3473 1120 3549 pronuntiantur
1143 3478 1358 3549 oraculo
1383 3495 1396 3532 :
1418 3479 1665 3541 aitenim,
1696 3479 1760 3532 Et
1791 3481 1905 3533 dedi
1920 3483 1990 3535 eis
2017 3499 2146 3549 prte-

573 3552 716 3617 eepta
743 3560 840 3617 non
872 3545 1019 3617 bona,
1049 3557 1094 3598 et
1127 3548 1352 3616 justitias
1389 3549 1440 3601 in
1465 3548 1642 3617 quibus
1673 3566 1770 3602 non
1800 3552 1958 3603 vivent
1987 3545 2038 3605 in
2074 3553 2145 3606 eis

573 3611 789 3686 t__lc'zeclt.
831 3630 922 3674 xx.
963 3615 1076 3686 25).
1127 3611 1411 3684 Apostolus
1439 3611 1648 3686 quoque
1688 3621 1754 3672 ita
1794 3622 1912 3673 novi
1950 3623 2146 3676 lumine

575 3674 897 3755 Testameuti
935 3674 1153 3750 gloriam
1178 3674 1337 3754 chis
1365 3674 1592 3740 affirmat
1636 3689 1874 3755 obtundi,
1922 3701 1978 3744 ιιι
2029 3674 2144 3745 eam

577 3753 863 3826 evangelici
882 3753 1276 3826 comparatione
1305 3757 1516 3826 fulgoris
1543 3773 1638 3811 nec
1667 3753 2006 3826 gloriticatam
2029 3777 2146 3815 esse

579 3822 900 3899 pronuntiet,
931 3823 1109 3876 dicens
1142 3843 1155 3877 :
1190 3824 1324 3877 Nam
1376 3822 1482 3899 nec,
1510 3822 1782 3896 glorioSum
1821 3839 1892 3882 est
1929 3832 1980 3883 id
2012 3834 2148 3899 quod

579 3892 917 3968 glori/Eatur):
961 3901 1034 3945 est
1087 3892 1646 3968 propterea‘eellenteat
1683 3899 1898 3968 gloriam
1923 3901 1941 3968 (
1965 3892 2144 3955 llCor.

579 3973 655 4038 tu,
687 3959 795 4038 t_0_).
837 3960 1003 4038 Quam
1031 3959 1478 4038 comparationem
1500 3967 1656 4038 etiam
1683 3959 1734 4019 in
1766 3979 1911 4035 parte
1929 3959 2148 4026 contra-

581 4031 679 4090 ria,
711 4031 758 4081 id
785 4039 884 4092 est,
915 4031 965 4084 in
995 4041 1328 4100 peccatorum
1353 4036 1554 4088 meritis
1581 4031 1986 4104 compensandis
2011 4041 2150 4096 Scri-

581 4107 730 4220 ptura
757 4109 1065 4164 conservat;
1091 4110 1145 4154 ut
1177 4117 1269 4155 eos
1293 4105 1380 4170 qui
1410 4106 1572 4158 multo
1597 4107 1771 4158 minus
1797 4113 2146 4175 peccaverint,

608 4169 863 4220 maiorum
910 4171 1192 4220 collatione
1218 4171 1480 4220 institicet-
1513 4177 1694 4220 dicens
1727 4193 1739 4220 ξ
1768 4175 2055 4220 Iusti/iram
2082 4192 2146 4220 ρει

608 4186 619 4219 1

623 4169 863 4244 npiorum
910 4171 1192 4244 collatimic
1212 4169 1481 4240 justitieet,
1513 4177 1694 4228 dicens
1727 4193 1739 4229 :
1768 4169 2055 4244 Iustiﬁmta
2082 4169 2151 4235 est

582 4236 808 4314 Sodoma
835 4254 897 4293 ex
922 4252 968 4294 te
1001 4236 1355 4314 (Επειῖξιῇχγι,
1399 4236 1519 4314 527);
1546 4255 1598 4301 et
1628 4245 1836 4312 iterum,
1865 4236 2002 4314 Quid
2020 4254 2153 4303 enim

583 4311 800 4387 peccavit
827 4325 969 4363 soror
1010 4322 1094 4364 tua
1137 4311 1361 4388 Sodoma
1388 4311 1552 4388 (Ibid.
1590 4315 1720 4385 48)?
1749 4311 2153 4388 ct,Justi/icavit

582 4378 804 4458 animum
832 4396 976 4458 suam
1001 4378 1893 4458 αυεικςαινξξιΙδιξτιείλερηιριιναιὶὸηθ
1917 4378 2154 4458 peccatri-

583 4448 656 4500 cis
681 4448 1068 4528 .tudw_(Jerem.
1100 4467 1176 4515 nt,
1220 4450 1327 4520 11).
1385 4453 1453 4528 Ita
1502 4448 1658 4523 igitur
1693 4466 1746 4528 et
1791 4448 2153 4514 universarum

585 4520 772 4598 merita
805 4520 1073 4583 virtutum,
1095 4537 1210 4598 qua:
1237 4524 1478 4598 superius
1498 4520 1893 4598 comprehendi,
1921 4544 2039 4582 cum
2065 4547 2156 4598 per

583 4604 642 4641 se
671 4588 803 4641 bona
833 4599 989 4660 atque
1014 4588 1240 4660 preiiosa
1267 4588 1402 4653 sint,
1431 4603 1602 4649 tamen
1620 4588 1890 4651 'tlteoricaz'
1905 4588 2157 4654 claritatis

581 4660 973 4739 coinparatione
991 4661 1276 4715 fuscantur.
1293 4661 1506 4739 Multum
1534 4667 1730 4720 etenim
1749 4677 1958 4723 sanctos
1974 4686 2159 4739 quam-

584 4729 662 4809 vis
690 4728 946 4785 bonorum
977 4746 1194 4809 operum
1213 4773 1227 4796 ,
1261 4734 1687 4809 terrenistamen
1719 4739 1907 4792 studiis
1933 4728 2160 4809 occupa-

583 4804 687 4920 :o:,
715 4805 1210 4921 alcontemplatioue
1236 4805 1426 4858 summi
1452 4805 1591 4861 illius
1619 4808 1738 4862 boni
1783 4804 2158 4865 retrahunt-ac

611 4883 640 4920 c
666 4885 738 4921 art
760 4880 868 4921 ant.

611 4880 868 4923 ctardattt.

598 5039 612 5053 ὲ
804 5046 810 5053 ,
1123 4965 1350 5024 διεκιιο
1389 4966 1492 5023 (;ι;ι
1526 4969 1624 5043 (τι).

586 5051 660 5104 De
685 5051 841 5108 verbis
879 5053 1308 5130 Apostoli,_liottt.
1355 5076 1468 5130 cap.
1507 5078 1597 5127 vn,
1630 5063 1719 5127 21,
1755 5064 1845 5130 25,
1898 5065 2160 5120 Condelc-

655 5133 772 5177 t-tor
812 5126 1092 5268 ctlliltla’lfgi
1143 5127 1234 5182 Dei
1288 5126 1576 5185 secundum
1628 5126 1938 5191 interiorem
1987 5134 2160 5190 homi-

657 5210 917 5258 nem,e.c.
1026 5239 1037 5251 .

656 5291 706 5339 1.
749 5285 956 5368 Sanctis
983 5289 1127 5368 ipsis
1175 5304 1275 5345 non
1319 5293 1639 5368 deestgunde
1687 5295 1881 5368 jugiter
1944 5307 2159 5368 gemant.

593 5359 785 5438 Fugite:
848 5359 1201 5438 ittterioris__et
1250 5364 1508 5438 exterioris
1559 5359 1793 5422 hominis.
1861 5359 1991 5422 Cum
2039 5385 2165 5438 ergo

585 5430 900 5508 semctipsos
949 5429 1182 5508 quotidie
1237 5435 1465 5487 sentiant
1522 5439 1686 5508 sancti
1745 5449 1967 5493 terrente
2025 5429 2169 5508 cogi-

586 5499 800 5568 tationis
851 5501 1088 5569 pondere
1137 5514 1490 5573 pra'gravatos
1527 5507 1595 5559 ab
1635 5509 1717 5563 illa
1755 5511 1946 5565 mentis
1999 5499 2164 5564 subii-

646 5653 719 5725 ςᾳ)
735 5653 957 5725 Qlim,_de
977 5663 1214 5725 Tempore
1236 5656 1323 5717 47;
1350 5665 1401 5708 et
1424 5668 1547 5725 post,
1573 5665 1622 5709 tn
1641 5663 1911 5725 Appeudice
1934 5664 2010 5713 52.

647 5715 718 5783 (b)
749 5719 988 5783 Eumdem
999 5715 1195 5783 omnino
1218 5715 1318 5782 prie
1339 5733 1397 5770 se
1420 5715 1516 5771 fert
1536 5715 1798 5783 auctorem.
1821 5739 1876 5774 ac
1906 5739 2067 5775 sermo
2096 5738 2172 5775 su-

587 5779 766 5836 perior,
789 5781 926 5843 unus
949 5779 1138 5832 videtur
1162 5779 1274 5835 esse
1296 5784 1605 5834 continuatio.

1979 355 2336 425 trrtzxmx.

3673 363 3809 419 1914

2227 483 2407 537 mitate
2431 479 2706 547 decidere,
2749 488 2804 535 ct
2828 479 3022 536 invitos
3041 520 3056 545 ,
3101 481 3205 534 imo
3224 496 3353 536 vero
3380 480 3538 535 etiam
3567 480 3810 535 nescien-

2231 562 2312 606 tes
2340 591 2356 617 ,
2401 553 2452 604 in
2501 551 2669 621 legem
2712 549 2914 619 peccati
2961 552 3251 620 mortisque
3293 551 3525 611 traduci;
3562 559 3721 620 atque
3753 560 3810 603 ut

2229 631 2420 676 caetera
2452 621 2869 690 prartermittam,
2901 621 3002 674 illis
3028 622 3212 674 saltem
3243 637 3359 690 qum
3385 622 3625 689 superius
3651 638 3805 674 com-

2233 690 2507 761 prehendi,
2537 690 2692 761 bonis
2717 690 2926 759 quidem
2954 705 3016 745 ac
3038 691 3212 759 justis,
3238 692 3330 745 sed
3357 701 3526 744 tamen
3556 692 3806 761 terrenis,

2231 759 2261 814 ἐι
2291 770 2578 826 conspectu
2609 759 2697 813 Dei
2728 761 2979 828 operibus
3017 760 3226 814 avocari
3276 779 3288 814 :
3330 761 3522 813 habent
3572 759 3810 826 profecto
3847 789 3852 794 -

2231 846 2328 900 pro
2354 830 2543 899 quibus
2568 829 2632 882 ad
2651 830 2830 900 Deum
2850 829 3045 898 jugiter
3073 831 3451 898 ingemiscant,
3483 830 3674 884 habent
3713 845 3814 898 pro

2232 897 2420 968 quibus
2459 899 2509 951 iu
2552 899 2774 952 veritate
2817 897 3075 952 humiliati
3129 908 3286 968 atque
3330 901 3649 968 compuncti,
3701 915 3812 955 non

2237 967 2411 1023 verbis
2442 968 2838 1030 tantummodo,
2883 971 2975 1022 sed
3005 967 3214 1024 atiectu’
3233 967 3545 1038 semetipsos
3576 985 3813 1038 pronun-

2236 1038 2365 1092 tient
2395 1047 2730 1108 peccatores;
2765 1050 2821 1108 ut
2846 1039 3051 1092 veniam
3087 1056 3179 1106 pro
3205 1039 3449 1092 omnibus
3475 1055 3593 1108 quae
3629 1041 3811 1108 quoti-

2231 1107 2318 1162 die
2364 1107 2594 1178 superati
2625 1106 2902 1178 fragilitate
2927 1110 3100 1162 carnis
3129 1109 3420 1170 incurrunt,
3452 1106 3667 1178 a‘gratia
3705 1111 3812 1162 Do-

2233 1178 2357 1248 mini
2380 1177 2576 1246 jugiter
2606 1177 2949 1248 postulantes,
2992 1192 3143 1230 veras
3181 1177 3806 1248 pmnitentim’lacrymas

2234 1245 2593 1300 indesinenter
2628 1245 2898 1300 eli'ondant
2941 1263 2955 1298 :
2988 1245 3192 1314 quippe
3223 1249 3309 1315 qui
3358 1248 3569 1302 videant
3618 1245 3809 1303 iisdem

2235 1317 2364 1382 ipsis
2407 1331 2493 1378 se,
2543 1331 2636 1383 pro
2674 1315 2860 1383 quibus
2902 1318 3153 1369 continuo
3198 1316 3380 1370 dolore
3417 1317 3591 1370 vexati
3636 1329 3760 1371 sunt
3792 1358 3812 1383 ,

2233 1387 2391 1440 etiam
2422 1396 2585 1454 usque
2628 1384 2694 1438 ad
2737 1385 2897 1438 Deum
2937 1385 3131 1454 jugiter
3169 1386 3544 1454 ingemiscant,
3587 1388 3809 1442 testibus

2237 1453 2518 1516 involutos,
2550 1454 2707 1508 etiam
2752 1453 2893 1524 ipsas
2941 1453 3350 1524 supplicationes
3380 1471 3502 1511 suas
3531 1456 3722 1510 offerre
3749 1473 3811 1512 se

2234 1526 2353 1596 sine
2375 1526 2748 1596 cogitationum
2775 1525 3041 1596 anxietate
3071 1539 3176 1579 non
3206 1541 3379 1596 posse.
3413 1526 3623 1596 Experti
3651 1527 3813 1596 igitur

2235 1610 2294 1649 se
2343 1595 2583 1647 humanis
2638 1594 2834 1647 viribus
2879 1594 3232 1649 desideratam
3279 1594 3815 1658 tidem,'ohsist'eute

2235 1665 2410 1718 carnis
2437 1664 2662 1727 sarcina,
2686 1680 2791 1734 non
2831 1679 2985 1734 posse
3014 1666 3337 1734 contingere,
3371 1680 3541 1734 neque
3568 1665 3638 1718 illi
3670 1679 3813 1734 pra:-

2235 1734 2391 1800 cipuo
2417 1749 2727 1802 summoque
2767 1733 2905 1786 bouo
2939 1733 3230 1788 secundum
3267 1735 3440 1788 cordis
3459 1733 3554 1788 sui
3597 1733 3816 1789 deinde-

2238 1805 2560 1886 rium'possc
2589 1803 2831 1886 conjungi
2854 1819 2871 1886 ξ
2900 1804 2991 1858 sed
3013 1804 3089 1884 ιιι)
3116 1805 3238 1886 ejnus'
3261 1805 3450 1886 intuitu
3475 1805 3714 1886 captivos
3743 1805 3813 1885 ad

2238 1873 2500 1944 mundana
2530 1871 2728 1944 traduci
2761 1871 2867 1926 :ad
2891 1874 3111 1943 gratiam
3150 1875 3262 1938 Dei,
3295 1875 3383 1944 qui
3427 1871 3617 1941 impios
3655 1874 3817 1944 justi-

2239 1942 2376 2013 licat,
2410 1942 2770 2013 convolantes,
2819 1942 2937 1996 cum
2981 1944 3236 2013 Apostolo
3278 1942 3635 2013 protestantur
3667 1961 3680 1995 :
3715 1943 3813 1997 ln-

2239 2010 2361 2077 felia:
2393 2027 2481 2078 ego
2508 2011 2696 2079 homo,
2730 2013 2838 2078 quis
2880 2029 2958 2066 me
3003 2012 3226 2066 liberabit
3274 2010 3336 2066 de
3381 2025 3588 2079 corpore
3639 2015 3816 2066 mortis

2239 2081 2430 2150 hujus?
2456 2079 2630 2133 Grazia
2668 2078 2764 2138 Dei
2807 2098 2894 2148 per
2928 2081 3178 2136 Christum
3202 2081 3378 2136 Iesum
3411 2078 3681 2136 Daminum
3715 2099 3811 2136 no-

2238 2160 2418 2204 strum.
2449 2151 2696 2221 Sentiont
2727 2152 2865 2205 enim
2893 2168 2951 2205 se
2980 2152 3174 2206 hooum
3218 2152 3355 2206 istud
3401 2153 3540 2221 quod
3587 2155 3814 2216 volunt,

2240 2234 2344 2291 nou
2377 2234 2532 2290 posse
2556 2220 2841 2289 perlicere;
2872 2221 2964 2276 sed
2993 2222 3116 2276 illud
3147 2223 3284 2290 quod
3329 2220 3534 2285 nolunt,
3567 2221 3819 2291 quodque

2240 2290 2463 2344 oderunt
2490 2292 2706 2355 malum,
2741 2291 2790 2344 id
2821 2302 2920 2355 est,
2950 2293 3323 2361 Cogitatiouum
3355 2301 3525 2345 motus
3553 2290 3606 2346 et
3631 2306 3817 2345 curam

2240 2361 2589 2427 Corporalium
2619 2376 2815 2423 rerum,
2846 2375 3057 2428 semper
3083 2362 3329 2416 incidere.
3361 2361 3426 2414 Et
3446 2361 3824 2420 condeh-etan-

2243 2436 2329 2481 tur
2357 2428 2565 2495 quidem
2597 2429 2720 2495 Legi
2752 2429 2839 2482 Dci
2869 2430 3158 2484 secundum
3190 2431 3492 2484 interiorem
3524 2433 3819 2493 hominem,

2241 2498 2327 2566 Qui
2358 2491 2575 2550 visibilia
2604 2491 2846 2551 universa
2875 2499 3282 2561 transcendens,
3313 2510 3534 2553 conatur
3565 2501 3674 2553 Deo
3714 2491 3822 2552 Soli

2242 2579 2451 2635 semper
2481 2567 2612 2619 uuiri
2646 2583 2660 2620 :
2689 2567 2780 2620 sed
2825 2566 3001 2620 vident
3046 2567 3202 2620 aliam
3253 2569 3421 2635 legem
3461 2569 3512 2622 in
3561 2569 3827 2622 membris

2243 2635 2352 2687 suis
2374 2677 2389 2700 ,
2420 2635 2469 2688 id
2499 2645 2599 2700 est,
2633 2636 2682 2688 in
2715 2645 2898 2689 natura
2929 2635 3170 2689 humanas
3194 2639 3507 2690 conditionis
3536 2638 3824 2702 insertam,

2242 2720 2359 2771 quae
2404 2715 2657 2772 repugnat
2701 2705 2800 2773 legi
2847 2705 3036 2759 mentis
3079 2721 3282 2770 eorun't,
3318 2706 3568 2772 pertrahit
3597 2721 3831 2760 sensum

2243 2774 2467 2827 violenta
2507 2776 2621 2841 lege
2649 2775 2881 2840 peccati;
2912 2776 3234 2842 compellens
3259 2776 3458 2828 scilicet
3481 2790 3592 2835 eos,
3625 2774 3829 2826 relicto

2247 2843 2334 2894 illo
2359 2843 2632 2911 principali
2661 2843 2818 2905 bono,
2848 2853 3054 2896 terrena
3073 2844 3387 2912 cogitatione
3407 2843 3664 2896 submitti.
3684 2844 3832 2906 Qum:

2242 2913 2479 2982 quamvis
2507 2913 2802 2982 necessaria
2829 2921 2986 2980 atque
3015 2915 3223 2982 corpori
3249 2913 3392 2967 utilis
3421 2913 3830 2973 videatur,cum

2243 2981 2620 3049 dispensationi
2652 2981 2910 3050 religiosa:
2937 2981 3225 3051 cujuspiam
3254 2983 3582 3036 necessitatis
3609 2983 3829 3051 impenr

2243 3051 2386 3104 ditur
2415 3070 2428 3104 :
2459 3051 2852 3119 comparatione
2886 3061 3058 3105 tamen
3102 3054 3237 3105 illius
3265 3052 3406 3116 boni,
3431 3051 3571 3120 quod
3598 3059 3824 3104 sam-to-

2245 3135 2359 3189 rum
2395 3121 2627 3173 omnium
2673 3120 2898 3173 oblectat
2928 3122 3208 3187 intuitum,
3242 3122 3378 3174 mala
3419 3121 3597 3189 utique
3634 3121 3701 3174 ab
3740 3122 3827 3174 eis

2244 3188 2571 3261 acl‘ugicuda
2609 3189 2930 3254 decernitur,
2977 3191 3076 3261 qui
3105 3193 3200 3258 'per
3237 3203 3353 3245 eam
3402 3188 3612 3261 quottuo
3661 3191 3827 3244 modo

2245 3259 2324 3311 vel
2351 3261 2412 3311 ad
2438 3259 2698 3330 modio-nn
2723 3269 2928 3328 tempus
2957 3261 3024 3312 ab
3050 3260 3187 3314 illius
3212 3259 3456 3330 perfecta:
3485 3261 3826 3315 beatitudinis

2246 3330 2435 3397 gaudio
2465 3329 2820 3382 I'clt'altttntttt‘.

2315 3398 2366 3450 ‘2.
2386 3397 2490 3450 Lex
2520 3399 2723 3468 peccati.
2763 3397 3068 3452 Uttiversalis
3092 3400 3329 3455 est.Vere
3349 3402 3490 3455 enim
3509 3401 3591 3455 lex
3621 3400 3826 3468 peccati

2245 3477 2348 3533 est,
2363 3484 2518 3536 quam
2540 3469 2767 3520 humano
2779 3469 2959 3537 generi
2975 3471 3331 3536 praevaricatio
3345 3473 3422 3525 sui
3439 3471 3828 3523 induxitaucto-

2247 3538 2599 3610 ris.perillius
2622 3539 2900 3610 ltt);{_:\tti,_ltl
2927 3554 3082 3607 quem
3113 3541 3213 3592 lata
3235 3549 3314 3594 est
3339 3539 3828 3610 teqnissimijudieis

2253 3610 2336 3679 illa
2361 3608 2660 3679 sententia:
2685 3607 2954 3679 Maledicta
2983 3618 3113 3662 terra
3134 3610 3182 3660 in
3205 3607 3432 3679 aperibus
3454 3612 3574 3672 tuis;
3591 3611 3760 3678 spinas
3777 3619 3824 3661 et
3855 3643 3862 3648 -

2253 3678 2460 3732 tribulos
2485 3677 2776 3746 germinabit
2805 3677 2912 3742 tibi,
2941 3689 2984 3730 et
3006 3679 3056 3730 in
3089 3677 3270 3732 sudore
3296 3681 3458 3733 vultus
3486 3681 3557 3732 tui
3591 3677 3703 3731 edes
3733 3695 3827 3746 pa-

2251 3765 2361 3801 nem
2391 3745 2528 3819 tuum
2557 3745 2710 3819 (Gen.
2741 3763 2817 3819 nt,
2865 3749 3070 3819 17-19).
3112 3748 3264 3814 ll:cc,
3312 3750 3560 3818 inquam,
3611 3759 3691 3802 est
3735 3745 3825 3802 lex

2252 3818 2506 3872 membris
2533 3817 2765 3888 omnium
2800 3818 2994 3871 inserta
3029 3817 3529 3888 ’tnortalium,’qu:e
3571 3826 3828 3884 repugnat

2252 3889 2351 3957 legi
2401 3887 2592 3941 mentis
2639 3896 2854 3950 nostrae,
2903 3903 3123 3956 eamque
3153 3904 3182 3941 a
3207 3889 3385 3942 divino
3411 3887 3555 3942 arcet
3584 3889 3770 3941 intuitu
3809 3905 3823 3940 :

2250 3973 2367 4028 qua:
2397 3957 2669 4028 maledicta
2696 3966 2834 4028 terra
2870 3959 2919 4010 iu
2951 3959 3198 4025 operibus
3228 3960 3421 4013 nostris
3450 3969 3566 4028 post
3600 3959 3828 4028 agnitio-

2253 4027 2373 4081 nem
2401 4027 2523 4080 boni
2549 4041 2611 4078 ac
2639 4027 2779 4089 mali,
2809 4028 3183 4096 cogitationum
3225 4029 3401 4097 Spiuas
3430 4027 3590 4096 ctcpit
3622 4043 3684 4080 ac
3731 4027 3827 4079 tri-

2253 4096 2404 4151 bulos
2441 4097 2738 4166 germinare
2778 4113 3039 4166 :qnarum
3066 4096 3262 4152 aculeis
3297 4099 3471 4152 carnis
3501 4098 3703 4151 obtusis
3737 4111 3825 4149 se-

2253 4167 2393 4220 mina
2428 4168 2812 4236 prtel'oeantur,
2845 4184 2908 4220 ne
2940 4168 3080 4220 illum
3112 4184 3298 4236 panem
3341 4179 3577 4221 nostrum
3600 4210 3613 4230 ,
3644 4167 3737 4236 qui
3759 4166 3828 4220 de

2254 4237 2391 4290 (ἷιΓΙΟ
2415 4232 2687 4289 descendit
2709 4275 2720 4295 .
2763 4237 2956 4304 quique
2990 4232 3249 4291 confortat
3275 4254 3366 4290 eor
3393 4238 3639 4302 hominis,
3661 4232 3831 4290 ‘t-dere

2257 4305 2455 4374 absque
2491 4306 2665 4359 vultus
2702 4308 2865 4375 nosci
2914 4307 3104 4360 sudore
3138 4309 3418 4375 possimus.
3464 4308 3633 4361 Outne
3671 4307 3812 4375 igitu.

2257 4377 2544 4447 humanum
2574 4389 2741 4447 genus
2768 4374 2887 4447 huic
2915 4374 3232 4445 generaliter
3260 4379 3357 4447 legi
3389 4380 3504 4431 siue
3545 4377 3647 4430 ulla
3671 4374 3813 4430 eiscu-

2258 4447 2436 4514 ptione
2463 4445 2756 4517 subjicitur.
2786 4445 2973 4498 Nullus
2999 4449 3138 4500 enim
3167 4457 3265 4510 est,
3297 4445 3538 4517 quantivis
3575 4455 3792 4499 sanctus
3814 4487 3829 4511 ,

2258 4517 2344 4585 qui
2371 4530 2527 4584 supra
2552 4516 2746 4585 dictum
2784 4531 2967 4582 panem
3003 4533 3104 4568 non
3134 4534 3251 4570 cum
3284 4516 3476 4571 sudore
3506 4517 3680 4570 vultus
3704 4516 3785 4569 sui
3817 4555 3832 4580 ,

2259 4584 2310 4639 et
2337 4586 2557 4641 sollicita
2577 4584 2750 4637 cordis
2774 4587 3062 4640 intentione
3087 4589 3333 4655 percipiat
3364 4605 3375 4640 :
3409 4597 3659 4640 casterum
3683 4600 3834 4639 com-

2262 4657 2404 4708 muni
2437 4656 2536 4708 isto
2558 4669 2692 4722 pane
2722 4655 2868 4708 multi
2901 4697 2915 4720 ,
2956 4666 3012 4710 ιιι
3051 4658 3320 4722 videmus,
3351 4658 3543 4710 divites
3573 4657 3687 4710 sine
3727 4656 3836 4708 ullo

2261 4725 2434 4778 voltus
2461 4725 2538 4777 sui
2567 4723 2758 4796 sudore
2785 4737 3086 4796 vescuntur.
3117 4728 3283 4792 Quam
3313 4728 3470 4781 etiam
3510 4728 3674 4796 legem
3708 4727 3835 4779 hea-

2263 4808 2345 4849 tus
2389 4794 2671 4863 Apostolus
2718 4795 3040 4862 Spiritualcm
3084 4799 3308 4860 asserit,
3355 4798 3536 4850 dicens
3568 4794 3596 4846 ’τ
3636 4794 3836 4849 Scimus

2260 4866 2394 4919 enim
2422 4866 2537 4936 quia
2567 4865 2647 4916 lca:
2671 4866 2946 4931 spiritualis
2977 4879 3082 4931 est;
3123 4885 3212 4936 ego
3242 4878 3403 4920 autem
3433 4867 3652 4920 carnalis
3680 4882 3792 4916 sum
3820 4905 3834 4927 ,

2264 4935 2590 5004 venumdatus
2610 4935 2700 5006 sub
2717 4946 2918 5004 peccato
2940 4937 3109 5006 (Rom.
3129 4935 3220 4999 vn,
3241 4937 3347 5006 14).
3375 4937 3672 5006 Spiritualis
3695 4936 3834 4988 enim

2263 5015 2344 5060 est
2373 5007 2456 5060 lex
2477 5048 2490 5071 ,
2531 5021 2652 5075 qua:
2677 5005 2824 5073 jubet
2863 5005 3016 5061 nobis
3059 5017 3116 5060 ut
3155 5008 3206 5060 in
3242 5005 3433 5061 sudore
3463 5007 3641 5059 vultus
3672 5006 3836 5058 nostri

2264 5077 2606 5130 comedamus
2634 5075 2779 5130 illum
2808 5091 2996 5145 panem
3022 5093 3227 5144 verum,
3253 5078 3340 5146 qui
3371 5078 3436 5131 de
3461 5078 3598 5132 etelo
3621 5076 3836 5129 desecu-

2264 5147 2338 5202 dit
2368 5164 2380 5199 :
2405 5146 2499 5200 sed
2526 5160 2622 5200 nos
2646 5148 2885 5200 carnales
2913 5147 3036 5201 fecit
3064 5149 3400 5202 venumdatio
3429 5149 3513 5200 illa
3541 5146 3768 5215 peccati.

2338 5219 2388 5271 5.
2418 5216 2586 5288 Adam
2610 5217 2828 5270 vendidit
2857 5217 3148 5271 libertatem.
3179 5217 3309 5271 lude
3346 5219 3532 5288 posteri
3566 5223 3842 5288 nascuntur

2267 5305 2332 5341 se:
2351 5289 2410 5338 vi.
2440 5285 2612 5355 Quod,
2641 5301 2787 5354 rogo,
2823 5288 2980 5353 istud,
3009 5289 3226 5357 eujusve
3255 5285 3527 5356 peccatum
3559 5287 3683 5340 est?
3719 5285 3844 5339 Sine

2268 5358 2427 5410 dubio
2457 5357 2602 5418 .\tlil‘.,
2631 5357 2781 5426 cujus
2800 5359 3250 5424 pt‘mvat‘icatione,
3276 5368 3452 5426 atque,
3475 5365 3538 5412 ut
3557 5359 3624 5409 ita
3647 5357 3838 5417 dicam,

2271 5428 2624 5495 negotiatione
2676 5427 2961 5498 damnosa,
3033 5429 3469 5498 fraudulentoque
3523 5426 3845 5498 commercio

2271 5497 2466 5551 venditi
2502 5511 2703 5550 sumus.
2729 5496 2954 5568 Omnem
2983 5501 3122 5553 enim
3153 5500 3354 5568 prolem
3383 5496 3552 5561 suam,
3586 5497 3847 5568 serpentis

2273 5567 2616 5636 persuasione
2649 5567 2896 5622 seductus
2939 5570 3101 5624 illiciti
3136 5567 3238 5624 cibi
3272 5568 3610 5637 perceptione
3649 5567 3848 5619 distra-

2273 5648 2432 5698 ctam,
2459 5639 2589 5705 jugo
2620 5648 2883 5706 perpetua:
2923 5642 3192 5694 servitutis
3232 5640 3451 5694 addixit.
3495 5639 3590 5692 Hic
3623 5650 3848 5704 namque

2276 5725 2392 5779 tuos
2431 5709 2568 5760 solet
2606 5709 2742 5760 inter
2773 5709 3085 5765 vendentem
3114 5709 3484 5779 emcntemqite
3510 5708 3746 5770 servari,
3795 5715 3851 5779 ut

2278 5778 2322 5831 is
2367 5779 2451 5846 qui
2498 5793 2554 5831 se
2593 5779 2765 5835 alieno
2805 5781 2948 5849 cupit
2991 5782 3224 5836 dominio
3265 5775 3565 5851 mancipare
3591 5819 3606 5844 ,
3655 5775 3850 5846 aliquid
