4016 6470
275 411 415 466 ίθεδ

275 525 436 594 pretii
493 538 586 593 pro
621 525 822 595 jactura
872 526 1095 594 propria:
1144 524 1399 579 libertatis
1438 532 1492 577 ct
1547 522 1846 581 addictioue

276 604 548 664 perpetuae
581 596 848 651 servitutis
871 610 899 648 a
928 610 1025 648 suo
1045 603 1396 663 consequatur
1419 602 1676 664 emptore.
1695 595 1846 661 Quod

272 663 440 719 etiam
472 666 607 718 inter
633 664 795 718 Adam
817 674 974 733 atque
993 674 1289 734 serpentem
1314 663 1740 719 manifestissime
1768 666 1846 718 vi-

272 734 465 788 demus
495 734 788 802 impletum.
821 734 910 787 llle
938 735 1077 788 enim
1104 750 1133 788 a
1158 743 1403 803 serpente
1431 735 1651 802 pretium
1691 734 1849 787 liber-

278 805 405 856 tatis
433 820 541 856 sue
579 820 671 856 esu
709 804 997 858 interdicta:
1034 805 1237 858 arboris
1268 805 1503 873 capiens,
1549 819 1579 858 a
1620 804 1845 857 naturali

275 873 519 926 libertate
537 873 778 927 discessit
803 891 816 926 :
845 874 1020 942 illique
1043 875 1223 927 maluit
1239 875 1576 940 semetipsum
1597 881 1846 942 perpetua

273 942 508 996 vendere
536 944 815 1006 servitute.
845 958 873 996 a
900 960 1005 1013 quo
1038 944 1183 997 vetiti
1226 944 1364 1012 pomi
1407 943 1600 997 letbale
1625 943 1846 1011 pretium

272 1012 448 1065 fuerat
473 1022 743 1067 assecutus
764 1031 775 1065 :
795 1029 895 1082 qua
917 1012 1165 1081 deinceps
1186 1013 1485 1066 conditione
1507 1013 1843 1078 ClllISli‘lClUS,

274 1096 384 1134 non
434 1082 697 1135 immerito
733 1081 944 1136 omnem
988 1081 1307 1148 posteritatis
1341 1097 1450 1136 sua:
1494 1083 1797 1150 progeniem
1829 1121 1843 1143 ,

275 1161 532 1218 perpetuo
548 1151 742 1214 eidem,
760 1152 908 1221 cujus
935 1151 1149 1207 eﬂ'ectus
1179 1160 1259 1205 est
1283 1166 1488 1217 servus,
1515 1150 1745 1205 subdidit
1774 1153 1847 1205 fa-

272 1221 645 1283 qulatu.Quid
668 1223 806 1275 enim
828 1222 967 1274 aliml
991 1222 1180 1277 servile
1203 1222 1500 1291 conjugium
1527 1230 1695 1290 potest
1727 1235 1848 1289 pro-

269 1302 477 1359 ereare,
507 1306 660 1359 quam
684 1291 897 1345 servos?

345 1359 398 1412 4.
443 1355 569 1413 lure
615 1370 778 1425 tamen
820 1376 909 1413 suo
953 1362 1067 1414 hinc
1105 1376 1205 1413 non
1241 1359 1417 1414 cecidit
1446 1355 1709 1425 Dominus.
1741 1358 1849 1412 Sed

270 1428 520 1499 hominem
562 1421 769 1482 invitum
806 1429 1028 1494 liberari,
1053 1440 1098 1483 et
1133 1431 1373 1499 injustam
1399 1439 1443 1483 et
1467 1421 1675 1499 malum.
1707 1428 1844 1499 Quid

268 1498 436 1580 ergo?
478 1498 736 1580 Numquid
775 1510 981 1580 emptor
1006 1493 1102 1580 iste
1125 1493 1363 1580 versutus
1394 1509 1451 1580 et
1482 1493 1702 1579 callidus
1734 1493 1845 1580 Do;

274 1566 431 1639 [nino
450 1582 576 1623 vero
611 1566 770 1639 atque
812 1566 1046 1638 legitimo
1076 1570 1164 1635 jus
1200 1566 1844 1639 dominationiseripuit?

273 1633 392 1691 Non
422 1638 489 1691 ita
523 1646 602 1692 est
632 1657 645 1691 :
675 1633 843 1707 neque
865 1633 1007 1695 enim
1036 1633 1113 1693 sic
1140 1638 1227 1691 ille
1253 1653 1411 1691 omne
1441 1633 1704 1707 peculium
1728 1636 1839 1707 Dei,

272 1708 429 1760 unius
474 1706 669 1761 fraudis
712 1705 986 1761 delesitate
1043 1708 1293 1776 pervasit.
1326 1717 1379 1760 ut
1420 1705 1709 1776 potentiam
1749 1705 1844 1759 do-

269 1777 421 1831 minii
474 1777 555 1831 sui
623 1792 779 1831 verus
822 1778 1118 1831 dominator
1180 1777 1476 1840 amitteret,
1519 1777 1605 1845 qui
1671 1776 1840 1842 ipsum

270 1852 822 1917 quoquecmplorcm,
869 1847 1109 1917 quamvis
1135 1847 1371 1917 refugum
1414 1846 1498 1917 vel
1542 1845 1792 1917 rebellem
1824 1885 1838 1912 ,

271 1914 450 1968 tamen
476 1914 612 1985 jugo'
633 1918 867 1983 reprimit
889 1914 1182 1985 servitutis.
1216 1914 1317 1970 Sed
1342 1916 1460 1985 quia
1483 1914 1727 1969 omnibus
1742 1930 1839 1985 ra-

271 1982 558 2040 tionalibus
579 1982 832 2039 creaturis
859 1984 1057 2039 arbitrii
1091 1982 1383 2038 libertatem
1422 1987 1641 2038 Creator
1667 1984 1838 2037 indul-

270 2064 414 2119 serat
437 2095 451 2116 ,
484 2071 576 2109 eos
614 2056 699 2119 qui
744 2070 801 2109 se
839 2067 1017 2109 eontra
1070 2055 1146 2108 fas
1188 2051 1367 2108 edacis
1405 2052 1842 2122 concupiscentia:

271 2125 690 2193 tranwgressionc
744 2122 1127 2193 vendiderant,
1169 2124 1385 2193 invitos
1419 2123 1483 2177 ad
1556 2124 1839 2193 ingenitam

272 2191 567 2246 libertatem
615 2208 862 2246 revocare
903 2208 1007 2246 lion
1048 2192 1249 2246 debuit.
1292 2192 1557 2246 Abhorret
1581 2191 1836 2259 siquidem

268 2263 339 2315 ab
367 2262 457 2315 ilio
480 2262 697 2329 Ῑιιςιίιὶςιε
724 2271 773 2315 et
808 2263 1014 2330 pietatis
1052 2270 1295 2330 auctore,
1332 2258 1594 2330 quidquid
1622 2261 1838 2313 bonitati

273 2327 614 2399 a‘quitatiquc
653 2327 973 2384 conti-inium
1016 2341 1111 2399 est.
1162 2329 1350 2382 Malum
1392 2330 1532 2383 enim
1571 2327 1763 2391 fuerat,
1795 2331 1837 2382 si

269 2398 537 2453 concessa:
570 2401 823 2453 libertatis
854 2398 1162 2453 beneﬁcium
1192 2406 1491 2454 revocasset
1527 2412 1540 2451 :
1568 2398 1836 2466 iujastmn,

270 2470 314 2522 si
370 2470 591 2522 liberum
641 2470 903 2523 hominem
956 2469 1186 2538 potentia
1231 2483 1321 2521 sua
1353 2469 1840 2536 Opprimensatque

271 2540 561 2609 captivaus.
594 2539 850 2609 libertatis
875 2550 1104 2608 acceptae
1133 2539 1457 2607 privilegium
1488 2538 1703 2609 esscqni
1734 2554 1836 2590 non

270 2607 510 2670 sivisset;
542 2608 694 2675 cujus
719 2609 941 2663 salutem
971 2607 1019 2661 in
1046 2610 1211 2661 futura
1237 2618 1357 2660 tunc
1377 2607 1566 2659 smeula
1596 2621 1840 2660 reserva-

270 2678 365 2738 vit,
396 2687 450 2730 ut
481 2687 625 2730 τοιίιι
650 2678 835 2732 ordine
863 2679 1217 2745 ('UllllllCl't‘llll'
1240 2678 1416 2743 statuti
1446 2677 1696 2745 temporis
1727 2677 1838 2743 ple-

271 2746 473 2800 nitudo.
498 2748 779 2816 Oportebat
807 2749 946 2803 enim
975 2744 1089 2816 ejus
1109 2748 1342 2802 sobolem
1368 2744 1682 2816 tamdiusub
1702 2747 1838 2798 avita

269 2814 592 2886 Cuttditione
619 2816 845 2881 durare,
900 2814 1171 2886 quomque
1217 2816 1455 2871 eamdem
1500 2814 1839 2886 originalibus

268 2886 491 2939 vinculis
545 2885 815 2939 liberatam
840 2928 853 2949 ,
900 2885 949 2939 in
992 2888 1263 2955 antiquum
1304 2885 1578 2955 libertatis_
1603 2893 1795 2937 statum
1820 2923 1835 2949 ,

270 2956 459 3024 priori~
485 2956 684 3009 Domini
706 2956 870 3023 gratia
904 2956 1071 3025 pretio
1097 2952 1174 3008 sui
1204 2955 1471 3025 sanguinis
1496 2952 1835 3025 reformaret;

268 3023 425 3095 quam
452 3026 657 3093 pietatis
680 3023 927 3079 instinctu
954 3028 1121 3094 potuit
1144 3023 1456 3079 etiamtunc
1478 3025 1712 3095 Salvare;
1745 3023 1837 3078 sed

271 3093 475 3158 noluit,
519 3095 638 3164 quia
686 3109 806 3148 eum
846 3093 1044 3151 decreti
1074 3096 1154 3150 sui
1183 3096 1475 3165 irrumpere
1512 3093 1836 3148 sanctionem

268 3167 491 3230 aequitas
519 3180 621 3217 non
650 3165 873 3218 sinebat.

341 3235 393 3289 5.
427 3234 676 3303 Iniquitas
701 3245 885 3288 nostra:
910 3235 1204 3289 venditionis
1227 3250 1398 3297 causa,
1422 3242 1466 3287 et
1486 3233 1838 3301 redemptionis

268 3303 599 3359 obstandum.
635 3304 725 3358 Vis
758 3319 915 3359 uossc
943 3319 1156 3358 causam
1197 3303 1511 3359 venditionis
1533 3312 1636 3357 tua:
1656 3303 1680 3354 ἲ
1701 3303 1837 3357 Audi

272 3374 445 3444 ipsum
496 3373 900 3442 ltedemptorem
954 3383 1098 3427 tuum
1155 3388 1249 3442 per
1300 3374 1499 3444 Isaiam
1526 3372 1834 3444 prophetam

268 3444 603 3513 aperti~sime
636 3444 1043 3510 proclamantem
1070 3460 1083 3498 :
1117 3444 1240 3508 Quis
1268 3453 1338 3496 est
1367 3444 1459 3495 iste
1482 3443 1606 3495 liber
1638 3443 1838 3511 repudii

269 3515 444 3567 matris
487 3524 677 3577 vestrm,
726 3529 823 3582 quo
861 3514 1028 3566 dimisi
1069 3515 1215 3567 eam?
1247 3523 1333 3566 aut
1359 3514 1468 3581 quis
1510 3521 1582 3565 est
1621 3513 1838 3566 creditor

267 3600 427 3645 meus,
456 3585 533 3636 cui
558 3581 755 3635 vendidi
792 3584 915 3636 vos?
939 3583 1067 3636 Ecce
1086 3586 1136 3636 in
1162 3581 1504 3651 iniquitatibus
1525 3583 1696 3635 vestris
1716 3598 1835 3635 ven-

269 3654 364 3706 diti
388 3654 524 3718 estis,
556 3662 600 3704 et
626 3653 676 3704 in
698 3654 961 3705 sceleribus
981 3654 1151 3707 vestris
1180 3652 1347 3705 dimisi
1374 3662 1581 3705 matrem
1604 3661 1833 3705 vestram.

274 3722 363 3776 Vis
391 3724 547 3776 etiam
578 3722 850 3776 evidenter
875 3737 1162 3790 agnoscere
1192 3737 1286 3776 cur
1317 3730 1366 3776 te
1405 3736 1529 3790 jugo
1572 3721 1837 3774 servitutis

268 3792 538 3846 addictum
584 3792 846 3861 redimere
902 3794 1150 3861 potentia:
1195 3806 1303 3845 sua:
1340 3793 1534 3861 virtute
1563 3790 1838 3843 noluerit?

271 3863 407 3916 Audi
434 3862 555 3931 quid
595 3860 659 3913 ad
700 3860 991 3930 superiora.
1034 3862 1225 3930 quibus
1245 3861 1445 3915 eisdem
1474 3860 1685 3931 famulis
1711 3874 1838 3931 cau-

267 3947 381 3986 s'im
440 3930 744 3984 voluntaria:
794 3932 1109 3985 venditionis
1154 3931 1437 3998 exprobrat
1474 3970 1488 3993 ,
1539 3930 1834 3996 adjecerit:

269 4001 533 4070 Numquid
564 4000 850 4060 abbreviata
887 4011 931 4054 et
973 4002 1181 4067 parvula
1207 4006 1341 4071 facta
1367 4010 1437 4055 est
1464 4016 1644 4071 manus
1685 4016 1795 4053 mea
1817 4040 1831 4063 ,

266 4082 321 4124 ut
369 4089 467 4124 non
508 4073 689 4141 possint
720 4071 999 4123 redimere?
1026 4080 1111 4122 aut
1140 4070 1251 4141 non
1287 4079 1357 4123 est
1387 4071 1440 4123 in
1479 4086 1556 4123 me
1579 4070 1734 4141 virtus
1770 4070 1838 4122 ad

266 4142 346 4196 lib.
368 4138 577 4193 rumlnm
604 4138 754 4205 (Isai.
776 4157 824 4200 t..
858 4142 902 4203 l,
927 4141 1024 4209 2)?
1048 4140 1149 4194 Sed
1172 4140 1293 4209 quid
1318 4141 1438 4194 huic
1463 4140 1838 4207 potentissinne

268 4211 644 4264 miserit-ordia
670 4211 786 4272 ejus
826 4208 1035 4278 semper
1071 4208 1365 4269 obstiterit.
1398 4210 1536 4263 idem
1582 4211 1835 4278 propheta

265 4282 595 4334 demonstrat
626 4297 637 4332 :
674 4279 821 4343 Ecce,
870 4281 1055 4349 inquit,
1106 4296 1204 4331 non
1242 4288 1311 4332 est
1350 4278 1629 4332 abbreviata
1661 4295 1838 4332 manus

268 4351 494 4415 Domini,
520 4360 572 4401 ut
598 4352 792 4403 salvare
816 4360 1051 4419 nequeat;
1090 4365 1245 4419 neque
1281 4358 1551 4418 aggravata
1593 4358 1664 4419 est
1702 4350 1839 4401 auris

264 4423 375 4489 ejus
403 4431 453 4473 ut
483 4437 581 4471 mm
610 4420 846 4489 exaudiat
890 4436 909 4472 :
941 4421 1028 4472 sed
1064 4421 1347 4487 iniquitates
1375 4428 1546 4489 vestra:
1569 4418 1838 4471 diviserunt

262 4488 395 4544 inter
428 4507 511 4543 ros
538 4500 585 4542 et
618 4488 775 4541 Deum
805 4500 1038 4554 vestrum,
1069 4500 1268 4554 peccata
1300 4500 1457 4541 vestra
1478 4488 1839 4541 absconderant

263 4562 446 4630 facient
473 4562 582 4629 ejus
607 4577 637 4610 o
657 4560 810 4624 vobis,
841 4576 899 4611 ne
922 4561 1173 4612 exaudiret
1201 4558 1307 4629 (Id.
1333 4559 1481 4630 Lls,l
1507 4568 1550 4609 et
1582 4557 1657 4630 εὶ.

339 4632 391 4683 6.
420 4627 566 4699 Legis
593 4630 779 4697 peccati
808 4629 1050 4699 vis.Quia
1080 4627 1470 4699 ergo‘carnales
1495 4642 1593 4699 nos
1622 4627 1838 4699 fecit,net

263 4701 433 4770 spinis
470 4697 530 4753 ac
562 4700 767 4753 tribulis
794 4698 1163 4754 condemnavit
1204 4700 1290 4753 illa
1334 4698 1498 4767 prima
1544 4697 1633 4750 Dei
1674 4697 1837 4751 male-

262 4773 447 4830 dictio,
478 4785 677 4838 nosque
704 4770 770 4823 ita
812 4770 991 4837 iniquo
1024 4779 1170 4835 pater
1200 4778 1378 4823 uoster
1401 4770 1721 4821 commercio
1746 4782 1837 4821 vc-

264 4840 559 4898 numdedit.
590 4848 646 4891 ut
676 4840 869 4893 bonum
887 4838 1026 4907 quod
1050 4839 1288 4892 voluimus
1315 4854 1470 4908 agere
1493 4852 1833 4908 nequeamus,

262 4911 391 4965 dum
420 4910 572 4963 divisi
613 4924 641 4960 a
682 4909 935 4963 memoria
973 4909 1162 4961 summi
1206 4910 1317 4971 Dei,
1357 4924 1419 4961 ea
1452 4923 1567 4977 qum
1595 4907 1837 4960 humana:

266 4980 562 5046 fragilitatis
592 4990 733 5041 sunt,
761 4979 995 5048 cogitare
1020 4980 1418 5047 compellimur,
1447 4979 1570 5031 dum
1594 4977 1835 5048 puritatis

262 5065 449 5104 amore
484 5050 786 5118 ﬂagrantes,
819 5046 1095 5102 incentivis
1124 5046 1465 5110 naturalibus,
1489 5063 1607 5115 qua:
1630 5046 1836 5118 penitus

264 5121 511 5189 ignmare
537 5117 775 5179 Velimus,
808 5121 964 5173 etiam
1009 5119 1152 5172 inviti
1196 5120 1504 5187 plerumque
1529 5117 1838 5189 compungi—

265 5186 654 5254 ιῖιιιτςευίιιιιιε,
686 5190 806 5257 quia
853 5203 954 5241 non
1002 5189 1201 5243 habitat
1244 5188 1295 5242 in
1326 5202 1486 5242 carne
1514 5194 1692 5257 nostra
1738 5186 1834 5238 b0-

260 5275 392 5317 nnm
424 5260 599 5327 (Rom.
637 5255 726 5320 vlt.
768 5257 879 5331 18),
918 5258 968 5311 id
1018 5268 1118 5322 est,
1168 5258 1344 5331 hujus,
1385 5272 1541 5325 quam
1567 5255 1833 5331 disimus,

263 5326 485 5385 tileoria!
502 5344 656 5399 atque
674 5326 910 5397 puritatis
933 5338 1181 5398 perpetua
1199 5328 1438 5399 jugisque
1457 5326 1832 5399 tranquillitas:

261 5402 357 5456 sed
392 5396 586 5454 factum
607 5396 686 5453 est
713 5399 849 5453 istud
876 5396 1158 5467 pessimum
1193 5413 1253 5451 ac
1276 5396 1496 5463 lugubre
1515 5396 1794 5449 divortium
1819 5437 1832 5460 ,

262 5480 325 5526 ut
349 5486 469 5524 cum
514 5479 690 5523 mente
738 5468 862 5538 Legi
914 5469 1000 5521 Dei
1044 5469 1243 5523 servire
1282 5467 1525 5538 velimus,
1568 5480 1834 5535 nunquam

261 5542 466 5595 scilicet
503 5538 739 5592 volentes
761 5554 787 5591 a
816 5537 1072 5592 charitate
1099 5538 1274 5591 divina
1303 5537 1581 5591 dimovere
1613 5550 1837 5604 conspe-

261 5622 438 5671 ctum;
470 5619 644 5663 tamen
683 5609 978 5662 carnalibus
1004 5609 1233 5662 tenebris
1260 5605 1583 5665 circumfusi,
1610 5606 1833 5673 quadam

266 5682 383 5751 lege
408 5679 624 5751 peccati
663 5679 729 5730 ab
766 5694 830 5751 eo
872 5677 1012 5746 quod
1057 5678 1251 5751 bonum
1292 5678 1555 5736 novimus,
1585 5689 1836 5751 cogamur

261 5745 456 5805 avelli:
489 5748 781 5805 scilicet.ad
812 5745 968 5801 curas
1008 5746 1459 5815 cogitationesque
1493 5754 1748 5806 terrenas,
1769 5745 1835 5798 ab

261 5822 352 5875 illa
402 5821 592 5875 mentis
635 5818 949 5873 celsitudine
993 5818 1327 5883 decidentes,
1351 5817 1413 5871 ad
1452 5830 1581 5887 quas
1621 5831 1715 5871 nos
1751 5816 1833 5870 les

1752 408 1929 466 EllilO
1967 411 2095 467 CW.

3396 423 3530 482 1946

1956 527 2260 610 ροροειιίηἰιι
2289 537 2391 596 est,
2426 528 2512 586 illa
2551 534 2807 610 sententia
2838 537 2927 610 Dei
2959 550 3061 593 non
3093 538 3361 595 immerito
3398 554 3525 595 00n—

1954 597 2288 677 deﬁmnavit_,_
2319 616 2477 670 quam
2524 605 2723 677 primus
2766 607 2990 661 delictor
3026 612 3251 677 escepit.
3302 610 3370 664 Et
3404 610 3528 664 inde

1953 670 2234 750 est,_qnod
2275 671 2457 724 beatus
2487 670 2755 750 apostolus
2780 692 2897 730 cum
2928 670 3259 750 apertissime
3301 679 3525 735 fateatur

1954 738 2236 819 inevitabili
2279 756 2338 794 se
2357 776 2372 804 ,
2410 738 2726 819 _ve|_’omues
2754 738 2985 819 sanctos,
3016 751 3213 815 peccati
3249 748 3403 817 hujus
3431 766 3524 803 ne-

1952 811 2198 880 cchitate
2224 811 2547 880 constringi,
2587 822 2759 866 tamen
2789 811 3053 870 neminem
3081 834 3263 871 eorum
3311 811 3378 871 ab
3423 819 3521 872 hoc

1952 890 2069 930 esse
2112 877 2485 933 damnandum
2510 882 2764 936 audenter
2803 888 3040 940 enuntiat
3065 929 3077 947 .
3116 888 3294 941 dicens
3324 906 3337 942 :
3373 887 3518 942 Nihil

1950 961 2065 1021 ergo
2089 963 2217 1021 nunc
2237 948 2568 1021 daiitnatimtis
2593 963 2661 1004 est
2696 953 2773 1006 his
2805 956 2889 1021 qui
2923 968 3035 1009 sunt
3069 957 3120 1009 in
3147 955 3343 1011 Christo
3371 956 3516 1010 Jesu.

1950 1013 2058 1086 Lex
2081 1018 2209 1069 enim
2245 1016 2465 1086 Spiritus
2496 1022 2606 1073 vita:
2639 1022 2691 1073 in
2724 1013 2918 1077 Christo
2947 1025 3069 1078 Jesu
3110 1027 3331 1079 liberavit
3376 1044 3453 1079 me
3484 1043 3517 1079 a

1950 1084 2057 1165 lege
2093 1084 2556 1165 percutiet-mortis
2582 1089 2751 1160 (Rom.
2786 1109 2895 1158 vttt,
2921 1095 3098 1164 leti);
3129 1094 3177 1149 id
3206 1103 3305 1165 est,
3337 1097 3515 1164 quoti-

1948 1153 2102 1208 diana
2136 1156 2301 1234 gratia
2330 1157 2543 1234 Christi,
2584 1153 2770 1215 omnes
2799 1153 3016 1234 sanctos
3043 1153 3168 1219 suos
3188 1165 3253 1234 ab
3278 1153 3376 1219 hac
3397 1166 3513 1234 lege

1950 1226 2149 1306 peccati
2169 1235 2243 1306 .ct
2274 1228 2474 1288 mortis.
2509 1229 2557 1281 in
2593 1244 2767 1306 quam
2790 1232 2986 1306 jngiter
3026 1235 3119 1306 vel,
3141 1230 3380 1306 nolentes
3414 1226 3510 1289 co-

1947 1302 2143 1361 guntur
2169 1301 2460 1359 incurrere,
2492 1312 2609 1351 eum
2641 1301 3003 1355 remissionem
3041 1302 3335 1359 debitorum
3381 1318 3511 1359 suu-

1949 1377 2061 1415 rum
2092 1378 2122 1417 a
2155 1364 2378 1418 Domino
2409 1377 2707 1435 precantur,
2739 1370 2984 1424 absolvit.

2505 1498 2734 1555 SERMO
2771 1500 2879 1557 CIV
2915 1502 3010 1574 (α).

1950 1589 2028 1643 De
2050 1590 2206 1644 verbis
2234 1592 2481 1663 Apostoli,
2506 1592 2524 1645 1
2554 1593 2668 1647 Cor.
2698 1610 2811 1663 cap.
2853 1611 2929 1660 ut,
2962 1596 3148 1658 “~15,
3178 1594 3511 1651 Fundamem

2157 1668 2264 1714 tum
2289 1660 2428 1715 aliud
2451 1677 2610 1717 nemo
2636 1660 2807 1732 potest
2834 1679 3048 1733 ponere,
3076 1675 3171 1719 etc.
3198 1665 3294 1736 (ὁ).

2031 1768 2077 1847 ι..
2127 1768 2255 1840 Igne
2315 1771 2509 1847 minuta
2571 1781 2762 1847 tqntum
2825 1784 3050 1847 peccata
3082 1785 3379 1847 purgantur.
3451 1768 3509 1831 lu

1945 1836 2177 1910 lectione
2211 1840 2498 1910 apostolica
2523 1881 2537 1904 ,
2598 1840 2783 1895 fratres
2825 1836 3126 1898 'charissimi
3151 1836 3514 1910 ,vaudivimus

1942 1905 2259 1974 Apostolum'
2292 1909 2551 1983 dicentem
2586 1929 2598 1964 :
2635 1910 3037 1983 Fundamentum
3063 1905 3204 1967 aliud
3241 1928 3383 1983 nemo
3417 1931 3514 1983 po-

1944 1986 2035 2049 t_est
2056 1995 2238 2049 ponere
2262 1989 2442 2047 prieter
2463 1979 2516 2033 id
2536 1982 2670 2048 quod
2695 1982 2909 2049 positum
2929 1992 3020 2046 est,
3043 1983 3175 2048 quod
3193 1992 3264 2036 est
3285 1979 3512 2037 Christus

1941 2044 2113 2120 Iesus.
2146 2044 2206 2102 Si
2233 2044 2341 2118 quis
2367 2044 2933 2120 autem'supertediﬁcat
2955 2044 3109 2120 supra
3133 2052 3511 2120 fundamentum

1944 2115 2056 2192 Itqc.
2078 2115 2278 2192 aurum,
2310 2132 2590 2192 argentum,
2619 2115 3096 2192 lapides-pretiosos,
3125 2115 3283 2191 ligna,
3317 2123 3508 2192 fenum,

1941 2182 2200 2257 stipulam,
2251 2182 2639 2257 uniuscuiusque
2672 2182 3186 2257 'opus'monifesluni'
3225 2182 3337 2244 erit;
3390 2182 3511 2244 Dies

1941 2255 2075 2330 enim
2110 2254 2314 2330 Domini
2357 2254 2664 2330 declarabit;
2705 2259 2822 2330 quia
2860 2260 2913 2312 in
2952 2254 3067 2330 igne
3103 2260 3419 2330 revelabintr,
3462 2269 3511 2313 et

1942 2322 2330 2399 uniuscujusque
2350 2341 2475 2399 opus
2503 2326 2652 2399 quqle
2678 2322 2761 2391 sit,
2794 2328 2921 2399 ignis
2950 2322 3304 2399 camprobabit.
3339 2322 3512 2383 Sicu-

1932 2389 2023 2464 jus
2048 2389 2174 2464 Opus
2200 2389 2435 2464 manserit
2459 2389 2593 2463 quod
2616 2389 3352 2464 superauit/ienuit,'mercedem
3380 2398 3509 2450 acri.

1942 2462 2060 2530 piet.
2082 2460 2158 2516 Si
2181 2460 2323 2536 c_njns
2349 2460 2479 2536 Opus
2514 2460 2712 2536 arserit,
2750 2460 3098 2519 detrimentum
3129 2468 3378 2536 patietur:
3403 2468 3510 2533 ipse

1943 2539 2107 2583 autem
2136 2531 2316 2607 salvus
2343 2533 2470 2596 erit;
2505 2531 2578 2607 sic
2619 2542 2782 2607 tamen
2817 2536 2971 2607 quasi
3007 2553 3093 2601 per
3130 2531 3317 2607 ignem.
3363 2531 3507 2590 Multi

1942 2613 2063 2673 sunt
2089 2600 2178 2673 qni
2199 2600 2476 2673 lectionem
2504 2602 2655 2673 istam
2681 2604 2813 2673 male
2830 2600 3183 2673 intelligentes
3209 2604 3333 2659 falsa
3356 2620 3508 2659 secu-

1943 2670 2095 2723 ritate
2120 2670 2470 2742 decipiuntttr,
2499 2670 2622 2725 dum
2650 2672 2870 2726 credunt
2897 2670 3037 2742 quod
3063 2675 3106 2726 si
3134 2688 3290 2742 supra
3317 2674 3505 2727 funda-

1941 2748 2176 2820 mentum
2200 2739 2415 2820 .Christi‘
2442 2742 2680 2820 capitalia
2727 2739 2944 2820 crimina
2984 2739 3263 2820 aediﬁcent.
3297 2752 3508 2820 peccata

1942 2810 2051 2874 ipsa
2080 2824 2175 2877 per
2200 2810 2369 2883 ignem
2402 2810 2757 2865 transitorium
2802 2814 3003 2879 possint
3044 2814 3276 2883 purgari,
3301 2810 3377 2866 'et
3406 2813 3504 2879 ipsi

1940 2887 2120 2950 postea
2172 2879 2238 2931 ad
2290 2879 2448 2950 vitam
2503 2889 2808 2949 perpetuam
2862 2879 3167 2950 pervenire:
3214 2883 3509 2937 Intellectus

1941 2947 2059 3018 iste,
2093 2946 2280 3001 fratres
2303 2946 2618 3018 charissimi,
2651 2946 2994 3014 Corrigendus
3018 2960 3133 3014 est;
3162 2953 3280 3017 quia
3313 2952 3411 3018 ipsi
3449 2966 3508 3005 se

1917 3016 2213 3080 ‘seducunt,
2242 3017 2326 3085 qui
2351 3018 2522 3072 taliter
2536 3014 2631 3071 sibi
2651 3019 3004 3074 blandiuntur.
3036 3019 3131 3073 lllo
3149 3014 3289 3075 enim
3335 3014 3510 3073 trans-

1941 3086 2098 3159 itoria
2123 3088 2258 3156 igne,
2287 3086 2353 3141 de
2382 3102 2496 3159 quo,
2514 3088 2639 3141 dixit
2661 3088 2959 3156 Apostolus,
2993 3088 3114 3159 Ipse
3140 3099 3303 3143 autem
3342 3088 3511 3144 salvus

1940 3157 2051 3215 erit,
2075 3159 2147 3209 sic
2166 3165 2328 3209 tamen
2357 3158 2499 3225 quasi
2528 3174 2615 3225 per
2640 3158 2823 3228 ignem,
2869 3174 2972 3213 non
2998 3157 3258 3226 capitalia,
3288 3159 3378 3211 sed
3410 3159 3509 3211 mi-

1940 3234 2065 3278 nuta
2116 3234 2330 3297 peccata
2382 3227 2690 3297 purgantur.
2733 3227 2799 3280 Et
2848 3228 3109 3297 quamvis.
3161 3228 3300 3297 quod
3356 3228 3507 3296 pejus

1939 3304 2039 3358 est,
2069 3294 2173 3348 non
2221 3294 2391 3348 solum
2446 3294 2662 3363 majora,
2715 3297 2807 3351 sed
2851 3294 3006 3351 etiam
3058 3294 3276 3361 minuta,
3328 3294 3371 3351 si
3422 3294 3508 3350 ni-

1939 3365 2100 3437 mium
2117 3365 2190 3437 (c)
2221 3365 2369 3434 plura
2394 3365 2515 3437 sint,
2542 3376 2778 3437 mergunt
2805 3384 2818 3419 :
2845 3367 2911 3422 de
2938 3368 3064 3437 ipsis
3086 3367 3378 3437 majoribus
3391 3367 3509 3437 sive

1939 3435 2231 3487 minoribus
2290 3435 2560 3503 peccatis,
2624 3436 2721 3489 etsi
2787 3452 2889 3491 non
2937 3435 3274 3498 omnia,'vel
3333 3435 3505 3502 aliqua

1939 3504 2398 3559 commemoranda
2427 3514 2567 3567 sunt,
2611 3521 2675 3559 ue
2697 3505 2882 3572 aliquis
2921 3521 2979 3559 se
3006 3506 3228 3559 inaniter
3252 3519 3508 3558 excusare

1939 3582 2179 3637 conetur,
2204 3582 2263 3643 et
2281 3572 2439 3633 dicat.
2468 3576 2668 3627 nescire
2696 3589 2752 3627 se
2779 3590 2894 3643 qua:
2917 3575 3022 3628 sint
3047 3574 3241 3627 minuta
3270 3581 3504 3642 peccata,

1939 3642 2020 3696 vel
2049 3657 2166 3711 quae
2196 3642 2416 3696 crimina
2455 3644 2693 3711 capitalia
2726 3644 2764 3695 ί.

2009 3731 2061 3785 2.
2094 3731 2311 3785 Peccata
2326 3734 2583 3800 capitalia.
2609 3733 2670 3787 Et
2687 3733 2924 3802 quamvis
2952 3732 3235 3802 Apostolus
3261 3731 3505 3799 capitalia

1976 3802 2087 3855 lura
2119 3804 2629 3863 commemoravcrit,
2662 3819 2758 3857 nos
2792 3812 2966 3857 tamen
2998 3818 3062 3857 ne
3083 3802 3504 3870 desperationem

1958 3873 2112 3925 'acere
2142 3872 2431 3936 videamur,
2466 3872 2694 3925 breviter
2723 3873 2944 3925 dicimus
2973 3887 3090 3941 qua:
3115 3872 3222 3926 sint
3251 3871 3339 3925 illa
3373 3888 3388 3923 :
3419 3884 3507 3925 sa-

1938 3942 2229 4010 crilegium.
2278 3941 2639 4006 homicidium,
2671 3940 3006 4001 adulterium,
3053 3940 3239 3994 falsum
3268 3940 3507 3995 testimo-

1942 4011 2108 4074 nium,
2142 4010 2353 4073 furtum,
2390 4011 2589 4075 rapina,
2618 4013 2882 4079 Superbia,
2908 4010 3123 4075 invidia,
3153 4011 3403 4072 avaritia;
3432 4016 3507 4075 et,

1941 4081 1983 4135 si
2015 4082 2169 4150 longo
2209 4090 2443 4148 tempore
2471 4090 2729 4144 teneatur,
2775 4080 3080 4142 iracundia;
3108 4089 3160 4133 et
3188 4080 3432 4150 ebrietas,
3464 4079 3509 4134 si

1940 4148 2147 4205 assidua
2187 4151 2274 4212 sit,
2306 4151 2354 4203 iu
2399 4166 2581 4204 eorum
2613 4167 2832 4204 numero
2861 4158 3209 4216 computatur.
3254 4148 3509 4213 Quicum-

1940 4235 2043 4288 que
2072 4221 2210 4274 euim
2242 4220 2429 4287 aliqua.
2456 4220 2522 4274 de
2553 4221 2663 4275 is:is
2697 4220 2921 4288 peccatis
2952 4220 3002 4271 in
3047 4234 3103 4271 se
3131 4218 3387 4272 dominari
3415 4233 3510 4271 co-

1940 4290 2197 4358 gnoverit,
2232 4289 2328 4343 ui~i
2377 4289 2531 4357 digne
2562 4306 2618 4343 se
2647 4289 3025 4346 emendaverit.
3058 4297 3129 4350 et,
3180 4288 3222 4340 si
3270 4288 3511 4358 habuerit

1940 4357 2186 4429 Spatium,
2212 4360 2368 4429 longo
2393 4367 2627 4429 tempore
2661 4358 3017 4427 pmuitentiam
3045 4358 3229 4429 egerit,
3260 4366 3313 4429 et
3342 4357 3511 4429 largas

1940 4426 2735 4498 eleemosyuas'erogaverit,'et
2762 4443 2790 4481 a
2824 4429 3051 4496 peccatis
3091 4427 3218 4498 ipsis
3243 4426 3511 4498 abstinue:

1940 4499 2044 4555 rit;
2078 4498 2164 4552 illo
2178 4493 2489 4551 transitoria
2513 4498 2630 4563 igne
2652 4498 2717 4551 de
2744 4493 2848 4565 quo
2869 4499 2941 4550 ait
2967 4496 3270 4564 Apostolus,
3300 4493 3508 4562 purgari

1940 4583 2047 4691 non
2074 4568 2282 4691 poteribt,
2306 4567 2396 4622 sed
2424 4577 2615 4621 (eterna
2646 4567 2792 4621 illum
2824 4567 3033 4621 ﬂamma
3061 4566 3177 4620 sine
3205 4567 3311 4620 ullo
3338 4579 3509 4618 reme-

1980 4655 2028 4691 to
2049 4654 2221 4691 crttcm
2264 4649 2319 4690 It.

1980 4639 2028 4692 io
2049 4638 2319 4692 cruciabit.

2011 4728 2062 4782 '5.
2110 4727 2323 4779 Peccata
2352 4728 2562 4780 minuta.
2610 4726 2679 4779 Ab
2706 4726 2785 4779 his
2809 4726 3042 4779 immunis
3068 4741 3230 4777 nemo.
3278 4722 3507 4776 Animam

1941 4814 2040 4849 non
2089 4797 2341 4861 occidunt,
2386 4797 2474 4850 sed
2522 4796 2729 4863 (cedant.
2773 4796 2902 4862 Quae
2946 4806 3121 4849 autem
3163 4795 3269 4846 sint
3310 4793 3507 4845 minuta

1941 4876 2172 4933 peccata,
2205 4866 2328 4919 licet
2355 4862 2597 4919 omnibus
2626 4876 2744 4919 nota
2776 4868 2903 4930 sint,
2951 4876 3123 4918 tamen
3150 4864 3268 4930 quia
3297 4862 3509 4933 longqu

1940 4931 2021 4990 est
2045 4945 2103 4989 ut
2126 4936 2302 4989 omnia
2330 4936 2669 5004 replieentur,
2698 4950 2830 5001 opus
2851 4944 2933 4988 est
2958 4944 3013 4987 ut
3039 4950 3103 5004 ex
3132 4934 3206 4988 eis
3231 4931 3315 5004 vel
3336 4931 3533 4999 aliqua-

1941 5006 2292 5059 numiuemus.
2321 5002 2538 5072 Quoties
2581 5006 2767 5071 aliquis
2809 5014 2899 5057 aut
2935 5005 2984 5057 in
3012 5003 3130 5057 cibo
3172 5012 3261 5055 aut
3292 5002 3342 5055 in
3386 5012 3511 5068 potu

1940 5077 2057 5143 plus
2081 5075 2268 5143 accipit
2297 5091 2453 5144 quam
2485 5088 2699 5127 necesse
2727 5074 2814 5138 sit,
2841 5073 2909 5144 ad
2940 5074 3137 5127 minuta
3169 5082 3379 5139 peccata
3411 5086 3506 5125 no-

1939 5145 2077 5199 verit
2120 5143 2401 5213 pertinere.
2436 5144 2655 5211 Quoties
2682 5144 2797 5211 plus
2838 5143 3069 5212 loquitur
3098 5158 3253 5211 quam
3282 5148 3512 5213 oportet,

1940 5223 2031 5269 aut
2072 5210 2186 5283 plus
2214 5223 2351 5268 tacet
2374 5210 2530 5283 quam
2573 5210 2801 5281 expedit.
2849 5210 3066 5283 Quoties
3095 5210 3376 5280 pauperem
3420 5210 3513 5261 im-

1941 5282 2167 5353 porthue
2207 5282 2471 5353 petentem
2519 5291 2817 5349 exasperat.
2870 5282 3087 5353 Quoties
3124 5298 3243 5353 cun
3291 5292 3514 5353 corpore

1940 5351 2010 5408 su
2042 5351 2223 5428 Sanus,
2248 5354 2385 5428 aliis
2427 5352 2785 5428 jejunautibus
2826 5352 3086 5428 prandere
3114 5351 3371 5428 voluerit;
3425 5354 3514 5428 aut

1941 5438 2128 5478 somno
2160 5423 2369 5478 deditus
2411 5418 2610 5478 tardius
2653 5423 2718 5477 ad
2762 5418 3038 5478 ecclesiam
3082 5421 3264 5490 surgit.
3298 5418 3516 5483 Quoties

2004 5578 2021 5610 ί
2046 5577 2277 5647 uesanos
2313 5577 2359 5624 in
2381 5573 2672 5627 Bibliotheca
2704 5582 2911 5634 Patrum,
2936 5587 3043 5636 qute
3064 5578 3222 5621 autem
3245 5567 3429 5619 uinum
3449 5564 3515 5616 tia

1940 5646 1985 5691 et
2015 5637 2255 5700 capitalia.

2004 5700 2075 5761 (ᾳ)
2111 5698 2250 5756 Alias,
2272 5697 2337 5747 de.
2359 5700 2539 5761 sanctis
2562 5697 2639 5747 41.
2837 5757 2849 5761 Α

2004 5753 2076 5882 (lt;
2111 5767 2213 5808 Erat
2238 5753 2283 5807 in
2317 5758 2603 5808 Bibliotheca
2629 5765 2812 5808 ratrum
2837 5753 3027 5806 humilia
3047 5753 3233 5802 Cazsarii
3257 5757 3439 5801 octava.

2006 5823 2055 5882 (ι’
2110 5828 2267 5880 Ferte,
2287 5820 2420 5870 nimia
2437 5834 2531 5870 um.

2006 5823 2076 5883 (ι’)
2110 5828 2267 5880 Ferte,
2287 5823 2420 5870 nimia
2437 5834 2531 5870 um.
