4016 6450
271 367 408 424 I969

267 483 462 550 Stirpet
511 481 893 550 cupiditatem,
957 489 1010 533 et
1073 481 1274 550 plantet
1338 477 1672 550 t-Jiaritatem.
1702 473 1848 550 μελίη

265 547 520 622 quamdiu
565 547 880 626 lioc_l'acere
916 547 1188 626 noluerit,
1233 549 1431 602 fructus
1471 547 1634 626 bonos
1661 547 1850 626 atterite

267 615 376 675 non
411 623 622 690 poterit.
657 623 722 676 Et
749 637 868 676 cum
915 621 1082 676 bonos
1103 621 1306 674 fructus
1345 633 1446 670 non
1475 617 1746 690 attulerit,
1769 615 1854 690 di~

263 694 342 745 cit
371 685 436 746 de
465 693 580 762 ipso
617 693 858 746 Christus
906 692 1164 746 Dominus
1194 692 1312 762 εαξιὶ
1337 698 1414 762 ct
1445 698 1634 762 terrai,
1689 685 1852 762 arbor

262 778 382 830 quae
410 757 510 816 non
547 763 670 832 facit
696 762 913 831 fructum
961 759 1454 832 bonumtexcidetur
1477 799 1498 832 ,_
1530 767 1576 832 et
1605 757 1656 809 in
1686 757 1850 832 iguent

271 825 496 885 mittetur
547 825 762 900 '(Matih.
793 848 860 885 vn
879 873 892 896 ,
921 832 1134 902 17-19).
1175 830 1228 884 Si
1254 840 1310 902 te
1339 843 1440 902 non
1469 825 1850 880 delectatdul-

267 917 360 954 ces
389 899 590 976 fructus
629 899 1148 976 charitatisali'erre,
1185 901 1268 953 vel
1308 899 1474 976 spinis
1509 905 1847 976 peccatorum

268 984 482 1025 tuor-inn
524 973 696 1042 ignem
733 987 840 1026 non
890 972 1053 1026 debes
1091 970 1364 1024 metuere?
1394 968 1598 1042 Omnis,
1645 967 1846 1042 inquit,

265 1042 420 1095 arbor
455 1037 570 1112 qua}
604 1061 704 1096 non
738 1043 858 1112 facit
900 1046 1119 1112 fructum
1149 1043 1332 1112 bonum
1354 1081 1367 1100 ,
1421 1037 1677 1091 excidatur
1703 1039 1848 1112 et_in

263 1113 437 1178 ignem
469 1107 1026 1178 'mittetuernamdiu
1073 1111 1304 1166 radicem
1353 1123 1456 1162 non
1519 1107 1843 1172 mutaveris,

265 1177 468 1236 fructus
494 1183 754 1252 legitimos
794 1177 990 1236 inferre
1035 1198 1137 1236 neu
1173 1181 1368 1249 poteris
1399 1197 1417 1252 ξ
1445 1187 1507 1252 et
1534 1177 1648 1252 sine
1687 1191 1846 1252 causa

265 1253 408 1319 quod
459 1247 654 1306 bonum
683 1264 763 1308 est
802 1253 1062 1320 promittis
1094 1253 1143 1304 in
1174 1247 1303 1312 ore;
1332 1249 1452 1318 quia
1497 1249 1596 1302 hoc
1627 1247 1846 1320 implere

267 1317 376 1376 lion
425 1334 574 1391 potes
599 1365 614 1388 ,
647 1317 896 1392 quamdiu
939 1321 1082 1375 radix
1127 1317 1376 1374 bonitatis
1419 1335 1522 1371 non
1555 1326 1771 1392 tenetur
1793 1317 1843 1371 in

265 1387 449 1447 corde'.
483 1387 613 1446 Istas
639 1387 765 1462 ergo
794 1393 922 1446 duas
953 1393 1156 1446 radices
1174 1432 1188 1450 ,
1229 1392 1364 1462 sicut
1387 1405 1544 1462 supra
1567 1389 1671 1442 dixi
1694 1429 1725 1462 ,_
1736 1387 1846 1462 duo

265 1463 514 1530 agricola:
541 1457 776 1532 planta're
816 1471 1220 1515 consueverunt.
1261 1460 1428 1532 l’nam
1465 1460 1663 1532 plantat
1686 1457 1843 1532 Chri-

265 1527 382 1585 sfus
431 1533 482 1586 in
528 1527 774 1588 cordibus
806 1533 1034 1584 lidclium
1059 1573 1071 1594 ,
1103 1533 1321 1584 alteram
1375 1531 1572 1598 plantat
1606 1527 1844 1580 diabolus

269 1601 320 1673 in
349 1603 597 1656 cordibus
619 1605 970 1673 superborum
999 1620 1011 1656 :
1045 1617 1106 1655 ac
1132 1603 1208 1654 sic
1237 1617 1336 1654 una
1367 1601 1631 1668 plautatur
1661 1599 1712 1650 in
1734 1613 1842 1650 ete-

265 1671 320 1725 lo
339 1713 352 1734 ,
376 1673 540 1727 altera
567 1675 618 1728 in
645 1671 870 1728 inferno.

338 1743 392 1795 4.
427 1741 678 1797 Fidelium
700 1743 854 1796 corda
875 1785 888 1806 ,
913 1741 1110 1795 cmlum.
1141 1740 1308 1795 Corda
1337 1741 1661 1810 cupidorum,
1689 1747 1838 1790 terra.

267 1809 373 1866 Sed
399 1813 526 1866 dicit
551 1813 744 1882 aliquis
777 1832 788 1866 :
819 1815 874 1866 Si
905 1815 956 1865 in
983 1813 1232 1866 cordibus
1272 1809 1503 1882 lidelimn
1537 1811 1802 1878 plantatur
1825 1849 1838 1872 ,

268 1885 448 1949 utique
489 1881 670 1938 lideles
707 1885 878 1937 adhuc
925 1883 974 1936 in
1007 1882 1202 1936 mundo
1243 1897 1362 1936 esse
1402 1881 1677 1942 videntur;
1711 1895 1844 1945 quo-

265 1953 426 2005 modo
475 1969 602 2020 ergo
645 1954 792 2008 radix
847 1953 934 2006 illa
963 1953 1012 2006 in
1053 1955 1191 2007 cmlo
1243 1953 1538 2020 plantatnr?
1589 1949 1676 2002 Vis
1706 1949 1844 2020 scire

265 2019 567 2089 quomodo?
597 2025 728 2090 Quia
758 2025 916 2078 corda
965 2023 1196 2076 tidelium
1231 2019 1424 2076 caelum
1455 2029 1610 2084 sunt,
1638 2020 1757 2086 ipiia
1789 2019 1842 2072 in

267 2093 434 2146 caelos
475 2095 708 2162 quotidie
757 2093 1050 2162 eriguntur.
1100 2093 1230 2145 Nam
1271 2093 1484 2162 dicente
1531 2090 1838 2162 sacerdote,

265 2159 508 2216 Snrsuuf
529 2165 718 2228 Corda;
751 2159 920 2216 securi
963 2163 1314 2229 respondent,
1352 2161 1615 2214 Ilabemus
1641 2160 1706 2212 ad
1737 2159 1839 2210 Do-

268 2233 470 2284 minmn
507 2252 518 2286 :
545 2235 688 2302 quia,
715 2243 772 2286 ut
803 2233 1085 2302 Apostolus
1111 2231 1240 2284 dicit
1260 2272 1287 2302 ,ί
1311 2230 1498 2302 Nostra
1525 2239 1688 2302 autem
1717 2244 1841 2302 eon-

266 2303 477 2354 versatio
497 2299 700 2382 incitatis
727 2301 1078 2382 estP/nlipp.
1109 2317 1164 2376 ιρι
1183 2343 1197 2364 ,
1228 2301 1341 2368 ‘20).
1376 2299 1430 2382 Si
1459 2315 1584 2382 ergo
1611 2299 1841 2382 ﬁdelium

264 2373 596 2426 conversatio
641 2373 690 2425 in
722 2367 873 2426 ctelis
913 2367 1169 2439 estquia
1201 2367 1324 2424 vera
1371 2369 1602 2422 Charitas
1656 2369 1708 2421 in
1740 2367 1842 2439 illis

265 2451 374 2500 est.
403 2442 548 2494 radix
575 2442 846 2496 charitatis
873 2442 922 2494 in
953 2437 1088 2495 coelo
1116 2437 1342 2509 plantata
1374 2447 1474 2494 est.
1499 2439 1541 2491 E
1575 2437 1844 2492 contrario

267 2512 414 2582 radix
443 2513 772 2578 cupiditatis,
815 2527 931 2582 qum
965 2512 1016 2564 in
1060 2511 1308 2564 cordibus
1345 2509 1693 2582 superborum
1720 2516 1800 2561 est
1825 2548 1839 2571 ,

266 2581 388 2650 quia
419 2597 630 2650 semper
660 2593 852 2636 terram
878 2582 1114 2650 cupiunt,
1150 2593 1344 2634 terram
1377 2581 1610 2648 sapiunt.
1635 2588 1840 2650 terram

266 2649 522 2719 diligunt,
542 2649 600 2704 et
624 2667 836 2706 omnem
867 2649 1016 2719 spem
1043 2667 1190 2704 suam
1217 2652 1265 2704 in
1297 2661 1432 2704 terra
1473 2649 1800 2702 constituunt
1825 2689 1838 2712 ,

269 2717 320 2772 in
347 2717 554 2790 inferno
579 2723 804 2790 plantata
835 2717 936 2775 esi.

335 2790 388 2842 5.
421 2787 822 2844 Matis'cavcnda
851 2792 1131 2860 desperatio
1152 2833 1166 2855 ,
1185 2791 1337 2860 justis
1355 2793 1698 2860 prasttntptio.
1719 2787 1842 2841 Pa:-

264 2859 472 2912 uiteutia
493 2877 594 2913 non
614 2861 910 2927 differenda.
944 2859 1009 2914 Et
1045 2863 1166 2915 licet
1186 2859 1304 2916 lucc
1335 2859 1402 2914 ita
1443 2862 1578 2918 sint.
1608 2867 1840 2911 attamen

266 2943 362 3000 pec
384 2941 689 2998 peccatores
719 2931 936 3000 superbi
964 2931 1162 2986 debent
1185 2931 1468 2998 desperare.
1489 2971 1503 2995 ,
1532 2945 1631 2984 nec
1664 2929 1844 3000 humi-

265 2997 348 3071 les
373 2997 500 3066 j’nsti
542 3001 591 3053 in
619 2997 798 3071 aliquo
829 3003 978 3070 quasi
1019 3003 1086 3056 de
1133 3002 1242 3054 suis
1273 2997 1474 3056 meritis
1499 2999 1774 3071 superbire
1825 3015 1838 3050 ε

262 3069 384 3139 quia
411 3078 464 3124 et
484 3072 608 3136 justi
633 3073 676 3126 si
702 3069 770 3126 de
798 3069 862 3124 se,
883 3073 1310 3139 pra-sumpserint
1331 3113 1344 3134 ,
1375 3072 1482 3125 cito
1509 3070 1732 3138 perdunt
1757 3084 1844 3122 ra-

264 3137 435 3192 dicem
459 3141 754 3206 charitatis,
775 3153 822 3195 et
855 3137 1160 3212 peccatores
1185 3143 1228 3194 si
1253 3141 1318 3195 ad
1337 3137 1698 3212 pumilentiam
1717 3155 1842 3212 con-

265 3217 574 3281 vertuntur,
599 3213 778 3266 ean~a
813 3209 1136 3280 cupiditate,
1180 3213 1284 3266 cito
1315 3209 1544 3281 plantam
1583 3209 1845 3279 recipiunt

263 3279 557 3350 charitatis.
612 3282 676 3335 Et
703 3281 822 3336 ideo
864 3279 952 3350 qui
985 3281 1107 3336 boni
1149 3279 1327 3344 sunt,
1362 3279 1663 3335 custodiant
1702 3281 1840 3348 quod

265 3349 356 3402 Dci
395 3365 616 3405 munere
643 3349 1026 3433 perceperunt;
1057 3360 1110 3406 et
1133 3352 1237 3433 qui
1261 3352 1382 3404 mali
1413 3359 1566 3433 sunt,
1597 3350 1842 3433 studeant

265 3433 515 3490 reparare
555 3422 696 3490 quod
737 3421 1018 3476 infeliciter
1057 3421 1420 3490 perdiderunt.
1465 3421 1632 3476 Nemo
1678 3436 1736 3474 se
1775 3421 1842 3474 ad

265 3489 391 3542 illud
439 3489 646 3558 tempus
675 3503 910 3546 reservet
940 3489 1067 3545 tunc
1093 3493 1454 3559 pwiiiteiitiain
1485 3491 1564 3544 vel
1609 3490 1842 3544 Charita-

265 3560 333 3630 tis
359 3559 692 3615 dulcedinem
729 3565 956 3616 retinere
975 3602 988 3624 ,
1017 3563 1226 3630 quando
1246 3562 1468 3630 cmperit
1503 3561 1570 3616 de
1598 3561 1694 3614 hac
1725 3562 1842 3615 luce

263 3629 516 3698 migrare.
537 3631 650 3685 Non
677 3647 736 3686 se
775 3632 839 3686 ad
875 3634 972 3686 hoc
999 3629 1269 3696 reservet,
1301 3629 1358 3684 ut
1387 3633 1438 3684 in
1467 3639 1736 3684 senectute
1774 3631 1840 3684 ad

265 3701 590 3772 pretiitentia:
636 3703 1022 3757 medicamenta
1086 3703 1354 3772 confugiat
1417 3719 1428 3753 :
1495 3701 1614 3768 quia
1675 3701 1843 3772 nescit

261 3769 390 3836 quid
429 3783 810 3840 superventura
857 3774 1022 3840 pariat
1061 3773 1193 3825 dies.
1236 3769 1348 3838 Qua
1395 3772 1566 3824 fronte
1617 3771 1842 3825 salutem

263 3855 416 3911 suam
447 3839 507 3894 in,
545 3850 786 3911 tempore
829 3839 1118 3896 senectutis
1157 3839 1488 3905 dissimulat,
1520 3856 1642 3894 cum
1683 3841 1840 3894 unius

263 3910 370 3964 diei
389 3913 558 3980 spatio
583 3910 756 3966 certus
777 3928 896 3966 esse
927 3929 1029 3966 non
1063 3912 1266 3981 possit?
1299 3913 1360 3964 lit
1396 3911 1584 3981 ideosi
1613 3921 1838 3964 mortem

265 3981 454 4035 timere
507 3983 786 4044 nolumus,
825 3997 1037 4051 semper
1065 3980 1246 4052 parati
1287 3997 1404 4052 esse
1455 3980 1745 4052 debemus,
1786 3991 1843 4052 ut

261 4067 384 4103 cum
426 4067 520 4105 nos
559 4053 814 4106 Dominus
858 4053 924 4106 de
983 4051 1091 4106 hoc
1123 4052 1320 4105 salcnlo
1360 4051 1578 4119 jusserit
1621 4051 1838 4116 vocari,

261 4137 384 4174 cum
411 4137 594 4176 secura
635 4123 990 4186 conscientia,
1035 4132 1088 4176 et
1135 4139 1237 4174 non
1283 4137 1402 4176 eum
1447 4121 1837 4186 desperatione,

261 4192 358 4262 sed
383 4207 502 4245 cum
533 4193 725 4262 gaudio
769 4203 892 4245 ante
930 4202 1272 4260 conspectum
1299 4191 1484 4245 a~terni
1515 4190 1728 4262 Iudicis
1753 4207 1842 4244 ve-

265 4261 476 4332 niamus
495 4301 510 4324 ,
539 4259 592 4315 ut
623 4263 692 4316 ibi
717 4263 940 4316 feliciter
969 4259 1151 4316 audire
1172 4265 1436 4330 possimus
1457 4302 1471 4325 ,
1505 4259 1678 4332 Euge,
1707 4277 1844 4332 serve

261 4331 391 4384 bone
415 4341 458 4384 et
486 4333 672 4404 ﬁdelis,
693 4333 809 4402 quia
829 4349 980 4402 super
995 4349 1166 4404 pauca
1182 4333 1331 4404 fuisti
1343 4332 1524 4404 ﬁdelis,
1544 4331 1844 4404 stipiti-ntul-

263 4411 318 4452 ta
343 4411 392 4454 te
426 4400 726 4472 antistitum:
754 4418 772 4455 :
795 4400 928 4455 intra
955 4404 1004 4455 in
1032 4400 1270 4472 gaudium
1301 4401 1504 4454 Domini
1529 4402 1600 4453 tui
1628 4400 1840 4470 (Matth.

265 4487 408 4534 xxv,
438 4471 552 4541 21).
585 4473 664 4526 Ad
715 4473 856 4542 quod
899 4471 1146 4542 gaudium
1189 4487 1284 4524 nos
1322 4473 1574 4526 Dominus
1623 4487 1720 4540 pro
1748 4485 1842 4525 sua

263 4541 461 4613 pietate
491 4541 776 4609 perducat,
809 4541 1055 4612 quivivit
1096 4553 1148 4597 et
1191 4552 1374 4613 regnat
1405 4557 1497 4610 per
1525 4551 1713 4596 cuncta
1745 4557 1846 4595 sae-

261 4611 382 4664 cula
409 4613 742 4666 Smculorum.
767 4611 956 4666 Anien.

780 4705 1006 4760 sermo
1044 4705 1200 4760 cxnt
1243 4706 1337 4788 (u).

269 4794 346 4850 De
385 4797 545 4850 verbis
577 4797 802 4863 Apostoli
819 4839 833 4858 .
863 4797 930 4850 ad
959 4795 1113 4851 Hebr.
1145 4815 1260 4866 cap.
1289 4814 1334 4862 I,
1369 4799 1401 4850 5
1422 4839 1436 4854 .
1479 4797 1744 4866 Splendor
1763 4806 1846 4852 est

361 4868 502 4921 enim
527 4869 658 4922 lucis
684 4877 898 4922 actorum
922 4909 936 4933 ,
961 4877 1016 4922 et
1036 4869 1206 4936 imago
1230 4867 1509 4922 invisibilis
1541 4867 1633 4922 Dei
1666 4869 1758 4938 (ὁ).

337 4958 390 5012 1.
445 4957 522 5012 De
572 4956 680 5010 Deo
738 4957 902 5026 qualis
959 4965 1046 5010 aut
1102 4967 1319 5026 quantus
1375 4958 1471 5020 sit,
1523 4973 1624 5010 non
1657 4957 1846 5026 dijudi-

263 5029 508 5083 cmidum.
555 5027 688 5092 Quid
727 5029 790 5080 sit
823 5027 985 5096 Deus.
1023 5027 1264 5096 Apostoli
1305 5027 1586 5080 lectionem
1637 5041 1845 5080 mecum

261 5099 466 5168 pariter
512 5098 766 5162 audistis,
792 5095 1163 5168 dilectissimi.
1203 5097 1288 5168 Ait
1331 5097 1474 5168 enim
1503 5097 1571 5151 de
1623 5097 1846 5168 Domino

261 5167 394 5222 Jesu
423 5168 666 5232 Christo,
701 5167 956 5236 Splendor
978 5177 1048 5220 est
1083 5167 1214 5220 enim
1241 5167 1364 5220 lucis
1390 5177 1590 5219 (eterna:
1607 5207 1623 5232 ,
1649 5177 1695 5218 et
1719 5167 1848 5218 ima-

267 5255 332 5308 go
360 5238 622 5308 invisibilis
649 5237 773 5300 Dei,
820 5253 884 5308 eo
907 5237 1046 5306 quod
1074 5247 1126 5308 et
1155 5237 1326 5308 imago
1351 5237 1480 5290 solis
1509 5237 1594 5289 lux
1621 5251 1714 5288 sua
1745 5238 1844 5301 sit,

267 5307 388 5378 quae
413 5307 482 5363 de
523 5307 713 5363 eodem
761 5307 876 5362 sole
903 5307 1158 5377 procedit.
1191 5307 1397 5376 Quippe
1425 5322 1544 5361 cum
1595 5315 1841 5370 constet,

331 5465 406 5526 (τι)
432 5463 582 5525 Alias,
597 5465 662 5514 de
684 5473 920 5527 Tempore
943 5465 1044 5514 190.

327 5525 400 5589 (ὁ)
425 5535 474 5576 In
505 5525 959 5634 ttppendice'nunc
984 5527 1206 5598 primum
1251 5525 1531 5600 collocatur.
1577 5529 1851 5598 Descriptus

327 5598 346 5634 t
391 5601 456 5634 ex
483 5597 582 5634 κιαι
605 5603 636 5634 ιι
675 5595 932 5634 'l‘ansensns
963 5587 1087 5634 libro
1123 5587 1186 5634 de
1219 5588 1330 5634 t-‘idc
1381 5595 1547 5634 contra
1579 5589 1836 5634 Palladium

265 5587 346 5638 est
381 5587 456 5638 ex
483 5587 636 5650 \‘igilii
675 5589 941 5650 't‘apsensis
963 5587 1087 5636 libro
1123 5587 1186 5636 de
1219 5588 1330 5636 t-ide
1364 5595 1547 5650 contra
1579 5587 1836 5650 Palladium

268 5655 486 5700 arianum
522 5649 752 5706 Secundo,
790 5661 894 5710 cap.
930 5649 1034 5710 5-7,
1061 5655 1108 5696 in
1143 5649 1374 5698 l'rancisci
1397 5649 1616 5698 Chitlletii
1637 5649 1850 5699 editione

269 5727 281 5772 ι
301 5727 378 5772 ag.
408 5711 500 5762 516
526 5720 580 5760 et.
599 5723 710 5772 seq.
732 5709 919 5760 t’riores
941 5709 1034 5758 duo
1051 5723 1222 5760 versus
1243 5711 1349 5762 loco
1365 5712 1655 5772 prmtauonis
1677 5711 1849 5774 adjecti

261 5783 390 5822 SUIIL

1669 353 1890 412 SERMO
1929 351 2106 410 CXIII.

3397 365 3533 420 19το

1961 468 2138 549 lumen
2173 473 2307 527 istud
2338 474 2628 549 divinitatis
2649 478 2928 544 :estimari,
2957 479 3332 549 comprehendi
3362 491 3413 535 et
3433 482 3519 535 de-

1961 540 2098 594 liniri
2131 559 2234 616 non
2267 559 2449 612 posse,
2497 547 2616 601 ideo
2641 540 2942 616 praemoneo
2973 558 3028 602 ut
3057 540 3259 604 tantum
3303 551 3370 604 de
3417 552 3534 603 uui-

1961 620 2067 666 tate
2095 615 2404 669 substantia:
2449 615 2792 684 Spiritualiter
2833 619 3092 684 credatis,
3138 629 3192 674 et
3219 619 3406 674 Filium
3437 637 3520 673 we-

1959 695 2076 761 rum
2131 684 2208 761 de_
2227 701 2350 738 vero
2381 687 2535 761 Patre
2559 693 2936 761 cognoscatis:
2953 690 3024 742 De
3076 692 3328 759 qualitate
3354 697 3530 744 autem

1957 755 2030 805 rei
2063 755 2334 828 requirere
2361 773 2464 810 non
2487 755 2693 812 debetis
2724 777 2737 813 :
2765 759 2886 828 quia
2915 760 3052 814 Deus
3079 755 3224 814 credi
3263 775 3322 814 se
3345 761 3526 822 voluit,

1955 837 2060 874 non
2113 823 2423 898 dijudicari,
2493 843 2590 883 nec
2642 823 2962 893 examinari;
3021 831 3144 898 quia
3207 831 3376 898 qualis
3441 845 3532 886 aut

1954 901 2182 968 quantus
2217 895 2319 968 sit,
2363 899 2485 951 sciri
2519 915 2624 953 non
2655 909 2844 966 potest.
2880 899 2990 952 Hoc
3031 895 3172 954 enim
3213 895 3490 968 Propheta:
3516 945 3528 962 ,

1954 960 2322 1042 lme_Apostoii
2350 960 2786 1042 praedicaverunt.
2817 969 3057 1038 Denique
3077 987 3183 1042 pro
3208 960 3364 1042 capio
3385 1013 3398 1034 ,
3436 960 3528 1037 pro

1953 1034 2151 1107 viribus
2171 1076 2184 1098 ,
2219 1051 2314 1102 pro
2343 1034 2446 1091 ﬁde
2477 1049 2654 1092 nostra
2699 1034 2998 1094 intueamur
3017 1083 3030 1104 ,
3075 1034 3216 1093 Deus
3244 1034 3366 1107 quid
3412 1034 3480 1092 sit
3511 1059 3522 1092 :

1952 1110 2006 1179 et
2035 1103 2304 1179 videamus
2359 1109 2502 1162 anei
2537 1110 2714 1179 possit
2759 1109 2956 1178 aliquid
3011 1103 3328 1179 Comparari.
3370 1109 3528 1164 Certe

1953 1171 2056 1226 hoc
2083 1183 2164 1228 est
2193 1175 2330 1255 Deus
2349 1219 2362 1238 ,
2408 1171 2564 1247 quod.
2587 1189 2641 1232 et
2674 1193 2792 1233 cum
2819 1171 3016 1255 dicitur
3051 1171 3154 1234 non
3189 1189 3358 1248 potest
3387 1179 3488 1233 diei
3511 1223 3525 1244 ,

1950 1255 2072 1296 cum
2117 1251 2409 1301 aestimatur
2435 1264 2538 1302 non
2571 1259 2742 1318 potest
2768 1251 3054 1315 mstimari,
3099 1265 3218 1304 cum
3249 1265 3528 1317 compara-

1953 1321 2038 1394 tur
2079 1329 2183 1368 non
2215 1326 2388 1394 potest
2415 1322 2738 1394 comparari,
2772 1335 2890 1372 cum
2919 1319 3164 1373 deﬁnitur
3195 1320 3309 1394 ipsa
3335 1321 3527 1373 detini-

1953 1389 2093 1437 tione
2139 1389 2371 1440 crescit:
2401 1391 2487 1458 qui
2535 1391 2726 1444 cmlum
2757 1406 2914 1443 manu
2961 1407 3054 1442 sua
3103 1391 3372 1457 cooperit,
3433 1405 3528 1457 pu-

1949 1467 2302 1528 gnoomnem
2331 1459 2512 1512 nmndi
2569 1461 2824 1514 ambitum
2871 1460 3095 1524 claudit;
3147 1475 3304 1528 quem
3359 1469 3524 1512 totum

1948 1525 2124 1602 omnia
2155 1539 2396 1602 pescutnt
2415 1571 2428 1594 ,
2465 1539 2517 1602 et
2541 1530 2824 1602 metuendo
2853 1525 3225 1602 sciuntpcnjits
3248 1531 3444 1584 nomini
3473 1540 3526 1583 et

1947 1594 2438 1668 virtutifamutatur
2469 1599 2554 1654 hic
2581 1601 2756 1664 orbis,
2787 1611 2838 1654 et
2872 1600 2979 1668 ipsa
3007 1599 3106 1652 sibi
3139 1594 3522 1653 elcineutormn

1948 1665 2342 1720 succedentium
2401 1679 2768 1726 momentanca
2823 1665 3128 1724 vicissitudo
3189 1670 3524 1724 scrin-udum

1947 1741 2169 1788 testatur
2195 1737 2232 1788 ¹.

2016 1803 2070 1856 2.
2097 1803 2222 1880 Fitii
2247 1809 2442 1863 diversa
2477 1812 2698 1864 nomina.
2733 1811 3059 1880 Singulorum
3076 1813 3310 1864 rationes.
3337 1811 3526 1880 Videte

1947 1887 2074 1942 ergo
2098 1918 2112 1940 ,
2143 1878 2184 1930 si
2218 1887 2388 1950 potest
2415 1881 2608 1950 aliquid
2635 1897 2754 1936 esse
2774 1922 2798 1944 ,_
2819 1878 2912 1934 cui
2931 1883 3094 1949 possit
3123 1881 3340 1934 Patet-et
3359 1879 3522 1934 Filius
3583 1937 3588 1944 ,

1947 1949 2279 2024 comparari,
2304 1951 2435 2024 quia
2454 1949 2572 2004 talis
2612 1962 2692 2006 est
2719 1952 2883 2005 Filius
2904 1952 3076 2024 qualis
3105 1961 3158 2004 et
3183 1952 3368 2024 Pater.
3403 1951 3519 2004 Non

1947 2017 2088 2086 enim
2119 2017 2230 2084 ipse
2256 2017 2374 2072 cuin
2405 2020 2560 2074 Patre
2581 2038 2742 2074 unum
2783 2036 2842 2074 se
2883 2017 3112 2086 diceret,
3147 2022 3243 2076 nisi
3277 2023 3431 2074 talem
3458 2037 3518 2076 se

1947 2084 2012 2137 de
2041 2085 2220 2160 Patre,
2248 2090 2419 2157 qualis
2443 2101 2524 2144 est
2538 2092 2712 2156 Pater,
2739 2093 2916 2146 sciret.
2943 2084 3376 2160 Rzitio'qtimiiain,
3400 2109 3517 2153 qua:

1947 2155 2084 2236 Ξρξξά
2116 2155 2330 2212 (ἶνίυεὸε
2355 2171 2482 2226 λόγος
2508 2170 3007 2236 Ituncupatur._qu_:e
3035 2155 3171 2236 inter
3191 2161 3434 2236 Patrem'
3467 2173 3522 2214 et

1948 2222 2138 2304 filium
2168 2222 2424 2304 personas
2447 2231 2532 2284 vel
2561 2222 2813 2285 vocabula
2853 2222 3144 2304 distinguit,
3164 2233 3292 2304 quia
3325 2241 3378 2304 et
3406 2233 3518 2304 ipse

1947 2292 2116 2370 Filius
2133 2292 2267 2350 ratio
2287 2299 2478 2370 dicitur
2499 2319 2512 2355 :
2536 2317 2652 2370 quae
2673 2311 2844 2356 tamen
2869 2292 3204 2356 ratio‘inultis'
3220 2292 3520 2355 nominibus

1947 2365 2239 2442 appellatur
2254 2409 2280 2442 ,_
2297 2369 2456 2424 modo
2482 2365 2724 2442 verbum,
2743 2370 2900 2442 modo
2921 2373 3105 2436 virtus,
3131 2371 3287 2442 modo
3304 2387 3359 2424 sa
3368 2371 3484 2439 pien
3499 2403 3518 2412 ο

1949 2435 2222 2508 tia,_modo
2251 2437 2493 2506 dextera,
2535 2441 2693 2494 modo
2719 2441 3009 2506 brachium,
3032 2435 3189 2495 motio
3215 2435 3517 2508 margarita,

1947 2503 2106 2576 modo
2137 2505 2415 2564 thesaurus
2435 2551 2450 2574 ,
2480 2503 2642 2564 modo
2671 2512 2798 2564 retia
2819 2554 2831 2574 ,
2861 2503 3018 2564 modo
3047 2522 3282 2565 aratrum
3301 2551 3313 2576 ,
3332 2503 3518 2565 "tundo

1949 2571 2070 2650 fons
2085 2616 2100 2638 ,
2133 2577 2292 2630 modo
2315 2571 2482 2650 petra,
2507 2581 2665 2634 modo
2687 2571 3128 2650 lapisangularis,
3149 2571 3310 2635 modo
3335 2580 3513 2644 homo,

1947 2644 2108 2718 modo
2129 2644 2330 2714 agnus,
2355 2644 2754 2714 modovitulus;
2793 2644 2951 2704 modo
2979 2652 3174 2718 aquila,
3217 2650 3374 2704 modo
3412 2653 3516 2710 leo,

1948 2715 2106 2767 modo
2147 2719 2253 2781 \ia,
2304 2721 2496 2774 veritas
2540 2729 2591 2774 el
2636 2721 2766 2784 vita,
2801 2738 2920 2774 cum
2951 2715 3200 2775 sit-Dens
3244 2722 3418 2774 omnia
3466 2721 3518 2774 in

1945 2784 2192 2839 omnibus
2226 2806 2238 2838 :
2267 2799 2320 2842 ut
2350 2805 2444 2858 per
2471 2789 2585 2844 inec
2615 2791 2867 2844 vocabula
2897 2791 3190 2844 divinarum
3213 2791 3518 2859 dispositio—

1949 2869 2072 2930 num
2101 2859 2348 2930 mysteria
2380 2869 2787 2930 cognoscantur,
2809 2877 2911 2915 non
2943 2871 3002 2916 ut
3031 2863 3140 2930 ipsa
3159 2861 3408 2928 maiestas
3429 2861 3516 2914 lii-

1949 2924 2000 2996 l_ii
2030 2925 2122 2996 Dei
2152 2924 2362 2996 proprie
2401 2924 2616 2984 delinita
2648 2924 2990 2985 monStretur.
3026 2924 3134 2986 lloc
3182 2924 3320 2984 enim
3353 2931 3526 2984 Filius

1949 2993 2077 3058 Dei,
2111 2993 2262 3068 quod
2297 2999 2452 3053 Pater
2493 3011 2603 3062 est,
2649 3017 2754 3055 non
2779 3001 2952 3064 aliud,
2989 3001 3038 3054 id
3057 3011 3136 3055 est
3163 3001 3203 3065 ³,
3241 3015 3334 3068 per
3360 3017 3518 3068 quem

1947 3068 2123 3120 omnia
2174 3067 2304 3121 facta
2358 3079 2500 3122 sunt.
2551 3071 2679 3124 Nam
2724 3081 2776 3124 et
2823 3073 2922 3124 hoc
2963 3071 3199 3126 Verbum
3241 3067 3516 3138 nuncupa-

1949 3143 2066 3210 tur;
2107 3138 2230 3210 quia
2277 3153 2491 3210 semper
2533 3141 2584 3194 in
2641 3141 2824 3202 Patre,
2855 3153 2905 3194 et
2951 3141 3018 3196 de
3065 3141 3260 3204 Patre,
3292 3151 3346 3196 et
3384 3141 3516 3194 nihil

1949 3203 2243 3278 Pater—siue
2290 3225 2355 3263 eo
2397 3203 2558 3278 'jussit
2601 3219 2692 3264 aut
2734 3211 2882 3265 fecit.
2917 3213 3095 3266 Virtus
3141 3203 3358 3276 dicitur,
3395 3211 3516 3278 quia

1947 3277 2170 3354 proin-ie
2201 3278 2267 3354 de
2311 3277 2420 3354 Deo
2457 3291 2556 3344 est,
2590 3293 2644 3354 et
2685 3283 3117 3354 munisipotestas
3140 3282 3210 3354 fin
3243 3283 3356 3354 ipso
3387 3277 3517 3338 con—

1946 3346 2104 3420 sisti_t.
2138 3346 2404 3417 Sapientia
2449 3351 2764 3420 appellatur,
2788 3346 2909 3420 quia
2955 3367 3058 3406 non
3103 3346 3315 3406 aliunde
3358 3365 3516 3420 quam

1946 3413 2012 3468 de
2043 3416 2196 3472 Patre
2211 3413 2850 3486 veniatin-credentibus
2877 3437 3068 3476 arcana
3099 3421 3332 3478 caelestia
3369 3413 3516 3476 rese-

1947 3486 2102 3564 rarit.
2137 3488 2759 3564 Dexteralnuncupatue,
2791 3495 2911 3564 quia
2943 3509 3037 3562 per
3058 3507 3184 3564 eum
3225 3493 3402 3564 omnia
3431 3491 3514 3564 di-

1947 3560 2067 3630 vina
2095 3573 2254 3630 opera
2279 3561 2508 3628 perlecta
2537 3571 2679 3615 sunt.
2725 3560 3007 3616 Brachium
3040 3561 3250 3626 dicitur,
3283 3562 3402 3630 quia
3449 3560 3518 3612 ab

1947 3625 2062 3692 ipso
2087 3629 2265 3702 omina
2279 3625 2634 3702 continentur,
2661 3631 2937 3702 biurgarita
2961 3625 3280 3702 appellatur,
3301 3625 3362 3683 ut
3385 3629 3516 3702 nihil

1946 3710 2012 3769 eo
2051 3698 2336 3766 pretiosius
2375 3698 2650 3754 habeatur.
2701 3698 3010 3755 Thesaurus
3035 3698 3262 3766 dicitur,
3309 3705 3430 3769 quia
3465 3701 3516 3752 in

1947 3765 2274 3841 ipso_on'mes
2323 3783 2486 3838 opes,
2529 3770 2726 3824 divitia:
2763 3771 3057 3826 ctelcstium
3101 3765 3382 3841 regnarunt
3429 3787 3518 3824 re-

1945 3835 2174 3910 condita:
2203 3835 2611 3910 cognoscuntur.
2647 3841 2795 3894 ltetia
2825 3841 3037 3908 dicitur,
3060 3835 3186 3908 quia
3218 3855 3309 3909 per
3339 3841 3510 3910 ipsum

1945 3912 2002 3958 et
2021 3907 2070 3982 in
2099 3907 2214 3976 ipso
2239 3907 2305 3964 de
2335 3911 2471 3982 mari
2497 3912 2674 3966 smculi
2703 3907 3031 3982 diversarum
3074 3907 3304 3982 gentium
3333 3907 3515 3965 multi-

1949 3977 2108 4040 tudo,
2151 3993 2300 4034 more
2348 3981 2616 4050 piscium,
2660 3995 2755 4049 per
2802 3977 3128 4049 Baptismuin
3179 3983 3232 4036 in
3282 3982 3514 4036 Ecclesia

1946 4059 2338 4122 congregatur,
2364 4051 2451 4105 ubi
2505 4051 2763 4105 bonorum
2813 4053 3178 4122 malorumque
3231 4051 3522 4107 discrimen

1945 4119 2266 4192 agnoscitur.
2310 4125 2558 4176 Aratrum
2583 4191 2586 4192 ν
2609 4133 2962 4192 nuncupatur,
3007 4119 3126 4192 quia
3161 4123 3312 4192 signo
3347 4123 3522 4176 crucis

1947 4189 2062 4255 ejus
2083 4188 2211 4242 dura
2242 4199 2452 4262 pectora
2474 4188 2884 4262 subiugantur",
2919 4202 2975 4246 ut
3004 4188 3304 4248 necessario
3330 4194 3520 4246 semini

1947 4271 2332 4344 p'r‘mparentur.‘
2363 4259 2503 4344 Fons
2537 4259 2688 4344 aquie
2719 4263 2848 4315 viva:
2874 4263 3186 4344 appellatur,
3218 4263 3338 4331 quia
3367 4277 3433 4344 ex
3458 4277 3534 4322 ρο,

1947 4329 2178 4403 sitientia
2207 4330 2366 4384 corda
2396 4329 2628 4386 cmlestis
2656 4347 2806 4403 aqua;
2833 4329 2996 4401 gratia
3027 4329 3332 4403 irrigantur.
3367 4333 3521 4403 Petra

1947 4397 2172 4465 dicitur,
2223 4405 2344 4468 quia
2395 4397 2736 4456 credentibus
2781 4397 3182 4468 fortitudinem,
3233 4402 3522 4456 incredulis

1948 4469 2196 4542 duritiam
2225 4479 2460 4542 praastat.
2491 4473 2651 4541 Lapis
2670 4473 2936 4542 angularis
2965 4473 3176 4537 dicitur,
3201 4473 3320 4542 quia
3343 4479 3520 4525 utros-

1947 4539 2316 4612 quehparietes
2341 4541 2472 4596 Novi
2511 4539 2799 4597 et'Veter'is
2823 4542 3148 4597 Testamenti
3177 4539 3287 4612 ipse
3311 4557 3444 4598 unus
3471 4555 3546 4600 et.

1949 4609 2208 4684 mediator
2263 4612 2316 4665 in
2364 4613 2652 4684 semetipso
2697 4609 3311 4684 continens,copulavit.
3341 4613 3546 4681 Agnus.

1949 4680 2261 4752 appellatur,
2295 4690 2350 4752 ut
2377 4680 2673 4736 imiocentia
2703 4693 2754 4738 et
2782 4687 2954 4752 passio
2979 4680 3524 4742 ChristidemonStre~

1951 4757 2056 4801 tur.
2079 4749 2260 4821 Homo
2309 4751 2524 4818 dicitur,
2577 4753 2698 4820 quia
2750 4749 3042 4808 secundum
3067 4767 3281 4808 carnem
3311 4761 3524 4821 propter

1951 4833 2050 4872 nos
2077 4819 2318 4874 homines
2347 4821 2492 4876 nasci
2515 4819 2762 4890 dignatus
2787 4833 2885 4876 est.
2917 4821 3124 4876 Vitulus
3153 4819 3367 4892 dicitur,
3399 4819 3524 4892 quia

1953 4897 2169 4962 propter
2198 4899 2432 4944 nostram
2467 4892 2697 4962 salutem
2736 4893 2994 4948 immolari
3037 4891 3303 4952 sustinuit,
3337 4891 3526 4962 Aquila

1950 4958 2162 5030 dicitur,
2191 4963 2312 5029 quia
2341 4971 2462 5030 post
2489 4961 2846 5016 venerabilem
2869 4963 3312 5022 resurrectionem
3334 4958 3528 5017 ad'Pa-

1954 5029 2050 5083 tris
2077 5029 2158 5082 sui
2185 5029 2441 5084 revolavit
2467 5031 2670 5086 sedem.
2699 5031 2806 5086 Leo
2833 5041 2914 5102 est
2941 5033 3286 5102 dictus,_quia
3314 5033 3426 5102 ipse
3447 5043 3530 5087 est

1953 5113 2048 5152 rex
2078 5115 2294 5168 regum,
2325 5103 2448 5170 quia
2500 5110 2722 5170 mortem
2751 5117 2816 5156 ac
2861 5100 3129 5158 diabolum
3177 5100 3386 5158 virtutis
3415 5119 3528 5158 sua:

1955 5179 2214 5242 potestate
2257 5169 2588 5226 comminuit.
2628 5169 2732 5242 rVia
2779 5179 2890 5234 est,
2942 5172 3062 5242 quia
3109 5187 3202 5242 per
3249 5174 3420 5242 ipsum
3463 5173 3528 5226 ad

1955 5237 2445 5310 Patremaccessus
2464 5253 2565 5295 est.
2597 5241 2805 5296 Veritas
2853 5237 2976 5308 est,
3023 5237 3146 5310 quia
3193 5237 3528 5298 mendacium

1953 5310 2142 5364 nescit.
2162 5309 2274 5364 Vita
2290 5320 2391 5375 est,
2409 5311 2530 5381 quia
2546 5311 2636 5368 dat
2649 5313 2828 5370 vitam.
2846 5311 2962 5382 Ipse
2983 5309 3224 5368 universa
3245 5311 3526 5381 signiﬁcat.

2019 5468 2034 5497 ι
2064 5465 2206 5537 istud,
2232 5463 2552 5528 serviendum,
2573 5479 2668 5516 nec
2712 5473 2789 5516 est
2817 5479 2868 5516 in
2889 5467 3044 5530 Vigilii
3065 5477 3237 5532 opere,
3259 5477 3354 5515 nec
3373 5464 3426 5514 in
3447 5471 3526 5516 Ms.

1955 5534 2294 5660 [ibi]
2309 5594 2426 5660 Ven.
2449 5595 2558 5660 Lou.
2577 5591 2672 5639 sic:
2694 5589 2832 5660 _Ratio
2853 5588 3065 5660 quidem,
3079 5599 3187 5651 aut:
3200 5589 3332 5652 αριαι
3344 5597 3532 5646 (πατεῖ

1959 5658 2102 5712 logos
2123 5655 2445 5713 nuncupatur,
2469 5655 2593 5701 inter
2621 5657 2826 5710 Patrem,
2854 5658 2947 5700 etc.
3013 5657 3070 5699 It.

2024 5715 2043 5740 ³
2067 5717 2148 5760 Ms.
2167 5725 2252 5761 rm.
2266 5711 2443 5767 ,idem.

2025 5775 2046 5804 δ
2071 5779 2120 5820 tu
2143 5775 2322 5834 nemig.
2337 5775 2520 5832 codice,
2535 5773 2844 5836 subiguntuh
