4016 6444
215 336 354 392 19·ῑῖ

213 448 457 517 nuptiale
481 453 534 501 rt
562 446 780 501 rmlt-ste
806 445 1106 517 convivium
1140 439 1206 499 ab
1232 444 1378 517 omni
1406 443 1609 517 luxuria
1638 441 1790 517 nitidi

209 539 224 570 ι
250 527 269 570 ι
298 512 453 572 bonis
480 517 728 585 operibus
756 512 994 569 adornati
1026 529 1122 569 nos
1145 530 1237 583 per
1254 514 1449 568 Christi
1479 513 1798 585 adiutorium

216 605 230 656 ι
254 603 314 639 ι·.ι
332 584 600 655 paremus,
632 586 998 656 eleemosynas
1027 586 1351 656 pauperibus
1367 584 1801 656 erogetttus,_i_ra-

214 653 466 713 cundiam
493 657 572 710 vel
596 655 771 709 odium
797 653 944 725 quasi
976 653 1235 709 venenum
1253 654 1445 708 diaboli
1466 655 1532 707 de
1552 653 1801 725 cordibus

216 728 420 782 nostris
468 722 1152 796 respuantusfCastitatem
1194 725 1363 796 etiam
1408 739 1528 777 cum
1574 722 1801 796 propriis

216 798 475 852 uxoribus
503 791 728 849 fideliter
756 805 1068 850 conservate
1096 813 1108 847 :
1139 795 1204 848 ad
1233 795 1470 848 convivia
1494 791 1802 847 vestt'a’fre-

214 868 468 938 quentius
534 874 794 938 pauperes
840 874 1058 920 evocate
1101 875 1116 919 :
1171 864 1237 918 ad
1283 866 1486 933 vigilias
1540 864 1797 938 maturius

215 933 421 1008 surgite
441 938 457 967 ¹
487 954 500 991 :
529 933 580 991 in
605 933 829 1000 ecclesia
855 943 1057 1008 stantes
1081 944 1171 988 aut
1214 941 1361 1008 orate
1416 943 1506 987 aut
1554 933 1797 1001 psallite;

216 1004 381 1061 verba
414 1008 583 1060 otiosa
612 1008 632 1038 ⁸
660 1018 752 1060 aut
780 1006 1054 1059 siccularia
1085 1020 1184 1058 nec
1234 1004 1333 1073 ipsi
1387 1020 1455 1058 ex
1483 1018 1576 1056 ore
1622 1011 1800 1056 vestro

216 1077 479 1148 proferte,
511 1073 575 1131 'et
618 1092 712 1130 eos
750 1076 853 1148 Aqui
892 1076 1134 1148 proferre
1168 1076 1453 1139 voluerint,
1502 1073 1795 1148 custigate:

218 1141 407 1219 pacem
427 1218 433 1219 γ
457 1141 577 1219 cum
607 1141 1160 1219 _otnnibusﬂcustodite
1185 1185 1199 1205 ,
1247 1153 1301 1197 et
1321 1159 1479 1219 _quos
1509 1141 1801 1219 discordes

216 1212 620 1287 agnoscitis,ad
647 1216 987 1287 concordiam
1013 1223 1288 1287 revocate.
1320 1213 1446 1267 Haec
1480 1213 1522 1287 si
1551 1212 1797 1287 lidcliter,

215 1283 436 1343 Christo
487 1286 786 1355 adjuvnnte,
822 1286 1098 1339 volueritis
1125 1285 1365 1352 implere.
1398 1293 1451 1335 rt
1484 1285 1534 1335 in
1566 1283 1665 1334 hoc
1697 1297 1800 1355 sae-

215 1361 344 1413 eulo
369 1357 435 1410 ad
461 1351 629 1410 altare
656 1356 983 1409 Doutiuieum
1005 1351 1533 1408 SeruracunScieutia
1564 1351 1803 1419 poteritis

217 1428 500 1492 accedere,
528 1435 583 1480 et
609 1428 662 1480 in
709 1427 884 1479 futuro
905 1426 969 1478 ad
998 1435 1251 1477 retentam
1279 1419 1805 1492 beatitudiucmfeli-

217 1501 358 1553 citer
385 1490 693 1566 pervenire;
726 1504 1008 1565 prrcstaute
1031 1494 1257 1566 Domino
1287 1503 1469 1566 nostro
1497 1490 1802 1566 JesuACltri.

215 1579 330 1635 sto,
357 1563 444 1639 qui
470 1567 596 1622 vivit
623 1575 677 1621 et
700 1563 884 1637 regunt
918 1566 969 1618 itt
996 1564 1187 1619 sa-cula
1231 1563 1568 1618 saeculorum.
1609 1564 1802 1615 Amen.

706 1672 933 1735 SERMO
971 1675 1154 1733 cxvu
1209 1676 1305 1748 (a).

714 1787 1310 1852 nisauuinonanct(bt

296 1895 349 1948 i.
383 1893 561 1949 Gratia
597 1892 696 1947 diei
750 1894 919 1963 hujus.
950 1891 1100 1961 Rogo
1123 1907 1239 1952 vos,
1268 1890 1462 1963 fratres
1484 1887 1803 1963 eltarissimi,

218 1974 287 2019 ut
315 1964 498 2019 libenti
526 1965 708 2018 animo
751 1960 1191 2032 sermonesquos
1216 1962 1470 2016 Dominus
1490 1960 1655 2023 dabit,
1680 1974 1802 2032 sus-

218 2036 432 2101 cipiatis
485 2035 538 2088 in
590 2034 690 2088 hac
731 2026 1036 2088 dulcissima
1073 2026 1180 2098 die,
1231 2032 1420 2099 inqua
1467 2029 1807 2097 compunctio

221 2106 386 2158 etiam
418 2103 719 2158 inﬁdelibus
748 2103 911 2167 venit,
944 2104 997 2155 in
1033 2118 1134 2171 qua
1162 2102 1528 2171 misericordia
1572 2100 1807 2171 tangitur

224 2176 441 2244 impius,
466 2174 674 2244 veniam
702 2182 879 2241 sperat
903 2169 1275 2244 compunctus,
1316 2170 1545 2244 reditum
1578 2185 1682 2223 non
1712 2169 1807 2244 de-

221 2240 407 2313 sperat
428 2243 690 2313 captivus,
736 2240 1035 2313 remedium
1070 2240 1341 2313 desiderat
1365 2240 1704 2313 vulneratus;
1748 2240 1806 2313 _in

222 2308 329 2382 qua
360 2308 594 2368 nascitur
621 2312 819 2381 Agnus,
877 2312 966 2380 qui
1020 2311 1159 2364 tollit
1206 2308 1717 2382 peccatutn_m_undi._
1748 2308 1804 2382 lu

221 2378 378 2453 cujus
400 2378 795 2453 nativitate'tqui
816 2378 1458 2453 conscientiamsecuram
1486 2378 1665 2453 habet,
1685 2378 1807 2432 dul-

223 2445 343 2509 cius
361 2445 584 2521 gaudet;
612 2451 703 2520 qui
721 2445 1001 2516 miseram,
1029 2452 1279 2521 attentius
1307 2450 1455 2521 timet
1479 2465 1491 2521 ξ
1515 2449 1603 2517 qtti
1635 2448 1808 2521 boans

227 2535 333 2587 est,
356 2519 644 2576 affectuose
670 2530 815 2583 orat;
839 2520 926 2587 qui
951 2529 1216 2588 peccator,
1239 2519 1587 2573 devotissime
1608 2519 1807 2588 suppli-

228 2602 335 2647 cat.
370 2592 550 2645 Dulcis
573 2591 705 2652 dies,
737 2603 860 2644 vere
888 2590 1078 2651 dulcis,
1111 2601 1162 2644 et
1191 2591 1396 2643 cunctis
1425 2589 1807 2657 pwuitentibus

228 2663 441 2716 veniam
466 2669 698 2729 portans.
731 2661 987 2715 Promitto
1009 2661 1178 2725 vobis,
1204 2659 1370 2723 tilioli,
1393 2669 1448 2715 et
1468 2668 1646 2713 certus
1662 2673 1802 2729 sum,

229 2732 354 2800 quia
387 2733 438 2784 iu
470 2728 578 2785 hac
626 2730 711 2784 die
742 2732 786 2784 si
815 2730 933 2798 quis
973 2745 1041 2785 ex
1068 2729 1239 2800 corde
1280 2729 1619 2800 ptenituerit.
1656 2741 1709 2782 et
1737 2728 1805 2783 ad

228 2797 487 2855 vomitum
541 2802 738 2867 peccati
779 2797 1024 2855 reversus
1071 2814 1177 2854 non
1218 2797 1395 2861 fuerit,
1436 2798 1807 2868 quodcumque

227 2872 461 2940 petierit,
487 2871 699 2924 dabitur
718 2870 766 2924 ei
798 2888 810 2923 :
846 2878 1047 2924 tantum
1091 2872 1142 2923 in
1177 2868 1414 2940 fidenon
1459 2870 1678 2940 dubitet,
1707 2869 1805 2924 de-

228 2939 565 2995 lectationem
606 2954 711 2994 nou
745 2949 969 3008 repetat.
1018 2940 1188 2995 Hodie
1214 2939 1376 2994 totius
1401 2939 1583 2994 mundi
1615 2952 1804 3008 pecca-

226 3020 340 3067 tum
360 3010 581 3075 tollitur,
611 3020 665 3065 et
694 3018 942 3078 peccator
970 3009 1255 3079 desperat?

297 3082 351 3135 2.
384 3076 742 3135 Paenitentiam
770 3089 955 3133 certam
981 3076 1103 3147 quid
1141 3080 1316 3148 faciat.
1362 3076 1666 3132 Pmuiteutia
1689 3094 1807 3133 vera

224 3168 315 3206 seu
355 3151 531 3205 libera.
557 3149 663 3205 Sed
693 3149 870 3204 videte
898 3150 1071 3218 qualis
1097 3149 1260 3204 debet
1286 3164 1406 3203 esse
1445 3149 1755 3217 pmnitentia
1786 3166 1800 3204 :

224 3222 350 3290 quia
373 3220 527 3276 multi
545 3218 759 3290 assidue
785 3234 845 3273 se
869 3220 1052 3274 dicunt
1075 3234 1195 3274 esse
1203 3228 1537 3290 peceatores,
1557 3228 1611 3273 et
1628 3227 1805 3274 tamen

227 3288 404 3347 adhuc
456 3291 577 3345 illos
614 3289 844 3344 delectat
900 3304 1141 3359 peccare.
1201 3288 1469 3343 Proiessio
1521 3298 1642 3351 est,
1697 3305 1802 3344 non

226 3361 531 3416 emendatio
556 3378 570 3414 :
593 3370 875 3415 accusatur
902 3361 1098 3421 anima,
1130 3373 1235 3413 non
1281 3367 1501 3413 sanatur
1528 3375 1541 3411 :
1571 3374 1809 3428 pronun-

228 3431 391 3485 tiatur
415 3429 637 3495 otl'ensa,
665 3444 768 3484 non
802 3430 1020 3485 tollitur.
1057 3428 1429 3485 Paenitentiam
1462 3441 1662 3483 certam
1699 3446 1804 3485 non

225 3503 371 3564 facit,
403 3501 502 3555 nisi
536 3500 715 3571 odium
763 3501 998 3568 peccati,
1030 3509 1085 3555 et
1125 3514 1275 3571 amor
1317 3499 1434 3571 Dei.
1464 3499 1687 3571 Quando
1729 3501 1807 3556 sic

226 3573 476 3639 pumiles,
496 3580 554 3624 ut
589 3570 681 3625 tibi
709 3584 948 3625 amarum
991 3571 1162 3640 sapiat
1200 3569 1253 3623 in
1293 3570 1490 3634 anima,
1521 3570 1662 3639 quod
1682 3581 1807 3626 ante

224 3642 384 3697 dulce
406 3641 502 3723 fuit
530 3640 583 3695 in
612 3640 750 3705 vita;
779 3640 997 3722 etquod
1023 3649 1073 3695 te
1080 3640 1250 3763 frias
1275 3640 1574 3695 oblectabat
1598 3640 1805 3721 incor-

225 3728 382 3763 nore.
409 3726 578 3763 tnsum
609 3720 658 3763 te
682 3718 885 3763 eruetet
909 3726 960 3763 tn
986 3726 1080 3763 cor
1117 3725 1181 3763 et
1213 3725 1315 3763 tam
1342 3718 1469 3763 tunc
1494 3710 1629 3763 bene
1654 3724 1804 3763 tmte-

225 3728 382 3783 pore,
409 3713 578 3783 ipsum
609 3720 658 3764 te
682 3711 885 3783 cruciet
909 3711 960 3783 in
986 3710 1181 3783 eo_rd_e;
1205 3710 1315 3783 jam
1342 3710 1629 3783 tunc_bene
1654 3710 1804 3783 inge-

225 3778 411 3836 iniscis
428 3778 499 3835 ad
520 3780 712 3846 Deum,
739 3790 795 3835 et
828 3780 984 3845 dicis,
1033 3779 1143 3833 Tibi
1173 3778 1268 3848 soli
1298 3778 1516 3848 peccavi,
1543 3789 1590 3832 et
1616 3780 1806 3832 malum

223 3868 400 3905 coram
421 3860 468 3904 te
493 3851 588 3921 feci
612 3850 781 3920 (Psal.
812 3866 863 3915 ι,
887 3850 966 3919 6).
998 3850 1161 3914 Bene,
1182 3847 1408 3921 Tibisoti
1422 3849 1662 3921 peccavi;
1682 3848 1805 3917 quia

225 3922 407 3977 nullus
432 3916 704 3975 hominum
731 3921 844 3975 sine
884 3916 1101 3989 peccato
1129 3937 1141 3971 :
1173 3928 1227 3973 et
1250 3918 1388 3979 ideo.
1421 3916 1533 3989 Tibi
1561 3919 1657 3989 seti
1686 3916 1804 3987 pec-

223 3993 367 4056 cavi,
394 3992 514 4061 quia
547 4001 599 4044 ttt
627 3990 772 4061 solus
800 3988 1074 4061 hominum
1114 3989 1239 4061 sine
1270 3997 1487 4061 peccato
1503 3988 1545 4041 ³.
1577 3988 1676 4053 Da,
1703 3989 1807 4061 [φο-τ

226 4065 377 4115 utine
414 4057 838 4116 misericordiam
870 4060 1102 4122 misero,
1154 4059 1244 4128 qui
1286 4057 1486 4113 tamdiu
1524 4059 1807 4128 pepercisti

223 4132 540 4186 criminose.
575 4131 795 4185 lnclinet
821 4129 885 4184 ad
908 4128 1199 4184 remedium
1237 4128 1508 4183 humilitas
1549 4128 1808 4198 poeniten-

226 4205 319 4268 tis,
348 4217 505 4268 quem
531 4214 838 4270 permovere
866 4216 969 4254 nott
1000 4200 1167 4267 potuit
1203 4198 1522 4270 diuturnitas
1559 4208 1807 4270 peccato-

227 4266 326 4326 ris.
358 4266 449 4326 Dic
475 4266 550 4325 illi
598 4273 651 4326 in
688 4271 810 4325 lletu
839 4266 1054 4325 cordis:
1086 4268 1281 4337 Aspice
1322 4266 1608 4334 infelicem,
1639 4269 1808 4336 pietas

227 4344 526 4405 immensa;
574 4342 780 4409 reSpice
807 4340 1112 4403 crudelem,
1164 4338 1524 4393 misericordia
1577 4338 1806 4409 publica.

231 4413 557 4478 Dcsperatus
594 4408 677 4465 ad
709 4410 1126 4479 omnipotentem
1174 4409 1334 4467 venio
1359 4449 1374 4473 ,
1408 4408 1714 4479 vulneratus
1741 4408 1807 4462 ad

226 4482 497 4536 medicum
515 4496 694 4536 curro.
715 4478 874 4535 Serva
897 4481 1142 4548 pietatem
1175 4478 1598 4533 mansuetudinis
1624 4478 1668 4541 ⁸,
1718 4480 1807 4548 qui

228 4553 432 4606 tamdiu
462 4550 783 4621 suSpendisti
810 4550 1041 4619 gladium
1067 4550 1282 4621 ultionis
1314 4565 1335 4621 :7
1360 4549 1485 4621 dele
1506 4549 1808 4621 numerusi-

226 4631 394 4677 tatem
446 4618 726 4676 criminum
781 4618 1116 4673 multitudine
1160 4618 1664 4672 misericordiarum.
1705 4619 1807 4672 Ista

228 4701 338 4759 est,
364 4692 532 4759 filioli,
560 4707 683 4745 vera
712 4691 733 4721 ⁵
758 4690 1092 4761 ρωηίιθιιιὶει,
1125 4689 1337 4759 quando
1366 4689 1443 4742 sic
1481 4690 1811 4744 convertitur

294 4806 317 4867 ξ
332 4808 417 4867 διε.
441 4802 541 4863 vd.,
557 4802 623 4867 ad
653 4799 850 4867 rigilias
872 4806 1142 4865 martyrum
1164 4800 1359 4865 surgite.
1379 4802 1462 4850 Cb.
1483 4813 1621 4861 vero,
1645 4801 1710 4851 ad
1734 4800 1811 4853 γε.

218 4863 370 4933 gilius
388 4862 679 4933 frequentius
699 4862 894 4933 Surgite.

293 4929 314 4958 ²
336 4921 487 4977 ωὀδξ
512 4934 613 4984 tus.,
639 4921 1062 4985 bmtr‘iosaverba.
1089 4929 1141 4972 Et
1162 4935 1276 4973 mox
1302 4922 1400 4982 vd.,
1425 4936 1532 4985 pro,
1556 4929 1640 4979 aut
1654 4935 1811 4975 saecu-

221 4988 375 5045 lum,
402 4988 567 5045 habet,
592 4993 674 5037 aut
687 4984 946 5048 jocutaria.

293 5051 316 5082 ³
348 5044 421 5097 Er.
443 5048 590 5159 ιιιῖι.
613 5044 732 5097 Ven.
756 5055 809 5098 et
830 5055 960 5105 Lov.,
982 5044 1266 5116 quiamtltus
1281 5053 1350 5115 est
1371 5045 1473 5096 sine
1494 5052 1703 5108 peccato.
1749 5054 1808 5097 tt.

293 5110 316 5142 δ
338 5117 447 5159 uss.
494 5123 523 5159 a
544 5110 594 5159 'i.
632 5122 771 5159 serva
803 5107 1196 5159 consuetudinem
1239 5106 1463 5159 metatis:
1526 5106 1632 5159 alii.
1671 5121 1808 5159 serva

293 5110 447 5180 {uss
494 5106 594 5168 alii,
632 5106 1196 5180 seruaconsuet'udiaem
1239 5106 1463 5170 pietatis;
1495 5106 1632 5169 'alii,
1671 5121 1812 5161 serva

221 5169 451 5233 pietatem
471 5169 836 5233 cortsuetudbtis,

292 5234 315 5267 ⁸
335 5238 386 5281 ιιι
404 5240 511 5283 Mss.
532 5231 798 5294 plerisque,
820 5229 996 5293 libera,
1021 5243 1127 5293 pro,
1152 5243 1283 5280 vera.

315 5296 368 5357 (ι)
394 5295 532 5352 Alias,
554 5294 619 5343 de
641 5299 876 5357 Tempore
897 5294 945 5342 7.

316 5351 367 5417 b)
393 5362 441 5403 ιη
468 5351 741 5417 Appendice
760 5351 891 5417 hunc
910 5353 1111 5417 primum
1128 5351 1402 5417 collocatur.
1422 5356 1529 5417 erat
1544 5355 1807 5417 Lovanien-

387 5410 562 5466 dubiits
586 5429 598 5465 :
624 5417 713 5466 sed
737 5410 949 5477 verlind
967 5421 1020 5464 et
1047 5414 1280 5477 vindiugo
1302 5413 1496 5477 spurius
1532 5422 1624 5463 est.
1665 5410 1809 5465 Stilus

221 5477 459 5541 sintplex,
485 5485 536 5529 et
557 5478 806 5526 Caesariani
826 5474 1026 5541 similior
1047 5488 1191 5538 quam
1212 5474 1808 5541 Augustinjani._ca3terum

223 5537 481 5601 auctorem
503 5546 629 5601 salit
646 5551 846 5601 gravem
866 5546 918 5587 et
941 5537 1101 5601 piunt,
1122 5541 1177 5582 ut
1203 5537 1359 5601 nerito,
1375 5538 1684 5601 diﬂitebitur;
1710 5552 1802 5592 nec

223 5600 462 5664 indignus
485 5598 896 5664 es_t"!lteodulpbo
914 5598 1245 5664 Aittrelianeusi
1286 5600 1537 5664 episcopo,
1553 5599 1690 5659 cujus
1723 5612 1808 5664 no-

224 5658 363 5714 mine
388 5664 436 5723 in
469 5660 709 5723 Spicilegii
728 5658 855 5710 tome
872 5661 1041 5723 quinto
1064 5672 1127 5708 ex
1157 5658 1357 5708 taticani
1393 5658 1570 5708 codicis
1602 5658 1806 5723 auctori-

224 5732 330 5775 tate
374 5721 555 5785 edito—ut
602 5721 677 5771 est
701 5721 1044 5785 fragmentum,
1092 5727 1381 5783 postremam
1404 5722 1642 5785 sermonis
1664 5721 1806 5783 hujus

223 5793 440 5848 partem,
458 5782 639 5839 scilicet
661 5798 689 5834 a
712 5780 840 5834 ntu'u.
866 5784 893 5834 7
919 5783 976 5833 ad
1000 5780 1145 5833 tinctu
1168 5795 1321 5843 usque
1343 5780 1713 5846 complectens.»
1726 5780 1799 5835 'M.

1594 323 1824 383 SERMO
1861 323 2067 381 CXVII.

3349 324 3487 385 t918

1909 442 2049 525 quis,
2082 449 2137 525 ut
2160 441 2225 496 ad
2258 448 2526 525 peccatum
2554 459 2659 501 non
2686 454 3017 513 revertatur;
3042 443 3253 517 quando
3270 445 3348 500 sic
3369 459 3486 514 pte-

1912 521 2063 577 nitet,
2088 521 2138 565 ttt
2172 527 2276 566 non
2306 524 2527 579 repetat.

1979 583 2033 640 5.
2084 579 2288 655 Vanith
2331 583 2671 642 delectationis
2706 589 3010 642 transitum.
3048 586 3288 640 Felicitas
3332 583 3488 655 hujus

1909 655 2023 726 viti:
2050 669 2185 705 vero.
2233 651 2381 726 Sint,
2414 655 2704 723 videmnus,
2736 659 2896 726 aliqui
2947 667 3182 711 vestrum
3233 651 3409 726 fortes
3424 664 3484 726 et

1909 723 2157 777 virtutem
2187 724 2486 797 animarum
2514 723 2979 797 exercentesﬁqui
3011 728 3060 780 itt
3094 728 3189 780 ista
3217 724 3484 797 die‘Verba

1912 806 2028 845 mea
2054 808 2148 860 pro
2176 807 2269 846 sua
2308 794 2481 849 salute
2509 795 2585 849 sic
2614 800 2849 861 audiant,
2892 794 2947 851 ut
2983 796 3209 851 viriliter
3235 795 3483 848 vitiorum

1913 863 2185 937 mollitiem
2232 863 2501 937 abjiciant,
2561 875 2808 937 tanquam
2853 868 2940 936 qui
2990 876 3263 937 pugnant:
3295 877 3483 918 revera

1911 932 2099 986 fortius
2131 943 2383 1007 pugnant,
2412 935 2499 1003 qui
2525 932 2708 991 contra
2744 953 2803 992 se
2834 932 3084 1007 pagum:
3116 937 3365 1005 Aperiaut
3388 948 3484 986 au-

1909 1017 1996 1077 res
2023 1016 2146 1055 suas
2173 1004 2238 1055 ad
2260 1007 2766 1077 prteceptaCltristi,
2797 1004 2925 1077 qusi
2948 1004 3175 1060 fortasse
3202 1014 3485 1077 patuerunt

1911 1072 2011 1145 huc
2037 1088 2201 1145 usque
2227 1073 2292 1125 ad
2319 1074 2577 1145 audienda
2604 1072 2844 1131 ludibria.
2872 1078 3123 1145 Aperiunt
3149 1072 3331 1130 oculos
3356 1088 3483 1127 suos

1909 1141 1976 1216 ed
2008 1142 2254 1207 nitorem,
2283 1144 2371 1213 qui
2400 1144 2505 1216 huc
2536 1161 2701 1215 usque
2721 1148 2785 1200 ad
2816 1141 3154 1216 ignotitiuiam
3176 1154 3476 1216 patuerunt.

1908 1210 2241 1282 Compungat
2287 1210 2594 1284 paenitentia
2616 1210 2947 1281 'crimiuum,
2996 1231 3153 1284 quem
3178 1210 3284 1268 huc
3311 1229 3480 1282 usque

1910 1284 2246 1355 trattspunxil
2292 1283 2577 1337 delectatio
2616 1288 2961 1355 voluptatum.
3018 1283 3198 1354 Erigat
3226 1285 3478 1355 adjuncta

1909 1352 2099 1415 virtus,
2124 1367 2286 1425 quem
2332 1354 2453 1407 vitia
2502 1352 2920 1422 prostraverunt.
2962 1352 3214 1425 Apt-riant
3253 1352 3483 1425 medica-

1912 1432 2092 1474 mento
2120 1423 2139 1452 ³
2166 1437 2321 1475 nares
2359 1437 2502 1488 suas,
2535 1425 2722 1491 quibus
2751 1426 2833 1478 illa
2857 1425 2982 1479 fetet
3007 1423 3332 1478 consuetudo
3356 1438 3481 1491 pec-

1910 1492 2035 1544 cati.
2067 1492 2283 1563 Aperiat
2323 1493 2473 1546 vobis
2515 1493 2602 1547 ille
2629 1495 2811 1548 oculos
2831 1496 3026 1557 cordis,
3055 1495 3142 1563 qui
3174 1492 3328 1546 hodie
3352 1507 3483 1563 prof

1910 1569 2028 1630 pter
2054 1576 2149 1614 nos
2175 1560 2421 1630 dignatus
2445 1572 2525 1616 est
2550 1566 2717 1630 nasci,
2748 1574 2806 1618 ut
2827 1560 3100 1619 videamus
3128 1564 3296 1617 illum.
3330 1562 3482 1629 Quod

1911 1638 2124 1699 p‘ttatur
2148 1631 2303 1686 dulce
2331 1631 2488 1686 modo
2514 1634 2641 1687 satis
2660 1649 2780 1689 esse
2806 1635 2855 1688 in
2885 1635 3141 1688 brevitate
3164 1645 3480 1701 temporum,

1911 1714 2068 1759 quam
2117 1716 2354 1755 amarum
2395 1704 2495 1756 erit
2538 1706 2592 1757 in
2629 1704 2749 1774 igne
2790 1705 3028 1758 :eternol
3067 1718 3224 1772 quam
3252 1702 3485 1774 graviet

1960 1780 2162 1842 erpetna
2195 1787 2346 1840 pinna
2391 1772 2667 1842 punienda?
2683 1776 2783 1829 erit
2812 1776 3045 1829 brevitas
3078 1772 3480 1827 delectationis!

1915 1841 2201 1920 Delectatio
2228 1841 2419 1920 occidit
2438 1882 2452 1907 ,
2484 1854 2537 1897 et
2567 1846 2847 1920 praeteriit;
2867 1844 3199 1920 vulneravit,
3220 1851 3283 1920 et
3310 1852 3482 1895 trans-

1915 1911 2001 1979 iit;
2030 1911 2281 1964 miserum
2309 1911 2450 1975 fecit,
2478 1922 2533 1967 et
2561 1911 2720 1979 abiit;
2759 1914 3018 1968 infelicem
3048 1913 3295 1974 reddidit,
3320 1922 3372 1965 et
3400 1926 3485 1965 rev

1914 1978 2087 2052 liquit.
2110 1980 2275 2052 Quam
2307 1982 2578 2052 speciosus
2606 1978 2890 2038 est’auimi
2932 1985 3107 2037 nitor!
3154 1997 3312 2052 quam
3356 1981 3484 2035 felix

1912 2050 2235 2123 conscientia
2262 2050 2414 2123 bonis
2433 2054 2681 2119 operibus
2709 2054 2893 2123 plena!
2936 2054 2991 2108 Si
3023 2050 3234 2107 beatum
3270 2066 3329 2105 se
3358 2066 3484 2106 cre-

1911 2119 2007 2180 dit,
2024 2120 2112 2189 qui
2142 2121 2241 2174 Itoc
2259 2121 2492 2189 possidet
2504 2123 2643 2191 quod
2659 2119 2977 2177 dimissurus
2992 2132 3073 2175 est
3095 2134 3208 2191 post
3224 2132 3450 2175 mortem
3468 2135 3483 2191 ς

1910 2204 2069 2258 quam
2096 2204 2317 2265 securus
2357 2202 2458 2251 est.
2490 2189 2579 2261 qui
2626 2194 2752 2247 illttd
2784 2194 3059 2265 pra-mium
3098 2189 3303 2265 sperat,
3343 2189 3485 2260 quod

1912 2273 2179 2331 nunquam
2210 2261 2499 2314 amissurus
2525 2273 2606 2316 est
2652 2280 2745 2331 per
2770 2261 3117 2317 :i-ternitatem
3146 2265 3158 2316 !
3200 2262 3253 2316 Si
3296 2270 3486 2330 potens

1910 2327 2121 2401 dicitur,
2155 2331 2243 2399 qui
2294 2331 2490 2384 mttndo
2539 2327 2791 2401 imperat;
2835 2350 2990 2401 quant
3040 2334 3226 2386 beatus
3270 2327 3352 2385 est
3395 2331 3484 2398 qui

1913 2397 2081 2471 Deum
2112 2397 2510 2454 itt‘conscienlia
2542 2397 2671 2471 pura
2706 2397 2903 2471 pariat!
2940 2405 2993 2455 Et
3022 2404 3160 2466 ideo,
3190 2397 3482 2455 dulcissimi

1913 2466 2024 2528 ﬁlii,
2058 2471 2417 2539 concupiscite
2445 2466 2752 2525 munditiam
2797 2474 2994 2535 cordis,
3028 2474 3216 2526 habete
3241 2471 3487 2525 dilectio-

1910 2552 2032 2591 nem
2062 2539 2154 2592 Dei
2183 2550 2238 2593 et
2260 2542 2502 2607 proximi.
2530 2542 2862 2606 Pecettores,
2888 2543 3154 2604 dimittite,
3180 2552 3235 2594 ut
3255 2541 3488 2592 dimitta-

1911 2609 2191 2731 it'urvzuttis;
2220 2609 2378 2675 Justi,
2425 2627 2527 2664 non
2561 2624 2794 2682 peccate,
2825 2623 2881 2667 ut
2911 2621 3220 2684 permaneat
3242 2611 3487 2664 Christus

2114 2696 2139 2731 S
2196 2718 2208 2731 .
3070 2719 3075 2723 -

1909 2693 1962 2732 tn
1989 2693 2139 2733 VODIS
2168 2693 2208 2732 '.
3070 2719 3075 2723 .

1979 2749 2033 2803 4.
2078 2747 2361 2803 Vovendum
2389 2744 2496 2806 Deo
2520 2755 2760 2807 nascenti.
2776 2752 2902 2808 Vota
2927 2754 3138 2807 diversa.
3157 2748 3335 2805 Volunt
3354 2750 3489 2818 opti-

1908 2834 2064 2872 mum.
2098 2820 2226 2887 Qum
2253 2835 2374 2876 cum
2402 2823 2471 2875 ita
2499 2824 2625 2888 sint,
2653 2825 2860 2878 videtur
2890 2824 3016 2877 mihi
3042 2863 3055 2886 ,
3079 2821 3405 2884 charissimi,
3436 2829 3491 2872 ttt

1909 2892 2153 2963 nascenti
2164 2892 2393 2963 Domino
2421 2898 2476 2963 et
2496 2893 2834 2963 Redemptori
2862 2902 3044 2948 nostro
3064 2904 3183 2946 vota
3211 2892 3489 2963 pretttitta-

1909 2973 2028 3013 mus
2054 2958 2211 3032 hodie
2233 2971 2330 3032 ,Aet
2349 2961 2673 3032 reddamus;
2702 2958 2840 3018 sicut
2859 2965 3113 3032 scriptum
3135 2958 3250 3024 est,
3284 2960 3486 3032 Vovete.

1908 3038 1955 3104 et
1984 3029 2190 3104 _reddite
2236 3030 2455 3104 Domino
2501 3031 2611 3086 Dco
2646 3043 2808 3086 vestro
2839 3029 3007 3104 (Psal.
3039 3048 3173 3104 stv
3194 3073 3208 3094 ,
3241 3029 3491 3104 12).uhlos

1908 3096 2135 3154 dulciter
2154 3110 2208 3156 et
2226 3102 2555 3157 confidenter
2583 3096 2871 3157 voveamus
2896 3119 2910 3167 ;
2942 3103 3030 3157 ille
3058 3102 3203 3155 dabit
3230 3096 3492 3168 poésibili—

1910 3176 2075 3224 tatem
2096 3210 2112 3235 ,
2140 3180 2195 3225 ut
2216 3171 2443 3227 reddere
2463 3173 2727 3240 possimus
2755 3191 2768 3228 :
2796 3187 2895 3228 nos
2918 3182 3117 3227 tantum
3140 3169 3392 3241 quidquid
3416 3169 3491 3223 illi

1911 3241 2267 3314 promittimus
2290 3285 2317 3314 ,ί
2333 3243 2521 3314 (10νί110
2549 3258 2847 3314 speremus.
2879 3242 2984 3299 Sed
3011 3242 3233 3314 fortasse
3264 3242 3492 3314 interro-

1908 3310 2173 3382 gatisme,
2194 3313 2322 3382 quid
2342 3310 2596 3367 debeatis
2608 3313 2767 3368 hodie
2784 3329 2977 3369 vovere
2997 3313 3078 3367 vel
3097 3310 3336 3382 reddere.
3358 3310 3494 3364 Sunt

1908 3381 2060 3452 multi
2081 3383 2170 3451 qui
2195 3381 2423 3449 vovent,
2446 3383 2581 3436 alius
2602 3384 2793 3452 pallam
2814 3424 2831 3449 ,
2852 3384 2988 3438 alius
3009 3383 3185 3436 oleum
3205 3381 3291 3452 vel
3314 3395 3490 3434 ceram

1907 3450 1973 3503 ad
2023 3450 2302 3506 luminaria
2344 3452 2554 3517 noctis;
2599 3450 2736 3507 alius
2755 3495 2770 3518 ,
2799 3462 2856 3507 ut
2884 3453 3062 3506 vinum
3092 3467 3195 3505 non
3226 3450 3371 3503 bibat
3400 3463 3494 3518 per

1908 3520 2358 3592 aliquothaunos;
2402 3522 2575 3586 alius,
2625 3530 2684 3575 ut
2720 3522 2920 3592 jejunia
2965 3529 3112 3592 certo
3149 3530 3388 3592 tempore
3419 3517 3494 3570 fa-

1909 3589 2051 3654 ciat;
2079 3589 2214 3645 alius
2236 3631 2251 3656 ,
2280 3599 2337 3644 ut
2353 3604 2542 3645 carnes
2571 3604 2675 3644 non
2696 3588 2959 3646 comedat.
2981 3590 3097 3644 Non
3123 3597 3207 3644 est
3233 3588 3369 3642 istud
3400 3602 3493 3640 vo-

1910 3667 2019 3712 tum
2047 3660 2303 3726 optimum
2326 3675 2424 3714 nec
2445 3659 2739 3728 perfectum
2764 3678 2778 3714 :
2799 3660 2975 3715 adhuc
2992 3660 3182 3713 melius
3212 3658 3352 3712 volo.
3373 3656 3492 3728 Non

1908 3735 2029 3795 eget
2070 3728 2210 3782 Deus
2239 3744 2339 3784 nec
2367 3727 2545 3798 specie
2573 3738 2660 3784 tua
2686 3772 2701 3796 ,
2728 3745 2830 3786 nec
2857 3730 2977 3784 oleo
3002 3738 3094 3783 tuo
3118 3770 3132 3790 ,
3164 3744 3263 3783 nec
3287 3727 3492 3798 jejunio

1910 3806 2000 3868 tuo
2031 3815 2044 3852 :
2076 3798 2170 3853 sed
2200 3800 2300 3854 hoc
2325 3797 2465 3868 quad
2487 3800 2541 3854 in
2568 3808 2619 3854 te
2645 3799 2804 3856 hodie
2831 3799 3093 3864 redemit,
3122 3800 3293 3868 ipsum
3320 3797 3455 3851 offer
3474 3837 3488 3859 ,

1910 3867 2029 3940 ltoc_
2051 3879 2133 3922 est
2156 3909 2170 3931 ,
2215 3867 2446 3924 animam
2490 3878 2653 3924 tuam.
2696 3871 2763 3930 Et
2799 3871 2844 3926 si
2880 3867 3174 3940 interrogas
3198 3868 3492 3940 me,Quo-

1908 3937 2068 3991 modo
2112 3940 2329 3993 otl'eram
2377 3940 2606 3993 animam
2650 3955 2824 3996 meam
2847 3978 2864 4008 ,
2910 3955 3067 4010 quam
3089 3937 3223 4010 'ipse
3251 3939 3411 4010 habet
3439 3937 3493 3991 itt

1910 4018 2172 4081 putestate
2198 4010 2221 4063 ?
2242 4024 2341 4079 ego
2362 4010 2453 4081 tibi
2475 4010 2772 4078 respondeo
2792 4008 3095 4081 quomodo:
3120 4008 3350 4081 Moribus
3370 4022 3493 4081 san-

1909 4076 2010 4132 ctis
2032 4120 2047 4144 ,
2091 4076 2497 4151 cogitationibus
2539 4076 2700 4136 castis
2724 4122 2739 4147 ,
2778 4076 3029 4151 operibus
3059 4079 3378 4151 fructuosis;
3406 4076 3491 4151 d_i-

1910 4147 2223 4203 vertendo'a
2250 4150 2391 4204 malo
2414 4191 2430 4214 ,
2461 4147 2827 4206 convertenda
2849 4152 2899 4204 in
2924 4152 3117 4205 bonum
3146 4166 3161 4212 ;
3193 4147 3493 4202 damnando

1909 4220 2092 4291 vitium
2118 4260 2133 4285 ,
2155 4219 2383 4291 amando
2405 4220 2571 4291 Deum
2591 4220 2894 4291 ;diligendo
2916 4221 3210 4291 proximum
3236 4255 3255 4291 ,
3284 4219 3491 4291 impen-

1910 4287 2087 4344 dettdo
2115 4289 2528 4345 misericordiam
2556 4286 2804 4356 miseris;
2832 4286 2953 4361 quia
2983 4299 3038 4361 et
3064 4289 3160 4357 ipsi
3175 4288 3367 4361 miseri
3392 4286 3492 4361 fui-3

1911 4373 2031 4413 mus
2053 4400 2070 4425 ,
2109 4368 2394 4428 antequam
2431 4360 2815 4415 redimeremur
2851 4357 2870 4414 Ξ
2913 4358 3225 4414 dimitteudo
3264 4358 3367 4411 illis
3401 4357 3490 4426 qui
3543 4392 3550 4401 .

1912 4429 1967 4484 in
2009 4444 2106 4484 nos
2148 4439 2406 4499 peccant;
2451 4430 2575 4500 quia
2603 4438 2659 4486 et
2678 4445 2783 4500 nos
2810 4445 2999 4484 omnes
3021 4429 3120 4484 sub
3149 4436 3364 4499 peccato
3392 4428 3492 4481 fui-

1912 4515 2034 4555 mus
2077 4519 2092 4554 :
2134 4500 2434 4570 superbiam
2470 4499 2764 4566 calcando;
2791 4500 2914 4570 quia
2941 4516 3034 4568 per
3058 4499 3356 4570 superbiam
3386 4500 3491 4570 pri-

1912 4585 2031 4625 mtts
2070 4570 2231 4624 homo
2265 4569 2520 4638 deceptus
2559 4581 2639 4624 est
2672 4588 2687 4624 :
2716 4569 3012 4640 abjiciettdo
3051 4569 3296 4623 invidiam
3322 4569 3490 4636 ,quia

1914 4656 2009 4711 per
2029 4640 2283 4711 invidiam
2308 4640 2515 4711 decepit
2537 4640 2778 4695 diabolus
2796 4656 2963 4711 gettus
2985 4640 3291 4711 humanum.

1982 4712 2033 4764 5.
2093 4708 2322 4775 Qualiter
2366 4705 2453 4761 (ιε’
2497 4726 2590 4763 suo
2658 4705 2867 4774 quisque
2914 4717 3104 4763 voveat.
3175 4705 3488 4760 Iracundus.

1914 4776 2514 4851 lmpudicus.ﬂ[nvidus.
2564 4778 2886 4851 ίιιοπιὶιεὶάα.Δ
2922 4778 3200 4851 Detractor.
3236 4776 3488 4851 tramitis.

1914 4847 2189 4916 Superbus.
2237 4847 2497 4903 Ebriosus.
2546 4850 2675 4917 Qum
2712 4863 2831 4902 cum
2874 4848 2945 4902 ita
2994 4848 3132 4913 sint,
3174 4847 3358 4916 erigite
3377 4862 3493 4902 om-

1912 4935 2010 4976 nes
2045 4921 2252 4975 animos
2289 4927 2527 4983 vestros,
2554 4928 2610 4973 et
2650 4919 2823 4972 nullus
2863 4918 2971 4981 sit,
3010 4920 3122 4972 sive
3165 4917 3327 4984 liber,
3377 4918 3496 4973 sive

1888 5004 2118 5056 'servus,
2148 4991 2267 5046 sive
2292 4988 2573 5059 ingenuus,
2601 4989 2691 5058 qui
2718 5004 2822 5059 non
2844 4987 3004 5059 hodie
3030 4989 3138 5041 Deo
3161 4998 3340 5043 votum
3362 4988 3491 5043 otii:-

1912 5071 1995 5115 rat
2034 5061 2190 5114 simul
2229 5069 2284 5116 et
2323 5058 2543 5114 reddat:
2585 5060 2707 5129 quia
2746 5058 2902 5112 nimis
2927 5059 3179 5129 miserum
3203 5069 3284 5113 est
3304 5069 3362 5113 ut
3383 5060 3492 5114 Deo

1910 5130 2108 5199 aliquid
2147 5144 2255 5185 non
2290 5129 2575 5184 otl‘eramus
2608 5128 2679 5183 de
2718 5136 2903 5182 nostro
2927 5170 2942 5195 ,
2969 5128 3059 5197 qui
3083 5130 3313 5183 animam
3340 5145 3491 5184 suam

1913 5215 2009 5271 pro
2034 5200 2188 5255 nobis
2217 5199 2429 5269 posuit;
2462 5207 2517 5254 et
2542 5208 2756 5269 propter
2781 5213 2900 5262 nos,
2930 5214 3051 5253 cum
3072 5210 3215 5254 esset
3236 5210 3488 5262 aeternus,

1975 5292 1990 5323 ι
2018 5297 2090 5340 Er.
2109 5290 2257 5353 Lugd.
2272 5297 2417 5339 ven.:
2441 5297 2561 5339 Sane
2581 5286 2795 5339 videmus
2817 5286 3001 5351 aliquos
3023 5297 3227 5353 vestrum
3246 5290 3424 5353 formas
3445 5300 3492 5342 et

1908 5350 2701 5413 virtutemariimorumexercentes.
2722 5358 2851 5400 Lov.:
2877 5350 2996 5413 sane
3016 5350 3494 5413 videmnusanatiaut

1909 5420 2118 5475 vestrum
2138 5412 2209 5464 ita
2230 5413 2375 5475 fortes
2395 5410 2489 5462 sint
2504 5449 2520 5473 ,
2554 5418 2601 5462 et
2633 5410 2855 5475 virtutem
2888 5412 3156 5463 animorum
3195 5410 3488 5465 exercentes.

1910 5475 2056 5526 tidem
2096 5474 2203 5524 libri
2224 5470 2524 5537 pauloipost',
2546 5470 2709 5524 milia
2731 5473 2848 5537 vitia
2865 5487 2883 5535 ;
2898 5484 2969 5537 get
2988 5484 3091 5534 ter,
3115 5480 3310 5537 pugnat.
3369 5480 3425 5522 at.

1971 5539 1992 5598 ε
2016 5537 2202 5598 Addunt
2222 5534 2301 5584 hic
2323 5534 2439 5586 editi
2459 5534 2967 5598 γοοθωιρωηίιφειὶω,
2995 5545 3046 5585 et
3073 5534 3213 5598 paulo
3237 5543 3358 5596 post,
3384 5548 3490 5597 pro,

1909 5597 2078 5668 quibus
2100 5595 2186 5648 illa
2204 5599 2334 5659 fetet,
2348 5598 2546 5658 habent,
2568 5595 2740 5661 quibus
2770 5596 2864 5647 illis
2883 5599 3041 5659 ferient.
3054 5595 3297 5659 nimiuscrit
3316 5595 3395 5648 tos
3408 5595 3490 5646 se;

1908 5672 2001 5709 cu‘t
2039 5667 2228 5716 ωηιυε.

1975 5726 2097 5770 ⁸11ἱο
2137 5723 2565 5789 Ms._ltemigianus
2604 5719 2841 5789 concludit
2898 5722 3039 5769 istum
3097 5734 3371 5772 sermonem
3402 5732 3488 5784 per

1909 5783 2013 5836 bzcc
2034 5789 2181 5837 verba
2195 5821 2209 5846 ,
2225 5783 2595 5851 ipsopriestante
2611 5783 2693 5847 qui
2707 5795 2815 5834 cum
2838 5789 2995 5843 Patre,
3023 5790 3117 5833 etc.
