3982 6468
550 320 570 374 Ι
586 318 686 373 979

545 451 761 492 Carnem
785 432 1036 502 suscepit.
1067 429 1215 485 Nunc
1237 429 1412 496 itaque
1437 426 1770 506 quicumque
1781 425 1913 506 iram
1940 435 2128 506 centra

547 510 771 562 alterum
815 496 986 564 tenet,
1031 513 1202 555 tamen
1237 511 1447 567 propter
1471 513 1706 550 amorem
1739 497 1828 549 Dei
1859 496 2086 567 dimittat
2113 513 2127 559 ;

548 589 602 633 et
631 576 818 631 obtulit
844 583 1045 627 votum.
1075 570 1130 625 Si
1157 566 1274 638 quis
1299 568 1572 620 consuevit
1598 567 1706 633 jam
1740 567 1891 638 leuga
1922 566 2129 638 diutur-

551 650 716 700 nitate
760 645 811 698 in
859 641 1062 697 luxuria
1109 637 1367 697 volutari.
1411 638 1688 704 resipiscit
1725 637 2046 704 aliquando,
2079 645 2132 689 et

550 717 781 772 excutiat
823 713 1006 768 Sordes
1045 725 1167 764 suas
1206 724 1300 777 per
1324 709 1828 786 compunctionetn;
1859 717 1912 760 ct
1939 707 2134 786 clamet

549 789 599 842 in
628 786 788 840 eordc
817 799 914 837 suo
938 783 988 835 in
1010 781 1249 834 oratione
1275 779 1533 832 secretius
1555 777 1619 829 ad
1650 777 1923 831 Dominum
1958 794 1968 804 ·
2002 777 2134 830 l—‘iis-

548 858 686 910 sime
728 855 948 908 Domine
974 894 987 913 ,
1021 849 1515 904 misericordissime
1547 848 1684 899 Dcus
1704 886 1719 912 ,
1748 846 1975 900 sufliciat
2004 847 2131 900 mihi

547 925 835 997 quodhuc
880 937 1045 997 usque
1088 920 1337 997 peccavi,
1371 919 1519 997 quod
1554 927 1610 997 ,ιο
1635 917 1928 985 contempsi
1947 915 2132 997 ,‘quod

549 987 804 1050 fetoribus
837 987 1014 1047 carnis
1059 987 1192 1044 mete
1235 988 1465 1042 satisfeci
1495 1005 1508 1039 :
1546 987 1654 1055 jam
1686 1002 1853 1052 nunc,
1886 998 1936 1041 te
1963 987 2133 1054 inspi-

551 1076 721 1125 rante.
769 1078 936 1116 voveo
976 1076 1061 1115 me
1103 1076 1133 1113 a
1175 1061 1402 1126 nequitia
1432 1073 1546 1110 mea
1571 1072 1973 1112 conversurum.
2002 1058 2134 1111 Cum

553 1137 666 1190 lucc
697 1134 901 1198 fecerit,
933 1143 986 1188 et
1011 1133 1109 1185 iste
1130 1129 1317 1183 obtulit
1343 1138 1542 1182 votum.
1569 1128 1762 1181 lterum
1789 1128 1833 1180 si
1860 1129 1976 1196 quis
2003 1127 2136 1180 invi-

548 1207 635 1260 dia
677 1215 886 1259 tenetur
916 1201 1112 1263 fratris,
1141 1210 1191 1254 et
1225 1200 1471 1254 felicitate
1500 1199 1638 1251 illius
1664 1208 1754 1251 aut
1780 1201 1986 1252 actione
2015 1213 2135 1265 pro-

551 1291 706 1344 Spera
745 1290 849 1328 non
888 1274 1201 1327 delectatur.
1233 1271 1383 1344 quod
1429 1279 1509 1322 est
1550 1278 2030 1344 peccatumuSque
2067 1269 2134 1344 ad

554 1339 778 1400 mortem
802 1363 816 1407 ;
849 1345 1123 1414 promittat
1150 1348 1202 1394 et
1233 1342 1344 1406 ipse
1366 1339 1597 1414 in__corde
1620 1353 1736 1414 suo,
1769 1339 2093 1414 imitaturum
2118 1339 2133 1370 ¹

553 1432 611 1470 se
639 1416 812 1484 potius
837 1408 986 1468 actus
1015 1412 1202 1484 bonos2
1232 1423 1388 1484 quam
1412 1410 1632 1484 livorem
1660 1408 1896 1484 ejusdem
1925 1409 2135 1484 habitu:

552 1479 671 1539 rum
725 1504 738 1538 :
785 1494 839 1538 et
862 1501 983 1537 cum
1025 1482 1162 1559 haec.
1180 1479 1394 1559 fecerit,_
1415 1488 1472 1559 et
1495 1481 1604 1559 ipse
1631 1479 1823 1559 imp-au.
1849 1488 2047 1559 votum.

553 1559 672 1623 quis
701 1572 828 1608 vero
857 1555 957 1629 sibi
987 1551 1233 1629 conscius
1256 1559 1336 1603 est
1357 1550 1432 1629 de
1462 1549 1748 1629 homicidio
1767 1589 1780 1610 ,
1812 1549 2134 1629 in_dicat.sibi

555 1618 672 1694 ipse
710 1626 761 1679 in
787 1624 949 1678 corde
974 1637 1071 1676 suo
1097 1619 1494 1694 pteni_tentiant_.
1522 1627 1578 1672 et
1605 1618 1830 1694 vindicet
1860 1621 1909 1674 in
1938 1635 1996 1673 se
2023 1619 2138 1694 ipso

555 1690 691 1749 mala
723 1711 816 1748 sua
840 1736 854 1758 ,
884 1705 937 1748 et
965 1700 1160 1746 statuat
1181 1691 1279 1743 sibi
1305 1699 1428 1744 ante
1461 1690 1624 1742 Deum
1653 1691 1944 1743 cruciatum
1967 1690 2139 1758 pceni-

555 1767 732 1819 teutize
758 1774 811 1818 et
834 1764 1062 1832 spatium
1089 1776 1104 1826 ;
1133 1769 1186 1832 ct
1209 1761 1686 1832 animumplcnum
1716 1775 1950 1832 veneno,
1977 1776 2136 1828 quem

555 1846 678 1888 ante
720 1830 906 1888 effusio
948 1831 1217 1901 sanguinis
1245 1830 1468 1898 proximi
1497 1831 1781 1895 sauciarit,
1816 1833 2014 1884 cruciet
2046 1845 2139 1896 per

555 1907 932 1959 abstinentiam
961 1912 1014 1957 ct
1043 1900 1390 1955 humilitatem
1421 1918 1434 1952 :
1466 1909 1522 1954 et
1550 1901 1943 1954 communicare
1971 1901 2139 1954 nulla-

559 1984 713 2030 tenus
740 1983 1027 2044 praesumat
1050 1989 1065 2037 ;
1091 1982 1274 2044 utnon
1301 1971 1581 2044 dupliciter
1604 1987 1661 2024 se
1689 1970 1870 2044 infelix
1897 1971 2132 2044 dammrt,

553 2045 680 2100 dum
723 2040 772 2098 iii
812 2045 975 2099 corde
1014 2042 1296 2097 criminum
1323 2040 1635 2094 horroribus
1663 2040 1818 2107 pleno
1842 2041 2138 2095 sacratissi-

555 2132 700 2169 mum
742 2131 936 2184 corpus
980 2113 1184 2184 Domini
1229 2111 1526 2184 periculose
1570 2113 1837 2184 przcsumit
1866 2111 2136 2184 accipere.

554 2186 706 2252 Quod
733 2186 775 2239 si
806 2180 921 2254 quis
951 2199 1009 2239 se
1035 2181 1474 2254 talemiagnoseit,
1500 2189 1554 2234 et
1584 2181 1696 2234 huic
1717 2180 1900 2254 fecerit
1923 2198 1938 2246 ;
1963 2183 2140 2249 etipse

557 2251 712 2310 effert
758 2251 960 2310 votum.
1015 2254 1072 2306 Si
1120 2253 1236 2322 quis
1284 2251 1453 2315 forte,
1500 2259 1558 2304 ut
1597 2251 1828 2315 aSsolet,
1861 2253 2140 2308 detrahere

555 2340 769 2394 semper
808 2325 1116 2388 consuevit,
1156 2331 1211 2377 et
1247 2323 1471 2394 aliorum
1500 2323 1736 2394 actiones
1762 2322 1975 2394 obloqui
1997 2366 2012 2387 ,
2041 2339 2141 2378 nec

556 2391 688 2450 suas
729 2397 1032 2465 respicere;
1079 2401 1280 2465 voveat
1315 2393 1470 2465 hodie
1513 2392 1620 2444 Deo
1654 2391 1705 2444 in
1739 2393 1901 2465 corde
1926 2409 2056 2458 suo,
2087 2402 2141 2448 et

555 2466 696 2520 dicat
729 2484 742 2521 :
778 2463 887 2520 lluc
914 2479 1078 2535 usque
1106 2463 1172 2535 dc
1199 2463 1444 2535 aliisdixi
1467 2500 1484 2526 ,
1513 2476 1598 2535 me
1629 2477 1733 2535 non
1752 2463 1962 2535 inspexi
1993 2479 2139 2535 ;_cgo

555 2552 700 2590 eram
733 2531 1007 2598 miserior,
1029 2545 1083 2587 et
1103 2534 1234 2588 alios
1257 2532 1479 2585 miseros
1502 2531 1869 2586 existimabam
1901 2550 1912 2584 :
1941 2543 1995 2587 et
2019 2531 2140 2589 ideo

556 2622 696 2661 llllllC
720 2606 915 2662 sufficit
942 2607 1081 2674 quod
1109 2603 1347 2674 peccavit
1372 2601 1548 2674 lingua
1565 2602 1932 2674 _mea.__amodo
1951 2619 2136 2657 emcn-

554 2677 683 2731 darc
720 2671 976 2731 delibero}
1029 2671 1164 2728 Ecce
1204 2674 1293 2740 qui
1335 2672 1451 2726 ha'c
1479 2671 1633 2734 facit,
1665 2671 1820 2727 offert
1850 2682 2048 2727 votum.
2081 2674 2138 2730 Si

555 2748 676 2816 quis
711 2747 980 2801 crudelem
1005 2759 1064 2800 se
1089 2744 1279 2816 sentit,
1313 2741 1730 2816 misericordiam
1761 2743 1922 2797 animi
1947 2755 2140 2816 voveat

561 2810 709 2880 Deo;
749 2817 793 2870 si
829 2817 946 2885 quis
974 2815 1260 2885 superbum
1279 2852 1295 2877 ,
1321 2819 1510 2885 voveat
1539 2810 1910 2867 humilitatem.
1941 2813 1995 2868 Si
2019 2815 2138 2884 quis

556 2889 680 2940 vino
708 2883 925 2940 nimium
955 2897 1037 2940 est
1063 2883 1272 2939 deditus
1292 2923 1308 2948 ,
1337 2883 1681 2936 sobrietatem
1709 2893 1895 2937 voveat
1924 2883 2053 2939 Deo.
2080 2885 2137 2940 Si

553 2958 674 3025 quis
697 2958 893 3010 seniori
920 2971 1016 3010 suo
1047 2954 1300 3023 peccavit,
1329 2953 1534 3025 veniam
1563 2960 1744 3021 petat;
1771 2962 1827 3008 et
1854 2957 1900 3008 si
1920 2955 2009 3009 ille
2029 2971 2134 3010 non

553 3023 790 3096 sapucrit
819 3035 1022 3095 petere,
1054 3025 1141 3079 ille
1167 3032 1342 3077 tamen
1367 3023 1614 3096 dimittat.

624 3092 678 3150 6.
732 3092 970 3149 Votorum
1001 3096 1178 3148 talium
1207 3098 1419 3164 fructus.
1448 3092 1627 3162 Angeli
1651 3094 1881 3150 custodes
1906 3105 2020 3148 vota
2046 3113 2138 3149 no-

553 3175 661 3219 stra
704 3166 920 3232 alierum
961 3165 1086 3219 Deo.
1127 3163 1336 3218 Etcum
1363 3163 1475 3216 lucc
1505 3164 1680 3216 omnia
1712 3165 1940 3218 feceritis
1962 3207 1977 3231 ,
2005 3166 2134 3220 cha-

555 3237 748 3290 rissimi
771 3279 786 3302 ,
819 3237 1020 3290 otl'ertis
1045 3245 1224 3287 votum
1255 3235 1362 3286 Deo
1395 3233 1638 3301 placitum
1659 3274 1672 3295 ,
1706 3242 1762 3288 et
1786 3237 1932 3304 quasi
1961 3252 2137 3290 remu-

554 3307 752 3360 neratis
793 3305 1082 3360 Christum.
1128 3304 1195 3358 Et
1234 3313 1352 3370 post
1394 3304 1507 3358 haec
1537 3305 1711 3357 veniet
1737 3307 1884 3359 vobis
1915 3307 2134 3360 benedi-

553 3377 660 3430 ctio
681 3417 695 3442 ,
741 3386 794 3428 et
831 3387 948 3427 vota
979 3387 1149 3427 vestra
1179 3374 1469 3427 oll‘crentur
1493 3383 1616 3427 ante
1646 3375 1871 3429 tribunal
1901 3376 2132 3444 Christi,

551 3455 640 3512 et,
691 3447 826 3499 sicut
871 3447 1000 3498 dixit
1030 3446 1302 3505 Salomon,
1334 3454 1736 3498 monumentum
1767 3457 1997 3498 vestrum
2026 3462 2131 3502 non

550 3517 775 3585 aecipiet
794 3517 1112 3569 oblivionem
1141 3514 1294 3585 (Sap.
1323 3531 1390 3577 ιι,
1419 3515 1512 3582 24)
1539 3531 1551 3566 :
1576 3524 1628 3566 ct
1653 3514 1856 3569 dicetur
1874 3517 1941 3569 de
1963 3518 2130 3584 vobis,

555 3586 693 3640 Ecce
737 3590 958 3654 populus
997 3601 1146 3640 meus
1186 3601 1343 3656 quem
1382 3585 1930 3656 acquisiviisanguiue
1969 3601 2129 3650 meo;

549 3658 807 3728 saturavit
861 3673 946 3728 me
991 3656 1154 3728 votis,
1198 3655 1436 3728 implevit
1471 3671 1556 3728 me
1599 3655 1955 3710 odoramentis
1987 3673 2002 3709 :
2034 3674 2133 3728 ego

551 3743 645 3798 ero
683 3727 761 3781 eis
803 3727 953 3796 quasi
999 3727 1366 3798 Dominus,ct
1405 3726 1502 3795 ipsi
1534 3735 1688 3798 erunt
1719 3728 1844 3780 mihi
1877 3728 1927 3781 in
1956 3726 2134 3798 popu-

550 3795 698 3862 lum,
741 3807 797 3850 ct
826 3795 935 3849 non
978 3799 1080 3851 erit
1106 3798 1242 3850 ultra
1287 3796 1336 3848 in
1381 3797 1458 3849 eis
1504 3795 1781 3864 captivitas
1827 3806 1920 3851 aut
1956 3795 2130 3852 deso-

551 3865 698 3920 latio.
749 3867 998 3920 Putemus
1059 3881 1214 3934 quam
1266 3866 1419 3919 dulce
1471 3876 1574 3931 est,
1609 3867 1820 3935 quando
1865 3875 1983 3922 vota
2029 3884 2129 3922 no-

547 3945 659 3990 stra
705 3936 863 3997 talia,
929 3936 1101 4004 qualia
1149 3935 1288 3998 dixi,
1331 3936 1515 4003 Angeli
1559 3938 1646 4003 qui
1709 3938 1954 3990 custodes
2009 3941 2130 3993 vitae

551 4015 748 4059 nostra:
775 4019 918 4067 sunt,
943 4017 1064 4058 ante
1093 4005 1640 4072 conspectumdivinze
1664 4007 1950 4074 majestatis
1971 4009 2128 4063 obtu-

550 4075 727 4130 lcrint.
771 4077 824 4129 Si
862 4076 1060 4146 aliquid
1099 4076 1371 4128 offerimus
1414 4075 1612 4146 homini
1646 4085 1858 4129 terreno
1885 4087 1938 4131 ct
1965 4080 2128 4132 mori-

550 4156 670 4198 turo
693 4188 706 4209 ,
734 4157 786 4199 et
815 4145 990 4199 tamen
1013 4153 1288 4215 speramus
1316 4160 1413 4199 nos
1436 4145 1504 4215 ab
1529 4145 1618 4199 illo
1636 4146 1856 4199 multum
1887 4161 2128 4215 receptu-

547 4232 636 4270 ros
661 4228 714 4271 ct
739 4214 1066 4285 adjuvandus
1098 4235 1112 4270 :
1143 4217 1185 4270 si
1216 4217 1323 4269 Deo
1347 4214 1544 4283 aliquid
1571 4215 1638 4271 de
1667 4217 1864 4271 nostris
1890 4214 2127 4273 moribus

545 4287 858 4358 offeramus,
887 4299 1138 4358 quantmn
1166 4285 1525 4358 recipiemus?

615 4360 668 4413 1.
707 4356 972 4414 Iucarnoti
995 4359 1182 4413 Christi
1209 4356 1568 4410 recordationis
1598 4358 1811 4426 fructus.
1843 4357 1992 4414 Nunc
2023 4361 2125 4414 ita-

541 4447 646 4504 que
691 4433 1018 4488 exsultemus
1059 4431 1114 4504 in
1146 4428 1372 4504 Domino
1393 4428 1771 4504 ,_g_audeamus
1799 4445 1918 4504 cum
1957 4432 2081 4504 fletu
2107 4473 2122 4494 ,

544 4500 811 4558 memores
834 4504 1000 4555 simus
1040 4500 1358 4568 dignationis
1383 4500 1575 4568 divime
1602 4507 1656 4552 et
1682 4501 2000 4566 captivitatis
2026 4518 2123 4552 Ito-

545 4587 695 4627 stne.
741 4567 1137 4640 Quemcumque
1185 4570 1415 4640 potentia
1466 4567 1700 4640 elcvat,_
1731 4570 1905 4622 veniat
1949 4571 2020 4622 illi
2071 4573 2122 4624 in

544 4638 780 4697 intentem
819 4638 1088 4695 humilitas
1111 4639 1306 4694 Christi
1332 4656 1345 4700 ;
1381 4647 1438 4693 ut
1469 4654 1573 4692 non
1605 4638 1861 4706 ditigatur
1884 4641 1948 4692 ad
1977 4642 2122 4695 illum

544 4715 804 4768 Sententia
830 4714 926 4766 ista
954 4755 968 4775 ,
1000 4713 1137 4778 Quid
1162 4711 1388 4777 superbis
1411 4750 1426 4774 ,
1454 4720 1586 4762 terra
1612 4720 1657 4762 et
1685 4710 1808 4762 ciuis
1836 4709 2021 4776 (Eccli.
2055 4728 2082 4764 χ
2104 4753 2119 4776 ,

541 4784 598 4847 9)
625 4785 648 4836 ?
671 4784 896 4850 Quando
923 4783 1168 4836 videmus
1197 4795 1582 4848 quemcumque
1605 4780 1854 4834 miserum
1880 4791 1970 4833 aut
1993 4796 2119 4850 ege-

543 4869 709 4916 num,
759 4855 938 4907 veniat
985 4852 1138 4906 nobis
1189 4853 1240 4903 in
1294 4861 1523 4904 mentem
1569 4851 1931 4904 misericordia
1981 4852 2118 4915 Dei;

543 4923 752 4992 quando
778 4923 1040 4992 captivum
1061 4963 1078 4985 ,
1110 4921 1285 4992 veniat
1316 4921 1466 4974 nobis
1493 4921 1543 4973 in
1571 4929 1802 4992 mentem
1828 4921 2124 4988 redemptio

545 4991 751 5045 Domini
794 4990 994 5070 nostri._
1019 4991 1552 5070 Quandopeccatum
1581 4990 1948 5070 quodcumque
1973 4992 2118 5070 dele-

540 5069 652 5114 ctat
678 5070 768 5113 aut
787 5062 1022 5130 subrepit
1045 5102 1058 5124 ,
1087 5063 1157 5116 sit
1185 5062 1337 5114 nobis
1366 5061 1694 5130 iun'temoria
1722 5061 1861 5126 quod
1884 5061 1992 5128 jam
2020 5063 2119 5116 de-

541 5130 646 5183 leta
701 5140 825 5182 sunt
876 5127 1090 5199 peccata
1141 5142 1340 5184 nostra.
1395 5127 1508 5183 Non
1562 5131 1843 5197 perdamus
1888 5127 2118 5198 pretium

542 5199 814 5268 sanguinis
843 5201 1074 5264 Christi,
1105 5216 1202 5254 nec
1231 5199 1557 5254 maculemus
1585 5199 1774 5252 stolam
1805 5202 1996 5253 animae
2024 5217 2120 5270 per

542 5271 905 5339 iniquitatem,
945 5280 1037 5322 aut
1072 5272 1340 5338 rapinam,
1386 5280 1474 5322 aut
1501 5271 1998 5336 concupiscentiam.
2027 5272 2116 5324 Ja—

539 5338 750 5396 cuimus
769 5381 784 5405 ,
819 5338 932 5408 jam
958 5341 1122 5408 erecti
1147 5356 1363 5401 sumus;
1391 5341 1647 5393 vulnerati
1678 5339 1980 5404 fueramus,
2003 5342 2115 5407 jam

539 5428 724 5465 sumus
763 5407 955 5465 sanati.
977 5407 1099 5479 Non
1128 5410 1231 5463 erit
1258 5411 1526 5463 excusatio
1549 5412 1966 5479 qualiscumque.
2004 5412 2122 5463 Dia-

542 5481 692 5551 bolus
722 5489 896 5551 potest
920 5478 988 5535 ad
1021 5479 1217 5551 malum
1248 5480 1503 5543 invitare,
1533 5478 1636 5532 non
1666 5491 1838 5548 potest
1868 5480 2114 5544 trahere;

538 5549 942 5606 delectationem
987 5549 1177 5613 infert,
1220 5563 1326 5603 non
1353 5558 1664 5618 potestatem
1690 5568 1702 5614 ;
1732 5552 2008 5606 consilium
2038 5553 2117 5604 iu-

537 5623 704 5694 gerit,
731 5635 837 5676 non
862 5619 1188 5676 conﬂictum.

605 5753 624 5789 ⁸
642 5759 710 5810 III
724 5761 830 5807 ius.
852 5757 1083 5819 potiores.
1121 5753 1205 5807 Alli
1221 5765 1330 5806 cum
1356 5751 1496 5804 editis
1511 5788 1524 5815 _.
1550 5751 1905 5804 meditaturum.

1988 304 2208 362 APPEN
2217 305 2350 363 DIX.

3692 309 3855 365 1980

2312 424 2364 476 8.
2426 420 2710 492 Virginibus
2751 424 2869 489 quid
2911 431 3189 477 cm'uudum
3229 436 3315 479 aut
3347 428 3642 480 carendum.
3671 427 3852 484 Nunc

2238 508 2366 560 ergo
2407 507 2619 561 propter
2661 507 2866 563 partum
2911 495 3074 548 hcat:c
3103 495 3276 548 Maria:
3303 497 3371 550 sit
3399 497 3525 550 mibi
3552 513 3733 552 sermo
3767 501 3852 555 ad

2239 564 2470 631 virgines
2490 604 2504 626 ,
2533 566 2642 617 sive
2671 565 2735 616 ad
2767 565 2906 617 viros
2925 605 2940 627 ,
2973 566 3084 620 sive
3107 566 3170 618 ad
3198 567 3451 628 feminas.
3481 568 3592 623 sive
3615 570 3849 632 viduas.

2237 635 2350 686 sive
2385 635 2700 700 ptenitcntes
2719 675 2733 696 ,
2767 636 2876 688 sive
2904 651 3160 703 pauperes
3179 678 3192 700 ,
3229 638 3339 691 sive
3368 654 3569 692 servos.
3606 639 3723 694 Non
3745 654 3850 694 est

2237 703 2376 772 apud
2418 705 2583 756 Deum
2619 705 2719 758 nisi
2753 706 3062 758 meritormn
3094 706 3361 761 discretio.
3395 709 3584 763 Audite
3614 727 3700 764 me
3732 712 3850 767 ita-

2237 789 2373 847 que,
2419 775 2739 847 quicumque
2787 775 2928 847 dono
2968 776 3162 847 Christi
3215 777 3266 830 in
3321 792 3544 846 corpore
3593 781 3850 847 virgines

2237 845 2388 896 estis.
2439 843 2771 918 Generaliter
2808 845 2994 912 loquor
3019 846 3083 898 ad
3109 862 3293 900 omnes
3313 889 3328 912 ,
3358 843 3532 902 audite
3562 843 3851 918 tneani-

2238 929 2465 981 cumque
2513 915 2752 981 agnoscit
2797 931 2854 968 se
2899 931 3018 969 esse
3044 918 3183 983 qttod
3211 918 3360 980 dico,
3393 920 3597 972 studeat
3627 927 3684 973 ut
3711 915 3850 974 cor-

2240 999 2367 1053 porc
2394 985 2629 1058 eteorde
2650 987 2717 1058 sit
2737 986 2901 1054 virgo.
2927 987 3014 1040 Sic
3039 988 3258 1058 gau'leal
3285 989 3352 1042 dc
3380 990 3523 1042 lurro
3551 993 3841 1058 corporis,

2239 1055 2281 1106 si
2313 1071 2416 1106 non
2446 1054 2632 1108 habeat
2661 1055 2912 1109 damnum
2941 1060 3148 1109 unione.
3168 1057 3404 1111 Gaudeat
3431 1054 3689 1114 tamende
3711 1071 3834 1114 tam

2242 1124 2475 1192 pretioso
2504 1124 2644 1176 dono
2663 1125 2868 1194 tihristi
2894 1143 2906 1186 ;
2935 1127 3160 1194 gaudeat
3188 1144 3306 1180 eum
3336 1128 3630 1184 htnuililate
3649 1173 3663 1194 ,
3701 1131 3849 1186 ﬂeat

2239 1209 2359 1266 cum
2389 1196 2600 1262 pietate.
2642 1193 2849 1250 Gratias
2886 1193 3025 1263 agat,
3055 1199 3178 1266 quia
3211 1206 3406 1252 tantam
3439 1193 3746 1255 felicitatem
3778 1205 3841 1256 in

2241 1263 2539 1331 integritate
2570 1274 2740 1332 portat
2774 1283 2786 1320 :
2816 1265 3044 1337 ltetetur,
3073 1263 3199 1336 quia
3229 1280 3597 1324 secuturusest
3619 1274 3844 1337 Agnum

2241 1349 2572 1411 quocumque
2605 1337 2723 1411 ierit
2747 1351 2761 1400 ;
2785 1335 3027 1411 si_tat_nen
3056 1335 3106 1392 in
3137 1354 3230 1411 ore
3255 1339 3372 1405 ejus
3392 1381 3404 1400 .
3438 1341 3572 1393 sicut
3601 1335 3846 1411 legimus

2242 1404 2292 1477 in
2323 1403 2654 1477 Apocalypsi.
2688 1405 3021 1460 mendacium
3053 1424 3156 1462 non
3187 1403 3482 1463 inveniatur
3503 1403 3682 1477 (Apoc:
3715 1429 3840 1477 ιη’,

2240 1474 2307 1539 4,
2365 1475 2628 1548 5)._0ret_
2656 1478 3137 1548 persevcrantiam,
3182 1489 3232 1530 ut
3279 1495 3380 1532 non
3408 1474 3842 1548 illiqualiscum;

2241 1560 2345 1612 que
2387 1545 2668 1600 delectatio
2713 1547 2890 1601 surculi
2935 1557 3026 1602 aut
3052 1548 3245 1602 invidia
3275 1549 3471 1604 diaboli
3500 1545 3699 1605 tantum
3731 1555 3842 1605 do—

2242 1630 2370 1667 num
2416 1616 2592 1677 tollat,
2627 1624 2824 1670 tantam
2863 1617 3152 1672 claritatem
3183 1620 3442 1674 innubilct
3465 1661 3479 1683 ,
3511 1632 3716 1676 tantum
3753 1625 3844 1676 ui-

2245 1686 2685 1758 torcminfuseet.
2718 1687 2917 1740 Teneat
2946 1687 3154 1743 fortiter
3177 1731 3192 1753 ,
3224 1706 3327 1741 non
3354 1692 3538 1758 perdat
3559 1708 3669 1745 rem
3694 1694 3842 1746 irre-

2245 1755 2576 1822 parabilem,
2625 1771 2728 1809 non
2774 1772 2879 1810 uno
2921 1769 3192 1813 momento
3226 1755 3592 1815 delectationis
3619 1765 3842 1816 amittat

2241 1824 2461 1899 gratiam
2494 1827 2766 1899 corporis,
2797 1842 2899 1899 non
2927 1830 3205 1882 contrahat
3233 1832 3610 1899 turpitudinem
3636 1836 3842 1888 anim-.2

2247 1897 2808 1968 per,pulchritudinem
2843 1897 3024 1951 forma:
3054 1897 3354 1968 corruptae,
3385 1917 3488 1954 non
3523 1903 3667 1956 illum
3696 1919 3837 1957 cou-

2241 1967 2561 2043 cupiscentia
2608 1967 2800 2043 vincat.
2822 1968 2890 2043 Δ51
2919 1984 3003 2022 mc
3033 1967 3295 2043 audierit,
3329 1985 3602 2039 permanet
3632 1991 3644 2027 :
3678 1975 3834 2043 quod

2242 2035 2283 2088 si
2315 2051 2416 2088 non
2443 2036 2698 2100 audierit,
2730 2038 3022 2093 amissurus
3050 2049 3132 2094 est
3157 2041 3297 2111 quod
3325 2035 3595 2112 nunquam
3626 2035 3710 2098 est
3738 2062 3837 2098 re-

2246 2115 2539 2174 paraturus.

2313 2175 2365 2229 9.
2413 2176 2548 2248 Quid
2590 2179 2892 2248 conjugatis.
2943 2179 3078 2244 Quid
3119 2180 3300 2234 viduis.
3344 2179 3480 2245 Quid
3505 2183 3828 2239 mulieribus.

2243 2244 2437 2299 lterum
2469 2246 2532 2299 ad
2560 2262 2654 2300 vos
2677 2244 2803 2301 inihi
2835 2265 3012 2320 sermo
3041 2259 3122 2303 est
3145 2291 3159 2314 ,
3190 2253 3276 2318 qui
3297 2244 3550 2320 coniuges
3578 2254 3790 2308 habetis
3817 2272 3834 2320 ;

2243 2331 2436 2391 Ilioneo
2473 2327 2530 2370 ut
2563 2328 2707 2391 caste
2735 2319 2990 2373 habeatis.
3023 2320 3153 2373 Nam
3181 2331 3234 2375 et
3266 2319 3533 2376 Elisabeth
3561 2340 3679 2391 quze
3706 2319 3831 2379 Ion;

2243 2387 2405 2458 gmvis
2444 2389 2769 2455 temporibus
2793 2399 2938 2458 caste
2964 2405 3084 2443 cum
3111 2393 3300 2445 marito
3326 2392 3523 2445 vixerat
3548 2435 3562 2458 ,
3580 2387 3644 2447 'ct
3669 2396 3837 2449 ambo

2245 2455 2424 2528 Iideles
2449 2468 2571 2528 ante
2602 2458 2876 2511 Dominum
2907 2457 3134 2525 fuerant,
3155 2462 3464 2528 meruitjam
3491 2455 3559 2516 de
3583 2477 3837 2520 emortuo

2244 2527 2445 2580 semine
2473 2527 2666 2601 habere
2693 2529 2878 2601 lilium,
2902 2530 2992 2598 qui
3019 2541 3071 2584 et
3095 2527 3375 2585 sanctitate
3398 2542 3644 2601 parentes
3668 2550 3836 2588 orna-

2243 2607 2420 2672 r_ct,_ct
2442 2597 2810 2672 prtcdicatione
2833 2597 3026 2654 multos
3054 2601 3296 2656 infideles
3321 2597 3656 2657 converteret
3673 2605 3831 2672 (Luc.

2244 2666 2322 2738 t).
2353 2666 2546 2721 Iterum
2589 2669 2737 2721 vobis
2767 2669 2952 2737 loquor
2975 2711 2989 2732 ,
3022 2686 3140 2738 qua:
3166 2673 3294 2724 estis
3323 2673 3493 2726 vidua:
3521 2691 3533 2726 :
3561 2666 3833 2730 custodite

2241 2737 2546 2789 viduitatem
2573 2779 2587 2802 ,
2612 2753 2715 2790 non
2737 2749 2907 2792 estote
2930 2737 3168 2794 verbosa.-
3193 2758 3207 2806 ;
3231 2742 3325 2795 scd
3351 2758 3471 2796 cum
3496 2744 3707 2796 silentio
3733 2762 3832 2799 ex-

2241 2815 2477 2881 spectate
2512 2808 2788 2881 Dominum
2813 2850 2826 2873 ,
2853 2811 2941 2881 qui
2971 2812 3228 2878 pupillum
3257 2822 3309 2866 ct
3331 2813 3539 2866 viduam
3563 2815 3782 2881 suscipit
3811 2834 3828 2881 ;

2239 2877 2779 2951 sedbonanrvidnam
2803 2920 2818 2943 ,
2851 2877 2945 2932 sed
2974 2877 3113 2934 illam
3139 2898 3256 2951 quae
3285 2884 3335 2935 in
3363 2884 3623 2944 oratione,
3647 2877 3825 2939 in'hu-l

2241 2947 2463 3020 militate
2487 2988 2500 3010 ,
2546 2947 2597 3020 in
2625 2949 2978 3020 elccmosynis
3007 2960 3089 3003 est
3113 2947 3353 3020 prompta
3389 2971 3403 3007 :
3431 2953 3475 3006 si
3505 2962 3650 3007 certe
3677 2957 3820 3010 unde

2241 3014 2398 3091 faciat
2435 3019 2722 3091 non_habet
2745 3059 2760 3082 ,
2795 3014 3127 3091 voluntatem
3149 3014 3342 3075 bonam
3369 3031 3422 3076 et
3447 3024 3828 3091 cogitationem

2239 3087 2500 3140 sinceram
2541 3087 2749 3141 habeat.
2793 3088 3203 3165 Mulierespnon
3234 3087 3570 3165 maledicite.
3601 3110 3705 3146 non
3735 3096 3828 3165 ju-

2240 3165 2354 3232 rate
2380 3198 2394 3220 ,
2426 3173 2528 3210 non
2557 3167 2726 3212 estote
2754 3170 3010 3232 prompta:
3036 3161 3100 3214 ad
3133 3163 3473 3232 loquendum.
3507 3163 3664 3218 Forte
3691 3161 3826 3220 dicis

2240 3227 2598 3296 importunum
2643 3243 2762 3282 esse
2801 3229 2940 3296 quod
2980 3231 3120 3284 dico.
3161 3227 3273 3285 Nen
3305 3233 3429 3286 mihi
3457 3244 3633 3286 tacere
3660 3236 3823 3290 licet:

2239 3297 2356 3372 plus
2398 3301 2556 3372 timeo
2591 3298 2734 3372 illum
2763 3301 2850 3367 qui
2873 3300 3024 3367 jubet
3047 3341 3061 3363 ,
3093 3317 3249 3371 quam
3277 3303 3424 3356 illum
3455 3303 3543 3372 qui
3571 3304 3821 3359 detrahit.

2240 3365 2351 3434 Ego
2394 3368 2512 3420 dico
2541 3385 2552 3418 :
2581 3370 2669 3440 qui
2707 3365 2973 3436 agnoscit,
3003 3365 3287 3436 emendet;
3317 3374 3404 3440 qui
3436 3365 3486 3425 ui
3516 3389 3574 3426 se
3602 3391 3705 3428 non
3735 3393 3822 3429 rc-

2236 3440 2539 3513 coguoscit,
2567 3439 2744 3492 audiat
2772 3448 2827 3493 et
2857 3449 3032 3494 teneat
3054 3481 3069 3507 ,
3099 3452 3156 3496 ut
3179 3443 3296 3496 aliis
3325 3439 3422 3513 pro
3446 3445 3615 3497 salute
3635 3447 3824 3500 dicere

2276 3518 2420 3558 USSII.

2237 3520 2420 3653 .
2439 3578 2574 3641 Quid
2603 3578 2968 3653 paenitentibus.
3003 3580 3250 3652 Plangere
3264 3583 3406 3636 docte
3454 3583 3602 3637 Nunc
3617 3585 3724 3653 jam
3748 3588 3818 3641 ad

2235 3662 2330 3699 vos
2361 3649 2576 3721 loquor,
2611 3651 2924 3717 pteuiteutes
2944 3692 2957 3715 ,
2990 3654 3078 3720 qui
3106 3649 3468 3721 ptmitentiam
3506 3656 3556 3708 in
3583 3649 3815 3712 ecclesia

2234 3719 2515 3794 accepistis
2558 3729 2610 3772 et
2635 3721 2807 3794 agitis.
2839 3719 3184 3794 Perseverate.
3211 3724 3263 3776 in
3292 3724 3413 3777 [ictu
3436 3766 3450 3788 ,
3482 3725 3530 3776 in
3561 3740 3818 3794 compuno

2234 3790 2409 3840 ctione
2431 3788 2586 3842 docte
2615 3790 2860 3864 plangite.
2886 3792 3020 3859 Quid
3039 3802 3138 3857 est,
3163 3794 3318 3847 docte
3341 3794 3612 3863 plangite?
3635 3788 3815 3864 ld'est,

2235 3866 2290 3910 ut
2320 3874 2422 3933 non
2453 3859 2700 3933 qua-ratis
2727 3861 2778 3913 in
2808 3864 3046 3916 oratione
3074 3859 3387 3933 temporales
3415 3859 3520 3929 res,
3551 3867 3641 3919 sed
3661 3859 3818 3921 atteri

2235 3943 2355 3980 nam
2386 3929 2759 4002 beatitudinem
2776 3941 2828 3984 et
2855 3929 3218 3987 remissionem
3239 3937 3702 4002 peccatorum.Qui
3735 3939 3816 3992 sic

2232 4008 2369 4058 orat,
2403 3999 2513 4065 ipse
2533 4000 2686 4076 docte
2714 4001 2932 4076 plangit.
2945 4003 3055 4076 Non
3071 3999 3265 4076 cadent
3278 4005 3342 4057 ad
3359 4016 3551 4058 terram
3569 3999 3815 4076 laérymm

2233 4077 2443 4142 vcstrze;
2465 4070 2586 4137 quia
2615 4087 2769 4142 verax
2794 4084 2873 4124 est
2900 4073 2988 4126 ille
3008 4074 3091 4126 cui
3121 4075 3373 4142 propheta
3403 4076 3533 4127 dixit
3558 4093 3570 4128 :
3595 4070 3815 4130 Posuisti

2233 4137 2482 4214 lacryrnas
2501 4155 2634 4214 ruens
2650 4141 2700 4191 in
2721 4152 2986 4214 conspectu
3008 4152 3093 4196 tuo
3112 4137 3279 4211 Psul.
3307 4161 3398 4209 Lv,
3421 4143 3498 4214 9).
3529 4146 3629 4198 Vos
3653 4147 3814 4201 modo

2230 4209 2361 4280 satis
2383 4209 2585 4262 debetis
2613 4225 2790 4264 amare
2823 4213 2984 4264 Deum
3009 4254 3024 4277 ,
3053 4209 3195 4267 etde
3227 4215 3415 4267 timore
3435 4209 3543 4280 jam
3575 4217 3638 4268 ad
3671 4217 3803 4270 dile-

2230 4279 2460 4354 ctionem
2505 4280 2767 4354 transire;
2802 4283 2942 4354 quia
2973 4287 3048 4335 sic
3083 4285 3306 4350 legimus
3347 4286 3396 4336 in
3434 4285 3718 4354 Evangelio
3744 4288 3811 4340 de

2233 4349 2525 4427 pyccatrice
2549 4350 2649 4427 _i_lla
2667 4349 2811 4427 .nCut'
2841 4353 3053 4427 multum
3081 4349 3348 4427 dimittitur
3364 4349 3628 4427 {multum
3650 4357 3810 4427 diligit

2231 4417 2377 4494 (Luc.
2404 4433 2476 4470 vti
2497 4460 2511 4481 ,
2535 4419 2648 4485 47).
2675 4419 2738 4472 Et
2761 4421 2877 4494 ideo
2900 4423 3118 4476 multmu
3140 4424 3342 4476 debetis
3361 4425 3580 4493 diligere
3605 4417 3803 4494 Deum,

2229 4489 2316 4563 qui
2359 4503 2450 4540 vos
2485 4491 2868 4563 exspectando,
2908 4501 2961 4544 ct
2989 4508 3090 4545 non
3121 4493 3416 4562 puniendo,
3449 4489 3514 4546 ad
3548 4489 3808 4563 pmniteu;

2231 4559 2354 4608 tiam
2385 4559 2676 4625 perducere
2701 4559 2947 4625 dignatus
2971 4571 3072 4614 est.
3121 4559 3136 4562 “
3548 4559 3562 4563 ⁷
3764 4578 3768 4584 ’

2303 4629 2386 4700 tl.
2441 4630 2756 4698 Apostmphe
2797 4630 2863 4680 ad
2902 4648 3163 4700 pauperes.
3213 4633 3364 4687 Nune
3409 4634 3595 4686 iterum
3621 4635 3687 4688 ad
3715 4653 3804 4692 vos

2234 4698 2583 4774 milii__sertno
2621 4708 2748 4774 es_t,_
2779 4698 3054 4774 pauperes.
3099 4703 3202 4774 Vos
3238 4706 3357 4757 dico
3400 4720 3687 4773 pauperes,
3717 4712 3803 4774 qui

2229 4768 2583 4843 metilicatis,
2601 4770 2688 4837 qui
2720 4770 2785 4823 de
2815 4772 3147 4843 eleeirnosyna
3172 4768 3587 4828 Christianormn
3613 4768 3800 4832 vivitis.

2226 4836 2584 4890 Consolaniiui
2607 4836 2631 4900 ,ί
2665 4841 3008 4892 consolamini
3039 4836 3063 4893 ε’
3085 4844 3352 4895 tribulatio
3380 4854 3550 4897 vestra
3577 4861 3799 4900 convcr-

2227 4915 2366 4959 tetur
2409 4908 2460 4960 in
2509 4907 2790 4976 gaudium,
2836 4920 2889 4964 et
2930 4910 3083 4966 dolor
3126 4922 3300 4966 vester
3326 4914 3375 4966 in
3403 4914 3658 4967 lanitium.
3689 4917 3801 4970 Non

2225 4978 2375 5050 vobis
2419 4978 2484 5030 sit
2534 4979 2830 5047 ingratum,
2873 4981 3012 5050 quod
3055 4983 3396 5048 meudicatis,
3443 4999 3543 5038 nec
3587 4986 3704 5038 ideo
3751 4990 3798 5040 iu

2226 5047 2386 5123 eordc
2429 5057 2606 5123 vestro
2653 5050 2851 5118 aliquid
2890 5047 3080 5123 contra
3126 5054 3288 5106 Deum
3316 5047 3540 5117 dieatis;
3565 5058 3684 5123 quia
3717 5057 3798 5112 ille

2219 5116 2393 5189 justus
2413 5127 2462 5170 et
2486 5119 2601 5185 pius
2629 5129 2709 5172 est
2733 5116 2782 5172 in
2809 5122 3055 5174 omnibus
3077 5123 3327 5189 operibus
3355 5125 3485 5176 suis.
3521 5116 3720 5178 Et'ideo
3747 5140 3796 5181 te

2226 5187 2348 5239 fecit
2376 5202 2657 5260 pauperem
2683 5229 2696 5251 ,
2728 5200 2784 5242 ut
2808 5187 3346 5245 sufferendobrcvem
3371 5195 3618 5260 inOpiam,
3647 5207 3798 5248 ater-

2226 5271 2346 5309 uam
2374 5258 2532 5309 vitam
2564 5260 2865 5327 acquireres
2898 5278 2910 5311 :
2944 5270 2996 5314 et
3024 5261 3237 5314 divitem
3272 5263 3394 5316 ideo
3415 5258 3537 5318 fecit
3562 5305 3574 5324 ,
3602 5265 3795 5319 utduiu

2225 5327 2317 5378 tibi
2349 5327 2610 5403 superflua
2636 5330 2819 5403 daret,
2852 5331 3146 5384 remedium
3174 5333 3402 5400 peccatis
3426 5335 3536 5385 suis
3565 5337 3797 5403 acquire-

2225 5405 2324 5475 rct.
2378 5397 2445 5449 Et
2496 5399 2616 5452 ideo
2670 5400 2928 5468 patientes
2980 5397 3196 5466 estote,
3244 5411 3300 5456 et
3345 5397 3656 5471 eupectate'
3697 5405 3796 5459 Do-

2226 5483 2445 5520 mtuum.

2298 5537 2380 5613 12.
2419 5538 2496 5590 Ad
2521 5554 2702 5613 seruos.
2727 5539 2899 5613 Etiam
2923 5556 3099 5595 sermo
3127 5542 3252 5613 mihi
3278 5543 3448 5598 estad
3473 5558 3598 5611 vos,
3626 5545 3790 5613 servi,

2224 5609 2543 5684 quit-umque
2575 5609 2862 5684 adominosa
2892 5613 3132 5666 carnales
3187 5612 3392 5684 habetis
3421 5656 3438 5680 ,
3480 5609 3798 5684 cuicumque

2225 5679 2423 5750 servitii
2455 5679 2808 5733 conditionem
2834 5680 3040 5734 debetis
3065 5699 3077 5732 :
3108 5683 3317 5736 oheditc
3338 5679 3565 5741 dominis
3585 5679 3792 5750 vestris,

2227 5747 2424 5817 diligite
2452 5765 2512 5804 ex
2542 5751 2699 5804 corde
2725 5793 2736 5814 ,
2771 5768 2872 5806 non
2906 5753 2968 5806 ad
2999 5753 3207 5807 oculum
3237 5759 3554 5826 servientes,
3584 5761 3675 5818 sed
3698 5747 3790 5824 mi;
