3982 6446
235 303 372 360 l’89

231 433 292 468 (·ι
317 419 372 470 lo
409 416 616 470 venisse
661 415 938 468 manifeste
979 413 1382 484 cognoscimus,
1433 428 1588 484 quem
1631 425 1808 466 mium

227 503 328 556 pro
355 497 538 538 nostra
567 487 736 556 salute.
756 485 859 556 Dei
893 486 1061 538 Patris
1090 495 1142 538 et
1167 485 1392 556 Spiritus
1421 485 1588 556 sancti
1608 486 1814 556 ivirtute

231 553 612 623 comperimus.
667 553 841 608 Multis
881 556 1022 608 enim
1071 563 1194 607 ante
1240 555 1576 608 nuntiabatur
1606 553 1813 608 indiciis

229 641 368 678 nova
391 625 532 678 coelo
553 635 774 678 ventura
803 626 1100 694 progenies.
1127 624 1286 678 Vides
1308 639 1456 692 ergo,
1478 624 1809 688 charissimc,

227 695 524 748 Salvatoris
567 705 764 758 ortum,
821 695 912 748 Dei
957 710 1076 748 esse
1121 695 1408 757 virtutem;
1465 709 1584 747 cum
1635 694 1702 746 de
1747 709 1813 746 eo

229 765 512 832 Propheta:
543 779 650 818 non
692 773 934 826 taceant,
977 775 1030 818 et
1055 763 1282 832 Spiritus
1325 775 1540 818 sanctus
1567 765 1810 817 fateatur.

222 835 364 902 Quid
401 834 709 902 priuclarius
734 835 900 888 stella:
925 835 1149 886 nuntio?
1189 833 1312 902 quid
1341 834 1612 902 Magorum
1643 833 1811 888 niani-

225 909 362 958 fcsta
406 903 788 958 confessione?
829 905 954 970 quid
987 903 1374 969 Prophetarum
1415 913 1518 956 tam
1561 903 1716 956 simili
1757 911 1812 958 ct

223 983 334 1028 tam
361 975 668 1028 continuata
697 975 999 1026 sententia?
1023 973 1228 1042 Ubique
1257 984 1410 1028 notus
1431 982 1512 1028 cst
1537 973 1806 1040 Dominus,

223 1045 426 1112 ubique
455 1053 610 1112 natus
638 1059 700 1096 cx
731 1044 935 1112 virgine
964 1045 1257 1112 nuntiatur.

292 1111 348 1166 δέ
383 1111 542 1166 Beata
573 1111 723 1182 Virgo
753 1111 900 1182 typus
929 1111 1186 1166 Ecclesia'.
1221 1112 1282 1166 Et
1309 1112 1558 1182 quoniam
1585 1127 1704 1166 cum
1723 1127 1809 1166 se-

219 1183 456 1236 cundum
501 1197 714 1236 carnem
745 1192 924 1236 natum
957 1199 1022 1236 ex
1060 1183 1260 1250 virgine
1287 1183 1515 1236 diximus
1539 1225 1552 1245 ,
1580 1197 1722 1236 nunc
1746 1197 1808 1236 ea

219 1270 342 1322 quae
381 1251 726 1322 spirituaiiter
767 1254 966 1306 sentire
1001 1266 1314 1322 possumus,
1343 1253 1684 1306 disseramus.
1719 1253 1806 1306 Vi-

219 1270 342 1322 quae
381 1269 726 1322 spirnuanter
767 1269 966 1306 sentire
1001 1269 1314 1376 Vissumus,
1343 1269 1684 1306 disseramus.
1723 1269 1806 1306 vi-

217 1325 448 1392 deamus
475 1338 604 1392 ergo
627 1337 746 1392 qua:
773 1333 854 1375 est
883 1323 970 1376 iila
1054 1324 1162 1390 irgo
1193 1332 1298 1376 tam
1330 1334 1532 1387 sancta,
1557 1323 1622 1376 ad
1649 1339 1806 1391 quam

217 1391 452 1460 Spiritus
495 1391 713 1448 sanctus
738 1393 916 1446 venire
945 1393 1192 1462 dignatus
1225 1403 1305 1446 est
1337 1410 1349 1444 :
1383 1409 1502 1460 qua:
1545 1401 1650 1446 tam
1683 1407 1806 1460 spe-

217 1465 388 1526 ciosa,
415 1477 576 1532 quam
605 1463 740 1518 Deus
767 1464 928 1532 elegit
955 1477 1204 1530 sponsam
1231 1481 1242 1514 :
1277 1479 1396 1529 quae
1423 1471 1526 1515 tam
1555 1461 1766 1530 copiosa
1786 1501 1802 1526 ,

219 1535 376 1598 Cujus
409 1533 808 1602 generationem
835 1543 1058 1586 cunctus
1087 1532 1229 1586 orbis
1256 1533 1526 1602 excipiat:
1551 1548 1677 1602 qum,
1699 1543 1806 1586 tam

217 1611 366 1656 casta
387 1601 502 1662 ,ιιι
531 1603 696 1670 possit.
731 1603 876 1671 virgo
905 1617 1022 1656 esse
1049 1612 1166 1669 post
1195 1611 1422 1670 partum.
1457 1601 1642 1654 Nonne
1665 1601 1720 1655 in
1745 1603 1807 1654 fi-

255 1688 350 1726 ura
373 1673 547 1726 Mariae
567 1683 746 1742 typum
777 1674 1012 1726 videmus
1037 1687 1156 1742 esse
1182 1681 1378 1742 saneta:
1403 1672 1692 1726 Ecclesia}?
1721 1671 1804 1726 Ad

255 1689 350 1726 ora
373 1689 547 1726 aiat-ue
567 1689 746 1742 typum
777 1689 1012 1726 videmus
1037 1689 1156 1726 esse
1184 1689 1378 1726 saneta:
1403 1689 1652 1726 nccnesue
1673 1689 1692 1724 ι
1721 1689 1804 1726 Λα

213 1689 358 1796 fianc
399 1743 580 1812 utique
607 1752 822 1797 sanctus
857 1741 1134 1796 descendit
1173 1741 1440 1810 Spiritus;
1473 1741 1596 1812 huic
1637 1743 1804 1796 virtus

217 1813 562 1866 obumbravit
605 1812 859 1866 Altissimi
885 1852 900 1875 ,
949 1812 1070 1866 hinc
1115 1823 1302 1879 potens
1342 1813 1534 1868 virtute
1559 1811 1804 1866 Christus

215 1883 508 1950 egreditur.
551 1881 674 1936 ilarc
715 1892 798 1936 est
837 1882 1168 1936 immaculata
1213 1883 1534 1947 concubitu,
1579 1881 1801 1936 fecunda

217 1965 394 2020 partu,
421 1955 570 2022 virgo
593 1953 836 2006 castitate
859 1971 872 2006 :
897 1951 1010 2006 lucc
1029 1953 1258 2019 concipit
1281 1967 1382 2006 noo
1415 1954 1544 2014 viro,
1567 1953 1658 2006 sed
1680 1953 1801 2018 Spi-

215 2025 358 2086 ritu;
391 2024 501 2076 hmc
529 2023 663 2090 parit
705 2037 808 2076 non
835 2022 1021 2076 dolore
1043 2061 1058 2084 ,
1091 2025 1183 2074 sed
1213 2023 1438 2090 gaudio;
1483 2023 1596 2076 lucc
1633 2023 1800 2076 nutrit

215 2108 324 2146 non
355 2095 518 2148 ubere
544 2093 802 2162 corporis,
831 2091 924 2146 sed
947 2094 1080 2146 lacte
1110 2091 1361 2146 doctoris.
1388 2093 1512 2146 llzec
1538 2103 1620 2146 est
1645 2093 1802 2160 igitur

213 2175 414 2230 Sponsa
443 2163 638 2218 Christi
667 2171 720 2217 et
745 2163 978 2231 gentium
1009 2171 1178 2216 mater
1197 2203 1210 2226 ,
1241 2178 1360 2230 qua:
1385 2177 1442 2216 se
1467 2165 1672 2231 plenam
1701 2163 1803 2216 mi-

215 2243 398 2298 ratur,
431 2241 484 2287 et
513 2234 668 2288 fetam
695 2233 919 2286 ltetatur.
949 2233 1006 2285 In
1033 2233 1132 2286 hac
1163 2247 1292 2301 ergo
1316 2233 1402 2286 die
1429 2249 1530 2300 qua
1558 2231 1802 2288 Salvator

215 2305 484 2364 na~eitur,
519 2303 788 2372 splendori
809 2303 939 2357 lucis
965 2313 1188 2371 augetur
1207 2344 1220 2366 ,
1251 2303 1584 2356 tenebrarum
1627 2303 1800 2372 caligo

213 2373 492 2426 minuitur.
537 2371 592 2427 ln
639 2372 738 2426 hac
761 2371 846 2426 die
879 2373 966 2428 lux
991 2373 1226 2428 caelestis
1253 2373 1592 2428 credentibus
1623 2371 1800 2428 reddi-

213 2451 321 2513 tur,
345 2453 400 2496 et
425 2443 476 2498 in
499 2453 693 2496 interna
715 2455 870 2496 nocte
898 2443 1156 2496 diabolica
1184 2443 1430 2513 ﬁgmenta
1455 2443 1795 2498 damnantur.

211 2511 268 2568 lu
303 2513 402 2568 hac
434 2513 519 2566 die
545 2515 630 2568 lux
665 2513 860 2568 crescit
887 2529 952 2566 ex
979 2513 1177 2567 lumine
1199 2511 1494 2578 {virtutum
1527 2514 1692 2568 virtus
1719 2523 1800 2566 at-

211 2583 438 2652 tollitur,
457 2584 618 2652 gloria
647 2585 955 2638 aiternitatis
971 2585 1208 2652 erigitur,
1233 2585 1620 2652 reparatiooem
1645 2598 1796 2638 suam

211 2651 441 2707 Domino
466 2651 774 2708 secundum
820 2667 1036 2706 carnem
1057 2651 1318 2707 nascente
1345 2653 1572 2708 mundus
1595 2653 1796 2721 ample-

209 2725 389 2776 ctitur.
413 2723 572 2780 Plena
603 2724 672 2778 sit
695 2737 822 2792 ergo
841 2723 944 2776 diei
969 2722 1127 2790 hujus
1155 2723 1428 2784 festivitas.
1453 2725 1505 2778 iu
1531 2739 1634 2792 qua
1657 2725 1797 2778 Deus

210 2795 378 2848 nostri
411 2807 615 2846 memor
645 2801 854 2848 terrena
881 2794 1094 2848 visitare
1116 2794 1362 2862 dignatus
1395 2803 1476 2848 est
1495 2833 1510 2857 ,
1555 2803 1608 2848 et
1637 2793 1798 2848 amis-

207 2877 324 2918 sam
351 2863 664 2918 mortalibus
689 2863 862 2918 lucem
884 2865 1144 2918 adventus
1169 2864 1250 2916 sui
1272 2864 1508 2918 claritate
1531 2863 1793 2918 restituit:

205 2933 330 3002 quia
363 2935 474 3002 ipse
499 2942 580 2986 est
607 2933 854 3000 splendor
874 2943 928 2986 et
957 2933 1122 3001 gloria
1145 2943 1341 2986 a-terna
1362 2973 1376 2998 ,
1418 2935 1672 2990 Dominus
1701 2951 1794 2986 no-

207 3015 320 3056 ster
334 3003 488 3056 Jesus
511 3002 788 3067 Christus;
810 3005 896 3060 cui
919 3015 1002 3057 est
1045 3003 1216 3058 honor
1235 3013 1290 3060 et
1315 3005 1484 3074 gloria
1505 3005 1558 3060 in
1601 3005 1794 3059 smcula

203 3074 548 3130 seculorum.
573 3076 764 3128 Amen.

701 3165 932 3220 SERMO
968 3164 1154 3220 cxx"
1201 3165 1300 3238 (α).

699 3261 748 3304 In
771 3253 918 3304 Natali
931 3257 1132 3316 Domini,
1153 3269 1198 3304 vi
1214 3255 1302 3318 (b).

283 3339 332 3392 1.
400 3339 584 3392 Clu-isti
653 3339 900 3392 nascentis
973 3339 1228 3406 beneﬁcia.
1283 3337 1338 3392 in
1404 3337 1632 3392 adventu
1689 3339 1794 3394 Do-

205 3411 426 3472 minieo,
453 3409 640 3462 fratres
663 3408 990 3470 cliarissimi,
1023 3409 1226 3462 solutus
1256 3419 1336 3462 est
1361 3409 1532 3462 omnis
1561 3421 1792 3476 paterna:

209 3480 658 3550 praevaricationis
689 3487 896 3544 metus,
929 3493 1082 3548 quem
1121 3477 1394 3550 diabolicis
1423 3479 1620 3532 dttdum
1653 3479 1794 3550 frau-

203 3549 366 3604 dibus
415 3549 632 3602 incurrit
681 3549 1036 3604 circumventa
1079 3549 1393 3602 mortalitas.
1447 3551 1612 3602 Adest
1648 3549 1788 3603 enim

205 3619 364 3674 nobis
385 3621 504 3674 coeli
543 3629 800 3686 terra-que
821 3619 990 3672 .Iudcx
1011 3660 1025 3682 ,
1055 3619 1144 3686 qui
1185 3619 1413 3672 rescisso
1438 3619 1678 3687 cbirogra
1687 3621 1792 3688 pho

203 3689 540 3748 delictorum.
577 3699 778 3742 reatum
803 3697 1040 3742 nostrum
1063 3689 1344 3742 miseratus
1365 3687 1606 3742 absolvit.
1629 3689 1786 3744 Adest

207 3761 298 3813 ille
323 3759 596 3830 Dominus,
619 3761 704 3828 qui
723 3758 906 3830 juguin
935 3758 1506 3830 captivitatisantiqua:
1537 3775 1564 3810 a
1592 3760 1790 3830 nostris

205 3829 507 3884 cervicibus
531 3829 746 3882 solvens
764 3829 1090 3892 ,tnmrorem
1119 3829 1298 3882 mundi
1329 3839 1525 3882 alterna
1550 3829 1790 3883 libertate

207 3899 460 3954 ln-tilicet.
485 3899 652 3952 Adest
677 3915 769 3952 rex
791 3899 880 3953 ille
911 3907 1216 3952 mansuetus
1235 3939 1250 3963 ,
1273 3898 1360 3968 qui
1391 3913 1484 3966 per
1509 3901 1674 3969 spatia
1705 3910 1788 3954 ιο-

207 3973 312 4024 tius
339 3971 504 4034 orbis,
535 3969 766 4024 caelestis
781 3969 996 4038 justitiaa
1017 3969 1284 4038 gressibus
1309 3969 1576 4036 incedens,
1605 3984 1790 4038 super-

209 4041 440 4094 bientem
469 4039 691 4093 furentis
729 4039 924 4092 inimici
958 4047 1196 4092 conterat
1235 4039 1586 4109 tyrannidem.
1622 4040 1788 4096 llodie

205 4125 463 4179 namque,
497 4111 820 4178 parturiente
849 4109 1010 4162 Maria
1031 4150 1046 4174 ,
1079 4120 1234 4162 natus
1273 4121 1352 4162 est
1381 4111 1531 4164 nobis
1581 4111 1670 4164 Dei
1699 4111 1787 4163 Fi-

205 4179 329 4240 lius;
353 4191 408 4232 ut
426 4195 672 4248 germana
697 4180 870 4234 carnis
893 4189 1087 4232 nostra:
1107 4179 1456 4247 conceptione
1478 4180 1782 4248 productus,

203 4259 388 4304 creato
411 4266 440 4302 a
466 4266 524 4304 se
547 4249 742 4302 homini
763 4259 816 4303 et
842 4249 1088 4319 pietatem
1117 4257 1384 4318 paternam
1414 4261 1466 4306 et
1493 4249 1784 4306 fraternum

205 4321 488 4374 largiretur
512 4319 778 4373 aﬂ'ectum.

277 4337 286 4346 ·
325 4335 488 4374 iretur
512 4335 778 4373 allectum.

277 4335 334 4444 ἕ.
361 4389 616 4444 Nascendi
641 4391 816 4444 modus
845 4387 1008 4444 Deum
1035 4389 1210 4456 probat
1239 4397 1280 4442 et
1303 4389 1571 4444 hominem.
1607 4389 1674 4444 Et
1694 4405 1787 4443 na-

206 4469 296 4516 tus
325 4475 454 4515 sane
475 4463 543 4514 ab
569 4461 760 4514 intacta
791 4469 873 4514 est
901 4460 1125 4518 femina;
1160 4471 1216 4512 ut
1241 4476 1358 4512 eum
1391 4461 1584 4528 pariter
1613 4471 1665 4514 et
1692 4461 1786 4514 Ito-

205 4531 405 4584 ininein
437 4541 714 4584 testaretur
741 4541 920 4598 partus
951 4531 1208 4582 humanus
1227 4570 1241 4590 ,
1269 4540 1322 4584 et
1350 4532 1510 4584 Deum
1541 4532 1784 4600 probaret

203 4611 406 4654 interna
435 4601 724 4669 virginitas.
753 4601 882 4653 Nam
920 4601 1056 4654 sicut
1079 4613 1179 4652 non
1210 4609 1414 4668 poterat
1440 4601 1537 4653 nisi
1567 4617 1690 4654 caro
1719 4603 1786 4656 de

203 4686 370 4725 carne
389 4675 550 4734 nasci;
573 4671 640 4724 ita
665 4687 768 4724 non
795 4679 1000 4740 poterat
1025 4669 1115 4740 Dei
1132 4685 1256 4722 caro
1271 4671 1338 4724 de
1359 4671 1586 4724 femineo
1613 4681 1782 4738 utero,

205 4743 308 4794 nisi
339 4742 454 4795 sine
480 4751 767 4810 generante
797 4741 1028 4809 prodire.
1069 4739 1290 4808 Propter
1329 4741 1468 4810 quod
1511 4741 1582 4794 ait
1625 4757 1786 4810 ange-

207 4811 292 4866 lus
319 4809 638 4865 beatissume
671 4811 845 4864 Maria:
879 4829 892 4864 :
926 4809 1148 4876 Spiritus
1177 4809 1379 4864 sanctus
1405 4809 1712 4876 superueniet
1733 4813 1786 4864 in

205 4891 288 4942 te.
313 4891 360 4934 et
381 4883 532 4934 virtus
559 4881 802 4936 Altissimi
835 4881 1140 4934 obumbmbit
1169 4881 1255 4934 tibi
1277 4895 1296 4932 .'
1323 4891 1369 4933 et
1393 4883 1530 4949 quod
1555 4893 1788 4936 nascetur

203 4968 270 5004 ea:
294 4961 343 5004 te
363 4961 590 5022 sanctum
611 4993 626 5016 ,
671 4951 925 5004 vocabitur
953 4949 1001 5004 F
1004 4951 1119 5005 ilius
1145 4949 1236 5022 Dei
1265 4949 1412 5022 (an.
1441 4967 1458 5006 ι
1482 4992 1496 5014 ,
1528 4949 1640 5022 35).
1664 4953 1789 5022 Spi-

201 5021 332 5076 ritus
351 5063 366 5088 ,
397 5021 584 5092 inquit,
611 5031 813 5076 sanctus
832 5022 1139 5089 superveniet
1157 5021 1206 5074 in
1235 5031 1298 5092 te.
1322 5021 1526 5076 Idcirco
1547 5021 1658 5088 tibi,
1685 5021 1790 5078 fra-

205 5101 328 5154 ter,
371 5091 618 5145 virtutem
663 5093 830 5144 sancti
861 5093 1088 5160 Spiritus
1130 5091 1400 5161 angelicus
1427 5107 1604 5146 sermo
1647 5108 1786 5161 pne-

207 5163 371 5228 texit,
397 5179 463 5217 ne
489 5163 810 5228 conjecturis
828 5161 1054 5217 carnalis
1082 5161 1453 5230 disputationis
1479 5163 1784 5228 hebetatus,

201 5233 431 5304 ("infeste
467 5233 560 5286 tibi
601 5233 714 5301 ipse
743 5233 1052 5304 mysterium
1097 5241 1304 5286 terrena
1333 5235 1788 5303 argumentatiOne

203 5301 516 5357 confundas.

275 5375 312 5428 3
363 5372 505 5426 Medi
535 5373 676 5426 istius
704 5371 1026 5443 possibilitas.
1060 5369 1318 5426 Nascendi
1347 5383 1444 5426 tres
1471 5373 1658 5442 species
1685 5373 1785 5427 mi-

205 5445 408 5498 rabiles.
440 5445 545 5497 Aut
587 5457 693 5498 non
745 5453 896 5514 putas
932 5455 1054 5498 eum
1085 5457 1275 5498 novum
1307 5457 1526 5514 puerum
1573 5445 1626 5498 in
1669 5445 1786 5500 alvo

290 5603 344 5674 (ιὲ
363 5595 523 5674 Ωιίιιξν
544 5599 609 5674 (ιβ
629 5599 945 5674 Tempust!
968 5605 1060 5674 aet
1083 5606 1224 5674 Post:
1247 5601 1296 5672 in
1325 5599 1710 5674 Αρρεηάίςθ,
1739 5663 1748 5672 .

290 5603 344 5648 u‘t
363 5601 523 5672 Olim,
544 5601 608 5649 de
629 5606 868 5662 Tempore
889 5601 945 5672 ii
968 5613 984 5672 ;_
1007 5605 1060 5649 et
1083 5606 1190 5674 post
1209 5633 1224 5659 ,
1247 5601 1296 5672 in
1325 5601 1590 5670 Appendice
1613 5601 1688 5673 33.
1739 5663 1748 5672 .

208 5601 568 5775 eihigxaxima
589 5663 770 5726 ϐρίθεσι
786 5675 816 5714 0
840 5662 1068 5712 mbuttur
1087 5675 1138 5711 tu
1159 5659 1298 5714 libris
1319 5671 1650 5725 numnam}.th
1668 5669 1716 5712 et
1739 5675 1786 5712 ιιι

1655 301 1880 356 SEMIO
1917 299 2146 354 CXXIII.

3365 315 3494 371 i990

1929 413 2154 490 ﬁ'irgittis
2183 413 2410 481 potuisse
2437 414 2692 490 formare.
2736 418 2824 486 qui
2851 433 2970 474 cum
2999 422 3226 490 primum
3251 427 3506 484 conderet

1923 482 2332 566 h.ttl.llinl|9-I.n,.ncc
2353 499 2532 566 semen
2559 487 2738 552 patris,
2754 482 2858 542 nec
2879 482 3076 546 viscera
3101 505 3336 550 materna
3358 482 3504 566 qua";-

1919 553 2078 632 sivit?
2101 553 2194 634 Dic
2221 555 2416 634 itaqiie,
2445 557 2762 624 quicumque
2789 573 3120 634 es__supern;e
3148 553 3500 634 dispensatio-

1921 623 2001 674 nis
2037 623 2236 695 arbiter
2255 635 2308 676 et
2333 623 2634 689 discussor,
2675 643 2792 695 qua:
2833 629 2925 682 tibi
2945 623 3152 686 videtur
3181 623 3346 690 vii‘tus
3369 640 3500 691 emi-

1921 693 2162 772 nentior,
2195 693 2906 772 partumtledisse‘virgini,
2951 709 3042 754 aut
3083 703 3372 772 perfectum
3405 707 3498 760 ho-

1919 765 2134 838 minem
2157 778 2370 838 creasse
2397 764 2464 818 de
2495 767 2671 818 terra?
2711 764 2920 822 Primus
2953 764 3098 824 enini
3123 777 3306 838 homo,
3341 785 3396 829 ut
3423 778 3496 832 ait

1921 833 2319 910 Apostolus.nde
2345 843 2748 910 terra,_t_errenus
2767 855 2785 902 ;
2807 841 3056 894 secundus
3081 843 3230 896 homo
3259 833 3323 898 de
3348 847 3492 910 ario,

1915 905 2122 974 emlestis
2153 905 2192 974 (Ι
2215 903 2330 957 Cor.
2353 920 2442 968 xv,
2467 906 2576 972 47).
2597 907 2650 958 Si
2671 921 2854 961 contra
2885 920 3122 964 naturam
3145 929 3264 968 esse
3283 903 3492 970 contan

1915 973 2024 1030 dis.
2045 973 2194 1044 quod
2229 975 2278 1026 in
2329 977 2580 1044 mysterio
2609 977 2988 1044 redemptionis
3015 993 3208 1036 nostra:
3233 1001 3347 1038 sme
3377 987 3492 1040 viro

1917 1043 2094 1118 puclla
2119 1043 2716 1118 asseriturconeepisse;
2741 1043 2907 1114 cujus,
2935 1065 3132 1118 quaeso,
3165 1065 3366 1108 naturm
3387 1065 3485 1118 est,

1913 1113 2051 1179 quod
2085 1115 2136 1165 in
2181 1124 2401 1182 parente
2433 1117 2644 1182 generis
2675 1113 2836 1170 nostri
2873 1113 2996 1172 caro
3034 1113 3148 1174 sine
3189 1137 3352 1178 carne
3389 1113 3489 1179 for;

1915 1191 2054 1256 mata
2083 1187 2198 1236 est?
2220 1184 2346 1250 Qua-
2374 1193 2454 1256 est
2485 1185 2583 1256 ista
2611 1187 2764 1244 ratio.
2795 1189 2902 1242 imo
2921 1205 3076 1256 (piam
3103 1207 3240 1245 eatea
3269 1206 3490 1248 eonten-

1915 1251 2034 1326 t_io,_
2059 1261 2112 1304 ut
2143 1269 2244 1306 non
2281 1255 2528 1326 credatur
2565 1255 2704 1326 Deus
2745 1259 2916 1310 facere
2941 1251 3210 1314 hominem
3241 1279 3392 1326 posse
3419 1265 3488 1320 de

1915 1321 2106 1404 femina
2129 1363 2143 1387 ,
2167 1339 2321 1404 quem
2345 1323 2579 1404 creditur
2602 1325 2668 1376 de
2689 1327 2904 1404 pulvere
2926 1327 3112 1384 Γριδιεκε
3128 1331 3151 1382 ?
3170 1334 3222 1384 Si
3242 1321 3488 1404 Oimiipo-

1913 1393 2148 1469 tentis._o
2168 1392 2324 1444 homo
2344 1433 2359 1456 ,
2393 1393 2478 1444 tali
2521 1394 2572 1446 in
2599 1399 2812 1469 negotio
2835 1413 2951 1450 esse
2975 1401 3224 1469 perspicis
3250 1392 3488 1456 volun-ta-

1911 1469 2041 1542 teni,
2067 1461 2139 1542 tle
2164 1477 2326 1542 opere
2350 1477 2446 1515 cur
2469 1461 2759 1542 retractas?
2791 1461 3131 1542 (inania-enirn
3147 1511 3160 1532 ,
3197 1473 3332 1526 sicut
3357 1475 3486 1542 legi-

1913 1539 2026 1592 tur,
2055 1530 2429 1610 Dominusqntv
2449 1534 2600 1610 vetuit
2615 1575 2630 1600 ,
2665 1537 2778 1603 fecit
2797 1538 2849 1588 iu
2877 1539 3000 1590 casto
3020 1549 3066 1592 et
3085 1541 3136 1592 in
3149 1530 3294 1594 terra
3315 1530 3480 1610 (ρεὲὶι.

1909 1613 2132 1678 crstini,
2165 1605 2240 1678 6):
2273 1601 2334 1654 Et
2358 1603 2401 1655 si
2428 1601 2683 1657 sollicitus
2711 1610 3086 1678 perscrutcris,
3123 1601 3486 1678 prmter‘hunc

1909 1669 2199 1742 legitimum
2225 1671 2464 1725 humanm
2487 1669 2850 1742 ciinreptionis
2871 1693 3021 1730 usum
3039 1721 3052 1742 ,
3075 1669 3192 1732 tres
3215 1683 3364 1736 valde
3385 1685 3485 1738 mi-

1909 1739 2100 1816 rabiles
2117 1741 2364 1795 nascendi
2387 1745 2592 1816 species
2607 1739 2879 1816 operatam
2899 1739 3132 1816 reperies
3149 1751 3480 1807 Trinitatem.

1909 1808 1975 1862 Et
2007 1812 2174 1878 prima
2214 1813 2528 1886 estquidem
2555 1854 2568 1878 ,
2613 1808 2752 1886 quod
2785 1808 3240 1886 Adaiu'lignratus
3267 1837 3330 1874 ex
3355 1823 3483 1879 limo

1907 1889 1988 1932 est
2015 1897 2026 1930 :
2055 1883 2304 1940 secunda,
2337 1883 2472 1947 quod
2499 1885 2687 1936 "illiin
2725 1884 2946 1939 formata
2977 1883 3050 1942 de
3071 1891 3304 1944 masculo
3332 1910 3344 1942 :
3373 1903 3481 1947 ter-

1909 1949 1976 2026 tia
1999 1965 2158 2026 ,_qu:e
2181 1963 2253 2026 get
2279 1953 2510 2026 cmlestis
2539 1963 2647 2014 est.
2681 1955 2820 2022 quod
2849 1955 3090 2010 Christus
3121 1963 3376 2026 processit
3413 1979 3480 2018 ex

1907 2021 2128 2096 virgine.
2159 2021 2518 2096 Qttidhorum
2561 2038 2662 2096 non
2692 2021 2936 2096 novum?
2977 2021 3328 2096 quid'horum
3372 2048 3478 2087 non

1905 2091 2326 2170 mirabileiqnid
2351 2091 2569 2158 horum,
2603 2095 2702 2170 nisi
2734 2095 2888 2170 fidem
2921 2091 3230 2170 seqttamur,
3259 2101 3482 2170 inquisi-

1907 2161 1980 2240 tio
2009 2163 2199 2228 poterit
2247 2161 2472 2240 humana
2511 2163 2826 2240 complecti?
2851 2161 3227 2240 Qtiod'_atitem
3257 2161 3480 2240 mystico

2028 2239 2284 2299 conceptu
2315 2229 2798 2308 visitareniundum
2831 2229 3104 2308 suttiirDei
3131 2229 3375 2308 dignatus
3399 2253 3480 2296 est

1903 2299 2088 2362 Filius,
2121 2311 2320 2374 noslrze
2345 2303 2442 2352 hoc
2471 2303 2654 2374 salutis
2676 2305 2962 2360 necessitas
2985 2299 3250 2374 flagitabat
3277 2329 3290 2364 :
3319 2313 3478 2366 nimi-

1901 2383 2020 2450 rum
2049 2372 2354 2450 utcmlestis
2379 2371 2586 2450 lantiunt
2613 2375 2886 2441 generatio
2909 2371 3196 2446 repararet,
3219 2381 3356 2450 quod
3379 2398 3476 2436 ua-

1905 2440 2076 2493 tivitas
2103 2449 2306 2494 terrena
2338 2440 2654 2508 perdiderat.

1971 2510 2026 2582 4.
2057 2510 2240 2564 Christi
2281 2511 2534 2564 humilitas
2565 2513 2798 2582 potentia
2821 2513 2976 2582 signis
3011 2518 3274 2572 reveletur.
3309 2520 3478 2576 Virtu-

1903 2588 1974 2632 tes
2000 2581 2094 2658 huc
2117 2582 2197 2632 die
2221 2581 2729 2658 contuieridatw._Si-d
2761 2581 3002 2658 [crussis
3029 2586 3168 2640 hunc
3196 2591 3281 2658 qui
3325 2603 3478 2646 natus

1901 2650 2218 2730 praedicatur
2246 2667 2310 2703 ex
2335 2651 2556 2714 femina,
2583 2653 2708 2730 dum
2739 2654 2928 2706 vilibus
2953 2650 3246 2730 obvolvitur
3265 2665 3474 2730 pannis,

1899 2719 2026 2800 dum
2045 2720 2224 2800 jacere
2249 2731 2634 2800 contentusest
2659 2723 2708 2776 iu
2743 2727 2987 2800 przesepi,
3011 2727 3134 2780 dum
3167 2719 3477 2800 laci-'yniosis

1899 2791 2159 2868 vagitibus
2185 2803 2491 2868 concrepat2
2523 2793 2646 2846 dum
2675 2791 2929 2868 maternis
2957 2795 3178 2868 Iactatur
3203 2791 3476 2868 uberibus,

1902 2859 2216 2938 Dcumesse
2229 2861 2456 2938 difﬁdis;
2475 2863 2584 2915 lmo
2605 2879 2699 2930 per
2719 2863 2835 2938 ista,
2867 2865 3062 2938 frater,
3092 2867 3306 2924 adverte
3329 2859 3474 2938 eum,

1899 2939 1952 3006 et
1979 2939 2032 2988 ut
2075 2931 2344 3006 hominem
2371 2931 2576 2984 infirma
2599 2947 2696 3006 pro
2731 2933 2955 2988 infirmis
2989 2939 3266 3004 pertulisse
3289 2982 3303 3006 ,
3335 2953 3388 2996 et
3417 2931 3478 2998 ιιὶ

1901 2999 2066 3080 Deum
2109 2999 2739 3080 potentiannexercitisse
2777 2999 3068 3080 cmlestein.
3109 3009 3204 3080 llic
3249 2999 3476 3080 natoque

1937 3072 1986 3123 ui
2019 3071 2356 3146 sordentibus
2379 3071 2980 3146 circumdaturpannis.
3009 3077 3168 3144 regiis
3197 3095 3288 3146 per
3311 3071 3474 3134 cum.

1938 3155 2044 3216 suos
2067 3141 2372 3216 muneribus
2395 3141 2704 3216 honoratur.
2729 3143 2822 3196 llic
2847 3147 2934 3213 qui
2965 3146 3016 3198 in
3050 3141 3270 3216 pwrmsepi
3297 3150 3472 3204 humi-

1898 3209 1963 3266 lis
1978 3210 2148 3288 jacet,
2179 3211 2518 3288 lumine_nov_i
2547 3209 3235 3288 sidcrisﬂcortiscate'eicio:
3263 3219 3356 3272 llic
3383 3222 3473 3288 qui

1899 3283 2102 3352 vagitus
2125 3281 2294 3352 reddit
2319 3281 2572 3344 iufantim,
2593 3281 2816 3352 angelici
2841 3287 3106 3339 exercitus
3123 3288 3340 3344 vocibus
3359 3281 3438 3344 col
3453 3321 3474 3334 -

1899 3350 2162 3403 laudatur.
2197 3351 2288 3404 llic
2314 3352 2402 3419 qui
2433 3350 2820 3408 feminco'lacte
2849 3359 3096 3420 nutritur,
3123 3361 3282 3411 multa
3306 3361 3474 3414 humi-

1899 3435 2024 3498 num
2055 3421 2219 3498 millia
2249 3421 2557 3498 parvissiino
2585 3437 2718 3490 pane
2745 3425 2970 3498 satiavit.
2991 3425 3140 3498 Quid
3170 3427 3303 3498 illud
3341 3431 3472 3498 adji-

1896 3490 2050 3552 ciam,
2081 3490 2220 3558 quod
2249 3493 2407 3542 Deum
2437 3491 2586 3544 illum
2615 3501 2668 3545 et
2695 3507 2880 3546 verum
2909 3493 3002 3548 Dei
3027 3490 3146 3550 esse
3167 3495 3358 3551 Filium
3383 3490 3470 3554 re-

1895 3575 2118 3625 surgens
2137 3575 2164 3612 a
2197 3560 2418 3613 mortuis
2445 3561 2675 3615 Lazarus
2703 3561 2909 3629 probat,
2940 3575 3183 3632 receptus
3203 3567 3266 3620 ad
3293 3569 3468 3624 lumen

1893 3643 2067 3682 camus
2105 3632 2415 3706 annuntiat,
2469 3632 2786 3706 venerandis
2830 3633 2944 3700 ejus
2978 3635 3186 3706 calcata
3235 3639 3470 3706 vestigiis

1895 3715 2055 3751 maris
2081 3701 2218 3752 unda
2247 3707 2468 3753 testatur
2488 3741 2501 3760 .
2533 3709 2586 3754 ct
2615 3700 2754 3770 quod
2800 3705 3056 3770 praecellit
3097 3705 3212 3758 inec
3250 3700 3426 3762 omnia
3451 3750 3466 3770 .

1893 3770 2166 3848 resultans
2199 3787 2230 3822 (τ
2262 3769 2424 3848 _ca_3|o_
2465 3785 2564 3823 vox
2617 3769 2832 3840 paterna
2883 3775 3199 3848 confirmat?
3251 3769 3470 3848 Propter

1893 3839 2067 3910 quod,
2099 3839 2462 3904 dilectissimi,
2503 3839 2883 3910 tam’magnum
2915 3844 3014 3897 hoc
3045 3847 3328 3900 nativitatis
3353 3839 3466 3902 'Do-

1895 3909 2105 3964 mittiCtB
2127 3919 2512 3964 sacramentum
2541 3911 2711 3980 dignis
2733 3909 2950 3967 vocibus
2977 3913 3316 3970 honoremus.
3349 3919 3471 3972 Dili-

1889 3993 2086 4053 gamus
2105 3995 2210 4053 pne
2237 3982 2482 4034 omnibus
2499 3984 2803 4053 casutatem
2829 4001 2842 4036 :
2867 3985 2986 4053 quia
3017 3996 3072 4038 ιιι
3099 3986 3306 4052 placere
3333 3989 3470 4044 hanc

1891 4049 1990 4126 sibi
2011 4050 2276 4126 Christus
2317 4052 2626 4126 ostenderet
2649 4093 2662 4113 ,
2683 4049 3010 4126 _pudiciiiam
3036 4049 3169 4126 uteri
3201 4057 3468 4126 virginalis

1889 4120 2065 4196 e'egit.
2091 4121 2826 4196 Sectemurmisericordiam;
2853 4127 2972 4190 quia
2993 4125 3202 4194 pietatis
3223 4120 3306 4180 est
3329 4129 3468 4196 quod

1891 4190 2176 4264 salvantur.
2209 4190 2489 4264 Justitiam
2517 4192 2742 4264 sollicite
2775 4190 3082 4264 teneamus;
3119 4197 3239 4264 quia
3266 4190 3470 4254 ad'hoc

1892 4258 2202 4328 Unigenitus
2235 4260 2324 4313 Dei
2353 4260 2490 4314 effici
2517 4262 2760 4330 dignatus
2785 4273 2864 4316 est
2892 4258 3074 4326 homo,
3103 4258 3160 4318 ui
3185 4269 3461 4322 veritatem

1889 4331 2186 4408 prmdicans
2205 4371 2220 4392 ,
2252 4331 2552 4385 universam
2581 4332 2758 4386 mundi
2787 4333 2972 4388 faciem
3001 4331 3248 4390 damnata
3271 4337 3464 4408 iniqui-

1891 4407 1996 4454 tate
2022 4409 2290 4470 purgaret.

2369 4489 2598 4546 διεκιιο
2635 4491 2838 4546 cxxm
2871 4491 2969 4564 (η).

2345 4587 2397 4630 In
2421 4581 2566 4632 Natali
2601 4583 2799 4644 Domini,
2827 4599 2890 4634 vn
2914 4585 3005 4648 (b).

1963 4663 2013 4717 i.
2082 4663 2625 4740 Christinaciniiranrla
2681 4669 2953 4740 nativitas.
3001 4667 3183 4740 Virgo,
3213 4681 3356 4734 ante.
3419 4681 3466 4726 et

1891 4743 2000 4802 post
2029 4745 2246 4802 partum.
2273 4733 2528 4788 Nativitas
2555 4736 2764 4792 Domini
2793 4739 2956 4792 nostri
2991 4733 3114 4794 Jesu
3153 4739 3346 4794 Christi
3385 4751 3467 4796 to-

1892 4805 2282 4878 ttttninundutn
2313 4819 2446 4878 n_ova
2475 4805 2733 4878 adventus
2761 4809 2846 4878 sui
2879 4807 3035 4862 hodie
3069 4809 3186 4864 luce
3214 4813 3462 4878 perfudit.

1889 4873 2058 4946 Hodie
2079 4873 2146 4946 de
2170 4875 2308 4946 caelo
2336 4874 2472 4928 Deus
2491 4875 2766 4929 descendit
2785 4877 2852 4932 ad
2882 4879 3168 4946 hominem;
3201 4873 3258 4935 ut
3279 4882 3330 4936 in
3357 4897 3469 4938 τωο

1892 4945 1956 4998 lis
1999 4944 2196 5022 homini
2243 4955 2571 5022 prmpararet
2605 4961 2906 5022 ascensum.
2949 4948 3118 5022 Hodie
3159 4944 3468 5022 accepimus

1891 5023 2072 5068 natum
2097 5015 2225 5078 Dei,
2252 5015 2467 5086 virginis
2503 5017 2696 5082 filium,
2729 5019 2964 5072 omnium
2989 5015 3320 5076 credentium
3352 5023 3467 5078 Sal-

1887 5093 2127 5156 vatoretn
2150 5127 2166 5150 ,
2209 5085 2370 5140 Deum
2397 5085 2464 5140 de
2491 5085 2660 5148 Patre.
2693 5087 2960 5143 hominem
2991 5089 3058 5144 de
3085 5101 3272 5156 matre,
3299 5093 3465 5152 Deum

1889 5155 2186 5230 occultum,
2221 5157 2486 5230 hominem
2532 5159 2887 5230 manifestum.
2919 5161 2982 5212 Et
3003 5155 3468 5230 quoniatn’diabo-

1889 5225 1972 5282 lus
1999 5241 2094 5296 per
2118 5237 2420 5296 serpentem
2441 5228 2562 5282 Evtu
2583 5228 2810 5294 locutus,
2837 5247 2928 5298 per
2945 5225 3066 5285 Eva:
3088 5249 3244 5288 aures
3273 5233 3470 5288 mundo

1953 5353 2026 5478 Ea;
2044 5351 2182 5416 Olim,
2203 5359 2268 5408 de
2292 5363 2530 5430 Tempore
2555 5359 2643 5420 lii;
2671 5367 2722 5410 et
2741 5369 2864 5422 post,
2889 5363 2936 5413 lu
2961 5366 3234 5428 Appendice
3257 5367 3332 5416 ει.

1977 5416 2004 5464 b
2049 5423 2176 5466 tuter
2193 5417 2432 5478 Fulgeutn
2453 5429 2712 5471 Sermones
2734 5423 2955 5478 vulgatus
2975 5427 3160 5478 pridem
3185 5433 3332 5477 iuerat

1977 5416 2026 5487 b)
2049 5423 2176 5487 inter
2193 5416 2432 5487 Ifulgeutii
2453 5416 2712 5487 Sermones
2734 5416 2955 5487 vulgatus
2975 5416 3160 5486 pridem
3185 5433 3356 5477 iuerat.
3379 5434 3471 5478 itm

1891 5486 2012 5548 nent.
2049 5482 2373 5530 Lovanienses
2409 5483 2614 5548 reperiri
2655 5487 2702 5534 in
2741 5482 3192 5548 manuscriptisaut
3221 5489 3472 5548 t-‘ulgentio

1892 5540 2144 5611 tributum,
2185 5549 2270 5590 aut.
2303 5540 2581 5611 Severiano.
2624 5551 2686 5611 tu_
2711 5549 2886 5611 nostris
2921 5540 3012 5595 non
3052 5547 3172 5598 alius
3201 5540 3346 5611 quain
3383 5540 3472 5599 Am

1891 5602 2072 5670 gustini
2105 5613 2280 5670 nomen
2319 5607 2516 5670 prietert
2542 5619 2562 5670 _:
2601 5607 2688 5655 sed
2715 5607 2850 5656 talso.
2891 5615 2957 5670 De
2995 5621 3124 5658 num.
3153 5612 3172 5658 l
3215 5602 3322 5660 {ide
3357 5625 3472 5660 vero

1894 5667 1952 5716 ba
1985 5667 2160 5712 Yvonis
2197 5667 2504 5716 Carnutensis
2539 5668 2587 5718 in
2625 5681 2850 5718 sermone
2883 5669 2946 5720 de
2981 5673 3250 5722 Aununtiat.
3299 5679 3348 5721 Β.
3381 5679 3474 5724 Ita-

1891 5743 1912 5780 ῐ
1919 5741 1990 5778 ne.
