4016 6448
557 294 687 354 1991

556 414 735 470 intulit
761 421 1020 476 mortem;
1045 409 1185 463 Deus
1215 421 1308 474 per
1331 402 1575 476 angelum
1602 400 1667 454 ad
1699 399 1912 476 ll_l:\riatn
1946 406 2129 476 prota-

557 467 863 539 iiiivéébum
885 523 899 544 ,
927 493 980 536 et
1005 467 1440 532 cunctis'sareulis
1468 472 1629 544 vitam
1665 469 1878 544 etl'ndit_,
1914 467 2132 544 angelus

559 537 858 609 sermonem
883 537 1067 619 ejecit,
1095 557 1148 602 et
1169 545 1444 619 Christum.
1464 537 1906 619 _\'irg0_concepit.
1935 538 1980 591 Ο
1999 552 2103 619 con

563 625 759 692 iunctio
785 611 1168 692 sine'sordibus
1199 615 1362 692 facta,
1396 613 1482 664 ubi
1511 611 1728 690 maritus
1748 615 2031 692 περιρ-εξξὲ
2081 615 2137 660 et

561 677 696 748 inter
723 689 989 745 auricula!
1021 688 1130 742 Hoc
1173 680 1786 756 SplendoieConcipitur
1818 677 1906 756 [ivi
1936 677 2134 756 Filius,

563 746 662 816 hac
712 760 967 816 munditia
1015 746 1318 826 genera-tur.
1365 752 1515 806 Nulla
1550 746 1673 826 fieri
1712 749 1878 826 potuit
1905 746 2136 826 gravedo

560 831 876 900 Ct‘)n(‘ipit.'nli
900 872 912 888 .
952 817 1090 882 unita
1119 821 1674 900 tristitiaparturienti
1707 817 1723 872 :’
1751 818 1836 886 qui
1867 817 2025 900 enim
2049 830 2138 900 ve-

562 889 885 956 nerat'tristc
911 900 1178 952 laetificare
1198 889 1447 966 s:t-culum
1468 931 1482 954 ,
1508 889 1836 966 vcntris_non
1857 889 2141 966 contrista-

563 975 637 1025 vit
673 971 979 1039 hospitium.
1011 969 1084 1020 De
1119 966 1272 1020 caelis
1308 963 1545 1039 modicus
1572 959 1832 1039 transiens
1857 971 1958 1035 per
1982 956 2142 1024 virgi-

565 1057 709 1106 nem,
734 1027 852 1109 post
873 1039 1149 1109 transitum
1180 1050 1331 1109 suum
1356 1034 1569 1084 ilhesam
1599 1030 1720 1082 fecit
1741 1027 1995 1109 virginem
2022 1040 2142 1106 per-

566 1096 780 1165 manetie
825 1128 840 1162 :
883 1109 972 1176 qui
1009 1108 1149 1166 enim
1195 1105 1432 1170 disrupta
1473 1113 1754 1176 corporum
1801 1096 2036 1176 membra
2087 1097 2138 1175 in

564 1183 682 1235 aliis
708 1165 915 1250 poterat.
942 1165 1306 1250 redintegrare
1344 1165 1604 1239 tangendo
1623 1209 1637 1231 ,
1668 1175 1865 1250 quanto
1894 1165 2060 1250 magis
2090 1165 2140 1216 in

563 1267 658 1306 sua
697 1235 864 1304 matre
891 1246 1031 1315 quth
1061 1235 1264 1298 invium
1289 1235 1580 1315 integrum,
1613 1235 1794 1315 potuit,
1816 1250 1931 1315 nou
1946 1235 2144 1287 violare

567 1317 876 1374 nascendo?
911 1305 1090 1370 Crevit
1115 1315 1254 1366 enim
1295 1314 1346 1365 in
1389 1305 1504 1378 ejus
1535 1305 1684 1376 partu
1725 1305 2000 1378 integritas
2027 1317 2146 1356 cor-

565 1391 712 1459 poris
744 1391 919 1458 potius
945 1402 1099 1459 quam
1125 1383 1390 1459 decrevit,
1416 1375 1765 1459 etvirginit'as
1786 1375 2033 1459 ampliata
2064 1381 2147 1427 est

569 1445 926 1528 potins'quam
957 1445 1150 1528 fugata.
1196 1455 1248 1528 |_n
1276 1445 1739 1528 angusti-coiporis
1761 1445 1998 1528 membro
2025 1457 2146 1496 sus~

570 1513 757 1589 iinuit,
790 1513 1524 1596 quidquidsustinentvcudi.
1558 1513 1868 1596 Plenansunt
1907 1513 2142 1596 viscera;

571 1613 626 1653 et
653 1585 853 1652 nullum
885 1585 1030 1648 novit
1052 1593 1281 1662 Virginis
1300 1587 1623 1662 conscientia
1648 1587 1687 1639 ¹.
1713 1585 1846 1639 Cum
1869 1591 2013 1662 esset
2033 1597 2149 1662 gra:

567 1651 722 1733 vida,
755 1666 949 1721 salubri
993 1651 1202 1718 levitaie
1241 1660 1523 1733 plaudebat
1563 1675 1576 1711 :
1609 1657 1784 1709 lumen
1825 1655 1966 1708 enim
2004 1651 2148 1723 quod

570 1731 716 1792 intra
738 1753 797 1791 se
827 1735 1075 1797 habebat,
1101 1733 1304 1803 pondus
1328 1731 1526 1803 habere
1561 1741 1670 1803 non
1712 1734 1936 1803 poterat.

641 1808 697 1861 Ξ.
742 1807 909 1860 Maria
930 1793 1145 1874 fenestra
1165 1812 1210 1856 et
1229 1801 1367 1874 scaia
1387 1800 1517 1853 cteli.
1553 1793 1902 1874 itestgiiratrix
1930 1793 2149 1874 femina-

571 1895 702 1931 rum.
737 1863 1076 1930 Mariaz'bona
1110 1884 1284 1927 contra
1315 1871 1432 1924 Eva:
1471 1869 1624 1920 mala.
1670 1866 1824 1919 Facta
1869 1874 1948 1917 est
1989 1863 2150 1918 Maria

573 1949 803 2002 fenestra
824 1946 962 2007 coeli,
993 1945 1112 2012 quia
1141 1942 1431 2012 perripsam
1454 1939 1595 2012 Deus
1624 1952 1805 2012 verum
1835 1934 2154 2012 fuditsmcu-

575 2019 640 2072 lis
681 2020 881 2072 lumen.
920 2005 1078 2068 Facta
1109 2005 1187 2066 est
1217 2005 1376 2065 Maria
1419 2009 1558 2063 scala
1602 2005 1865 2067 cmlcstis;
1893 2005 2014 2071 quia
2057 2016 2154 2070 per

575 2089 742 2157 ipsam
773 2087 911 2157 Deus
939 2083 1213 2138 descendit
1241 2081 1304 2133 ad
1338 2085 1626 2157 terras,_ut
1655 2091 1748 2156 per
1787 2075 1952 2154 ipsam
1984 2072 2150 2157 homi-

575 2142 672 2211 nes
701 2155 988 2210 ascendere
1015 2160 1343 2206 mererentur
1373 2149 1438 2202 ad
1465 2148 1630 2203 cmlos
1657 2142 1674 2198 Ξ
1706 2145 1831 2214 ipsis
1859 2143 1999 2214 enim
2029 2142 2155 2196 lice-

579 2228 654 2281 bit
687 2225 976 2279 ascendere
1006 2223 1163 2287 illnc,
1208 2221 1294 2288 qui
1325 2220 1485 2272 Deum
1517 2213 1841 2288 crediderint
1873 2213 1939 2266 ad
1985 2222 2156 2288 terras

577 2313 672 2365 per
709 2296 964 2363 virginem
996 2283 1621 2365 Mariam'desccudisse.
1667 2285 1824 2340 Facta
1859 2293 1951 2365 cest
1993 2283 2154 2364 Maria

577 2353 891 2420 i'estauratio
913 2363 1248 2422 feminarum;
1281 2361 1401 2430 quia
1426 2359 1705 2430 pcripsam
1735 2370 1764 2408 a
1780 2353 2158 2430 [uina-primae

579 2434 966 2490 malcdictionis
989 2433 1278 2502 probantur
1301 2423 1754 2502 esse-subtracto.
1780 2424 1902 2478 Tria
1927 2423 2158 2502 denique

578 2507 715 2559 mala
755 2507 877 2559 Eva:
915 2519 944 2556 a
987 2493 1154 2556 iribus
1196 2501 1348 2554 bonis
1389 2499 1562 2551 Maria:
1603 2497 1892 2564 probantur
1920 2493 2152 2564 exclusa.

578 2576 709 2629 Nam
740 2576 862 2628 Eva:
883 2574 1080 2626 dictum
1109 2579 1219 2632 est,
1254 2569 1317 2621 In
1339 2561 1659 2622 doloribus—et
1677 2566 1725 2616 iu
1743 2564 1942 2615 tristitia
1969 2561 2158 2632 paries;

579 2655 625 2697 et
654 2647 720 2697 ad
741 2646 899 2696 virum
919 2641 1174 2694 conversio
1199 2630 1284 2691 tua
1305 2680 1319 2701 ,
1351 2647 1398 2689 et
1418 2639 1525 2703 ipse
1544 2633 1880 2687 dominabitur
1905 2630 1975 2682 liti
2005 2630 2155 2703 ((ξθη.

579 2730 666 2778 ιιι⁹
701 2715 807 2782 16).
833 2713 1025 2765 Tribus
1066 2722 1194 2777 ergo
1223 2699 1497 2782 his‘mal_is_
1528 2719 1586 2782 se
1627 2703 1910 2782 subiugauit
1951 2699 2159 2782 femina:

579 2769 698 2850 qua:
718 2769 932 2836 Mariam
952 2795 1054 2833 non
1077 2769 1389 2850 sequuntur,
1411 2773 1604 2837 dolori,
1629 2772 1874 2850 tristi-tia},
1894 2769 2157 2850 servituti.

585 2838 746 2905 δίει-ιιι
775 2860 947 2903 autem
987 2864 1016 2902 e
1046 2838 1312 2902 conirario
1336 2859 1493 2913 quam
1534 2840 1952 2913 praeclarissimis
1993 2838 2161 2913 tribus

585 2923 738 2976 bonis
762 2919 1078 2974 sublimetnr
1105 2909 1372 2979 ausculta,
1405 2909 1732 2968 salutationis
1758 2909 2039 2979 angelicae,
2070 2909 2163 2961 hev

580 2991 896 3046 nedictiouis
924 2988 1114 3042 divina!
1134 3027 1148 3048 ,
1178 2995 1232 3040 et
1275 2983 1616 3053 plenitudinis
1647 2981 1850 3053 gratia}.
1881 2979 1986 3053 _Sic
2019 2979 2161 3053 enim

579 3078 698 3114 eam
748 3061 937 3129 legitur
971 3049 1478 3129 angelussalutasse
1527 3070 1540 3105 :
1587 3049 1687 3129 Ave
1708 3091 1721 3112 ,
1755 3049 1967 3129 Maria“,
1999 3049 2163 3129 gratia

583 3132 764 3200 plena,
799 3118 1070 3183 benedicti?
1086 3137 1152 3200 _tu
1189 3127 1318 3200 inter
1347 3124 1578 3200 maiieres
1609 3119 1761 3200 (lauta
1806 3135 1856 3182 t,
1884 3118 2161 3200 28):.Cum

581 3187 803 3254 dixisset
846 3200 977 3255 Ave.
1023 3196 1392 3249 salutationem
1443 3193 1514 3245 illi
1561 3187 1830 3244 coalestcm
1876 3187 2160 3242 exhibuit:

582 3286 704 3322 cum
729 3269 894 3329 dixit,
926 3267 1101 3320 Gratia
1129 3266 1274 3334 plena
1292 3305 1306 3328 ,
1332 3261 1566 3334 Ostendit
1585 3276 1652 3334 ea;
1673 3259 2038 3334 integroiratn
2071 3273 2164 3310 ex-

581 3340 782 3413 clusam
815 3338 996 3413 prima:
1019 3328 1381 3413 sentcntite,et
1409 3328 2019 3413 plenamnbenedictiouis
2039 3341 2163 3413 gra-

587 3411 713 3461 tiam
745 3397 1038 3463 restitutam
1073 3423 1085 3458 :
1118 3421 1236 3458 cum
1269 3397 1432 3467 dixit,
1462 3399 1731 3454 Benedicta
1753 3407 1804 3450 tu
1825 3399 1954 3450 inter
1983 3397 2164 3453 mulie-

581 3497 694 3544 res,
739 3477 1053 3547 virginitatis
1081 3471 1559 3547 ejus_licttcd_ictUIn
1594 3470 1820 3547 fructum
1863 3469 2162 3534 expressit;

585 3558 642 3602 ut
665 3539 730 3603 ex
759 3539 1129 3602 eo'bcncdicta
1164 3544 1368 3596 dicatur
1399 3545 1533 3595 inter
1572 3539 1858 3602 mulieres,
1898 3553 2168 3604 qumcum-

582 3635 686 3688 que
715 3617 1132 3688 perseverat-egit
1163 3615 1328 3688 virgo.
1358 3611 1627 3666 Benedicta
1651 3619 1705 3662 tu
1730 3608 1864 3662 inter
1890 3605 2166 3688 mulieres;

584 3677 859 3741 maledicta
893 3687 1034 3740 enim
1063 3686 1170 3738 Eva
1199 3677 1367 3737 fuerat
1386 3723 1399 3745 ,
1427 3696 1584 3748 quam
1612 3693 1754 3734 nunc
1778 3677 2048 3734 credimus
2071 3690 2168 3745 per

582 3759 796 3813 Mariam
827 3757 891 3809 ad
923 3753 1300 3810 benedictionis
1319 3753 1536 3822 gloriam
1569 3763 1855 3804 remeasse.

657 3830 710 3880 5.
743 3825 911 3878 Maria
957 3826 1257 3892 feminarum
1300 3815 1468 3892 o'nmes
1494 3831 1652 3892 status
1675 3820 1914 3892 suscepit.
1957 3815 2165 3892 Venite,

583 3897 817 3961 virgines
839 3937 853 3957 ,
886 3886 966 3948 ad'
991 3894 1275 3961 virginem,
1325 3902 1379 3945 ct
1417 3891 1688 3961 la'tamiui.
1720 3886 1973 3961 Deponite
1997 3886 2166 3940 male-

583 3959 868 4018 dictionem
899 3959 1345 4031 prmvaricationis
1369 4002 1384 4022 ,
1431 3970 1484 4014 et
1503 3959 2166 4031 benedictionem_restau-

591 4034 812 4089 rationis
856 4027 1132 4087 as'sutnite.
1189 4031 1436 4097 Projicite
1483 4029 1695 4082 dolores
1741 4043 1874 4097 quos
1920 4027 2028 4079 Eva
2075 4041 2169 4094 per

585 4113 887 4171 serpentem
919 4103 1150 4169 accepit;
1182 4111 1235 4154 et
1255 4114 1506 4171 quosper
1525 4098 1770 4171 angelum
1797 4097 1962 4171 Maria
1987 4111 2169 4171 susce-

588 4166 690 4242 pit,
717 4174 948 4228 honores
977 4166 1461 4242 :tssumite._l?el_lite
1482 4168 1744 4242 tristitiam
1761 4166 2106 4242 concipientis
2122 4167 2166 4231 ⁸,

587 4235 816 4313 gemitus
853 4241 1194 4312 parturientis
1224 4239 1474 4313 abjicite,
1503 4247 1559 4292 ut
1581 4237 1728 4313 solus
1755 4236 1902 4290 vobis
1932 4235 2168 4313 iste_vir-

583 4304 723 4385 ginis
755 4304 918 4368 Filius
961 4304 1304 4385 (Ιυιιιὶιι-ριιιιι.⁷
1328 4308 1544 4385 Venite,
1591 4307 1824 4385 virgines
1847 4347 1860 4368 ,
1910 4304 1977 4358 ad
2006 4304 2169 4384 virgi-

591 4377 710 4438 ῖιυιιι
737 4401 750 4445 ;
781 4385 974 4445 venite,
1001 4381 1384 4449 concipientes,
1417 4377 1483 4430 ad
1515 4377 1936 4449 concipientem;
1969 4377 2165 4438 venite,

588 4457 873 4522 parientes.
894 4454 956 4504 atl
992 4445 1278 4522 parientem
1305 4465 1318 4512 ;
1352 4449 1546 4510 venite,
1576 4457 1792 4522 matres,
1815 4445 1878 4522 ad
1911 4453 2166 4522 matrem;

587 4514 763 4578 venite
786 4565 798 4585 ,
837 4514 1091 4576 lactantes
1116 4563 1130 4582 ,
1163 4519 1227 4572 ad
1259 4521 1538 4572 laetantem
1566 4535 1579 4581 ;
1610 4517 1782 4568 venite
1808 4557 1821 4580 ,
1845 4514 2166 4585 juvencuhe,

587 4596 650 4648 atl
677 4595 1032 4662 juvencnlam.
1068 4591 1188 4644 Ideo
1214 4604 1399 4662 onmes
1427 4589 1769 4662 istos__ettrsus
1792 4595 1998 4662 naturae
2023 4584 2169 4652 virgo

588 4653 747 4719 Mai'ia
783 4667 831 4717 in
874 4664 1096 4716 Ilotnino
1145 4669 1327 4713 nostro
1373 4658 1496 4712 Jesn
1543 4659 1756 4710 Christo
1795 4653 2058 4722 suscepit,
2112 4662 2170 4706 ut

589 4737 836 4789 omnibus
865 4734 927 4786 ad
959 4750 1015 4786 se.
1045 4731 1468 4798 confugientilnts
1499 4728 1705 4781 feminis
1733 4726 2036 4798 subveniret
2057 4742 2076 4798 Δε
2114 4732 2172 4778 et

585 4808 662 4859 sic
696 4813 1018 4859 restaurart-t
1043 4795 1394 4866 orline—genus
1427 4800 1738 4850 feminarum
1769 4795 1832 4848 ad
1864 4811 1920 4848 se
1954 4795 2168 4848 venien-

588 4878 715 4928 tium
757 4894 886 4943 noya
932 4875 1036 4927 Eva
1091 4872 1351 4925 servando
1399 4870 1786 4943 virginitatem;
1835 4867 1970 4943 sicut
2011 4879 2169 4943 onme

587 4961 751 5012 genus
781 4935 1010 4998 virorum
1039 4944 1202 4996 Adam
1235 4957 1399 4994 novus
1427 4935 1704 5012 recula-rat
1735 4936 1985 4988 Dominus
2013 4935 2169 5012 {esus

587 5005 859 5077 Christus,
888 5017 972 5081 qui
1005 5030 1122 5067 cum
1151 5015 1304 5067 l’atre
1335 5021 1388 5066 et
1414 5011 1612 5079 Spiritu
1642 5017 1824 5062 sancto
1856 5020 1990 5058 unus
2022 5005 2168 5058 Deus

588 5085 716 5137 vivit
742 5095 793 5138 et
820 5093 1003 5153 regnat
1027 5125 1041 5149 ,
1074 5094 1176 5136 etc.

650 5239 666 5269 ⁸
695 5243 758 5286 lla
785 5238 1090 5297 manuscripti
1116 5243 1166 5285 et
1189 5237 1319 5285 editi.
1368 5242 1584 5284 Altamen
1603 5234 1651 5281 in
1670 5239 1778 5297 inv.
1805 5231 1990 5279 additur
2008 5264 2022 5289 ,
2059 5242 2167 5278 con-

585 5298 799 5362 tagium;
825 5309 872 5345 et
891 5302 937 5345 in
965 5294 1040 5345 Ms".
1071 5312 1164 5345 uno
1183 5314 1208 5346 a
1238 5311 1378 5345 manu
1405 5300 1618 5355 recenti,
1640 5294 1810 5343 virum.

653 5352 670 5392 ⁵
695 5367 758 5408 tta
786 5352 895 5406 l.ov.
925 5367 974 5405 et
999 5366 1069 5405 l-lr.
1095 5373 1202 5406 eum
1227 5369 1327 5407 vss.
1353 5373 1400 5405 ιι.
1430 5366 1479 5405 et
1502 5372 1576 5418 gr.
1594 5352 1620 5404 a
1643 5369 1785 5404 manu
1803 5352 2030 5401 secunda.
2058 5361 2168 5418 nam

587 5435 661 5483 gr.
709 5435 737 5468 a
776 5435 916 5469 unum
964 5422 1108 5483 iritna
1135 5454 1148 5474 ,
1187 5433 1375 5483 necnon
1421 5412 1640 5483 rmiucb.
1691 5418 1902 5483 habent,
1941 5412 2167 5480 concupi-

587 5475 772 5532 Ecentis.
798 5491 848 5531 at
893 5498 938 5528 n.
964 5475 1088 5528 alter
1111 5494 1220 5529 cum
1247 5482 1344 5540 vd.,
1377 5479 1608 5540 Expcltite
1654 5477 1914 5537 tristitiam,
1940 5475 2166 5537 concupi-

588 5544 815 5596 scentiam
836 5542 1042 5605 abjicite.
1430 5558 1438 5567 -

1996 280 2357 337 APPENDIX.

3691 277 3836 332 {39?

2711 393 2940 450 SERMO
2975 393 3184 450 cxxw
3237 390 3334 465 (ο).

2704 511 2754 554 In
2777 504 2922 554 Satali
2945 507 3147 564 Domini,
3172 520 3249 555 vm
3271 503 3361 567 (ὁ).

2316 631 2367 685 1.
2395 629 2625 686 Christus
2665 632 2820 690 mihi,
2855 649 2952 684 non
2977 632 3070 685 sibi
3097 632 3338 684 nascitur.
3398 629 3464 686 Ut.
3501 630 3662 684 hodie
3691 646 3719 684 θ
3753 645 3844 686 me

2246 702 2417 770 possit
2437 744 2452 764 ,
2487 701 2677 756 fratres
2702 703 3022 767 cbarissimi,
3051 703 3301 770 majestas
3322 701 3612 755 nativitatis
3648 702 3843 754 Domi--

2247 772 2378 824 nica:
2423 771 2694 840 prauiicari
2723 812 2736 833 ,
2773 787 2869 841 per
2906 789 2998 824 vos
3027 773 3152 824 mihi
3181 787 3209 822 a
3241 771 3463 824 Domino
3491 771 3714 825 facultas
3755 782 3844 824 est

2248 841 2573 908 impetranda
2601 883 2614 904 ,
2643 853 2904 910 quatenus
2935 842 3046 909 ipse
3075 842 3291 895 verbum
3320 842 3373 894 in
3401 857 3496 894 ore
3518 842 3598 894 sui
3627 845 3843 895 consti-

2248 918 2360 964 tuat
2389 911 2678 964 sacetdotis
2698 951 2713 974 ,
2759 928 2854 966 nec
2890 912 3052 964 nostri
3094 913 3200 963 oris
3225 910 3543 979 dedignetur
3572 911 3844 976 officium,

2247 981 2335 1049 qui
2380 989 2575 1034 nostra:
2602 982 2778 1036 carnis
2823 982 2977 1034 hodie
3014 981 3257 1048 dignatus
3287 991 3369 1035 est
3397 982 3531 1035 iniro
3562 997 3842 1036 commer-

2248 1052 2411 1102 cium.
2459 1049 2574 1103 Non
2603 1052 2744 1104 enim
2766 1093 2781 1117 ,
2823 1052 3012 1104 fratres
3032 1093 3046 1114 ,
3090 1051 3354 1104 ineffabile
3381 1051 3572 1104 divina:
3602 1068 3840 1119 genera-

2250 1119 2409 1172 tionis
2445 1122 2813 1174 contendimus
2853 1122 3062 1189 aperire
3107 1121 3452 1190 mysterium;
3502 1121 3596 1173 sed
3635 1132 3843 1174 nostrze

2250 1191 2434 1242 salutis
2479 1205 2725 1258 magnum
2754 1203 2807 1244 et
2847 1191 3087 1243 mirabile
3122 1191 3380 1258 gestimus
3417 1192 3664 1258 gaudium
3699 1208 3846 1243 min-

2252 1258 2404 1322 tiare,
2431 1260 2566 1312 sicut
2595 1259 2726 1313 dixit
2754 1260 2994 1328 angelus,
3023 1259 3154 1312 Ecce
3179 1261 3422 1312 ammntio
3437 1261 3568 1312 vobis
3588 1261 3842 1329 gaudium

2251 1344 2508 1400 magnum,
2539 1330 2673 1395 quod
2693 1331 2784 1383 erit
2809 1331 2944 1382 omni
2972 1331 3160 1399 populo
3197 1329 3347 1392 (Luc.
3379 1347 3442 1390 ιι.
3478 1329 3584 1400 10).
3619 1330 3841 1383 ΝιιΙΙιιιιι

2254 1397 2432 1479 hodie,
2462 1399 2673 1479 fratres,
2705 1409 3020 1479 conceptus,
3041 1397 3252 1479 nullum
3280 1410 3473 1479 terreat
3497 1397 3700 1479 partus.
3732 1400 3840 1454 Ubi

2254 1469 2396 1522 enim
2429 1469 2701 1538 virginitas
2725 1471 2976 1539 concipit,
3011 1471 3283 1537 integritas
3311 1471 3464 1538 parit.
3497 1469 3588 1522 Dei
3617 1481 3698 1523 est
3721 1472 3841 1523 vir-

2257 1547 2340 1609 tus
2365 1543 2574 1592 conscia
2595 1580 2611 1605 ,
2647 1555 2752 1594 non
2783 1542 3043 1607 voluptas.
3091 1540 3224 1593 Audi
3269 1541 3510 1609 angelum
3544 1541 3840 1604 dicentem,

2256 1607 2479 1676 Spiritus
2517 1620 2719 1662 sanctus
2761 1611 3070 1678 superveniet
3110 1612 3161 1663 in
3203 1619 3281 1671 te,
3323 1607 3368 1662 et
3403 1611 3559 1663 virtus
3591 1611 3849 1662 Altlssimi

2255 1679 2564 1731 obnmbrabit
2585 1681 2670 1732 tibi
2697 1679 2802 1748 (Id.
2832 1696 2868 1745 ι,
2897 1681 3009 1749 55).
3045 1681 3228 1740 llotlie,
3258 1679 3464 1742 fratres,
3491 1695 3595 1733 non
3621 1681 3849 1733 inclina.

2259 1757 2342 1801 tur
2370 1749 2559 1815 dcitas,
2591 1750 2683 1805 sed
2713 1751 3006 1802 immanitas
3039 1749 3319 1803 innovatur
3349 1767 3361 1802 :
3397 1749 3551 1803 hodie
3579 1761 3734 1804 natus
3759 1761 3849 1802 est

2257 1833 2363 1870 non
2390 1820 2487 1871 sibi
2515 1820 2759 1874 Christus
2780 1861 2794 1883 ,
2825 1819 2915 1872 sed
2944 1820 3092 1874 mihi.
3143 1820 3374 1873 Accedite
3406 1835 3532 1888 ergo
3556 1820 3624 1871 ad
3653 1837 3770 1871 eum
3801 1830 3849 1872 et

2255 1889 2648 1951 illuminamini,
2702 1901 2747 1942 et
2789 1891 2953 1942 vultus
2997 1891 3142 1942 vestri
3186 1906 3282 1942 non
3331 1889 3618 1942 erubescant
3662 1890 3844 1956 (l’sal.

2257 1972 2450 2029 ximu,
2478 1959 2536 2029 6)
2568 1977 2581 2013 :
2610 1961 2729 2028 quia
2757 1959 2913 2014 hodie
2939 1961 2990 2012 in
3015 1959 3120 2013 sole
3145 1960 3312 2029 posuit
3334 2000 3348 2021 ,
3380 1961 3516 2013 sicut
3546 1959 3685 2014 dixit
3711 1976 3847 2029 pro-

2259 2025 2466 2100 pheta,
2480 2025 2854 2100 tabernaculum
2885 2046 3028 2082 suum
3054 2025 3226 2100 (Psat.
3255 2045 3377 2083 xvm
3398 2071 3412 2095 ,
3439 2030 3518 2100 6).

2329 2097 2384 2150 2.
2427 2097 2700 2168 Virginitas
2720 2116 2976 2168 nunquam
3006 2097 3161 2153 nuda.
3196 2099 3438 2153 Divinum
3477 2097 3559 2154 est
3583 2141 3598 2164 ,
3643 2099 3848 2154 fratres

2259 2165 2556 2222 charissimi
2577 2211 2592 2235 ,
2624 2171 2762 2239 quod
2790 2165 3020 2238 geritur,
3051 2185 3155 2224 non
3194 2170 3502 2222 lmmanum.
3554 2169 3844 2237 Nunquam

2260 2246 2344 2311 est
2361 2239 2498 2311 nuda
2515 2241 2805 2308 virginitas,
2825 2257 2941 2308 qme
2963 2242 3189 2311 tegmine
3209 2239 3422 2311 pudoris
3439 2256 3495 2293 se
3508 2240 3786 2311 decontvit
3809 2243 3850 2294 ‘.

2261 2309 2342 2362 Ad
2372 2309 2697 2364 domicilium
2739 2312 2996 2364 castitatis
3023 2309 3252 2380 angelus
3295 2310 3552 2367 mediator
3579 2310 3803 2364 advenit
3829 2327 3846 2374 ;

2263 2387 2322 2448 ut
2349 2380 2458 2448 regi
2480 2381 2654 2434 aulam
2678 2422 2690 2442 ,
2725 2380 2835 2434 Deo
2865 2382 3115 2447 templum
3144 2422 3157 2442 ,
3190 2389 3242 2433 et
3263 2381 3466 2434 cmlesti
3497 2395 3694 2448 sponso
3720 2383 3856 2432 tha-

2262 2447 2460 2501 lamum
2507 2460 2830 2517 procuraret.
2882 2449 3143 2503 Nascente
3185 2451 3325 2502 enim
3359 2447 3579 2503 Domino
3619 2465 3724 2502 non
3767 2459 3862 2504 est

2263 2517 2471 2583 ablata,
2504 2518 2597 2572 sed
2625 2528 2934 2572 consecrata
2966 2519 3270 2587 virginitas;
3300 2535 3419 2586 quae
3449 2520 3559 2587 ipsa
3585 2534 3858 2587 sponsum

2262 2588 2446 2655 genuit
2482 2588 2560 2640 sui
2605 2588 2820 2657 pudoris
2845 2627 2860 2651 ,
2890 2589 2998 2656 ipsa
3029 2588 3233 2641 custodi
3264 2589 3465 2656 pra'bet
3493 2590 3646 2642 tidcle
3673 2591 3864 2642 servi-

2267 2658 2394 2708 tium
2427 2675 2438 2709 :
2470 2657 2572 2710 feta
2598 2698 2612 2720 ,
2645 2657 2737 2710 sed
2760 2659 2946 2725 virgo;
2989 2658 3164 2726 virgo,
3196 2657 3288 2710 sed
3320 2668 3520 2720 mater;
3561 2660 3865 2712 sterilitate

2264 2727 2406 2778 enim
2436 2728 2636 2788 caruit,
2684 2742 2787 2780 non
2821 2727 3038 2794 pudore.
3084 2727 3266 2778 Adstat
3295 2728 3545 2778 sanctitas
3567 2765 3580 2788 ,
3613 2727 3869 2780 sinceri-

2266 2803 2380 2860 tas,
2419 2796 2666 2864 pndieitia
2695 2837 2710 2862 ,
2747 2797 2996 2860 castitas,
3033 2796 3338 2862 integritas,
3369 2794 3498 2847 fides
3521 2836 3534 2853 ,
3576 2804 3629 2846 et
3654 2810 3875 2864 ontnes

2266 2863 2431 2918 simul
2451 2865 2673 2919 adfuere
2702 2868 2923 2919 virtutes
2947 2881 2962 2929 ;
3009 2873 3064 2916 nt
3093 2865 3349 2932 intrepida
3379 2864 3569 2917 famula
3597 2863 3679 2916 sui
3708 2868 3868 2919 uteri

2268 2944 2502 3002 portaret
2539 2945 2850 2998 auctorem,
2897 2946 2950 2989 et
2978 2936 3246 2989 cmlestem
3299 2935 3530 3002 paritura
3571 2934 3865 3000 virtutem,

2267 3019 2425 3074 sexus
2446 3007 2525 3058 sui
2543 3006 2746 3066 victrix,
2771 3006 3007 3059 dolorem
3029 3004 3386 3074 gemitumque
3415 3004 3661 3056 nesciret.
3689 3004 3865 3057 Beata

2269 3073 2592 3138 fecunditas,
2632 3091 2749 3144 qtae
2774 3086 2826 3130 et
2851 3073 3102 3129 honorem
3129 3074 3402 3141 acquisivit
3435 3083 3760 3140 maternum,
3798 3083 3860 3128 et

2267 3146 2524 3199 castitatis
2550 3147 2822 3212 praemium
2851 3160 2953 3198 non
2978 3145 3172 3198 amisit.

2338 3215 2392 3270 3.
2429 3213 2762 3284 Explicantur
2796 3216 3030 3284 mysteria
3072 3214 3318 3267 nascentis
3358 3213 3409 3266 in
3448 3228 3639 3284 carne;
3679 3213 3860 3268 locum

2268 3285 2320 3342 in
2342 3283 2613 3339 diversorio
2651 3302 2751 3338 non
2786 3285 3048 3350 habentis;
3097 3285 3276 3352 pannis
3301 3285 3535 3354 involuti.
3576 3283 3694 3354 Non
3721 3300 3862 3354 ergo

2271 3356 2583 3424 dedignatur
2612 3356 2939 3419 inhabitare,
2987 3354 3126 3422 quod
3171 3363 3252 3408 est
3290 3352 3515 3421 figurare
3554 3352 3809 3422 dignatus
3842 3372 3856 3407 :

2271 3441 2369 3479 nec
2398 3425 2697 3493 indignatur
2740 3427 2790 3478 in
2822 3440 2877 3479 se
2915 3441 3130 3478 carnem
3169 3425 3507 3491 contingere,
3551 3439 3706 3492 quam
3735 3439 3858 3475 om-

2272 3496 2390 3549 lesli
2420 3511 2578 3548 manu
2604 3505 2726 3550 ante
2763 3497 3112 3550 contrectavit
3149 3495 3199 3547 in
3229 3494 3462 3562 pulvere.
3495 3493 3648 3548 Venit
3677 3493 3742 3545 ad
3773 3494 3860 3545 fa-

2272 3566 2405 3618 ciem
2439 3575 2602 3627 tuam,
2634 3582 2666 3620 o
2689 3567 2848 3619 homo
2873 3583 2886 3629 ;
2914 3565 3035 3634 quia
3059 3576 3111 3618 tu
3138 3564 3202 3617 ad
3225 3565 3340 3628 ejus
3365 3564 3547 3634 faciem
3574 3565 3861 3630 pervenire

2274 3651 2378 3688 non
2421 3645 2632 3704 poteras
2666 3655 2678 3689 :
2712 3645 2765 3690 et
2793 3637 2880 3704 qui
2925 3633 3039 3688 erat
3083 3634 3392 3704 invisibilis,
3437 3633 3620 3704 factus
3635 3642 3720 3704 est
3755 3649 3858 3702 pro

2277 3716 2374 3778 tua
2415 3703 2779 3778 redemptione
2812 3703 3060 3778 visibilis.
3107 3703 3278 3778 ὶῖριιίιΔ
3299 3719 3328 3755 a
3363 3704 3466 3778 tuis
3492 3703 3730 3778 patribus
3757 3719 3859 3772 po-

2274 3776 2518 3829 stulatus.
2541 3773 2674 3829 Audi
2704 3791 2886 3829 vocem
2913 3775 3211 3838 clamantis,
3238 3773 3456 3826 Ostende
3482 3773 3657 3842 {aciem
3687 3782 3853 3834 tuam,

2273 3855 2321 3917 et
2344 3847 2470 3898 salvi
2494 3847 2679 3899 erimus
2707 3845 2877 3917 (Psal.
2903 3861 3062 3901 LvXIx
3084 3885 3099 3908 ,
3128 3845 3203 3917 4).
3234 3846 3385 3917 Astat
3419 3844 3566 3897 testis
3594 3844 3853 3917 innocen:

2277 3916 2380 3980 tite,
2408 3926 2641 3970 assertor
2658 3913 2894 3986 pudoris,
2914 3931 3010 3968 nec
3039 3916 3280 3969 amisisse
3297 3914 3437 3967 dolet
3465 3928 3735 3982 sponsam,
3756 3913 3854 3986 sed

2273 3987 2528 4056 gloriatur
2557 4002 2615 4040 se
2642 3984 2922 4056 agnovisse
2953 3987 3151 4047 Deum;
3202 3989 3440 4056 sequitur
3467 3998 3570 4056 non
3609 3991 3664 4056 u_t
3691 3984 3855 4056 mari-

2277 4051 2360 4110 [us
2384 4098 2397 4119 ,
2431 4057 2524 4110 sed
2557 4067 2612 4109 ut
2652 4051 2912 4117 famulus,
2955 4067 3006 4109 et
3029 4051 3342 4123 obsequium
3370 4069 3428 4107 se
3453 4054 3500 4106 ei
3521 4053 3712 4123 gaudet
3748 4051 3853 4104 im-

2276 4125 2509 4194 pendere
2537 4168 2552 4190 ,
2605 4128 2688 4180 cui
2743 4126 3002 4193 conspicit
3050 4122 3238 4178 omnes
3284 4122 3850 4194 Angelos’deservire.

2274 4163 2510 4250 ﬁscens
2537 4168 2674 4266 ’ergo
2710 4163 2953 4249 Christ'ns
2997 4212 3100 4249 non
3135 4193 3334 4248 invenit
3368 4163 3551 4246 iocum
3580 4194 3630 4246 in
3671 4193 3852 4266 diver-

2276 4269 2420 4320 sorio
2446 4308 2460 4327 ,
2502 4283 2595 4335 per
2617 4264 2790 4335 quem
2831 4266 3005 4319 onmis
3037 4275 3244 4319 creatus
3284 4272 3367 4335 est
3401 4265 3594 4335 locus:
3619 4273 3670 4317 et
3693 4264 3851 4335 velut

2279 4333 2586 4406 peregrinus
2629 4333 3028 4406 nasciturbqni
3069 4337 3227 4388 totius
3254 4333 3399 4386 orbis
3429 4344 3512 4406 est
3537 4333 3848 4406 Dominus;

2276 4404 2333 4459 ut
2358 4404 2454 4459 nos
2482 4407 2713 4461 ccelestis
2753 4404 2933 4475 ptllt‘iti}
2962 4406 3156 4459 faceret
3187 4419 3328 4475 esse
3357 4405 3680 4475 intu'tieipes.
3709 4404 3850 4456 Pan-

2277 4477 2357 4530 nis
2386 4477 2683 4530 obvolvitur
2707 4519 2720 4540 ,
2755 4473 2811 4529 ut
2853 4476 3069 4528 scissam
3116 4473 3331 4528 humani
3361 4475 3571 4541 generis
3599 4474 3850 4528 unitatem

2275 4563 2372 4600 suo
2419 4547 2804 4614 redintegrarct
2845 4547 2893 4598 in
2926 4561 3181 4613 corpore,
3226 4552 3499 4614 totumque
3535 4544 3848 4614 immortali-

2279 4619 2398 4668 tatis
2436 4612 2808 4670 vestimentunt
2841 4612 3104 4683 purpureo
3134 4613 3404 4683 sanguinis
3435 4615 3615 4666 colore
3646 4612 3850 4682 fulgens

2277 4687 2329 4738 in
2353 4687 2584 4739 cmlestia
2603 4703 2759 4755 regna
2778 4682 3024 4739 deferret.
3046 4685 3310 4748 Nascitur,
3335 4682 3518 4755 fratres
3543 4700 3557 4747 ;
3589 4690 3645 4736 nt
3661 4685 3846 4750 ipsam,

2274 4770 2431 4880 quam
2461 4754 2680 4826 primus
2707 4759 2863 4809 homo
2904 4756 3180 4809 vitiaverat
3203 4796 3214 4814 ,
3256 4754 3557 4807 n‘tclioraret
3588 4763 3845 4805 naturam.
3911 4759 3920 4764 “

2307 4837 2420 4880 acet
2452 4829 2500 4879 in
2535 4827 2756 4880 pannis:
2805 4826 2897 4880 sed
2947 4836 3133 4880 regnat
3159 4826 3210 4878 in
3239 4825 3388 4878 cmlis
3418 4841 3432 4876 :
3465 4824 3767 4876 bumiliatur
3794 4823 3843 4875 in

2307 4837 2420 4880 acet
2452 4823 2500 4879 in
2535 4827 2756 4896 pannis;
2805 4826 2897 4880 sed
2947 4836 3133 4895 regnat
3159 4826 3210 4878 in
3239 4825 3388 4896 cmlis
3418 4841 3432 4876 :
3465 4824 3767 4896 bumiliatur
3794 4823 3843 4875 in

2275 4894 2594 4978 cun:ibulis_;
2627 4899 2800 4976 setlin
2834 4894 3062 4976 nubibus
3089 4906 3234 4978 tonat
3262 4912 3276 4945 :
3311 4894 3846 4978 in'prmsepi‘ponitur

2276 4967 2426 5036 (Luc.
2459 4984 2514 5033 lt,
2547 4967 2623 5036 7),
2653 4969 2772 5034 quia
2803 4967 2962 5019 omnis
2987 4984 3104 5018 caro
3124 4961 3475 5036 fenunt_(lsai.
3511 4980 3596 5026 XL,
3619 4961 3698 5036 ti),
3723 4963 3843 5036 Isaia

2275 5033 2520 5102 dicente,
2569 5033 2909 5090 monstratur.
2957 5039 3000 5090 Ο
3028 5037 3202 5089 fenum
3229 5076 3242 5100 ,
3291 5033 3513 5097 fratres,
3557 5034 3707 5101 cujus
3750 5034 3844 5086 llos

2273 5109 2542 5162 catlestcm
2573 5118 2803 5160 mutatur
2834 5109 2882 5160 in
2906 5109 2924 5136 ¹
2957 5123 3163 5174 panem,
3190 5120 3293 5172 quo
3323 5105 3586 5158 vescendo
3614 5106 3844 5172 perveni-

2278 5195 2396 5234 mus
2427 5181 2491 5232 ad
2521 5180 2677 5231 vitam
2708 5189 2957 5240 aeternam
2985 5179 2996 5229 !

2341 5312 2356 5342 ι
2384 5319 2445 5358 Ita
2473 5319 2548 5360 vs.
2577 5311 2652 5358 cb.
2677 5316 2722 5359 tu
2743 5309 2898 5358 altero
2922 5318 3081 5357 autem
3113 5307 3210 5362 cb.,
3258 5305 3315 5370 in
3345 5313 3525 5370 (eterna
3567 5305 3747 5370 pudore
3767 5317 3846 5352 sr'o

2275 5373 2547 5423 decoratur.
2571 5379 2626 5420 Αι
2650 5374 2694 5420 in
2726 5372 2866 5420 editis
2891 5406 2905 5431 ,
2945 5380 3121 5422 wtenw
3145 5368 3341 5432 pudoris
3376 5367 3452 5418 sui
3486 5367 3661 5419 honore
3706 5367 3841 5415 decu-

2274 5442 2424 5484 ratur.

2339 5499 2356 5526 ³
2384 5503 2445 5544 Ita
2465 5502 2545 5542 Ms.
2572 5502 2621 5542 Αι
2642 5495 2776 5548 editi,
2807 5504 2894 5545 λος
2935 5494 3123 5555 fenum,
3147 5491 3323 5553 fratres
3341 5527 3356 5551 ,
3379 5491 3576 5554 ejusque
3597 5488 3684 5554 ﬂos
3705 5487 3841 5538 arte-

2273 5563 2387 5606 stem
2424 5557 2739 5605 emundantur
2761 5557 2826 5614 in,
2853 5567 2947 5604 etc.

2339 5621 2410 5674 (ιι)
2434 5622 2568 5668 (uim.
2597 5620 2660 5664 de
2686 5609 2920 5677 't‘euu'mre
2940 5617 3028 5677 2i;
3056 5625 3105 5667 et
3129 5623 3253 5678 post,
3281 5615 3327 5663 in
3352 5613 3627 5678 Appendice
3647 5609 3727 5666 26.

2343 5683 2407 5744 te;
2437 5681 2603 5728 Incerti
2631 5689 2847 5726 auctum.
