4016 6442
256 329 390 388 1393

755 444 977 500 διειιιιο
1015 441 1198 498 cxxv
1229 441 1325 512 (α).

710 559 761 604 In
783 551 928 604 Natali
949 553 1162 611 Domini,
1186 564 1236 600 lx
1268 549 1360 612 (b).

325 666 376 718 l.
403 662 506 717 Cur
531 658 670 714 Deus
707 660 956 712 hominem
993 662 1209 726 suscepit
1244 671 1310 710 ea:
1359 652 1584 726 Virgine.
1625 650 1824 705 Nativi-

251 743 412 787 tatem
451 731 658 786 Domini
696 729 862 783 nostri
902 727 1026 782 Jesu
1063 723 1256 781 Christi
1282 723 1572 778 secundum
1607 736 1820 774 carnem

250 803 323 857 ita
353 799 719 868 Evangelista_
740 798 1073 868 apertissime
1099 792 1482 868 demonstravit
1505 831 1516 868 ε
1550 799 1610 844 ut
1636 799 1819 844 osten-

251 872 400 926 deret
437 861 556 923 eum
587 884 652 922 ex
687 861 886 934 Spiritu
911 876 1096 922 sancto
1125 874 1179 918 et
1205 865 1364 917 Maria
1389 861 1592 934 virgine
1619 869 1820 934 natum,

251 951 469 1010 propter
493 929 1130 1010 luereticon-uni_astuti_am
1151 935 1306 1010 ,_qni_
1321 929 1513 1000 negant
1535 929 1702 1008 Deum
1723 929 1819 1010 ho-

253 999 448 1066 minem
493 1008 810 1074 suscepisse.
857 1005 960 1058 Sed
1000 1005 1118 1058 ideo
1159 999 1419 1074 Dominus
1443 1009 1620 1074 noster
1654 999 1820 1074 virgi-

253 1095 410 1134 neum
441 1078 540 1130 sibi
569 1066 844 1145 requisivit
881 1075 1162 1145 hOSpitium
1185 1113 1212 1145 ,_
1253 1082 1312 1145 ut
1337 1069 1488 1145 nobis
1507 1066 1821 1145 ostenderet

251 1149 303 1202 iu
335 1159 482 1202 casto
507 1137 728 1213 corpore
757 1146 918 1198 Deum
947 1137 1144 1211 portari
1182 1142 1396 1194 debere.
1447 1139 1522 1213 ad
1553 1137 1652 1190 hoc
1677 1137 1818 1213 enim

251 1219 392 1273 Deus
419 1206 684 1271 hominem
713 1206 1023 1283 suscepit-in
1049 1227 1106 1283 se
1123 1253 1154 1283 ,7
1171 1221 1228 1264 ut
1249 1223 1300 1283 ei
1335 1224 1432 1262 nos
1455 1209 1618 1283 Deum
1649 1206 1818 1260 susci-

251 1289 460 1356 piamus
481 1289 536 1338 in
551 1285 732 1356 _nobis,
761 1279 896 1356 sicu-t
923 1285 1032 1356 ipse
1059 1281 1216 1346 dicit,
1246 1279 1525 1356 Manetein
1545 1293 1640 1336 me,
1665 1285 1708 1328 et
1729 1291 1819 1346 ego

250 1349 304 1410 in
336 1357 470 1410 vobis
515 1353 689 1425 (Joan.
719 1369 785 1406 xv
804 1393 818 1415 ,
849 1353 930 1425 At):
945 1349 952 1350 7
971 1351 1024 1425 Q
1049 1365 1256 1425 sacrum
1285 1358 1342 1425 et
1375 1349 1592 1425 cmleste
1619 1356 1818 1415 myste-

251 1429 388 1481 rium
419 1419 756 1478 innativitate
789 1419 988 1475 Domini
1015 1423 1028 1475 !
1077 1419 1325 1486 Concepit
1351 1419 1496 1485 virgo
1539 1425 1818 1486 antequam

252 1511 504 1564 sponsum
533 1493 752 1564 haberet
769 1533 782 1554 ,
811 1491 952 1564 parit
977 1483 1479 1564 antequam—nubat;
1502 1493 1560 1564 et
1588 1483 1726 1564 quod
1752 1483 1818 1536 ad

249 1553 458 1620 laudem
492 1563 720 1632 pertinet
757 1553 1268 1632 nominis__Dumini‘,
1317 1567 1370 1610 ct
1409 1563 1575 1632 mater
1601 1561 1654 1608 et
1674 1553 1818 1632 virgo

251 1637 412 1704 erepit
441 1623 566 1704 esse,
587 1641 703 1698 post
734 1639 956 1698 partum.
989 1627 1312 1704 Virgo-enim
1343 1625 1619 1703 concepit,
1655 1623 1818 1704 [virgo

251 1691 474 1773 peperit,
508 1691 653 1769 virgo
687 1691 804 1773 post
835 1709 1041 1773 partum
1084 1691 1282 1751 illibata
1305 1691 1609 1773 permansit.
1651 1691 1816 1758 Quem

251 1763 372 1827 cum
407 1763 666 1842 portarat,
687 1763 904 1842 'tinmit;
932 1783 1051 1820 cum
1081 1763 1320 1834 pareret,
1349 1763 1586 1842 adoravit
1615 1779 1630 1813 :
1659 1775 1818 1830 quem

251 1859 370 1898 cum
397 1833 706 1911 peperisset,
740 1839 912 1911 minor
935 1847 1056 1911 erat
1074 1833 1242 1911 mater
1263 1849 1417 1911 quam
1450 1833 1604 1885 lilius.

321 1913 374 1966 2.
399 1898 594 1966 ὈΙῖήδιὶ
633 1898 884 1978 generatio
928 1908 981 1960 in
1023 1907 1186 1978 Adam
1221 1898 1565 1978 prlrﬁguratg.
1607 1898 1818 1956 Grande

251 1985 404 2036 nobis
434 1971 741 2050 mysterium
777 1979 952 2050 divina
983 1971 1232 2043 maiestas
1259 1975 1309 2026 in
1328 1971 1466 2050 ﬁda;
1499 1971 1820 2050 figuram-ze-

251 2053 415 2106 misit.
459 2039 607 2104 Sicut
647 2049 787 2103 enim
833 2048 970 2100 Deus
1017 2039 1197 2098 noster
1233 2058 1350 2096 cum
1383 2039 1605 2108 primum
1649 2039 1816 2093 Adam

251 2123 426 2176 facere
459 2121 618 2172 vellet
641 2159 657 2182 ,
701 2133 804 2170 non
832 2132 894 2168 ex
920 2112 1422 2182 conjunctioneiviri
1457 2121 1548 2163 aut
1583 2108 1818 2182 mulieris

253 2191 520 2244 hominem
552 2197 604 2241 nt
629 2177 770 2240 esset
793 2185 967 2238 eli'ccit
985 2199 1000 2248 ;
1020 2177 1124 2236 sed
1146 2181 1408 2250 accipiens
1428 2189 1651 2250 terram,
1677 2177 1820 2250 unde

253 2260 521 2313 hominem
571 2257 689 2310 facit
715 2296 728 2319 ,
774 2253 948 2306 divina
987 2245 1220 2321 quadam
1257 2245 1380 2321 arte
1423 2247 1664 2321 formavit
1701 2263 1714 2299 :
1745 2245 1818 2299 ita

252 2330 368 2382 sine
397 2328 494 2380 viri
531 2315 902 2392 conjunctione
932 2315 1096 2392 Deum
1134 2321 1188 2373 in
1221 2315 1458 2392 virginali
1493 2315 1613 2392 al_vo
1639 2316 1818 2392 incor-

269 2398 428 2450 mrari
466 2384 808 2462 diSpensavit.
853 2391 1060 2462 Ergoisi
1087 2384 1378 2462 tunclicuit
1405 2385 1673 2462 hominem
1703 2384 1820 2462 sine

275 2467 468 2520 nomine
511 2453 652 2517 nasci
679 2503 694 2526 ,
735 2477 829 2515 cur
863 2453 966 2513 non
1004 2459 1146 2512 licuit
1175 2457 1440 2510 hominem
1469 2455 1582 2526 sine
1607 2453 1821 2526 homine

251 2551 349 2604 per
373 2535 582 2604 Mariam
608 2523 862 2604 virginem
893 2527 1197 2604 procreari?
1221 2526 1476 2604 Quoniam
1496 2525 1632 2578 sicut
1651 2523 1818 2604 Adam

253 2593 316 2656 ex
347 2611 488 2656 terra
527 2593 729 2669 virgine
757 2593 1142 2670 liguratusest,
1179 2593 1256 2650 ita
1260 2605 1324 2670 et
1349 2594 1682 2670 Christusex
1709 2593 1819 2646 vir-

251 2673 374 2740 gine
423 2680 576 2724 natus
610 2662 934 2740 agnos-citur.
987 2667 1223 2740 l‘biituuc
1253 2666 1408 2740 fiatus
1443 2665 1536 2740 Dei
1577 2662 1643 2716 de
1681 2671 1820 2740 terra

251 2731 427 2794 'vivnm
457 2731 722 2793 hominém
747 2753 962 2794 surgere
991 2735 1115 2791 fecit
1147 2735 1211 2789 ad
1237 2736 1396 2787 vitam
1431 2751 1444 2785 :
1475 2733 1560 2787 hic
1582 2731 1780 2786 mundo
1801 2732 1820 2764 ⁸

251 2810 480 2878 Spiritus
508 2820 720 2863 sanctus
745 2808 810 2860 de
838 2802 1222 2878 Mat-in_virgine
1259 2803 1525 2878 Christum
1553 2802 1820 2878 hominem

254 2869 498 2949 ﬁguravit
522 2919 536 2940 .
569 2879 620 2949 in
648 2892 752 2947 quo
779 2875 1013 2949 Deusad
1049 2869 1442 2949 reparationem
1469 2871 1704 2949 hominis
1725 2869 1820 2924 ha-

255 2942 470 3004 bitaret.
501 2942 678 3002 Adam'
706 2947 844 3001 enim
875 2947 944 3000 ibi
985 2942 1396 3007 tunc'nascitur;
1429 2942 1514 2995 hic
1538 2949 1824 2996 renovatur

251 3029 307 3074 et
332 3020 672 3072 resnscitatur
703 3018 753 3070 in
793 3017 1024 3070 Christo.
1057 3015 1314 3082 Fuitergo
1331 3009 1819 3077 similisreparatio,

252 3088 518 3157 quomodo
545 3089 639 3140 fuit
673 3096 728 3140 et
771 3086 1006 3157 hominis
1027 3086 1258 3157 creatio._
1275 3083 1507 3149 Denique
1539 3083 1677 3157 sicut
1700 3089 1822 3157 tunc

253 3151 306 3211 in
335 3159 455 3212 alvo
485 3169 638 3210 terra:
665 3157 908 3211 Salvator
935 3155 1060 3208 Adae
1103 3153 1338 3207 membra
1378 3151 1709 3220 composuit;
1747 3151 1824 3204 sic

252 3229 412 3281 etiam
455 3242 594 3280 nime
640 3227 690 3278 in
742 3225 957 3294 virginis
995 3225 1115 3278 alvo
1153 3223 1395 3294 Christus
1438 3235 1532 3294 sua
1583 3221 1820 3274 membra

253 3297 572 3366 coinposuit.
599 3295 641 3350 Ο
662 3291 876 3366 grandis
913 3291 1514 3366 patientiaSalvatoris;
1549 3297 1824 3366 esspectat

254 3359 398 3420 nasci
447 3381 541 3420 sua
587 3359 822 3419 meinbra
871 3359 986 3433 qua:
1029 3362 1184 3416 feeit!
1241 3362 1342 3417 Sed
1393 3361 1526 3433 ideo
1547 3360 1640 3433 ille
1662 3359 1824 3433 vuiuit

256 3437 424 3502 nasci,
454 3445 508 3490 ut
536 3451 632 3489 nos
663 3437 854 3489 iterum
877 3429 1195 3488 viveremus.
1243 3433 1383 3486 Deus
1407 3431 1603 3485 latebat
1631 3431 1682 3482 in
1728 3429 1826 3482 ho-

255 3507 400 3559 mine
433 3525 444 3558 :
473 3505 741 3558 humiliata
781 3513 862 3558 est
887 3503 1079 3566 virtus,
1133 3513 1190 3554 ut
1229 3502 1396 3570 pietas
1425 3507 1741 3570 augeretur;
1772 3507 1826 3553 et

253 3575 394 3643 quod
435 3576 497 3628 ad
539 3575 746 3627 laudem
780 3573 1009 3628 nominis
1038 3573 1150 3643 ejus
1177 3574 1450 3643 pertinet,_
1479 3573 1586 3623 visa
1615 3575 1698 3643 est
1727 3584 1823 3638 po.

255 3638 420 3700 testas
443 3645 616 3700 minus
642 3644 773 3697 velle
793 3659 949 3712 quant
973 3638 1156 3710 possit.
1177 3638 1547 3694 llumiliavitse
1561 3647 1616 3692 ut
1633 3638 1822 3712 homo:

258 3731 358 3770 nec
387 3715 592 3769 horruit
635 3715 778 3768 Deus
805 3709 1072 3766 hominem
1102 3713 1320 3765 induere
1343 3752 1358 3776 ,
1399 3725 1569 3780 quem
1585 3709 1648 3780 ad
1662 3723 1824 3780 suam

255 3785 536 3853 Patrisque
560 3785 840 3853 imaginem
872 3782 1114 3853 liguravit
1135 3823 1156 3853 ι
1167 3779 1326 3853 unde
1351 3777 1522 3853 iibens
1542 3779 1640 3834 Dei
1661 3777 1826 3832 Filius

254 3857 422 3908 voluit
451 3849 564 3908 huc
591 3849 709 3908 esse
755 3855 892 3920 quod
913 3849 1074 3904 't'ecit.
1137 3850 1268 3904 Nam
1296 3851 1433 3920 ideo
1476 3849 1612 3920 Deus
1649 3857 1830 3920 noster

254 3923 447 3980 Filium
475 3939 628 3978 suum
671 3917 813 3976 misit
845 3921 909 3975 ad
947 3921 1214 3973 hominem
1256 3918 1618 3981 liberandum,
1663 3925 1720 3970 ut
1741 3917 1826 3972 cui

254 3993 490 4060 dixerat,
528 3993 800 4047 Faciamus
827 3992 1074 4060 hominem
1099 3989 1248 4058 (Gen.
1277 4005 1294 4042 ι
1319 4030 1334 4054 ,
1361 3987 1451 4059 26)
1472 4029 1486 4054 ,
1529 3987 1642 4057 ipse
1670 3987 1828 4040 etiam

255 4059 509 4118 liberator
533 4071 694 4127 esset,
721 4062 806 4131 qui
836 4059 1004 4131 fuerat
1029 4069 1080 4113 et
1106 4069 1332 4131 creator.

329 4131 381 4186 5.
412 4132 512 4187 Cur
535 4127 760 4187 Christus
786 4147 850 4184 ea:
877 4129 1100 4183 muliere.
1147 4128 1249 4182 Cur
1287 4143 1374 4195 per
1399 4127 1630 4180 mulieres
1663 4141 1831 4179 resur-

255 4203 444 4256 rexisse
464 4201 740 4255 nuntiatur.
769 4201 872 4254 Sed
904 4214 1066 4268 quare
1095 4199 1234 4268 Deus
1253 4207 1433 4251 noster
1449 4196 1717 4268 nascendo
1737 4211 1832 4268 per

257 4271 528 4341 Virginem
555 4313 571 4336 ,
617 4285 713 4324 nos
755 4272 832 4323 sic
857 4265 1038 4341 voluit
1085 4267 1374 4341 reformare
1411 4267 1476 4320 ad
1519 4265 1721 4341 vitam?
1765 4265 1832 4341 iit.

255 4336 382 4411 quia
421 4357 514 4410 per
555 4341 828 4411 mulierem
855 4339 906 4393 in
949 4339 1088 4411 hunc
1127 4338 1380 4411 mundum
1421 4351 1565 4389 mors
1595 4336 1827 4411 intravit,

259 4405 526 4482 {alus'per
563 4409 830 4482 Virginem
863 4409 1202 4482 redderetur.
1252 4407 1489 4482 Denique
1524 4413 1584 4482 et
1622 4405 1831 4473 quando

255 4477 505 4534 Christus
531 4477 684 4534 tertia
714 4479 800 4534 die
828 4480 894 4532 ab
913 4479 1096 4533 inferis
1117 4477 1426 4536 resurrexit,
1459 4477 1683 4544 primum
1713 4490 1830 4527 mu-

259 4549 423 4604 lieres
452 4566 544 4618 per
560 4550 800 4618 angelum
831 4548 1113 4602 adorantes
1140 4554 1426 4618 occurrunt
1455 4563 1470 4597 :
1501 4545 1692 4618 quibus
1713 4544 1832 4618 ideo

255 4613 476 4689 iubetur
497 4613 940 4674 resurrectionem
968 4617 1234 4686 Apostolis
1265 4613 1508 4689 nuntiare
1527 4654 1544 4689 ,_
1576 4625 1634 4689 ut
1665 4613 1833 4668 homi-

256 4685 418 4744 itibus
442 4689 828 4752 ostenderetur,
861 4689 994 4742 Ecce
1019 4685 1116 4756 per
1135 4701 1292 4755 quam
1315 4685 1580 4740 cecidistis
1610 4685 1659 4737 in
1683 4699 1832 4756 mor-

260 4769 369 4812 tem
386 4801 404 4826 ,
435 4773 528 4824 per
555 4761 718 4826 ipsam
747 4759 893 4811 vobis
919 4755 1237 4811 resurrectio
1264 4764 1590 4826 mortuorum
1621 4755 1830 4826 nuntia-

259 4838 367 4883 tur.
389 4823 396 4826 ’
416 4823 600 4882 Mulier
629 4829 767 4881 enim
799 4827 920 4896 quia
953 4827 1096 4896 prior
1120 4833 1463 4894 gustaverat,
1505 4825 1650 4894 prior
1673 4823 1832 4896 etiam

259 4901 708 4953 resurrectionem
758 4892 964 4951 vidisse
999 4892 1320 4949 monstratur
1339 4935 1352 4955 ,
1381 4901 1440 4947 ut
1465 4892 1567 4946 non
1595 4892 1832 4960 perpetui

261 4979 444 5022 reatus
492 4968 630 5037 apud
676 4967 819 5020 virus
865 4966 1204 5033 opprobrium
1247 4965 1571 5037 sustineret;
1601 4973 1671 5037 _et
1714 4977 1833 5032 qua:

261 5037 473 5114 culpam
505 5031 654 5114 nobis
678 5031 1373 5114 ttanslutlerai,Otransl'utlit
1401 5042 1452 5086 et
1479 5033 1722 5112 gratiam.

335 5101 390 5162 4.
415 5107 669 5161 Castitatis
693 5101 954 5160 necessitas
976 5104 1304 5157 christianum
1323 5118 1426 5156 esse
1454 5101 1688 5171 cupienti.
1733 5101 1835 5155 De-

325 5263 343 5293 ι
369 5267 436 5310 Ita
453 5262 528 5310 ch.
549 5268 628 5309 Ms.
651 5267 706 5310 At
725 5259 859 5318 editi,
877 5257 1126 5309 mundum.
1151 5265 1232 5318 Ms.
1249 5264 1414 5318 autem
1436 5269 1506 5318 n..
1525 5254 1836 5318 hicinuotdus

256 5335 350 5386 per
373 5321 467 5386 Spig
481 5321 598 5386 itum
628 5316 856 5386 sanctum
877 5322 938 5370 de
961 5319 1118 5378 maria
1139 5317 1322 5383 virgine
1339 5317 1578 5368 Christum
1599 5316 1836 5368 hominem

256 5381 483 5448 ﬁgurat-it
507 5385 570 5432 ad
593 5383 752 5448 uitam.

325 5447 398 5508 (ᾳ)
424 5443 562 5502 Alias,
587 5446 648 5493 de
673 5453 906 5508 Tempore
928 5443 1002 5492 l7.

325 5501 398 5566 (lt)
425 5511 470 5552 tn
516 5501 802 5566 Appendice'
819 5517 945 5552 nunc
959 5503 1187 5566 primum
1212 5501 1516 5566 collocatur.
1534 5501 1838 5566 lpvanieusl-

256 5567 354 5616 bus
382 5563 596 5618 dubius;
633 5568 826 5627 Spurius
863 5563 1052 5613 \‘erliuo
1086 5571 1138 5614 et
1175 5565 1404 5627 \‘iudingo
1443 5563 1712 5627 videbatur.
1740 5569 1837 5612 Non

255 5628 384 5686 sapit
407 5624 749 5691 Augustinum:
775 5627 922 5675 habet
951 5639 1071 5675 vero
1089 5625 1300 5675 nonnihil
1327 5639 1388 5674 ex
1411 5625 1652 5674 Ambrosio
1677 5624 1726 5672 in
1747 5629 1836 5673 Lu-

257 5699 385 5738 eam.

487 5777 757 5831 .t’ATROL.
795 5769 1096 5830 XXXIX.

1613 314 1840 376 SERMO
1878 313 2107 370 CXXVI.

3352 319 3492 376 {995

1930 431 2088 499 nique
2113 428 2365 499 Dominus
2393 432 2573 481 noster
2589 425 2704 480 ideo
2723 439 2819 499 per
2843 433 3000 499 casta:
3019 426 3235 497 virginis
3255 433 3432 487 mcmb
3447 451 3502 488 ra

1927 497 2073 552 venit
2099 498 2162 551 ad
2207 509 2373 551 terras
2398 537 2413 561 ,
2458 506 2515 550 ut
2551 497 2856 549 ostenderet
2887 497 3047 550 Deum
3093 499 3348 560 castitatis
3371 515 3496 556 esse

1927 578 2214 622 auctorem.
2244 567 2383 634 Ergo
2407 568 2556 620 sicuti
2581 565 2717 619 Deus
2745 575 2926 619 noster
2951 579 3045 618 nos
3071 569 3304 635 suscepit
3332 569 3384 622 in
3410 585 3496 628 se.

1927 647 1980 691 et
2007 651 2102 690 nos
2126 637 2474 704 suscipiamus
2501 637 2661 688 Deum
2693 635 2743 687 in
2775 635 2942 688 nobis.
2980 635 3258 707 Portemus
3284 653 3410 707 ergo
3438 651 3487 694 et

1927 722 2026 760 nos
2075 708 2236 759 Deum
2291 707 2342 758 in
2389 715 2535 758 casto
2579 718 2831 774 corpore,
2883 719 3037 772 quem
3083 706 3304 774 virginis
3347 706 3489 762 easta

1927 777 2160 830 membra
2190 783 2549 844 portaveruut.
2593 773 2836 826 Christus
2857 775 2996 827 enim
3025 773 3273 842 magister
3297 787 3380 831 est
3403 793 3490 832 ca~

1926 846 2120 900 stitatis
2149 862 2161 896 :
2194 843 2248 898 et
2278 845 2395 898 ideo
2439 844 2523 912 qui
2567 843 2859 913 castitatem
2907 857 3010 896 non
3041 844 3235 910 habet,
3277 857 3488 913 portare

1925 913 2189 984 Christum
2223 929 2326 968 non
2371 921 2560 982 potest.
2615 912 2968 984 Sedketnos,
3007 912 3354 984 Acharissimi,
3399 919 3488 984 qui

1927 984 2036 1038 Deo
2060 983 2325 1038 credimus
2349 981 2454 1048 {ut
2478 996 2689 1048 seraper
2710 981 2974 1036 Christum
3006 982 3056 1034 in
3097 983 3258 1038 corde
3283 981 3468 1040 nostro

1927 1065 2136 1122 portare
2179 1053 2441 1122 possimus
2463 1093 2480 1117 ,
2524 1060 2711 1122 castos
2737 1065 2797 1104 ac
2831 1065 2992 1122 puros
3026 1066 3122 1106 nos
3145 1053 3490 1110 cxhibcamus

1925 1120 1992 1175 ab
2029 1120 2192 1176 omni
2215 1130 2467 1190 peccato;
2511 1131 2566 1173 ut
2591 1120 2830 1190 Christus
2859 1120 3096 1190 habitare
3125 1123 3288 1189 possit
3316 1125 3366 1178 in
3396 1141 3492 1178 no-

1925 1191 2026 1246 bis.
2065 1193 2162 1259 Qui
2190 1189 2330 1244 e’nim
2361 1189 2624 1245 Christum
2655 1205 2759 1242 non
2790 1189 2945 1242 habet
2979 1190 3029 1242 in
3056 1205 3144 1253 se,
3174 1190 3492 1248 Christianus

1925 1277 2028 1314 non
2075 1271 2245 1329 potest
2289 1261 2412 1315 dici.
2471 1260 2578 1314 Nec
2627 1259 2767 1312 enim
2815 1259 2884 1312 ita
2932 1274 2989 1312 se
3031 1261 3286 1316 extollere
3333 1263 3491 1320 debet

1925 1335 2302 1400 utmsquisque,
2327 1339 2382 1384 ut
2408 1329 2748 1400 christianum
2771 1343 2829 1400 se
2856 1329 3067 1400 nomine
3088 1329 3228 1383 dicat
3265 1340 3484 1398 tantum,

1923 1407 1979 1454 et
2003 1397 2150 1454 faciis
2177 1397 2442 1453 inimicum
2465 1399 2722 1452 ostendat.
2757 1397 3030 1465 Quomodo
3053 1400 3370 1456 christianos
3387 1397 3489 1462 est,

1923 1470 2010 1537 qui
2050 1479 2230 1524 contra
2271 1469 2466 1523 Christi
2507 1467 2770 1538 praecepta
2811 1468 2988 1520 vivere
3029 1469 3336 1523 contendit?
3382 1471 3487 1527 Sed

1922 1553 2016 1590 vos
2040 1541 2128 1608 qui
2157 1540 2270 1610 Deo
2287 1539 2516 1610 servitis,
2549 1546 2602 1610 et
2625 1540 2759 1610 ejus_
2779 1547 3037 1604 prmeepta
3067 1540 3358 1604 custoditis,
3391 1557 3488 1610 p0-

1925 1607 2162 1678 iens’est
2190 1609 2339 1678 vobis
2380 1607 2672 1678 concedere
2709 1607 2872 1678 vitam
2908 1615 3160 1678 arternam
3185 1649 3198 1670 ,
3237 1611 3326 1678 qui
3369 1607 3492 1664 c'um

1923 1675 2078 1730 Patre
2104 1691 2156 1731 et
2181 1677 2376 1745 Spiritu
2405 1687 2587 1731 sancto
2614 1676 2746 1729 vivit
2773 1686 2828 1729 et
2866 1685 3051 1745 regnat
3075 1676 3126 1730 in
3158 1675 3348 1732 sarcula
3379 1695 3482 1734 sar—

1923 1747 2182 1800 culorum.
2215 1749 2402 1800 Amen.

2388 1833 2614 1890 SERMO
2650 1832 2860 1888 cxxvr
2893 1833 2988 1906 (α).

2399 1949 2453 1992 ιη
2472 1941 2619 1991 Natali
2641 1941 2841 2002 Domini,
2865 1955 2894 1990 ι
2921 1939 3012 2005 (b).

1995 2049 2045 2101 l.
2091 2045 2312 2116 Utraque
2349 2047 2532 2101 Christi
2569 2045 2820 2116 generatio
2867 2045 2994 2098 inter
3042 2061 3094 2098 se
3148 2057 3488 2116 comparatur.

1925 2115 2093 2186 Jiater
2149 2115 2333 2170 Christi
2396 2115 2590 2185 semper
2643 2115 2781 2185 uirgo
2809 2129 2992 2186 ,unte
3021 2131 3220 2186 semper
3262 2115 3488 2186 sponsa.

1925 2185 2220 2256 (ἔειπεν-αιίοί
2259 2197 2469 2256 utraque
2503 2184 2952 2256 'ineomparabilis.
3021 2184 3325 2240 Veneranda
3396 2203 3490 2242 ua-

1923 2255 2098 2308 tivitas
2138 2254 2424 2308 Salvatoris
2451 2295 2468 2320 ,
2511 2255 2598 2323 qui
2644 2263 2796 2307 natus
2857 2254 2908 2306 in
2960 2269 3118 2308 carne
3161 2263 3273 2318 est,
3317 2257 3490 2310 humi-

1922 2323 2084 2377 litatis
2149 2331 2230 2378 est
2286 2324 2712 2393 instrumentum,
2777 2323 2984 2391 pietatis
3043 2325 3370 2393 mysterium,
3437 2338 3492 2380 et

1924 2401 2137 2446 interna:
2197 2393 2306 2462 spei
2373 2392 2663 2446 remedium
2709 2393 3062 2462 manifestum.
3103 2392 3227 2446 ’llac
3271 2395 3358 2448 die
3410 2405 3492 2450 est

1925 2473 2080 2516 natus
2140 2461 2464 2531 ex’virgine
2513 2471 2716 2525 matre,
2765 2461 2854 2530 qui
2905 2470 3028 2514 ante
3083 2463 3272 2516 saecula
3336 2473 3492 2519 teter-

1927 2547 2024 2584 nus
2045 2539 2125 2584 est
2149 2531 2358 2600 genitus
2382 2547 2446 2584 ex
2491 2531 2601 2600 Deo
2644 2532 2817 2584 l'atrc.
2870 2531 2924 2583 in
2972 2531 3060 2584 illa
3108 2532 3378 2587 nativitate
3421 2549 3486 2588 ex

1925 2599 2233 2668 impassibili
2265 2599 2803 2672 nasciturgenitore;
2849 2600 2917 2672 in_
2947 2601 3044 2653 ista
3087 2616 3155 2672 ex,
3185 2601 3489 2672 incorrupta

1925 2683 2080 2742 natus
2123 2681 2205 2742 est
2249 2671 2470 2742 virgine.
2511 2669 2677 2742 ΙιμιιιιΔ
2704 2670 2849 2723 solus
2893 2669 3234 2742 Pater-scivit
3263 2669 3491 2742 ipsequi

1925 2741 2136 2809 genuit;
2169 2741 2304 2794 hanc
2333 2741 2382 2792 in
2412 2755 2470 2796 se
2491 2740 2602 2792 snla
2622 2739 2776 2807 Virgo
2797 2749 3038 2809 etimater
3057 2739 3361 2794 intemerata
3393 2739 3486 2798 co-

1925 2807 2122 2877 guovit,
2147 2825 2264 2878 qure.
2290 2811 2456 2862 virum
2477 2809 2531 2862 in
2558 2807 2901 2876 concipiendo
2923 2823 3024 2861 non
3051 2812 3285 2876 pertulit.
3307 2809 3362 2864 In
3385 2812 3490 2865 Pa-

1927 2887 2006 2932 tre
2031 2879 2444 2946 impassihilitas,
2475 2880 2525 2932 in
2550 2887 2716 2931 matre
2743 2878 3236 2946 incorruptibilitas;
3267 2879 3316 2933 in
3335 2881 3492 2936 Patre

1925 2959 2178 3020 perpetua
2223 2948 2510 3020 divinitas,_
2540 2947 2590 3001 in
2634 2955 2804 3020 matre
2841 2955 3038 3001 :ctcrna
3073 2949 3363 3020 virginitas.
3403 2951 3491 3008 Sic

1926 3017 2066 3072 enim
2094 3018 2157 3072 ad
2199 3033 2313 3072 eam
2361 3017 2616 3071 Dominus
2657 3017 2886 3084 loquitur
2927 3032 3017 3084 per
3059 3019 3390 3085 prophetam,
3425 3021 3488 3074 Et

1927 3087 2236 3157 desponsabo
2263 3097 2310 3142 te
2334 3088 2456 3140 mihi
2497 3087 2548 3140 in
2581 3097 2820 3140 internum
2849 3085 3017 3156 (Osee.
3042 3103 3099 3152 ll,
3130 3087 3242 3157 19).
3267 3088 3492 3158 Semper

1926 3173 2054 3228 ergo
2082 3159 2228 3228 virgo
2257 3167 2357 3218 est,
2386 3172 2502 3226 qua:
2527 3169 2738 3228 semper
2757 3170 2949 3224 sponsa
2978 3165 3094 3228 est:
3118 3166 3170 3210 et
3195 3172 3310 3226 qua:
3333 3175 3490 3212 voea-

1929 3227 2052 3298 bulo
2081 3226 2288 3296 sponsa:
2311 3241 2412 3279 non
2442 3227 2628 3298 caruit,
2659 3227 2708 3278 iu
2731 3237 2986 3298 miernum
3015 3226 3160 3294 virgo
3179 3229 3486 3298 permansit.

1930 3295 1997 3350 Et
2036 3295 2346 3366 desponsabo
2377 3306 2456 3368 te,
2489 3296 2671 3368 inquit,
2703 3295 2826 3348 mihi
2853 3297 2904 3348 in
2925 3295 3199 3368 internum;
3227 3298 3346 3366 quia
3374 3315 3494 3368 quas

1929 3365 2133 3435 sponsa
2166 3377 2360 3420 teterna
2403 3365 2613 3427 dicitur,
2657 3373 2852 3436 aeterna
2882 3366 3046 3436 virgo
3088 3365 3360 3436 probatur.
3393 3365 3486 3422 Ἐκ

1929 3434 2086 3492 Patre
2115 3436 2464 3498 invisibiliter,
2497 3451 2562 3489 cx
2600 3443 2768 3488 matre
2795 3434 3106 3498 visibiliteri
3147 3435 3240 3490 scd
3286 3436 3492 3492 incom-

1929 3506 2234 3576 parabiliter
2262 3521 2326 3559 ex
2355 3505 2536 3576 Patre,
2562 3512 2720 3576 atque
2743 3505 3240 3576 incomparabiliter
3279 3521 3340 3576 ex
3391 3523 3494 3561 ma-

1933 3573 2187 3644 trezquia
2233 3573 2696 3644 incorruptibiliter
2741 3573 2792 3626 in
2842 3573 2933 3644 illa
2971 3575 3239 3644 nativitate
3283 3575 3492 3630 Patrem

1931 3642 2100 3700 Deum
2131 3645 2284 3698 habet
2311 3643 2426 3698 sine
2455 3643 2666 3697 homine
2693 3651 2891 3705 matre;
2925 3643 2974 3695 in
3015 3642 3112 3696 ista
3151 3653 3372 3698 matrem
3399 3645 3496 3699 ha~

1931 3715 2019 3768 bet
2048 3714 2323 3784 virginem,
2348 3713 2440 3784 sed
2469 3712 2730 3766 hominem
2762 3725 2866 3766 non
2896 3713 3050 3766 habet
3081 3723 3302 3780 patrem.
3327 3714 3380 3768 in
3404 3715 3490 3769 illa

1931 3783 2226 3839 coarternus
2263 3791 2346 3838 est
2391 3783 2578 3847 l’atrts,
2605 3791 2658 3835 et
2702 3791 2998 3836 coaeternus
3025 3784 3291 3837 auctoris:
3317 3785 3368 3838 in
3397 3785 3492 3837 ista

1933 3854 2071 3907 ﬁlius
2095 3863 2178 3908 est
2201 3852 2433 3922 virginis,
2468 3863 2520 3922 et
2547 3861 2730 3922 auctor
2756 3859 2838 3922 est
2861 3852 3064 3905 matris.
3092 3851 3210 3920 ipse
3233 3855 3372 3907 enim
3399 3853 3496 3908 l'or-

1933 3924 2094 3978 mavit
2115 3921 2320 3978 uterum
2349 3923 2433 3988 qui
2460 3921 2733 3976 descendit
2757 3921 2807 3974 in
2837 3928 3042 3974 uterum
3065 3937 3079 3986 ;
3107 3923 3265 3976 exivit
3293 3924 3360 3978 dc
3381 3935 3494 3978 ute-

1933 4009 2012 4056 ro,
2039 4003 2093 4048 et
2121 4009 2222 4046 non
2249 3995 2480 4058 corrupit
2507 3999 2713 4044 uterum
2742 4008 2754 4043 :
2785 3999 2843 4042 ut
2869 3992 2956 4058 qui
2989 3991 3148 4044 Deum
3177 3991 3384 4046 Patrem
3413 3993 3498 4046 ha-

1935 4064 2026 4117 het
2055 4063 2106 4116 in
2136 4063 2305 4126 caelis,
2338 4062 2592 4130 virginem
2633 4067 2856 4130 matrem
2899 4061 3115 4114 haberet
3149 4061 3199 4114 in
3233 4063 3406 4117 terris.
3437 4061 3494 4116 in

1936 4133 2028 4187 illo
2070 4134 2185 4188 sine
2225 4129 2460 4200 tempore
2497 4129 2808 4201 genitus,_iu
2847 4131 2944 4201 ista
2985 4131 3036 4183 in
3069 4129 3171 4184 line
3199 4141 3494 4201 temporum

1937 4211 2109 4256 natus.
2129 4203 2181 4257 lu
2201 4203 2290 4256 illo
2317 4199 2549 4254 nascitur
2576 4201 2689 4253 sine
2717 4199 2840 4262 line,
2861 4199 2910 4252 in
2945 4201 3040 4270 ista
3066 4199 3360 4270 concipitur
3381 4203 3497 4256 sine

1937 4273 2156 4326 semine.
2189 4271 2243 4325 In
2285 4271 2376 4324 illo
2403 4271 2516 4324 sine
2563 4271 2713 4324 initio
2753 4269 3128 4337 generationis,
3161 4269 3233 4324 ini
3257 4272 3353 4324 ista
3399 4273 3496 4326 sub

1936 4341 2236 4396 Conditione
2265 4343 2414 4410 Legis
2442 4349 2496 4394 et
2518 4339 2712 4394 carnis.
2743 4339 2795 4392 In
2829 4339 2918 4392 illo
2945 4339 3221 4410 invisibilis
3251 4341 3408 4406 Deus,
3443 4343 3494 4396 in

1937 4413 2036 4465 ista
2066 4412 2285 4466 visibilis
2315 4407 2473 4463 homo
2503 4425 2596 4477 per
2623 4422 2816 4480 corpus
2829 4425 2851 4480 _:
2877 4409 2996 4477 quia
3031 4407 3242 4462 Verbum
3271 4427 3388 4464 caro
3414 4415 3496 4480 fa-

1937 4493 2071 4534 ctum
2094 4491 2187 4542 est,
2221 4491 2264 4534 et
2292 4476 2526 4532 habitavit
2553 4481 2604 4532 in
2631 4479 2770 4532 nobis
2791 4476 2968 4546 (Joan.
2991 4495 3028 4544 I,
3053 4480 3160 4546 Η).
3193 4479 3250 4534 In
3275 4481 3364 4534 illo
3393 4476 3498 4534 ἤη-

1937 4551 2220 4620 passibilis,
2249 4551 2302 4604 in
2330 4551 2426 4603 ista
2465 4550 2739 4620 mortalis,
2765 4547 2830 4620 in_
2856 4547 2958 4620 illo
2999 4549 3410 4620 excelsissimus,
3445 4551 3495 4604 in

1939 4617 2036 4676 ista
2063 4620 2652 4690 subjectus:subjectus
2699 4617 3200 4690 siquidem_injuriis
3239 4620 3500 4690 passionis

1937 4701 1990 4746 et
2019 4685 2239 4754 mortis;
2270 4689 2452 4742 mortis
2487 4685 2668 4758 autem
2709 4687 2880 4758 crucis
2911 4685 3164 4758 (Philipp.
3188 4685 3252 4758 in,
3285 4687 3362 4758 8).
3395 4689 3498 4744 Sed

1939 4775 2033 4830 per
2071 4759 2182 4830 ha-c
2215 4759 2388 4830 omnia
2419 4767 2505 4830 est
2523 4757 2784 4830 gloriosus
2821 4757 2871 4809 in
2910 4755 3079 4824 ctelis,
3109 4755 3197 4826 qui
3237 4755 3409 4812 victor
3445 4759 3498 4812 in

1938 4826 2181 4884 omnibus
2213 4828 2476 4882 invenitur
2493 4826 2545 4879 in
2569 4826 2740 4880 terris.

2008 4899 2062 4952 2.
2089 4898 2205 4952 Diei
2249 4897 2450 4950 Natalis
2497 4895 2682 4950 Christi
2715 4897 3061 4965 praerogativa.
3105 4895 3502 4952 Resurrectionis

1941 4968 2126 5024 Christi
2181 4969 2285 5020 dies
2348 4967 2480 5037 idem
2538 4966 2625 5037 qui
2677 4966 3030 5037 conceptionis.
3089 4965 3260 5037 Elegit
3303 4967 3404 5022 sibi
3447 4969 3500 5022 in

1939 5054 2042 5107 qua
2081 5046 2385 5092 nasceretur
2422 5035 2583 5098 diem,
2627 5036 2716 5107 qui
2775 5035 2889 5107 fecit
2945 5049 3153 5091 omnem
3196 5035 3387 5104 ’diem,
3451 5049 3505 5092 et

1940 5105 2045 5163 non
2111 5109 2226 5163 sine
2287 5107 2449 5174 gratia
2515 5105 2834 5173 przelationis
2895 5107 3103 5159 ercteris
3174 5115 3256 5160 est
3317 5107 3504 5162 diebus

1942 5178 2218 5235 habendus
2284 5177 2368 5230 hic
2423 5174 2568 5240 dies,
2635 5175 2690 5227 in
2753 5189 2858 5244 quo
2923 5175 3060 5230 Deus
3123 5176 3176 5230 in
3237 5175 3502 5232 hominem

2004 5313 2022 5368 (
2043 5315 2075 5364 ι)
2093 5311 2240 5372 Alias,
2263 5309 2327 5360 de
2349 5315 2586 5372 tempore
2607 5306 2686 5357 22.

2003 5367 2073 5438 (ῡ)
2099 5381 2148 5423 ιιι
2180 5367 2452 5438 Appendiee
2469 5367 2602 5419 hunc
2633 5370 2836 5438 primum
2865 5367 3138 5421 collocatur.
3163 5377 3230 5438 E_x_
3245 5372 3506 5438 Lemnien-

1939 5429 2067 5487 siuui
2079 5429 2284 5484 censura
2299 5431 2492 5492 dubius,
2517 5429 2850 5492 suppbsititius
2879 5444 2996 5481 vero
3010 5439 3086 5480 est
3108 5429 3284 5480 Verlini
3303 5439 3506 5492 sentcn-

1941 5500 2006 5548 tia
2027 5509 2083 5546 ac
2101 5494 2338 5556 \‘indingi,
2361 5492 2442 5556 qui
2466 5491 2818 5556 istud‘inaxime
2841 5493 3066 5556 observat
3077 5493 3151 5556 ab
3169 5491 3508 5556 Augustinum

1941 5562 2052 5610 stilo
2090 5551 2300 5606 alienum
2337 5551 2473 5604 initio
2506 5566 2556 5601 ιι.
2581 5551 2648 5600 4ε
2682 5571 2704 5596 ι
2725 5555 2886 5602 Omnis
2921 5565 3040 5614 ergo
3075 5553 3216 5614 hujus
3242 5551 3508 5614 nativitatis

1949 5639 1970 5668 α
1991 5619 2172 5692 schol-.2,
2197 5616 2480 5668 humilitatis
2503 5623 2579 5686 est
2617 5614 2820 5674 oiliciua,
2857 5611 3099 5676 patientiae
3123 5611 3291 5672 massa,
3321 5611 3510 5662 virtutis

1951 5700 1974 5732 ι
1995 5691 2184 5746 agonia.
2203 5693 2226 5726 ι

2622 5751 3206 5839 (Soixante-trois.)
