  <div class='ocr_page' id='page_1' title='image "/cluster/home/n/w/nwhite01/storage/ocr_20150623/39/umn.319510024773323/266.png"; bbox 0 0 4016 6456; ppageno 0'>
   <div class='ocr_carea' id='block_1_1' title="bbox 209 351 448 410">
    <p class='ocr_par' dir='ltr' id='par_1_1' title="bbox 209 351 448 410">
     <span class='ocr_line' id='line_1_1' title="bbox 209 351 448 410; baseline 0 -18"><span class='ocrx_word' id='word_1_1' title='bbox 209 351 348 410; x_wconf 58' lang='grc' dir='ltr'><strong>εοος</strong></span> <span class='ocrx_word' id='word_1_2' title='bbox 441 387 448 392; x_wconf 90' lang='grc'><strong>.</strong></span> 
     </span>
    </p>
   </div>
   <div class='ocr_carea' id='block_1_2' title="bbox 211 447 1789 521">
    <p class='ocr_par' dir='ltr' id='par_1_2' title="bbox 211 447 1789 521">
     <span class='ocr_line' id='line_1_2' title="bbox 211 447 1789 521; baseline -0.013 0"><span class='ocrx_word' id='word_1_3' title='bbox 211 467 412 521; x_wconf 81' lang='lat' dir='ltr'><strong>fratres</strong></span> <span class='ocrx_word' id='word_1_4' title='bbox 439 457 754 518; x_wconf 76' lang='lat' dir='ltr'><strong>charissimi.</strong></span> <span class='ocrx_word' id='word_1_5' title='bbox 780 456 1060 510; x_wconf 73' lang='lat' dir='ltr'><strong>adventum</strong></span> <span class='ocrx_word' id='word_1_6' title='bbox 1089 452 1185 508; x_wconf 83' lang='lat' dir='ltr'><strong>Dei</strong></span> <span class='ocrx_word' id='word_1_7' title='bbox 1211 460 1265 508; x_wconf 92' lang='lat' dir='ltr'><strong>et</strong></span> <span class='ocrx_word' id='word_1_8' title='bbox 1293 449 1524 521; x_wconf 84' lang='lat' dir='ltr'><strong>hominis</strong></span> <span class='ocrx_word' id='word_1_9' title='bbox 1547 447 1789 521; x_wconf 78' lang='lat' dir='ltr'><strong>celebre-</strong></span> 
     </span>
    </p>
   </div>
   <div class='ocr_carea' id='block_1_3' title="bbox 213 518 1794 600">
    <p class='ocr_par' dir='ltr' id='par_1_3' title="bbox 213 518 1794 600">
     <span class='ocr_line' id='line_1_3' title="bbox 213 518 1794 600; baseline -0.014 -10"><span class='ocrx_word' id='word_1_10' title='bbox 213 518 371 598; x_wconf 63' lang='lat' dir='ltr'><strong>iiiiis;</strong></span> <span class='ocrx_word' id='word_1_11' title='bbox 395 542 452 586; x_wconf 90' lang='lat' dir='ltr'><strong>ut</strong></span> <span class='ocrx_word' id='word_1_12' title='bbox 483 545 579 585; x_wconf 87' lang='lat' dir='ltr'><strong>nos</strong></span> <span class='ocrx_word' id='word_1_13' title='bbox 605 531 668 584; x_wconf 89' lang='lat' dir='ltr'><strong>ad</strong></span> <span class='ocrx_word' id='word_1_14' title='bbox 697 530 856 582; x_wconf 91' lang='lat' dir='ltr'><strong>Deum</strong></span> <span class='ocrx_word' id='word_1_15' title='bbox 884 535 1230 600; x_wconf 75' lang='lat' dir='ltr'><strong>revertamur.</strong></span> <span class='ocrx_word' id='word_1_16' title='bbox 1255 522 1418 600; x_wconf 69' lang='lat' dir='ltr'><strong>igitur</strong></span> <span class='ocrx_word' id='word_1_17' title='bbox 1437 519 1592 600; x_wconf 69' lang='lat' dir='ltr'><strong>diem</strong></span> <span class='ocrx_word' id='word_1_18' title='bbox 1605 518 1794 600; x_wconf 75' lang='lat' dir='ltr'><strong>festum</strong></span> 
     </span>
    </p>
   </div>
   <div class='ocr_carea' id='block_1_4' title="bbox 215 587 1792 666">
    <p class='ocr_par' dir='ltr' id='par_1_4' title="bbox 215 587 1792 666">
     <span class='ocr_line' id='line_1_4' title="bbox 215 587 1792 666; baseline -0.013 -6"><span class='ocrx_word' id='word_1_19' title='bbox 215 587 573 666; x_wconf 72' lang='lat' dir='ltr'><strong>celebremus,</strong></span> <span class='ocrx_word' id='word_1_20' title='bbox 608 615 711 652; x_wconf 88' lang='lat' dir='ltr'><strong>non</strong></span> <span class='ocrx_word' id='word_1_21' title='bbox 745 600 986 650; x_wconf 76' lang='lat' dir='ltr'><strong>humana:</strong></span> <span class='ocrx_word' id='word_1_22' title='bbox 1013 587 1462 666; x_wconf 61' lang='lat' dir='ltr'><strong>d0\’(lll0lli§,_$t‘(_i</strong></span> <span class='ocrx_word' id='word_1_23' title='bbox 1489 587 1792 666; x_wconf 80' lang='lat' dir='ltr'><strong>divinae_di-</strong></span> 
     </span>
    </p>
   </div>
   <div class='ocr_carea' id='block_1_5' title="bbox 215 656 1794 743">
    <p class='ocr_par' dir='ltr' id='par_1_5' title="bbox 215 656 1794 743">
     <span class='ocr_line' id='line_1_5' title="bbox 215 656 1794 743; baseline -0.014 -15"><span class='ocrx_word' id='word_1_24' title='bbox 215 656 488 743; x_wconf 43' lang='lat' dir='ltr'><strong>ﬁnitionis</strong></span> <span class='ocrx_word' id='word_1_25' title='bbox 513 687 526 734; x_wconf 92' lang='lat'><strong>;</strong></span> <span class='ocrx_word' id='word_1_26' title='bbox 555 656 658 743; x_wconf 81' lang='lat' dir='ltr'><strong>non</strong></span> <span class='ocrx_word' id='word_1_27' title='bbox 692 666 1028 743; x_wconf 76' lang='lat' dir='ltr'><strong>iufirinttatis,</strong></span> <span class='ocrx_word' id='word_1_28' title='bbox 1056 664 1146 743; x_wconf 72' lang='lat' dir='ltr'><strong>sed</strong></span> <span class='ocrx_word' id='word_1_29' title='bbox 1175 661 1483 743; x_wconf 63' lang='lat' dir='ltr'><strong>aeternitatis</strong></span> <span class='ocrx_word' id='word_1_30' title='bbox 1497 672 1675 743; x_wconf 17' lang='lat'><strong>541101</strong></span> <span class='ocrx_word' id='word_1_31' title='bbox 1685 656 1794 743; x_wconf 72' lang='lat' dir='ltr'><strong>for-</strong></span> 
     </span>
    </p>
   </div>
   <div class='ocr_carea' id='block_1_6' title="bbox 217 726 1796 803">
    <p class='ocr_par' dir='ltr' id='par_1_6' title="bbox 217 726 1796 803">
     <span class='ocr_line' id='line_1_6' title="bbox 217 726 1796 803; baseline -0.011 -6"><span class='ocrx_word' id='word_1_32' title='bbox 217 726 490 803; x_wconf 54' lang='lat' dir='ltr'><strong>ﬁnitionis,</strong></span> <span class='ocrx_word' id='word_1_33' title='bbox 515 726 611 794; x_wconf 77' lang='lat' dir='ltr'><strong>sed</strong></span> <span class='ocrx_word' id='word_1_34' title='bbox 644 726 1032 792; x_wconf 84' lang='lat' dir='ltr'><strong>reformationis</strong></span> <span class='ocrx_word' id='word_1_35' title='bbox 1063 732 1266 785; x_wconf 87' lang='lat' dir='ltr'><strong>Domini</strong></span> <span class='ocrx_word' id='word_1_36' title='bbox 1299 731 1464 784; x_wconf 94' lang='lat' dir='ltr'><strong>nostri</strong></span> <span class='ocrx_word' id='word_1_37' title='bbox 1489 727 1616 784; x_wconf 79' lang='lat' dir='ltr'><strong>Jesu</strong></span> <span class='ocrx_word' id='word_1_38' title='bbox 1637 726 1796 782; x_wconf 88' lang='lat' dir='ltr'><strong>Chri-</strong></span> 
     </span>
    </p>
   </div>
   <div class='ocr_carea' id='block_1_7' title="bbox 215 804 1432 882">
    <p class='ocr_par' dir='ltr' id='par_1_7' title="bbox 215 804 1432 882">
     <span class='ocr_line' id='line_1_7' title="bbox 215 804 1432 882; baseline -0.016 -13"><span class='ocrx_word' id='word_1_39' title='bbox 215 815 288 869; x_wconf 86' lang='lat' dir='ltr'><strong>sti</strong></span> <span class='ocrx_word' id='word_1_40' title='bbox 318 829 330 866; x_wconf 92' lang='lat'><strong>:</strong></span> <span class='ocrx_word' id='word_1_41' title='bbox 360 812 448 882; x_wconf 88' lang='lat' dir='ltr'><strong>qui</strong></span> <span class='ocrx_word' id='word_1_42' title='bbox 476 825 598 865; x_wconf 88' lang='lat' dir='ltr'><strong>cum</strong></span> <span class='ocrx_word' id='word_1_43' title='bbox 627 809 781 862; x_wconf 88' lang='lat' dir='ltr'><strong>Patre</strong></span> <span class='ocrx_word' id='word_1_44' title='bbox 803 816 855 860; x_wconf 91' lang='lat' dir='ltr'><strong>et</strong></span> <span class='ocrx_word' id='word_1_45' title='bbox 875 804 1072 874; x_wconf 90' lang='lat' dir='ltr'><strong>Spiritu</strong></span> <span class='ocrx_word' id='word_1_46' title='bbox 1100 809 1302 865; x_wconf 86' lang='lat' dir='ltr'><strong>sancto,</strong></span> <span class='ocrx_word' id='word_1_47' title='bbox 1330 809 1432 854; x_wconf 90' lang='lat' dir='ltr'><strong>etc.</strong></span> 
     </span>
    </p>
   </div>
   <div class='ocr_carea' id='block_1_8' title="bbox 706 909 1311 982">
    <p class='ocr_par' dir='ltr' id='par_1_8' title="bbox 706 909 1311 982">
     <span class='ocr_line' id='line_1_8' title="bbox 706 909 1311 982; baseline -0.01 -12"><span class='ocrx_word' id='word_1_48' title='bbox 706 913 934 970; x_wconf 77' lang='lat' dir='ltr'><strong>SEltMO</strong></span> <span class='ocrx_word' id='word_1_49' title='bbox 971 909 1184 967; x_wconf 78' lang='lat' dir='ltr'><strong>cxxnt</strong></span> <span class='ocrx_word' id='word_1_50' title='bbox 1215 909 1311 982; x_wconf 74' lang='grc' dir='ltr'><strong>(τι).</strong></span> 
     </span>
    </p>
   </div>
   <div class='ocr_carea' id='block_1_9' title="bbox 654 1023 1366 1086">
    <p class='ocr_par' dir='ltr' id='par_1_9' title="bbox 654 1023 1366 1086">
     <span class='ocr_line' id='line_1_9' title="bbox 654 1023 1366 1086; baseline -0.008 -8"><span class='ocrx_word' id='word_1_51' title='bbox 654 1036 722 1078; x_wconf 86' lang='lat' dir='ltr'><strong>De</strong></span> <span class='ocrx_word' id='word_1_52' title='bbox 735 1027 954 1076; x_wconf 78' lang='lat' dir='ltr'><strong>Calendis</strong></span> <span class='ocrx_word' id='word_1_53' title='bbox 973 1025 1224 1085; x_wconf 79' lang='lat' dir='ltr'><strong>Januariis,</strong></span> <span class='ocrx_word' id='word_1_54' title='bbox 1243 1040 1258 1074; x_wconf 88' lang='grc' dir='ltr'><strong>ι</strong></span> <span class='ocrx_word' id='word_1_55' title='bbox 1277 1023 1366 1086; x_wconf 74' lang='grc' dir='ltr'><strong>(ὁ).</strong></span> 
     </span>
    </p>
   </div>
   <div class='ocr_carea' id='block_1_10' title="bbox 299 1125 1800 1197">
    <p class='ocr_par' dir='ltr' id='par_1_10' title="bbox 299 1125 1800 1197">
     <span class='ocr_line' id='line_1_10' title="bbox 299 1125 1800 1197; baseline -0.005 -9"><span class='ocrx_word' id='word_1_56' title='bbox 299 1137 350 1189; x_wconf 89' lang='grc'><strong>1.</strong></span> <span class='ocrx_word' id='word_1_57' title='bbox 391 1134 558 1186; x_wconf 73' lang='lat' dir='ltr'><strong>Janus</strong></span> <span class='ocrx_word' id='word_1_58' title='bbox 600 1132 709 1193; x_wconf 74' lang='lat' dir='ltr'><strong>quis</strong></span> <span class='ocrx_word' id='word_1_59' title='bbox 756 1129 921 1197; x_wconf 77' lang='lat' dir='ltr'><strong>fuerit.</strong></span> <span class='ocrx_word' id='word_1_60' title='bbox 953 1125 1268 1181; x_wconf 59' lang='lat' dir='ltr'><strong>Idololatrix</strong></span> <span class='ocrx_word' id='word_1_61' title='bbox 1297 1127 1454 1196; x_wconf 82' lang='lat' dir='ltr'><strong>origo.</strong></span> <span class='ocrx_word' id='word_1_62' title='bbox 1493 1125 1639 1182; x_wconf 85' lang='lat' dir='ltr'><strong>Unde</strong></span> <span class='ocrx_word' id='word_1_63' title='bbox 1662 1125 1800 1182; x_wconf 74' lang='lat' dir='ltr'><strong>Iano</strong></span> 
     </span>
    </p>
   </div>
   <div class='ocr_carea' id='block_1_11' title="bbox 221 1197 1801 1274">
    <p class='ocr_par' dir='ltr' id='par_1_11' title="bbox 221 1197 1801 1274">
     <span class='ocr_line' id='line_1_11' title="bbox 221 1197 1801 1274; baseline -0.004 -16"><span class='ocrx_word' id='word_1_64' title='bbox 221 1207 346 1258; x_wconf 71' lang='lat' dir='ltr'><strong>due</strong></span> <span class='ocrx_word' id='word_1_65' title='bbox 381 1203 556 1274; x_wconf 56' lang='lat' dir='ltr'><strong>facies.</strong></span> <span class='ocrx_word' id='word_1_66' title='bbox 592 1200 895 1274; x_wconf 66' lang='lat' dir='ltr'><strong>Superstitio</strong></span> <span class='ocrx_word' id='word_1_67' title='bbox 925 1197 1246 1274; x_wconf 64' lang='lat' dir='ltr'><strong>colendorum</strong></span> <span class='ocrx_word' id='word_1_68' title='bbox 1277 1197 1654 1274; x_wconf 51' lang='lat' dir='ltr'><strong>ianuariaruin.</strong></span> <span class='ocrx_word' id='word_1_69' title='bbox 1680 1197 1801 1252; x_wconf 86' lang='lat' dir='ltr'><strong>Dies</strong></span> 
     </span>
    </p>
   </div>
   <div class='ocr_carea' id='block_1_12' title="bbox 222 1265 1801 1335">
    <p class='ocr_par' dir='ltr' id='par_1_12' title="bbox 222 1265 1801 1335">
     <span class='ocr_line' id='line_1_12' title="bbox 222 1265 1801 1335; baseline -0.006 -7"><span class='ocrx_word' id='word_1_70' title='bbox 222 1265 568 1328; x_wconf 78' lang='lat' dir='ltr'><strong>calendarum</strong></span> <span class='ocrx_word' id='word_1_71' title='bbox 599 1265 836 1330; x_wconf 83' lang='lat' dir='ltr'><strong>istarum,</strong></span> <span class='ocrx_word' id='word_1_72' title='bbox 872 1266 1060 1321; x_wconf 89' lang='lat' dir='ltr'><strong>fratres</strong></span> <span class='ocrx_word' id='word_1_73' title='bbox 1091 1265 1386 1319; x_wconf 73' lang='lat' dir='ltr'><strong>cliariSSiini</strong></span> <span class='ocrx_word' id='word_1_74' title='bbox 1407 1307 1420 1328; x_wconf 85' lang='lat'><strong>,</strong></span> <span class='ocrx_word' id='word_1_75' title='bbox 1447 1281 1580 1335; x_wconf 89' lang='lat' dir='ltr'><strong>quas</strong></span> <span class='ocrx_word' id='word_1_76' title='bbox 1603 1265 1801 1320; x_wconf 86' lang='lat' dir='ltr'><strong>Janua-</strong></span> 
     </span>
    </p>
   </div>
   <div class='ocr_carea' id='block_1_13' title="bbox 225 1335 1800 1406">
    <p class='ocr_par' dir='ltr' id='par_1_13' title="bbox 225 1335 1800 1406">
     <span class='ocr_line' id='line_1_13' title="bbox 225 1335 1800 1406; baseline -0.004 -10"><span class='ocrx_word' id='word_1_77' title='bbox 225 1345 338 1396; x_wconf 87' lang='lat' dir='ltr'><strong>rias</strong></span> <span class='ocrx_word' id='word_1_78' title='bbox 363 1349 572 1406; x_wconf 87' lang='lat' dir='ltr'><strong>vocant,</strong></span> <span class='ocrx_word' id='word_1_79' title='bbox 603 1353 632 1392; x_wconf 90' lang='lat' dir='ltr'><strong>a</strong></span> <span class='ocrx_word' id='word_1_80' title='bbox 659 1338 886 1406; x_wconf 90' lang='lat' dir='ltr'><strong>quodam</strong></span> <span class='ocrx_word' id='word_1_81' title='bbox 915 1336 1049 1390; x_wconf 86' lang='lat' dir='ltr'><strong>.lano</strong></span> <span class='ocrx_word' id='word_1_82' title='bbox 1077 1335 1290 1406; x_wconf 83' lang='lat' dir='ltr'><strong>homine</strong></span> <span class='ocrx_word' id='word_1_83' title='bbox 1315 1335 1521 1406; x_wconf 80' lang='lat' dir='ltr'><strong>perdito</strong></span> <span class='ocrx_word' id='word_1_84' title='bbox 1544 1349 1610 1392; x_wconf 89' lang='lat' dir='ltr'><strong>ac</strong></span> <span class='ocrx_word' id='word_1_85' title='bbox 1632 1335 1800 1392; x_wconf 90' lang='lat' dir='ltr'><strong>sacri-</strong></span> 
     </span>
    </p>
   </div>
   <div class='ocr_carea' id='block_1_14' title="bbox 228 1404 1803 1480">
    <p class='ocr_par' dir='ltr' id='par_1_14' title="bbox 228 1404 1803 1480">
     <span class='ocr_line' id='line_1_14' title="bbox 228 1404 1803 1480; baseline -0.005 -15"><span class='ocrx_word' id='word_1_86' title='bbox 228 1413 349 1480; x_wconf 81' lang='lat' dir='ltr'><strong>lego</strong></span> <span class='ocrx_word' id='word_1_87' title='bbox 379 1404 571 1480; x_wconf 85' lang='lat' dir='ltr'><strong>nomen</strong></span> <span class='ocrx_word' id='word_1_88' title='bbox 607 1404 1011 1480; x_wconf 78' lang='lat' dir='ltr'><strong>accepit._.lanus</strong></span> <span class='ocrx_word' id='word_1_89' title='bbox 1037 1415 1230 1480; x_wconf 64' lang='lat' dir='ltr'><strong>autern</strong></span> <span class='ocrx_word' id='word_1_90' title='bbox 1252 1405 1352 1480; x_wconf 80' lang='lat' dir='ltr'><strong>iste</strong></span> <span class='ocrx_word' id='word_1_91' title='bbox 1377 1404 1480 1458; x_wconf 84' lang='lat' dir='ltr'><strong>dux</strong></span> <span class='ocrx_word' id='word_1_92' title='bbox 1509 1406 1720 1480; x_wconf 78' lang='lat' dir='ltr'><strong>quidam</strong></span> <span class='ocrx_word' id='word_1_93' title='bbox 1747 1415 1803 1480; x_wconf 80' lang='lat' dir='ltr'><strong>et</strong></span> 
     </span>
    </p>
   </div>
   <div class='ocr_carea' id='block_1_15' title="bbox 269 1473 1802 1548">
    <p class='ocr_par' dir='ltr' id='par_1_15' title="bbox 269 1473 1802 1548">
     <span class='ocr_line' id='line_1_15' title="bbox 269 1473 1802 1548; baseline -0.003 -16"><span class='ocrx_word' id='word_1_94' title='bbox 269 1473 475 1548; x_wconf 62' lang='lat' dir='ltr'><strong>ﬁnceps</strong></span> <span class='ocrx_word' id='word_1_95' title='bbox 517 1473 1154 1548; x_wconf 70' lang='lat' dir='ltr'><strong>hominuinPaganorum</strong></span> <span class='ocrx_word' id='word_1_96' title='bbox 1197 1473 1301 1528; x_wconf 77' lang='lat' dir='ltr'><strong>fuit</strong></span> <span class='ocrx_word' id='word_1_97' title='bbox 1331 1492 1344 1527; x_wconf 90' lang='lat'>:</span> <span class='ocrx_word' id='word_1_98' title='bbox 1375 1489 1532 1543; x_wconf 89' lang='lat' dir='ltr'><strong>quem</strong></span> <span class='ocrx_word' id='word_1_99' title='bbox 1573 1475 1802 1548; x_wconf 80' lang='lat' dir='ltr'><strong>imperiti</strong></span> 
     </span>
    </p>
   </div>
   <div class='ocr_carea' id='block_1_16' title="bbox 227 1497 1804 1612">
    <p class='ocr_par' dir='ltr' id='par_1_16' title="bbox 227 1497 1804 1612">
     <span class='ocr_line' id='line_1_16' title="bbox 269 1497 1802 1548; baseline -0.003 -16"><span class='ocrx_word' id='word_1_100' title='bbox 269 1497 475 1548; x_wconf 84' lang='lat' dir='ltr'><strong>i&#39;tnceps</strong></span> <span class='ocrx_word' id='word_1_101' title='bbox 517 1497 790 1532; x_wconf 83' lang='lat' dir='ltr'><strong>nominum</strong></span> <span class='ocrx_word' id='word_1_102' title='bbox 831 1497 1154 1545; x_wconf 75' lang='lat' dir='ltr'><strong>raganurum</strong></span> <span class='ocrx_word' id='word_1_103' title='bbox 1204 1497 1301 1528; x_wconf 82' lang='lat' dir='ltr'><strong>qu</strong></span> <span class='ocrx_word' id='word_1_104' title='bbox 1331 1497 1344 1527; x_wconf 72' lang='grc' dir='ltr'>ξ</span> <span class='ocrx_word' id='word_1_105' title='bbox 1375 1497 1532 1543; x_wconf 78' lang='lat' dir='ltr'><strong>quem</strong></span> <span class='ocrx_word' id='word_1_106' title='bbox 1573 1497 1802 1544; x_wconf 71' lang='lat' dir='ltr'><strong>llllpcrlll</strong></span> 
     </span>
     <span class='ocr_line' id='line_1_17' title="bbox 227 1497 1804 1612; baseline -0.003 -9"><span class='ocrx_word' id='word_1_107' title='bbox 227 1497 474 1604; x_wconf 52' lang='lat' dir='ltr'><strong>“omines</strong></span> <span class='ocrx_word' id='word_1_108' title='bbox 497 1559 551 1602; x_wconf 87' lang='lat' dir='ltr'><strong>et</strong></span> <span class='ocrx_word' id='word_1_109' title='bbox 575 1547 762 1602; x_wconf 78' lang='lat' dir='ltr'><strong>rustici</strong></span> <span class='ocrx_word' id='word_1_110' title='bbox 785 1545 912 1600; x_wconf 87' lang='lat' dir='ltr'><strong>dum</strong></span> <span class='ocrx_word' id='word_1_111' title='bbox 939 1548 1087 1612; x_wconf 88' lang='lat' dir='ltr'><strong>quasi</strong></span> <span class='ocrx_word' id='word_1_112' title='bbox 1125 1558 1304 1612; x_wconf 73' lang='lat' dir='ltr'><strong>regem</strong></span> <span class='ocrx_word' id='word_1_113' title='bbox 1331 1553 1602 1608; x_wconf 91' lang='lat' dir='ltr'><strong>metuunt,</strong></span> <span class='ocrx_word' id='word_1_114' title='bbox 1629 1546 1804 1598; x_wconf 89' lang='lat' dir='ltr'><strong>colere</strong></span> 
     </span>
    </p>
   </div>
   <div class='ocr_carea' id='block_1_17' title="bbox 229 1613 1803 1684">
    <p class='ocr_par' dir='ltr' id='par_1_17' title="bbox 229 1613 1803 1684">
     <span class='ocr_line' id='line_1_18' title="bbox 229 1613 1803 1684; baseline -0.004 -12"><span class='ocrx_word' id='word_1_115' title='bbox 229 1619 377 1680; x_wconf 86' lang='lat' dir='ltr'><strong>velut</strong></span> <span class='ocrx_word' id='word_1_116' title='bbox 403 1619 566 1672; x_wconf 91' lang='lat' dir='ltr'><strong>Deum</strong></span> <span class='ocrx_word' id='word_1_117' title='bbox 595 1623 904 1684; x_wconf 71' lang='lat' dir='ltr'><strong>cmperunt;</strong></span> <span class='ocrx_word' id='word_1_118' title='bbox 935 1613 1235 1668; x_wconf 90' lang='lat' dir='ltr'><strong>detulerunt</strong></span> <span class='ocrx_word' id='word_1_119' title='bbox 1281 1613 1420 1666; x_wconf 93' lang='lat' dir='ltr'><strong>enim</strong></span> <span class='ocrx_word' id='word_1_120' title='bbox 1466 1614 1516 1666; x_wconf 92' lang='lat' dir='ltr'><strong>ei</strong></span> <span class='ocrx_word' id='word_1_121' title='bbox 1566 1614 1803 1667; x_wconf 87' lang='lat' dir='ltr'><strong>illicitum</strong></span> 
     </span>
    </p>
   </div>
   <div class='ocr_carea' id='block_1_18' title="bbox 229 1684 1802 1754">
    <p class='ocr_par' dir='ltr' id='par_1_18' title="bbox 229 1684 1802 1754">
     <span class='ocr_line' id='line_1_19' title="bbox 229 1684 1802 1754; baseline -0.003 -14"><span class='ocrx_word' id='word_1_122' title='bbox 229 1688 513 1754; x_wconf 90' lang='lat' dir='ltr'><strong>honorem,</strong></span> <span class='ocrx_word' id='word_1_123' title='bbox 536 1687 660 1741; x_wconf 90' lang='lat' dir='ltr'><strong>dum</strong></span> <span class='ocrx_word' id='word_1_124' title='bbox 689 1687 740 1738; x_wconf 90' lang='lat' dir='ltr'><strong>in</strong></span> <span class='ocrx_word' id='word_1_125' title='bbox 766 1701 830 1754; x_wconf 84' lang='lat' dir='ltr'><strong>eo</strong></span> <span class='ocrx_word' id='word_1_126' title='bbox 855 1691 1213 1752; x_wconf 82' lang='lat' dir='ltr'><strong>expavescunt</strong></span> <span class='ocrx_word' id='word_1_127' title='bbox 1239 1684 1436 1754; x_wconf 65' lang='lat' dir='ltr'><strong>regiam</strong></span> <span class='ocrx_word' id='word_1_128' title='bbox 1465 1691 1802 1754; x_wconf 82' lang='lat' dir='ltr'><strong>potestatem.</strong></span> 
     </span>
    </p>
   </div>
   <div class='ocr_carea' id='block_1_19' title="bbox 233 1752 1836 1826">
    <p class='ocr_par' dir='ltr' id='par_1_19' title="bbox 233 1752 1836 1826">
     <span class='ocr_line' id='line_1_20' title="bbox 233 1752 1836 1826; baseline -0.003 -14"><span class='ocrx_word' id='word_1_129' title='bbox 233 1752 706 1826; x_wconf 47' lang='lat' dir='ltr'><strong>l-lomines&#39;qnippe</strong></span> <span class='ocrx_word' id='word_1_130' title='bbox 732 1753 958 1826; x_wconf 8' lang='lat' dir='ltr'><strong>stultipet</strong></span> <span class='ocrx_word' id='word_1_131' title='bbox 991 1754 1292 1826; x_wconf 72' lang='lat' dir='ltr'><strong>ignorantes</strong></span> <span class='ocrx_word' id='word_1_132' title='bbox 1321 1752 1656 1826; x_wconf 75' lang='lat' dir='ltr'><strong>Deum,illos</strong></span> <span class='ocrx_word' id='word_1_133' title='bbox 1681 1762 1836 1826; x_wconf 73' lang='lat' dir='ltr'><strong>tunc-</strong></span> 
     </span>
    </p>
   </div>
   <div class='ocr_carea' id='block_1_20' title="bbox 233 1821 1810 1890">
    <p class='ocr_par' dir='ltr' id='par_1_20' title="bbox 233 1821 1810 1890">
     <span class='ocr_line' id='line_1_21' title="bbox 233 1821 1810 1890; baseline -0.003 -9"><span class='ocrx_word' id='word_1_134' title='bbox 233 1829 464 1882; x_wconf 89' lang='lat' dir='ltr'><strong>maxime</strong></span> <span class='ocrx_word' id='word_1_135' title='bbox 483 1821 622 1880; x_wconf 72' lang='lat' dir='ltr'><strong>deos</strong></span> <span class='ocrx_word' id='word_1_136' title='bbox 640 1821 1032 1888; x_wconf 81' lang='lat' dir='ltr'><strong>existimabant,</strong></span> <span class='ocrx_word' id='word_1_137' title='bbox 1059 1837 1192 1890; x_wconf 85' lang='lat' dir='ltr'><strong>quos</strong></span> <span class='ocrx_word' id='word_1_138' title='bbox 1216 1823 1352 1874; x_wconf 91' lang='lat' dir='ltr'><strong>inter</strong></span> <span class='ocrx_word' id='word_1_139' title='bbox 1380 1822 1620 1876; x_wconf 83' lang='lat' dir='ltr'><strong>homines</strong></span> <span class='ocrx_word' id='word_1_140' title='bbox 1644 1821 1810 1876; x_wconf 88' lang='lat' dir='ltr'><strong>subli-</strong></span> 
     </span>
    </p>
   </div>
   <div class='ocr_carea' id='block_1_21' title="bbox 234 1891 1808 1952">
    <p class='ocr_par' dir='ltr' id='par_1_21' title="bbox 234 1891 1808 1952">
     <span class='ocr_line' id='line_1_22' title="bbox 234 1891 1808 1952; baseline -0.003 -2"><span class='ocrx_word' id='word_1_141' title='bbox 234 1898 431 1950; x_wconf 83' lang='lat' dir='ltr'><strong>miorcs</strong></span> <span class='ocrx_word' id='word_1_142' title='bbox 452 1911 570 1952; x_wconf 90' lang='lat' dir='ltr'><strong>esse</strong></span> <span class='ocrx_word' id='word_1_143' title='bbox 590 1895 897 1949; x_wconf 80' lang='lat' dir='ltr'><strong>cernebant.</strong></span> <span class='ocrx_word' id='word_1_144' title='bbox 925 1895 1000 1946; x_wconf 79' lang='lat' dir='ltr'><strong>Ac</strong></span> <span class='ocrx_word' id='word_1_145' title='bbox 1024 1893 1098 1945; x_wconf 84' lang='lat' dir='ltr'><strong>sic</strong></span> <span class='ocrx_word' id='word_1_146' title='bbox 1129 1891 1320 1945; x_wconf 90' lang='lat' dir='ltr'><strong>factum</strong></span> <span class='ocrx_word' id='word_1_147' title='bbox 1342 1903 1422 1945; x_wconf 90' lang='lat' dir='ltr'><strong>est</strong></span> <span class='ocrx_word' id='word_1_148' title='bbox 1445 1901 1500 1944; x_wconf 91' lang='lat' dir='ltr'><strong>ut</strong></span> <span class='ocrx_word' id='word_1_149' title='bbox 1521 1892 1676 1946; x_wconf 90' lang='lat' dir='ltr'><strong>unius</strong></span> <span class='ocrx_word' id='word_1_150' title='bbox 1697 1893 1808 1946; x_wconf 89' lang='lat' dir='ltr'><strong>veri</strong></span> 
     </span>
    </p>
   </div>
   <div class='ocr_carea' id='block_1_22' title="bbox 235 1961 1810 2030">
    <p class='ocr_par' dir='ltr' id='par_1_22' title="bbox 235 1961 1810 2030">
     <span class='ocr_line' id='line_1_23' title="bbox 235 1961 1810 2030; baseline -0.002 -11"><span class='ocrx_word' id='word_1_151' title='bbox 235 1967 328 2020; x_wconf 82' lang='lat' dir='ltr'><strong>Dei</strong></span> <span class='ocrx_word' id='word_1_152' title='bbox 368 1967 539 2018; x_wconf 88' lang='lat' dir='ltr'><strong>cultus</strong></span> <span class='ocrx_word' id='word_1_153' title='bbox 569 1965 634 2018; x_wconf 90' lang='lat' dir='ltr'><strong>ad</strong></span> <span class='ocrx_word' id='word_1_154' title='bbox 675 1965 838 2016; x_wconf 85' lang='lat' dir='ltr'><strong>multa</strong></span> <span class='ocrx_word' id='word_1_155' title='bbox 865 1962 1084 2016; x_wconf 83' lang='lat' dir='ltr'><strong>deorum</strong></span> <span class='ocrx_word' id='word_1_156' title='bbox 1115 1961 1196 2013; x_wconf 87' lang='lat' dir='ltr'><strong>vel</strong></span> <span class='ocrx_word' id='word_1_157' title='bbox 1229 1963 1401 2030; x_wconf 87' lang='lat' dir='ltr'><strong>potius</strong></span> <span class='ocrx_word' id='word_1_158' title='bbox 1426 1961 1810 2016; x_wconf 65' lang='lat' dir='ltr'><strong>darmoaiorum</strong></span> 
     </span>
    </p>
   </div>
   <div class='ocr_carea' id='block_1_23' title="bbox 238 2030 1812 2098">
    <p class='ocr_par' dir='ltr' id='par_1_23' title="bbox 238 2030 1812 2098">
     <span class='ocr_line' id='line_1_24' title="bbox 238 2030 1812 2098; baseline -0.003 -10"><span class='ocrx_word' id='word_1_159' title='bbox 238 2036 450 2090; x_wconf 89' lang='lat' dir='ltr'><strong>nomina</strong></span> <span class='ocrx_word' id='word_1_160' title='bbox 483 2033 877 2088; x_wconf 80' lang='lat' dir='ltr'><strong>transferretur.</strong></span> <span class='ocrx_word' id='word_1_161' title='bbox 905 2032 1055 2086; x_wconf 89' lang='lat' dir='ltr'><strong>Diem</strong></span> <span class='ocrx_word' id='word_1_162' title='bbox 1085 2045 1211 2098; x_wconf 83' lang='lat' dir='ltr'><strong>ergo</strong></span> <span class='ocrx_word' id='word_1_163' title='bbox 1236 2030 1573 2084; x_wconf 89' lang='lat' dir='ltr'><strong>calendarum</strong></span> <span class='ocrx_word' id='word_1_164' title='bbox 1599 2031 1812 2085; x_wconf 88' lang='lat' dir='ltr'><strong>hodier-</strong></span> 
     </span>
    </p>
   </div>
   <div class='ocr_carea' id='block_1_24' title="bbox 239 2099 1812 2166">
    <p class='ocr_par' dir='ltr' id='par_1_24' title="bbox 239 2099 1812 2166">
     <span class='ocr_line' id='line_1_25' title="bbox 239 2099 1812 2166; baseline -0.003 -8"><span class='ocrx_word' id='word_1_165' title='bbox 239 2120 424 2158; x_wconf 88' lang='lat' dir='ltr'><strong>narum</strong></span> <span class='ocrx_word' id='word_1_166' title='bbox 451 2105 517 2159; x_wconf 92' lang='lat' dir='ltr'><strong>de</strong></span> <span class='ocrx_word' id='word_1_167' title='bbox 545 2104 756 2157; x_wconf 91' lang='lat' dir='ltr'><strong>nomine</strong></span> <span class='ocrx_word' id='word_1_168' title='bbox 781 2101 919 2166; x_wconf 82' lang='lat' dir='ltr'><strong>Jani,</strong></span> <span class='ocrx_word' id='word_1_169' title='bbox 948 2102 1084 2154; x_wconf 86' lang='lat' dir='ltr'><strong>sicut</strong></span> <span class='ocrx_word' id='word_1_170' title='bbox 1107 2099 1219 2166; x_wconf 86' lang='lat' dir='ltr'><strong>jam</strong></span> <span class='ocrx_word' id='word_1_171' title='bbox 1247 2099 1442 2152; x_wconf 90' lang='lat' dir='ltr'><strong>dictum</strong></span> <span class='ocrx_word' id='word_1_172' title='bbox 1473 2109 1574 2166; x_wconf 90' lang='lat' dir='ltr'><strong>est,</strong></span> <span class='ocrx_word' id='word_1_173' title='bbox 1607 2117 1812 2154; x_wconf 89' lang='lat' dir='ltr'><strong>nuncu-</strong></span> 
     </span>
    </p>
   </div>
   <div class='ocr_carea' id='block_1_25' title="bbox 237 2169 1814 2244">
    <p class='ocr_par' dir='ltr' id='par_1_25' title="bbox 237 2169 1814 2244">
     <span class='ocr_line' id='line_1_26' title="bbox 237 2169 1814 2244; baseline -0.003 -17"><span class='ocrx_word' id='word_1_174' title='bbox 237 2181 431 2244; x_wconf 89' lang='lat' dir='ltr'><strong>parunt</strong></span> <span class='ocrx_word' id='word_1_175' title='bbox 453 2191 468 2228; x_wconf 91' lang='lat'><strong>:</strong></span> <span class='ocrx_word' id='word_1_176' title='bbox 487 2181 729 2244; x_wconf 31' lang='lat' dir='ltr'><strong>atqueAut</strong></span> <span class='ocrx_word' id='word_1_177' title='bbox 753 2172 802 2224; x_wconf 90' lang='lat' dir='ltr'><strong>ei</strong></span> <span class='ocrx_word' id='word_1_178' title='bbox 831 2170 1032 2244; x_wconf 80' lang='lat' dir='ltr'><strong>homini</strong></span> <span class='ocrx_word' id='word_1_179' title='bbox 1062 2169 1814 2244; x_wconf 69' lang='lat' dir='ltr'><strong>divinoshonoresconferre</strong></span> 
     </span>
    </p>
   </div>
   <div class='ocr_carea' id='block_1_26' title="bbox 237 2237 1810 2311">
    <p class='ocr_par' dir='ltr' id='par_1_26' title="bbox 237 2237 1810 2311">
     <span class='ocr_line' id='line_1_27' title="bbox 237 2237 1810 2311; baseline -0.004 -12"><span class='ocrx_word' id='word_1_180' title='bbox 237 2237 538 2311; x_wconf 72' lang='lat' dir='ltr'><strong>cupiebant,</strong></span> <span class='ocrx_word' id='word_1_181' title='bbox 561 2237 614 2296; x_wconf 75' lang='lat' dir='ltr'><strong>et</strong></span> <span class='ocrx_word' id='word_1_182' title='bbox 641 2238 1136 2311; x_wconf 71' lang='lat' dir='ltr'><strong>finenumiu_s__ann_i</strong></span> <span class='ocrx_word' id='word_1_183' title='bbox 1163 2246 1214 2292; x_wconf 87' lang='lat' dir='ltr'><strong>et</strong></span> <span class='ocrx_word' id='word_1_184' title='bbox 1243 2237 1466 2311; x_wconf 72' lang='lat' dir='ltr'><strong>alterius</strong></span> <span class='ocrx_word' id='word_1_185' title='bbox 1487 2238 1692 2311; x_wconf 79' lang='lat' dir='ltr'><strong>initium</strong></span> <span class='ocrx_word' id='word_1_186' title='bbox 1715 2238 1810 2292; x_wconf 90' lang='lat' dir='ltr'><strong>de-</strong></span> 
     </span>
    </p>
   </div>
   <div class='ocr_carea' id='block_1_27' title="bbox 239 2305 1812 2382">
    <p class='ocr_par' dir='ltr' id='par_1_27' title="bbox 239 2305 1812 2382">
     <span class='ocr_line' id='line_1_28' title="bbox 239 2305 1812 2382; baseline -0.003 -17"><span class='ocrx_word' id='word_1_187' title='bbox 239 2305 606 2382; x_wconf 36' lang='lat' dir='ltr'><strong>pu&#39;tarunt.&#39;Et</strong></span> <span class='ocrx_word' id='word_1_188' title='bbox 634 2311 754 2380; x_wconf 84' lang='lat' dir='ltr'><strong>quia</strong></span> <span class='ocrx_word' id='word_1_189' title='bbox 784 2307 923 2382; x_wconf 83' lang='lat' dir='ltr'><strong>apud</strong></span> <span class='ocrx_word' id='word_1_190' title='bbox 963 2307 1082 2382; x_wconf 82' lang='lat' dir='ltr'><strong>illos</strong></span> <span class='ocrx_word' id='word_1_191' title='bbox 1105 2305 1358 2382; x_wconf 70' lang='lat' dir='ltr'><strong>januariae</strong></span> <span class='ocrx_word' id='word_1_192' title='bbox 1388 2306 1624 2382; x_wconf 73' lang='lat' dir='ltr'><strong>calendze</strong></span> <span class='ocrx_word' id='word_1_193' title='bbox 1652 2323 1812 2382; x_wconf 87' lang='lat' dir='ltr'><strong>unum</strong></span> 
     </span>
    </p>
   </div>
   <div class='ocr_carea' id='block_1_28' title="bbox 237 2376 1812 2449">
    <p class='ocr_par' dir='ltr' id='par_1_28' title="bbox 237 2376 1812 2449">
     <span class='ocr_line' id='line_1_29' title="bbox 237 2376 1812 2449; baseline -0.003 -15"><span class='ocrx_word' id='word_1_194' title='bbox 237 2376 438 2435; x_wconf 76' lang='lat' dir='ltr'><strong>annum</strong></span> <span class='ocrx_word' id='word_1_195' title='bbox 465 2376 706 2449; x_wconf 82' lang='lat' dir='ltr'><strong>implere,</strong></span> <span class='ocrx_word' id='word_1_196' title='bbox 729 2388 782 2432; x_wconf 90' lang='lat' dir='ltr'><strong>et</strong></span> <span class='ocrx_word' id='word_1_197' title='bbox 802 2376 1025 2449; x_wconf 82' lang='lat' dir='ltr'><strong>alterum</strong></span> <span class='ocrx_word' id='word_1_198' title='bbox 1047 2376 1280 2444; x_wconf 86' lang='lat' dir='ltr'><strong>incipere</strong></span> <span class='ocrx_word' id='word_1_199' title='bbox 1301 2376 1630 2449; x_wconf 82' lang='lat' dir='ltr'><strong>dicebantur,</strong></span> <span class='ocrx_word' id='word_1_200' title='bbox 1653 2377 1812 2432; x_wconf 85' lang='lat' dir='ltr'><strong>istum</strong></span> 
     </span>
    </p>
   </div>
   <div class='ocr_carea' id='block_1_29' title="bbox 237 2446 1816 2518">
    <p class='ocr_par' dir='ltr' id='par_1_29' title="bbox 237 2446 1816 2518">
     <span class='ocr_line' id='line_1_30' title="bbox 237 2446 1816 2518; baseline -0.004 -13"><span class='ocrx_word' id='word_1_201' title='bbox 237 2451 432 2505; x_wconf 85' lang='lat' dir='ltr'><strong>Janum</strong></span> <span class='ocrx_word' id='word_1_202' title='bbox 462 2446 612 2518; x_wconf 77' lang='lat' dir='ltr'><strong>quasi</strong></span> <span class='ocrx_word' id='word_1_203' title='bbox 658 2450 708 2502; x_wconf 92' lang='lat' dir='ltr'><strong>in</strong></span> <span class='ocrx_word' id='word_1_204' title='bbox 753 2447 1011 2518; x_wconf 84' lang='lat' dir='ltr'><strong>principio</strong></span> <span class='ocrx_word' id='word_1_205' title='bbox 1057 2459 1120 2498; x_wconf 86' lang='lat' dir='ltr'><strong>ac</strong></span> <span class='ocrx_word' id='word_1_206' title='bbox 1164 2446 1390 2518; x_wconf 79' lang='lat' dir='ltr'><strong>termino</strong></span> <span class='ocrx_word' id='word_1_207' title='bbox 1421 2455 1728 2518; x_wconf 78' lang='lat' dir='ltr'><strong>posuerunt,</strong></span> <span class='ocrx_word' id='word_1_208' title='bbox 1752 2456 1816 2518; x_wconf 77' lang='lat' dir='ltr'><strong>ut</strong></span> 
     </span>
    </p>
   </div>
   <div class='ocr_carea' id='block_1_30' title="bbox 243 2515 1818 2584">
    <p class='ocr_par' dir='ltr' id='par_1_30' title="bbox 243 2515 1818 2584">
     <span class='ocr_line' id='line_1_31' title="bbox 243 2515 1818 2584; baseline -0.003 -10"><span class='ocrx_word' id='word_1_209' title='bbox 243 2535 404 2574; x_wconf 89' lang='lat' dir='ltr'><strong>unum</strong></span> <span class='ocrx_word' id='word_1_210' title='bbox 434 2515 628 2573; x_wconf 82' lang='lat' dir='ltr'><strong>annum</strong></span> <span class='ocrx_word' id='word_1_211' title='bbox 661 2515 902 2584; x_wconf 86' lang='lat' dir='ltr'><strong>implere,</strong></span> <span class='ocrx_word' id='word_1_212' title='bbox 925 2515 1147 2568; x_wconf 89' lang='lat' dir='ltr'><strong>alterum</strong></span> <span class='ocrx_word' id='word_1_213' title='bbox 1177 2515 1410 2584; x_wconf 85' lang='lat' dir='ltr'><strong>incipere</strong></span> <span class='ocrx_word' id='word_1_214' title='bbox 1437 2515 1724 2570; x_wconf 85' lang='lat' dir='ltr'><strong>diceretur.</strong></span> <span class='ocrx_word' id='word_1_215' title='bbox 1748 2517 1818 2570; x_wconf 89' lang='lat' dir='ltr'><strong>Et</strong></span> 
     </span>
    </p>
   </div>
   <div class='ocr_carea' id='block_1_31' title="bbox 243 2583 1818 2657">
    <p class='ocr_par' dir='ltr' id='par_1_31' title="bbox 243 2583 1818 2657">
     <span class='ocr_line' id='line_1_32' title="bbox 243 2583 1818 2657; baseline -0.003 -15"><span class='ocrx_word' id='word_1_216' title='bbox 243 2589 368 2642; x_wconf 89' lang='lat' dir='ltr'><strong>hinc</strong></span> <span class='ocrx_word' id='word_1_217' title='bbox 396 2597 498 2657; x_wconf 87' lang='lat' dir='ltr'><strong>est,</strong></span> <span class='ocrx_word' id='word_1_218' title='bbox 529 2587 670 2657; x_wconf 87' lang='lat' dir='ltr'><strong>quod</strong></span> <span class='ocrx_word' id='word_1_219' title='bbox 703 2583 966 2640; x_wconf 86' lang='lat' dir='ltr'><strong>ldolorum</strong></span> <span class='ocrx_word' id='word_1_220' title='bbox 996 2583 1230 2657; x_wconf 82' lang='lat' dir='ltr'><strong>cultores</strong></span> <span class='ocrx_word' id='word_1_221' title='bbox 1259 2585 1356 2654; x_wconf 90' lang='lat' dir='ltr'><strong>ipsi</strong></span> <span class='ocrx_word' id='word_1_222' title='bbox 1385 2583 1519 2657; x_wconf 82' lang='lat' dir='ltr'><strong>.lauo</strong></span> <span class='ocrx_word' id='word_1_223' title='bbox 1560 2588 1693 2638; x_wconf 86' lang='lat' dir='ltr'><strong>duas</strong></span> <span class='ocrx_word' id='word_1_224' title='bbox 1740 2585 1818 2638; x_wconf 81' lang='lat' dir='ltr'><strong>fa-</strong></span> 
     </span>
    </p>
   </div>
   <div class='ocr_carea' id='block_1_32' title="bbox 240 2655 1819 2727">
    <p class='ocr_par' dir='ltr' id='par_1_32' title="bbox 240 2655 1819 2727">
     <span class='ocr_line' id='line_1_33' title="bbox 240 2655 1819 2727; baseline -0.002 -16"><span class='ocrx_word' id='word_1_225' title='bbox 240 2658 354 2714; x_wconf 91' lang='lat' dir='ltr'><strong>cies</strong></span> <span class='ocrx_word' id='word_1_226' title='bbox 406 2655 734 2727; x_wconf 81' lang='lat' dir='ltr'><strong>figurarum;</strong></span> <span class='ocrx_word' id='word_1_227' title='bbox 785 2671 944 2710; x_wconf 89' lang='lat' dir='ltr'><strong>unam</strong></span> <span class='ocrx_word' id='word_1_228' title='bbox 997 2662 1120 2727; x_wconf 86' lang='lat' dir='ltr'><strong>ante</strong></span> <span class='ocrx_word' id='word_1_229' title='bbox 1173 2655 1385 2720; x_wconf 90' lang='lat' dir='ltr'><strong>ipsum,</strong></span> <span class='ocrx_word' id='word_1_230' title='bbox 1422 2656 1650 2727; x_wconf 77' lang='lat' dir='ltr'><strong>alteram</strong></span> <span class='ocrx_word' id='word_1_231' title='bbox 1701 2663 1819 2724; x_wconf 88' lang='lat' dir='ltr'><strong>post</strong></span> 
     </span>
    </p>
   </div>
   <div class='ocr_carea' id='block_1_33' title="bbox 242 2724 1818 2796">
    <p class='ocr_par' dir='ltr' id='par_1_33' title="bbox 242 2724 1818 2796">
     <span class='ocr_line' id='line_1_34' title="bbox 242 2724 1818 2796; baseline -0.001 -16"><span class='ocrx_word' id='word_1_232' title='bbox 242 2727 418 2796; x_wconf 85' lang='lat' dir='ltr'><strong>ipsum</strong></span> <span class='ocrx_word' id='word_1_233' title='bbox 439 2724 466 2792; x_wconf 74' lang='grc'><strong>;’</strong></span> <span class='ocrx_word' id='word_1_234' title='bbox 487 2742 642 2780; x_wconf 88' lang='lat' dir='ltr'><strong>unam</strong></span> <span class='ocrx_word' id='word_1_235' title='bbox 667 2742 784 2796; x_wconf 69' lang='lat' dir='ltr'><strong>qua:</strong></span> <span class='ocrx_word' id='word_1_236' title='bbox 810 2724 1132 2796; x_wconf 75' lang='lat' dir='ltr'><strong>pneteritum</strong></span> <span class='ocrx_word' id='word_1_237' title='bbox 1159 2739 1356 2796; x_wconf 85' lang='lat' dir='ltr'><strong>annum</strong></span> <span class='ocrx_word' id='word_1_238' title='bbox 1383 2725 1818 2796; x_wconf 75' lang='lat' dir='ltr'><strong>videreturaSpi-</strong></span> 
     </span>
    </p>
   </div>
   <div class='ocr_carea' id='block_1_34' title="bbox 240 2794 1820 2864">
    <p class='ocr_par' dir='ltr' id='par_1_34' title="bbox 240 2794 1820 2864">
     <span class='ocr_line' id='line_1_35' title="bbox 240 2794 1820 2864; baseline -0.001 -14"><span class='ocrx_word' id='word_1_239' title='bbox 240 2794 386 2860; x_wconf 73' lang='lat' dir='ltr'><strong>cere,</strong></span> <span class='ocrx_word' id='word_1_240' title='bbox 414 2798 631 2850; x_wconf 84' lang='lat' dir='ltr'><strong>alteram</strong></span> <span class='ocrx_word' id='word_1_241' title='bbox 660 2794 778 2864; x_wconf 76' lang='lat' dir='ltr'><strong>qua:</strong></span> <span class='ocrx_word' id='word_1_242' title='bbox 805 2795 1038 2848; x_wconf 88' lang='lat' dir='ltr'><strong>futurum</strong></span> <span class='ocrx_word' id='word_1_243' title='bbox 1065 2809 1082 2864; x_wconf 64' lang='grc' dir='ltr'>ξ</span> <span class='ocrx_word' id='word_1_244' title='bbox 1110 2809 1172 2848; x_wconf 90' lang='lat' dir='ltr'><strong>ac</strong></span> <span class='ocrx_word' id='word_1_245' title='bbox 1187 2794 1276 2864; x_wconf 6' lang='lat' dir='ltr'><strong>psic</strong></span> <span class='ocrx_word' id='word_1_246' title='bbox 1301 2795 1542 2864; x_wconf 81' lang='lat' dir='ltr'><strong>homines</strong></span> <span class='ocrx_word' id='word_1_247' title='bbox 1569 2795 1820 2863; x_wconf 64' lang='lat' dir='ltr'><strong>insipieno</strong></span> 
     </span>
    </p>
   </div>
   <div class='ocr_carea' id='block_1_35' title="bbox 241 2863 1820 2932">
    <p class='ocr_par' dir='ltr' id='par_1_35' title="bbox 241 2863 1820 2932">
     <span class='ocr_line' id='line_1_36' title="bbox 241 2863 1820 2932; baseline 0.001 -14"><span class='ocrx_word' id='word_1_248' title='bbox 241 2874 326 2919; x_wconf 86' lang='lat' dir='ltr'><strong>tes</strong></span> <span class='ocrx_word' id='word_1_249' title='bbox 363 2865 494 2920; x_wconf 90' lang='lat' dir='ltr'><strong>duas</strong></span> <span class='ocrx_word' id='word_1_250' title='bbox 531 2866 580 2920; x_wconf 92' lang='lat' dir='ltr'><strong>ei</strong></span> <span class='ocrx_word' id='word_1_251' title='bbox 621 2863 780 2918; x_wconf 81' lang='lat' dir='ltr'><strong>facies</strong></span> <span class='ocrx_word' id='word_1_252' title='bbox 814 2863 1136 2932; x_wconf 87' lang='lat' dir='ltr'><strong>deputando,</strong></span> <span class='ocrx_word' id='word_1_253' title='bbox 1165 2863 1288 2916; x_wconf 90' lang='lat' dir='ltr'><strong>dum</strong></span> <span class='ocrx_word' id='word_1_254' title='bbox 1316 2879 1436 2932; x_wconf 86' lang='lat' dir='ltr'><strong>eum</strong></span> <span class='ocrx_word' id='word_1_255' title='bbox 1462 2863 1618 2917; x_wconf 87' lang='lat' dir='ltr'><strong>deum</strong></span> <span class='ocrx_word' id='word_1_256' title='bbox 1647 2865 1820 2920; x_wconf 86' lang='lat' dir='ltr'><strong>facere</strong></span> 
     </span>
    </p>
   </div>
   <div class='ocr_carea' id='block_1_36' title="bbox 241 2931 1820 3004">
    <p class='ocr_par' dir='ltr' id='par_1_36' title="bbox 241 2931 1820 3004">
     <span class='ocr_line' id='line_1_37' title="bbox 241 2931 1820 3004; baseline -0.002 -15"><span class='ocrx_word' id='word_1_257' title='bbox 241 2935 482 3004; x_wconf 90' lang='lat' dir='ltr'><strong>cupiunt,</strong></span> <span class='ocrx_word' id='word_1_258' title='bbox 510 2945 804 2989; x_wconf 83' lang='lat' dir='ltr'><strong>monstrum</strong></span> <span class='ocrx_word' id='word_1_259' title='bbox 846 2931 965 3004; x_wconf 73' lang='lat' dir='ltr'><strong>esse</strong></span> <span class='ocrx_word' id='word_1_260' title='bbox 1011 2932 1265 3004; x_wconf 81' lang='lat' dir='ltr'><strong>fecerunt.</strong></span> <span class='ocrx_word' id='word_1_261' title='bbox 1297 2931 1590 3004; x_wconf 84' lang='lat' dir='ltr'><strong>Voluerunt</strong></span> <span class='ocrx_word' id='word_1_262' title='bbox 1628 2935 1678 2988; x_wconf 92' lang='lat' dir='ltr'><strong>in</strong></span> <span class='ocrx_word' id='word_1_263' title='bbox 1719 2933 1820 2988; x_wconf 90' lang='lat' dir='ltr'><strong>deo</strong></span> 
     </span>
    </p>
   </div>
   <div class='ocr_carea' id='block_1_37' title="bbox 241 3001 1820 3074">
    <p class='ocr_par' dir='ltr' id='par_1_37' title="bbox 241 3001 1820 3074">
     <span class='ocr_line' id='line_1_38' title="bbox 241 3001 1820 3074; baseline -0.001 -15"><span class='ocrx_word' id='word_1_264' title='bbox 241 3001 343 3059; x_wconf 79' lang='lat' dir='ltr'><strong>suo</strong></span> <span class='ocrx_word' id='word_1_265' title='bbox 369 3021 486 3060; x_wconf 78' lang='lat' dir='ltr'><strong>esse</strong></span> <span class='ocrx_word' id='word_1_266' title='bbox 519 3006 838 3074; x_wconf 72' lang='lat' dir='ltr'><strong>prmcipuum</strong></span> <span class='ocrx_word' id='word_1_267' title='bbox 863 3003 1060 3071; x_wconf 86' lang='lat' dir='ltr'><strong>Pagani</strong></span> <span class='ocrx_word' id='word_1_268' title='bbox 1091 3002 1354 3074; x_wconf 74' lang='lat' dir='ltr'><strong>homines,</strong></span> <span class='ocrx_word' id='word_1_269' title='bbox 1385 3001 1526 3074; x_wconf 87' lang='lat' dir='ltr'><strong>quod</strong></span> <span class='ocrx_word' id='word_1_270' title='bbox 1553 3013 1635 3058; x_wconf 90' lang='lat' dir='ltr'><strong>est</strong></span> <span class='ocrx_word' id='word_1_271' title='bbox 1662 3006 1820 3059; x_wconf 87' lang='lat' dir='ltr'><strong>etiam</strong></span> 
     </span>
    </p>
   </div>
   <div class='ocr_carea' id='block_1_38' title="bbox 244 3072 1822 3142">
    <p class='ocr_par' dir='ltr' id='par_1_38' title="bbox 244 3072 1822 3142">
     <span class='ocr_line' id='line_1_39' title="bbox 244 3072 1822 3142; baseline -0.001 -13"><span class='ocrx_word' id='word_1_272' title='bbox 244 3075 298 3129; x_wconf 89' lang='lat' dir='ltr'><strong>in</strong></span> <span class='ocrx_word' id='word_1_273' title='bbox 347 3075 631 3142; x_wconf 85' lang='lat' dir='ltr'><strong>pecudibus</strong></span> <span class='ocrx_word' id='word_1_274' title='bbox 675 3072 1077 3142; x_wconf 42' lang='lat' dir='ltr'><strong>inonstrosum,</strong></span> <span class='ocrx_word' id='word_1_275' title='bbox 1124 3072 1195 3142; x_wconf 78' lang='lat' dir='ltr'><strong>Et</strong></span> <span class='ocrx_word' id='word_1_276' title='bbox 1225 3072 1347 3125; x_wconf 89' lang='lat' dir='ltr'><strong>ideo</strong></span> <span class='ocrx_word' id='word_1_277' title='bbox 1386 3073 1584 3141; x_wconf 89' lang='lat' dir='ltr'><strong>optima</strong></span> <span class='ocrx_word' id='word_1_278' title='bbox 1625 3077 1822 3129; x_wconf 85' lang='lat' dir='ltr'><strong>erroris</strong></span> 
     </span>
    </p>
   </div>
   <div class='ocr_carea' id='block_1_39' title="bbox 241 3140 1822 3210">
    <p class='ocr_par' dir='ltr' id='par_1_39' title="bbox 241 3140 1822 3210">
     <span class='ocr_line' id='line_1_40' title="bbox 241 3140 1822 3210; baseline -0.001 -12"><span class='ocrx_word' id='word_1_279' title='bbox 241 3145 326 3198; x_wconf 88' lang='lat' dir='ltr'><strong>sui</strong></span> <span class='ocrx_word' id='word_1_280' title='bbox 349 3140 712 3199; x_wconf 87' lang='lat' dir='ltr'><strong>declaratione</strong></span> <span class='ocrx_word' id='word_1_281' title='bbox 738 3154 896 3210; x_wconf 89' lang='lat' dir='ltr'><strong>atque</strong></span> <span class='ocrx_word' id='word_1_282' title='bbox 921 3140 1138 3202; x_wconf 86' lang='lat' dir='ltr'><strong>indicio,</strong></span> <span class='ocrx_word' id='word_1_283' title='bbox 1166 3140 1290 3194; x_wconf 91' lang='lat' dir='ltr'><strong>dum</strong></span> <span class='ocrx_word' id='word_1_284' title='bbox 1319 3140 1439 3195; x_wconf 89' lang='lat' dir='ltr'><strong>cum</strong></span> <span class='ocrx_word' id='word_1_285' title='bbox 1469 3143 1709 3209; x_wconf 72' lang='lat' dir='ltr'><strong>religiosa</strong></span> <span class='ocrx_word' id='word_1_286' title='bbox 1733 3159 1822 3196; x_wconf 87' lang='lat' dir='ltr'><strong>va-</strong></span> 
     </span>
    </p>
   </div>
   <div class='ocr_carea' id='block_1_40' title="bbox 169 3209 1822 3284">
    <p class='ocr_par' dir='ltr' id='par_1_40' title="bbox 169 3209 1822 3284">
     <span class='ocr_line' id='line_1_41' title="bbox 169 3209 1822 3284; baseline 0 -16"><span class='ocrx_word' id='word_1_287' title='bbox 169 3269 174 3274; x_wconf 78' lang='grc'><strong>,</strong></span> <span class='ocrx_word' id='word_1_288' title='bbox 243 3217 412 3284; x_wconf 86' lang='lat' dir='ltr'><strong>nitate</strong></span> <span class='ocrx_word' id='word_1_289' title='bbox 454 3229 698 3284; x_wconf 83' lang='lat' dir='ltr'><strong>magnum</strong></span> <span class='ocrx_word' id='word_1_290' title='bbox 743 3209 898 3266; x_wconf 87' lang='lat' dir='ltr'><strong>deum</strong></span> <span class='ocrx_word' id='word_1_291' title='bbox 937 3209 1107 3272; x_wconf 69' lang='lat' dir='ltr'><strong>,videri</strong></span> <span class='ocrx_word' id='word_1_292' title='bbox 1143 3210 1342 3274; x_wconf 88' lang='lat' dir='ltr'><strong>volunt,</strong></span> <span class='ocrx_word' id='word_1_293' title='bbox 1379 3211 1698 3266; x_wconf 77' lang='lat' dir='ltr'><strong>dannonium</strong></span> <span class='ocrx_word' id='word_1_294' title='bbox 1727 3228 1822 3282; x_wconf 92' lang='lat' dir='ltr'><strong>pu-</strong></span> 
     </span>
    </p>
   </div>
   <div class='ocr_carea' id='block_1_41' title="bbox 243 3283 522 3338">
    <p class='ocr_par' dir='ltr' id='par_1_41' title="bbox 243 3283 522 3338">
     <span class='ocr_line' id='line_1_42' title="bbox 243 3283 522 3338; baseline 0.004 -1"><span class='ocrx_word' id='word_1_295' title='bbox 243 3283 522 3338; x_wconf 87' lang='lat' dir='ltr'><strong>blicarunt.</strong></span> 
     </span>
    </p>
   </div>
   <div class='ocr_carea' id='block_1_42' title="bbox 316 3348 1824 3420">
    <p class='ocr_par' dir='ltr' id='par_1_42' title="bbox 316 3348 1824 3420">
     <span class='ocr_line' id='line_1_43' title="bbox 316 3348 1824 3420; baseline 0 -13"><span class='ocrx_word' id='word_1_296' title='bbox 316 3353 369 3407; x_wconf 78' lang='lat'><strong>2.</strong></span> <span class='ocrx_word' id='word_1_297' title='bbox 411 3353 678 3408; x_wconf 81' lang='lat' dir='ltr'><strong>Cervufum</strong></span> <span class='ocrx_word' id='word_1_298' title='bbox 716 3351 968 3418; x_wconf 75' lang='lat' dir='ltr'><strong>ferientes.</strong></span> <span class='ocrx_word' id='word_1_299' title='bbox 1012 3348 1114 3420; x_wconf 74' lang='lat' dir='ltr'><strong>Viri</strong></span> <span class='ocrx_word' id='word_1_300' title='bbox 1147 3350 1360 3420; x_wconf 78' lang='lat' dir='ltr'><strong>feminas</strong></span> <span class='ocrx_word' id='word_1_301' title='bbox 1388 3351 1665 3406; x_wconf 76' lang='lat' dir='ltr'><strong>induentes.</strong></span> <span class='ocrx_word' id='word_1_302' title='bbox 1692 3351 1824 3407; x_wconf 83' lang='lat' dir='ltr'><strong>Hinc</strong></span> 
     </span>
    </p>
   </div>
   <div class='ocr_carea' id='block_1_43' title="bbox 247 3419 1824 3492">
    <p class='ocr_par' dir='ltr' id='par_1_43' title="bbox 247 3419 1824 3492">
     <span class='ocr_line' id='line_1_44' title="bbox 247 3419 1824 3492; baseline -0.001 -16"><span class='ocrx_word' id='word_1_303' title='bbox 247 3424 427 3492; x_wconf 84' lang='lat' dir='ltr'><strong>itaque</strong></span> <span class='ocrx_word' id='word_1_304' title='bbox 451 3433 534 3478; x_wconf 88' lang='lat' dir='ltr'><strong>est</strong></span> <span class='ocrx_word' id='word_1_305' title='bbox 558 3421 700 3491; x_wconf 83' lang='lat' dir='ltr'><strong>quod</strong></span> <span class='ocrx_word' id='word_1_306' title='bbox 731 3423 844 3492; x_wconf 80' lang='lat' dir='ltr'><strong>istis</strong></span> <span class='ocrx_word' id='word_1_307' title='bbox 871 3421 1056 3492; x_wconf 87' lang='lat' dir='ltr'><strong>diebus</strong></span> <span class='ocrx_word' id='word_1_308' title='bbox 1081 3419 1279 3492; x_wconf 81' lang='lat' dir='ltr'><strong>Pagani</strong></span> <span class='ocrx_word' id='word_1_309' title='bbox 1306 3422 1546 3476; x_wconf 89' lang='lat' dir='ltr'><strong>homines</strong></span> <span class='ocrx_word' id='word_1_310' title='bbox 1573 3437 1824 3492; x_wconf 73' lang='lat' dir='ltr'><strong>perverso</strong></span> 
     </span>
    </p>
   </div>
   <div class='ocr_carea' id='block_1_44' title="bbox 245 3491 1825 3560">
    <p class='ocr_par' dir='ltr' id='par_1_44' title="bbox 245 3491 1825 3560">
     <span class='ocr_line' id='line_1_45' title="bbox 245 3491 1825 3560; baseline -0.001 -14"><span class='ocrx_word' id='word_1_311' title='bbox 245 3491 484 3546; x_wconf 78' lang='lat' dir='ltr'><strong>euntium</strong></span> <span class='ocrx_word' id='word_1_312' title='bbox 515 3507 690 3546; x_wconf 87' lang='lat' dir='ltr'><strong>rerum</strong></span> <span class='ocrx_word' id='word_1_313' title='bbox 719 3491 904 3544; x_wconf 87' lang='lat' dir='ltr'><strong>ordine</strong></span> <span class='ocrx_word' id='word_1_314' title='bbox 927 3491 1172 3543; x_wconf 89' lang='lat' dir='ltr'><strong>obscenis</strong></span> <span class='ocrx_word' id='word_1_315' title='bbox 1191 3491 1613 3546; x_wconf 70' lang='lat' dir='ltr'><strong>del&#39;ormitatibds</strong></span> <span class='ocrx_word' id='word_1_316' title='bbox 1641 3502 1825 3560; x_wconf 77' lang='lat' dir='ltr'><strong>tegun-</strong></span> 
     </span>
    </p>
   </div>
   <div class='ocr_carea' id='block_1_45' title="bbox 248 3561 1825 3630">
    <p class='ocr_par' dir='ltr' id='par_1_45' title="bbox 248 3561 1825 3630">
     <span class='ocr_line' id='line_1_46' title="bbox 248 3561 1825 3630; baseline 0 -14"><span class='ocrx_word' id='word_1_317' title='bbox 248 3571 373 3626; x_wconf 88' lang='lat' dir='ltr'><strong>tur;</strong></span> <span class='ocrx_word' id='word_1_318' title='bbox 403 3571 460 3616; x_wconf 92' lang='lat' dir='ltr'><strong>ut</strong></span> <span class='ocrx_word' id='word_1_319' title='bbox 498 3562 632 3616; x_wconf 86' lang='lat' dir='ltr'><strong>tales</strong></span> <span class='ocrx_word' id='word_1_320' title='bbox 671 3562 852 3630; x_wconf 78' lang='lat' dir='ltr'><strong>utique</strong></span> <span class='ocrx_word' id='word_1_321' title='bbox 891 3575 950 3630; x_wconf 82' lang='lat' dir='ltr'><strong>se</strong></span> <span class='ocrx_word' id='word_1_322' title='bbox 991 3561 1183 3630; x_wconf 85' lang='lat' dir='ltr'><strong>faciant</strong></span> <span class='ocrx_word' id='word_1_323' title='bbox 1206 3561 1292 3630; x_wconf 87' lang='lat' dir='ltr'><strong>qui</strong></span> <span class='ocrx_word' id='word_1_324' title='bbox 1321 3561 1516 3624; x_wconf 86' lang='lat' dir='ltr'><strong>colunt,</strong></span> <span class='ocrx_word' id='word_1_325' title='bbox 1545 3562 1717 3630; x_wconf 80' lang='lat' dir='ltr'><strong>qualis</strong></span> <span class='ocrx_word' id='word_1_326' title='bbox 1744 3573 1825 3616; x_wconf 89' lang='lat' dir='ltr'><strong>est</strong></span> 
     </span>
    </p>
   </div>
   <div class='ocr_carea' id='block_1_46' title="bbox 249 3629 1822 3701">
    <p class='ocr_par' dir='ltr' id='par_1_46' title="bbox 249 3629 1822 3701">
     <span class='ocr_line' id='line_1_47' title="bbox 249 3629 1822 3701; baseline -0.001 -16"><span class='ocrx_word' id='word_1_327' title='bbox 249 3631 353 3690; x_wconf 82' lang='lat' dir='ltr'><strong>iste</strong></span> <span class='ocrx_word' id='word_1_328' title='bbox 377 3635 464 3701; x_wconf 88' lang='lat' dir='ltr'><strong>qui</strong></span> <span class='ocrx_word' id='word_1_329' title='bbox 491 3633 700 3684; x_wconf 90' lang='lat' dir='ltr'><strong>colitur.</strong></span> <span class='ocrx_word' id='word_1_330' title='bbox 729 3629 784 3683; x_wconf 85' lang='lat' dir='ltr'><strong>In</strong></span> <span class='ocrx_word' id='word_1_331' title='bbox 817 3629 931 3701; x_wconf 79' lang='lat' dir='ltr'><strong>istis</strong></span> <span class='ocrx_word' id='word_1_332' title='bbox 956 3632 1096 3701; x_wconf 85' lang='lat' dir='ltr'><strong>enim</strong></span> <span class='ocrx_word' id='word_1_333' title='bbox 1131 3629 1317 3701; x_wconf 84' lang='lat' dir='ltr'><strong>diebus</strong></span> <span class='ocrx_word' id='word_1_334' title='bbox 1351 3631 1530 3684; x_wconf 87' lang='lat' dir='ltr'><strong>miseri</strong></span> <span class='ocrx_word' id='word_1_335' title='bbox 1563 3629 1822 3701; x_wconf 80' lang='lat' dir='ltr'><strong>homines,</strong></span> 
     </span>
    </p>
   </div>
   <div class='ocr_carea' id='block_1_47' title="bbox 246 3699 1828 3770">
    <p class='ocr_par' dir='ltr' id='par_1_47' title="bbox 246 3699 1828 3770">
     <span class='ocr_line' id='line_1_48' title="bbox 246 3699 1828 3770; baseline -0.001 -14"><span class='ocrx_word' id='word_1_336' title='bbox 246 3711 339 3764; x_wconf 85' lang='lat' dir='ltr'><strong>et,</strong></span> <span class='ocrx_word' id='word_1_337' title='bbox 371 3699 510 3769; x_wconf 85' lang='lat' dir='ltr'><strong>quod</strong></span> <span class='ocrx_word' id='word_1_338' title='bbox 553 3701 702 3770; x_wconf 79' lang='lat' dir='ltr'><strong>pejus</strong></span> <span class='ocrx_word' id='word_1_339' title='bbox 724 3709 823 3766; x_wconf 89' lang='lat' dir='ltr'><strong>est,</strong></span> <span class='ocrx_word' id='word_1_340' title='bbox 866 3700 1024 3766; x_wconf 89' lang='lat' dir='ltr'><strong>aliqui</strong></span> <span class='ocrx_word' id='word_1_341' title='bbox 1065 3699 1330 3770; x_wconf 80' lang='lat' dir='ltr'><strong>baptizati,</strong></span> <span class='ocrx_word' id='word_1_342' title='bbox 1371 3707 1588 3770; x_wconf 88' lang='lat' dir='ltr'><strong>sumunt</strong></span> <span class='ocrx_word' id='word_1_343' title='bbox 1629 3699 1828 3754; x_wconf 79' lang='lat' dir='ltr'><strong>formas</strong></span> 
     </span>
    </p>
   </div>
   <div class='ocr_carea' id='block_1_48' title="bbox 247 3769 1826 3839">
    <p class='ocr_par' dir='ltr' id='par_1_48' title="bbox 247 3769 1826 3839">
     <span class='ocr_line' id='line_1_49' title="bbox 247 3769 1826 3839; baseline 0 -15"><span class='ocrx_word' id='word_1_344' title='bbox 247 3769 788 3839; x_wconf 20' lang='lat' dir='ltr'><strong>adulteras,ispccies</strong></span> <span class='ocrx_word' id='word_1_345' title='bbox 835 3778 1194 3829; x_wconf 81' lang='lat' dir='ltr'><strong>uionstrosas,</strong></span> <span class='ocrx_word' id='word_1_346' title='bbox 1275 3769 1328 3822; x_wconf 87' lang='lat' dir='ltr'><strong>in</strong></span> <span class='ocrx_word' id='word_1_347' title='bbox 1377 3769 1567 3838; x_wconf 88' lang='lat' dir='ltr'><strong>quibus</strong></span> <span class='ocrx_word' id='word_1_348' title='bbox 1615 3770 1826 3838; x_wconf 85' lang='lat' dir='ltr'><strong>quidem</strong></span> 
     </span>
    </p>
   </div>
   <div class='ocr_carea' id='block_1_49' title="bbox 249 3839 1826 3910">
    <p class='ocr_par' dir='ltr' id='par_1_49' title="bbox 249 3839 1826 3910">
     <span class='ocr_line' id='line_1_50' title="bbox 249 3839 1826 3910; baseline -0.001 -16"><span class='ocrx_word' id='word_1_349' title='bbox 249 3848 378 3894; x_wconf 82' lang='lat' dir='ltr'><strong>sunt</strong></span> <span class='ocrx_word' id='word_1_350' title='bbox 409 3857 526 3909; x_wconf 65' lang='lat' dir='ltr'><strong>qum</strong></span> <span class='ocrx_word' id='word_1_351' title='bbox 556 3843 783 3910; x_wconf 89' lang='lat' dir='ltr'><strong>primum</strong></span> <span class='ocrx_word' id='word_1_352' title='bbox 819 3839 1086 3910; x_wconf 85' lang='lat' dir='ltr'><strong>pudenda,</strong></span> <span class='ocrx_word' id='word_1_353' title='bbox 1115 3847 1203 3910; x_wconf 79' lang='lat' dir='ltr'><strong>aut</strong></span> <span class='ocrx_word' id='word_1_354' title='bbox 1229 3841 1403 3910; x_wconf 85' lang='lat' dir='ltr'><strong>potius</strong></span> <span class='ocrx_word' id='word_1_355' title='bbox 1427 3839 1652 3892; x_wconf 82' lang='lat' dir='ltr'><strong>dolenda</strong></span> <span class='ocrx_word' id='word_1_356' title='bbox 1681 3851 1826 3894; x_wconf 90' lang='lat' dir='ltr'><strong>sunt.</strong></span> 
     </span>
    </p>
   </div>
   <div class='ocr_carea' id='block_1_50' title="bbox 248 3907 1829 3979">
    <p class='ocr_par' dir='ltr' id='par_1_50' title="bbox 248 3907 1829 3979">
     <span class='ocr_line' id='line_1_51' title="bbox 248 3907 1829 3979; baseline 0.002 -17"><span class='ocrx_word' id='word_1_357' title='bbox 248 3911 382 3979; x_wconf 84' lang='lat' dir='ltr'><strong>Quis</strong></span> <span class='ocrx_word' id='word_1_358' title='bbox 411 3907 571 3965; x_wconf 59' lang='lat' dir='ltr'><strong>enim&#39;</strong></span> <span class='ocrx_word' id='word_1_359' title='bbox 595 3907 1040 3978; x_wconf 34' lang='lat' dir='ltr'><strong>sapieus’poterit</strong></span> <span class='ocrx_word' id='word_1_360' title='bbox 1082 3907 1318 3979; x_wconf 76' lang='lat' dir='ltr'><strong>credere,</strong></span> <span class='ocrx_word' id='word_1_361' title='bbox 1355 3909 1578 3979; x_wconf 80' lang='lat' dir='ltr'><strong>inveniri</strong></span> <span class='ocrx_word' id='word_1_362' title='bbox 1621 3910 1829 3978; x_wconf 88' lang='lat' dir='ltr'><strong>aliquos</strong></span> 
     </span>
    </p>
   </div>
   <div class='ocr_carea' id='block_1_51' title="bbox 249 3977 1830 4048">
    <p class='ocr_par' dir='ltr' id='par_1_51' title="bbox 249 3977 1830 4048">
     <span class='ocr_line' id='line_1_52' title="bbox 249 3977 1830 4048; baseline 0 -14"><span class='ocrx_word' id='word_1_363' title='bbox 249 3977 398 4034; x_wconf 70' lang='lat' dir='ltr'><strong>sana:</strong></span> <span class='ocrx_word' id='word_1_364' title='bbox 428 3981 620 4034; x_wconf 89' lang='lat' dir='ltr'><strong>mentis</strong></span> <span class='ocrx_word' id='word_1_365' title='bbox 653 3977 740 4048; x_wconf 85' lang='lat' dir='ltr'><strong>qui</strong></span> <span class='ocrx_word' id='word_1_366' title='bbox 771 3979 1042 4032; x_wconf 89' lang='lat' dir='ltr'><strong>cervulum</strong></span> <span class='ocrx_word' id='word_1_367' title='bbox 1073 3977 1362 4048; x_wconf 76' lang='lat' dir='ltr'><strong>facientes,</strong></span> <span class='ocrx_word' id='word_1_368' title='bbox 1403 3978 1456 4031; x_wconf 91' lang='lat' dir='ltr'><strong>in</strong></span> <span class='ocrx_word' id='word_1_369' title='bbox 1499 3977 1727 4034; x_wconf 85' lang='lat' dir='ltr'><strong>ferarum</strong></span> <span class='ocrx_word' id='word_1_370' title='bbox 1771 3995 1830 4034; x_wconf 84' lang='lat' dir='ltr'><strong>se</strong></span> 
     </span>
    </p>
   </div>
   <div class='ocr_carea' id='block_1_52' title="bbox 253 4047 1832 4116">
    <p class='ocr_par' dir='ltr' id='par_1_52' title="bbox 253 4047 1832 4116">
     <span class='ocr_line' id='line_1_53' title="bbox 253 4047 1832 4116; baseline 0.002 -15"><span class='ocrx_word' id='word_1_371' title='bbox 253 4051 416 4104; x_wconf 82' lang='lat' dir='ltr'><strong>velint</strong></span> <span class='ocrx_word' id='word_1_372' title='bbox 457 4047 688 4104; x_wconf 89' lang='lat' dir='ltr'><strong>habitum</strong></span> <span class='ocrx_word' id='word_1_373' title='bbox 727 4047 1087 4102; x_wconf 88' lang='lat' dir='ltr'><strong>commutare?</strong></span> <span class='ocrx_word' id='word_1_374' title='bbox 1125 4049 1228 4101; x_wconf 83' lang='lat' dir='ltr'><strong>Alii</strong></span> <span class='ocrx_word' id='word_1_375' title='bbox 1267 4049 1564 4102; x_wconf 89' lang='lat' dir='ltr'><strong>vestiuntur</strong></span> <span class='ocrx_word' id='word_1_376' title='bbox 1606 4051 1832 4116; x_wconf 87' lang='lat' dir='ltr'><strong>pellibus</strong></span> 
     </span>
    </p>
   </div>
   <div class='ocr_carea' id='block_1_53' title="bbox 253 4117 1832 4190">
    <p class='ocr_par' dir='ltr' id='par_1_53' title="bbox 253 4117 1832 4190">
     <span class='ocr_line' id='line_1_54' title="bbox 253 4117 1832 4190; baseline 0 -16"><span class='ocrx_word' id='word_1_377' title='bbox 253 4120 550 4190; x_wconf 88' lang='lat' dir='ltr'><strong>pecudum;</strong></span> <span class='ocrx_word' id='word_1_378' title='bbox 580 4120 669 4172; x_wconf 84' lang='lat' dir='ltr'><strong>alii</strong></span> <span class='ocrx_word' id='word_1_379' title='bbox 699 4127 974 4190; x_wconf 80' lang='lat' dir='ltr'><strong>assumunt</strong></span> <span class='ocrx_word' id='word_1_380' title='bbox 1002 4117 1170 4190; x_wconf 81' lang='lat' dir='ltr'><strong>capita</strong></span> <span class='ocrx_word' id='word_1_381' title='bbox 1203 4118 1512 4190; x_wconf 83' lang='lat' dir='ltr'><strong>bestiarum,</strong></span> <span class='ocrx_word' id='word_1_382' title='bbox 1539 4120 1832 4187; x_wconf 80' lang='lat' dir='ltr'><strong>gaudentes</strong></span> 
     </span>
    </p>
   </div>
   <div class='ocr_carea' id='block_1_54' title="bbox 251 4187 1834 4258">
    <p class='ocr_par' dir='ltr' id='par_1_54' title="bbox 251 4187 1834 4258">
     <span class='ocr_line' id='line_1_55' title="bbox 251 4187 1834 4258; baseline -0.002 -12"><span class='ocrx_word' id='word_1_383' title='bbox 251 4187 311 4246; x_wconf 75' lang='lat' dir='ltr'><strong>et</strong></span> <span class='ocrx_word' id='word_1_384' title='bbox 335 4191 678 4254; x_wconf 82' lang='lat' dir='ltr'><strong>exsultantes,</strong></span> <span class='ocrx_word' id='word_1_385' title='bbox 701 4189 746 4242; x_wconf 89' lang='lat' dir='ltr'><strong>si</strong></span> <span class='ocrx_word' id='word_1_386' title='bbox 775 4188 947 4242; x_wconf 82' lang='lat' dir='ltr'><strong>taliter</strong></span> <span class='ocrx_word' id='word_1_387' title='bbox 967 4203 1024 4240; x_wconf 91' lang='lat' dir='ltr'><strong>se</strong></span> <span class='ocrx_word' id='word_1_388' title='bbox 1055 4191 1106 4240; x_wconf 90' lang='lat' dir='ltr'><strong>in</strong></span> <span class='ocrx_word' id='word_1_389' title='bbox 1137 4187 1331 4258; x_wconf 82' lang='lat' dir='ltr'><strong>ferinas</strong></span> <span class='ocrx_word' id='word_1_390' title='bbox 1351 4191 1554 4258; x_wconf 78' lang='lat' dir='ltr'><strong>species</strong></span> <span class='ocrx_word' id='word_1_391' title='bbox 1580 4191 1834 4243; x_wconf 81' lang='lat' dir='ltr'><strong>transfor-</strong></span> 
     </span>
    </p>
   </div>
   <div class='ocr_carea' id='block_1_55' title="bbox 255 4257 1832 4328">
    <p class='ocr_par' dir='ltr' id='par_1_55' title="bbox 255 4257 1832 4328">
     <span class='ocr_line' id='line_1_56' title="bbox 255 4257 1832 4328; baseline -0.001 -13"><span class='ocrx_word' id='word_1_392' title='bbox 255 4261 538 4324; x_wconf 87' lang='lat' dir='ltr'><strong>maverint,</strong></span> <span class='ocrx_word' id='word_1_393' title='bbox 575 4270 629 4312; x_wconf 91' lang='lat' dir='ltr'><strong>ut</strong></span> <span class='ocrx_word' id='word_1_394' title='bbox 661 4260 899 4328; x_wconf 86' lang='lat' dir='ltr'><strong>homines</strong></span> <span class='ocrx_word' id='word_1_395' title='bbox 926 4273 1027 4310; x_wconf 89' lang='lat' dir='ltr'><strong>non</strong></span> <span class='ocrx_word' id='word_1_396' title='bbox 1055 4273 1171 4312; x_wconf 89' lang='lat' dir='ltr'><strong>esse</strong></span> <span class='ocrx_word' id='word_1_397' title='bbox 1202 4257 1478 4313; x_wconf 85' lang='lat' dir='ltr'><strong>videantur</strong></span> <span class='ocrx_word' id='word_1_398' title='bbox 1503 4257 1592 4328; x_wconf 89' lang='lat' dir='ltr'><strong>(c).</strong></span> <span class='ocrx_word' id='word_1_399' title='bbox 1625 4259 1703 4312; x_wconf 85' lang='lat' dir='ltr'><strong>Ex</strong></span> <span class='ocrx_word' id='word_1_400' title='bbox 1727 4275 1832 4328; x_wconf 88' lang='lat' dir='ltr'><strong>quo</strong></span> 
     </span>
    </p>
   </div>
   <div class='ocr_carea' id='block_1_56' title="bbox 255 4327 1832 4399">
    <p class='ocr_par' dir='ltr' id='par_1_56' title="bbox 255 4327 1832 4399">
     <span class='ocr_line' id='line_1_57' title="bbox 255 4327 1832 4399; baseline 0.001 -15"><span class='ocrx_word' id='word_1_401' title='bbox 255 4330 496 4385; x_wconf 87' lang='lat' dir='ltr'><strong>indicant</strong></span> <span class='ocrx_word' id='word_1_402' title='bbox 517 4344 582 4384; x_wconf 90' lang='lat' dir='ltr'><strong>ac</strong></span> <span class='ocrx_word' id='word_1_403' title='bbox 609 4327 862 4399; x_wconf 89' lang='lat' dir='ltr'><strong>probant,</strong></span> <span class='ocrx_word' id='word_1_404' title='bbox 901 4343 1010 4382; x_wconf 89' lang='lat' dir='ltr'><strong>non</strong></span> <span class='ocrx_word' id='word_1_405' title='bbox 1041 4337 1146 4382; x_wconf 90' lang='lat' dir='ltr'><strong>tam</strong></span> <span class='ocrx_word' id='word_1_406' title='bbox 1183 4343 1244 4384; x_wconf 88' lang='lat' dir='ltr'><strong>se</strong></span> <span class='ocrx_word' id='word_1_407' title='bbox 1273 4327 1520 4384; x_wconf 86' lang='lat' dir='ltr'><strong>habitum</strong></span> <span class='ocrx_word' id='word_1_408' title='bbox 1539 4327 1832 4386; x_wconf 86' lang='lat' dir='ltr'><strong>belluinum</strong></span> 
     </span>
    </p>
   </div>
   <div class='ocr_carea' id='block_1_57' title="bbox 343 4483 1808 4550">
    <p class='ocr_par' dir='ltr' id='par_1_57' title="bbox 343 4483 1808 4550">
     <span class='ocr_line' id='line_1_58' title="bbox 343 4483 1808 4550; baseline 0.003 -16"><span class='ocrx_word' id='word_1_409' title='bbox 343 4487 395 4550; x_wconf 76' lang='grc' dir='ltr'><strong>ᾳ)</strong></span> <span class='ocrx_word' id='word_1_410' title='bbox 420 4485 560 4544; x_wconf 88' lang='lat' dir='ltr'><strong>Alias,</strong></span> <span class='ocrx_word' id='word_1_411' title='bbox 577 4485 1040 4550; x_wconf 62' lang='lat' dir='ltr'><strong>interviguerianos</strong></span> <span class='ocrx_word' id='word_1_412' title='bbox 1059 4483 1134 4550; x_wconf 68' lang='grc'><strong>14,</strong></span> <span class='ocrx_word' id='word_1_413' title='bbox 1159 4485 1208 4533; x_wconf 90' lang='lat' dir='ltr'><strong>in</strong></span> <span class='ocrx_word' id='word_1_414' title='bbox 1235 4485 1382 4550; x_wconf 71' lang='lat' dir='ltr'><strong>prima</strong></span> <span class='ocrx_word' id='word_1_415' title='bbox 1409 4493 1545 4548; x_wconf 86' lang='lat' dir='ltr'><strong>parte</strong></span> <span class='ocrx_word' id='word_1_416' title='bbox 1567 4487 1808 4550; x_wconf 83' lang='lat' dir='ltr'><strong>Supplem.</strong></span> 
     </span>
    </p>
   </div>
   <div class='ocr_carea' id='block_1_58' title="bbox 344 4544 1836 4610">
    <p class='ocr_par' dir='ltr' id='par_1_58' title="bbox 344 4544 1836 4610">
     <span class='ocr_line' id='line_1_59' title="bbox 344 4544 1836 4610; baseline 0.003 -14"><span class='ocrx_word' id='word_1_417' title='bbox 344 4544 393 4608; x_wconf 77' lang='grc' dir='ltr'><strong>ὸ)</strong></span> <span class='ocrx_word' id='word_1_418' title='bbox 415 4555 464 4610; x_wconf 86' lang='lat' dir='ltr'><strong>tn</strong></span> <span class='ocrx_word' id='word_1_419' title='bbox 507 4544 806 4610; x_wconf 59' lang='lat' dir='ltr'><strong>Appendice&#39;</strong></span> <span class='ocrx_word' id='word_1_420' title='bbox 834 4559 962 4594; x_wconf 88' lang='lat' dir='ltr'><strong>nunc</strong></span> <span class='ocrx_word' id='word_1_421' title='bbox 1004 4544 1524 4610; x_wconf 44' lang='lat' dir='ltr'><strong>primum—collocatur.</strong></span> <span class='ocrx_word' id='word_1_422' title='bbox 1571 4544 1836 4610; x_wconf 59' lang='lat' dir='ltr'><strong>Augustino</strong></span> 
     </span>
    </p>
   </div>
   <div class='ocr_carea' id='block_1_59' title="bbox 257 4607 1832 4680">
    <p class='ocr_par' dir='ltr' id='par_1_59' title="bbox 257 4607 1832 4680">
     <span class='ocr_line' id='line_1_60' title="bbox 257 4607 1832 4680; baseline 0.003 -24"><span class='ocrx_word' id='word_1_423' title='bbox 510 4607 650 4678; x_wconf 79' lang='lat' dir='ltr'><strong>vetus</strong></span> <span class='ocrx_word' id='word_1_424' title='bbox 671 4608 882 4680; x_wconf 67' lang='lat' dir='ltr'><strong>quidam,</strong></span> <span class='ocrx_word' id='word_1_425' title='bbox 905 4620 1004 4680; x_wconf 74' lang='lat' dir='ltr'><strong>quo</strong></span> <span class='ocrx_word' id='word_1_426' title='bbox 1041 4607 1292 4680; x_wconf 74' lang='lat' dir='ltr'><strong>\‘iguerius</strong></span> <span class='ocrx_word' id='word_1_427' title='bbox 1313 4621 1430 4680; x_wconf 71' lang='lat' dir='ltr'><strong>usus</strong></span> <span class='ocrx_word' id='word_1_428' title='bbox 1450 4607 1599 4680; x_wconf 77' lang='lat' dir='ltr'><strong>fuisse</strong></span> <span class='ocrx_word' id='word_1_429' title='bbox 1624 4607 1832 4680; x_wconf 67' lang='lat' dir='ltr'><strong>videtur,</strong></span> 
     </span>
    </p>
   </div>
   <div class='ocr_carea' id='block_1_60' title="bbox 259 4667 1837 4734">
    <p class='ocr_par' dir='ltr' id='par_1_60' title="bbox 259 4667 1837 4734">
     <span class='ocr_line' id='line_1_61' title="bbox 259 4667 1837 4734; baseline 0.002 -16"><span class='ocrx_word' id='word_1_430' title='bbox 259 4669 570 4734; x_wconf 68' lang='lat' dir='ltr'><strong>bibliothecae</strong></span> <span class='ocrx_word' id='word_1_431' title='bbox 604 4667 1016 4734; x_wconf 76' lang='lat' dir='ltr'><strong>jain_colbertin2e</strong></span> <span class='ocrx_word' id='word_1_432' title='bbox 1051 4667 1244 4734; x_wconf 42' lang='lat' dir='ltr'><strong>codex;</strong></span> <span class='ocrx_word' id='word_1_433' title='bbox 1271 4669 1358 4734; x_wconf 83' lang='lat' dir='ltr'><strong>sed</strong></span> <span class='ocrx_word' id='word_1_434' title='bbox 1391 4671 1647 4732; x_wconf 85' lang='lat' dir='ltr'><strong>quominus</strong></span> <span class='ocrx_word' id='word_1_435' title='bbox 1687 4667 1837 4734; x_wconf 80' lang='lat' dir='ltr'><strong>ipsius</strong></span> 
     </span>
    </p>
   </div>
   <div class='ocr_carea' id='block_1_61' title="bbox 261 4728 1836 4792">
    <p class='ocr_par' dir='ltr' id='par_1_61' title="bbox 261 4728 1836 4792">
     <span class='ocr_line' id='line_1_62' title="bbox 261 4728 1836 4792; baseline 0.003 -14"><span class='ocrx_word' id='word_1_436' title='bbox 261 4743 378 4792; x_wconf 76' lang='lat' dir='ltr'><strong>esse</strong></span> <span class='ocrx_word' id='word_1_437' title='bbox 400 4728 652 4792; x_wconf 77' lang='lat' dir='ltr'><strong>credatur,</strong></span> <span class='ocrx_word' id='word_1_438' title='bbox 684 4729 874 4778; x_wconf 85' lang='lat' dir='ltr'><strong>obsistit</strong></span> <span class='ocrx_word' id='word_1_439' title='bbox 907 4741 1018 4776; x_wconf 91' lang='lat' dir='ltr'><strong>cum</strong></span> <span class='ocrx_word' id='word_1_440' title='bbox 1055 4728 1243 4792; x_wconf 86' lang='lat' dir='ltr'><strong>dicendi</strong></span> <span class='ocrx_word' id='word_1_441' title='bbox 1268 4730 1388 4792; x_wconf 83' lang='lat' dir='ltr'><strong>ratio</strong></span> <span class='ocrx_word' id='word_1_442' title='bbox 1402 4728 1424 4790; x_wconf 73' lang='grc'><strong>,⁷</strong></span> <span class='ocrx_word' id='word_1_443' title='bbox 1439 4743 1548 4792; x_wconf 68' lang='lat' dir='ltr'><strong>quae</strong></span> <span class='ocrx_word' id='word_1_444' title='bbox 1582 4728 1836 4792; x_wconf 65' lang='lat' dir='ltr'><strong>Caesarium</strong></span> 
     </span>
    </p>
   </div>
   <div class='ocr_carea' id='block_1_62' title="bbox 263 4789 1835 4852">
    <p class='ocr_par' dir='ltr' id='par_1_62' title="bbox 263 4789 1835 4852">
     <span class='ocr_line' id='line_1_63' title="bbox 263 4789 1835 4852; baseline 0.003 -12"><span class='ocrx_word' id='word_1_445' title='bbox 263 4791 426 4852; x_wconf 83' lang='lat' dir='ltr'><strong>potius</strong></span> <span class='ocrx_word' id='word_1_446' title='bbox 445 4791 628 4852; x_wconf 85' lang='lat' dir='ltr'><strong>refert,</strong></span> <span class='ocrx_word' id='word_1_447' title='bbox 663 4797 765 4839; x_wconf 89' lang='lat' dir='ltr'><strong>tum</strong></span> <span class='ocrx_word' id='word_1_448' title='bbox 794 4802 904 4851; x_wconf 69' lang='lat' dir='ltr'><strong>quas</strong></span> <span class='ocrx_word' id='word_1_449' title='bbox 943 4789 1336 4852; x_wconf 71' lang='lat' dir='ltr'><strong>posteriorisaevi</strong></span> <span class='ocrx_word' id='word_1_450' title='bbox 1361 4799 1436 4840; x_wconf 87' lang='lat' dir='ltr'><strong>est</strong></span> <span class='ocrx_word' id='word_1_451' title='bbox 1447 4789 1471 4849; x_wconf 77' lang='grc'><strong>,“</strong></span> <span class='ocrx_word' id='word_1_452' title='bbox 1502 4805 1558 4840; x_wconf 88' lang='lat' dir='ltr'><strong>ac</strong></span> <span class='ocrx_word' id='word_1_453' title='bbox 1579 4791 1835 4844; x_wconf 81' lang='lat' dir='ltr'><strong>diﬂiculter</strong></span> 
     </span>
    </p>
   </div>
   <div class='ocr_carea' id='block_1_63' title="bbox 261 4851 1835 4912">
    <p class='ocr_par' dir='ltr' id='par_1_63' title="bbox 261 4851 1835 4912">
     <span class='ocr_line' id='line_1_64' title="bbox 261 4851 1835 4912; baseline 0.002 -11"><span class='ocrx_word' id='word_1_454' title='bbox 261 4851 380 4902; x_wconf 71' lang='lat' dir='ltr'><strong>ante</strong></span> <span class='ocrx_word' id='word_1_455' title='bbox 401 4851 588 4912; x_wconf 68' lang='lat' dir='ltr'><strong>caesarii</strong></span> <span class='ocrx_word' id='word_1_456' title='bbox 612 4858 806 4911; x_wconf 86' lang='lat' dir='ltr'><strong>tempus</strong></span> <span class='ocrx_word' id='word_1_457' title='bbox 823 4852 992 4912; x_wconf 87' lang='lat' dir='ltr'><strong>reponi</strong></span> <span class='ocrx_word' id='word_1_458' title='bbox 1013 4852 1164 4911; x_wconf 88' lang='lat' dir='ltr'><strong>possit</strong></span> <span class='ocrx_word' id='word_1_459' title='bbox 1187 4851 1473 4912; x_wconf 27' lang='lat' dir='ltr'><strong>Aobservatio</strong></span> <span class='ocrx_word' id='word_1_460' title='bbox 1495 4853 1574 4901; x_wconf 89' lang='lat' dir='ltr'><strong>hic</strong></span> <span class='ocrx_word' id='word_1_461' title='bbox 1591 4865 1640 4901; x_wconf 89' lang='lat' dir='ltr'><strong>n.</strong></span> <span class='ocrx_word' id='word_1_462' title='bbox 1663 4855 1694 4902; x_wconf 81' lang='grc'><strong>5</strong></span> <span class='ocrx_word' id='word_1_463' title='bbox 1716 4855 1835 4905; x_wconf 84' lang='lat' dir='ltr'><strong>facta</strong></span> 
     </span>
    </p>
   </div>
   <div class='ocr_carea' id='block_1_64' title="bbox 259 4909 1836 4975">
    <p class='ocr_par' dir='ltr' id='par_1_64' title="bbox 259 4909 1836 4975">
     <span class='ocr_line' id='line_1_65' title="bbox 259 4909 1836 4975; baseline 0.003 -14"><span class='ocrx_word' id='word_1_464' title='bbox 259 4913 330 4961; x_wconf 87' lang='lat' dir='ltr'><strong>de</strong></span> <span class='ocrx_word' id='word_1_465' title='bbox 354 4911 544 4975; x_wconf 83' lang='lat' dir='ltr'><strong>publico</strong></span> <span class='ocrx_word' id='word_1_466' title='bbox 558 4909 744 4975; x_wconf 81' lang='lat' dir='ltr'><strong>jejunio</strong></span> <span class='ocrx_word' id='word_1_467' title='bbox 781 4909 1070 4975; x_wconf 68' lang='lat' dir='ltr'><strong>peremtas</strong></span> <span class='ocrx_word' id='word_1_468' title='bbox 1081 4909 1332 4975; x_wconf 52' lang='lat' dir='ltr'><strong>ecclesias</strong></span> <span class='ocrx_word' id='word_1_469' title='bbox 1361 4912 1576 4961; x_wconf 88' lang='lat' dir='ltr'><strong>calendis</strong></span> <span class='ocrx_word' id='word_1_470' title='bbox 1605 4914 1836 4975; x_wconf 86' lang='lat' dir='ltr'><strong>januariis</strong></span> 
     </span>
    </p>
   </div>
   <div class='ocr_carea' id='block_1_65' title="bbox 267 4972 1838 5034">
    <p class='ocr_par' dir='ltr' id='par_1_65' title="bbox 267 4972 1838 5034">
     <span class='ocr_line' id='line_1_66' title="bbox 267 4972 1838 5034; baseline 0.001 -10"><span class='ocrx_word' id='word_1_471' title='bbox 267 4986 296 5024; x_wconf 82' lang='lat' dir='ltr'><strong>a</strong></span> <span class='ocrx_word' id='word_1_472' title='bbox 317 4972 495 5022; x_wconf 74' lang='lat' dir='ltr'><strong>sanctis</strong></span> <span class='ocrx_word' id='word_1_473' title='bbox 515 4974 726 5034; x_wconf 86' lang='lat' dir='ltr'><strong>antiquis</strong></span> <span class='ocrx_word' id='word_1_474' title='bbox 745 4972 962 5034; x_wconf 84' lang='lat' dir='ltr'><strong>patribus</strong></span> <span class='ocrx_word' id='word_1_475' title='bbox 999 4972 1186 5022; x_wconf 86' lang='lat' dir='ltr'><strong>indicto.</strong></span> <span class='ocrx_word' id='word_1_476' title='bbox 1211 4978 1265 5020; x_wconf 85' lang='lat' dir='ltr'><strong>Et</strong></span> <span class='ocrx_word' id='word_1_477' title='bbox 1285 4972 1412 5034; x_wconf 85' lang='lat' dir='ltr'><strong>alter</strong></span> <span class='ocrx_word' id='word_1_478' title='bbox 1445 4972 1644 5034; x_wconf 81' lang='lat' dir='ltr'><strong>quidem</strong></span> <span class='ocrx_word' id='word_1_479' title='bbox 1667 4987 1729 5023; x_wconf 82' lang='lat' dir='ltr'><strong>ex</strong></span> <span class='ocrx_word' id='word_1_480' title='bbox 1751 4985 1838 5024; x_wconf 73' lang='lat' dir='ltr'><strong>Na-</strong></span> 
     </span>
    </p>
   </div>
   <div class='ocr_carea' id='block_1_66' title="bbox 269 5033 1836 5108">
    <p class='ocr_par' dir='ltr' id='par_1_66' title="bbox 269 5033 1836 5108">
     <span class='ocr_line' id='line_1_67' title="bbox 269 5033 1836 5108; baseline 0.001 -25"><span class='ocrx_word' id='word_1_481' title='bbox 269 5035 463 5108; x_wconf 71' lang='lat' dir='ltr'><strong>varrlcis</strong></span> <span class='ocrx_word' id='word_1_482' title='bbox 483 5033 816 5108; x_wconf 69' lang='lat' dir='ltr'><strong>nianuscriptis</strong></span> <span class='ocrx_word' id='word_1_483' title='bbox 841 5040 954 5108; x_wconf 70' lang='lat' dir='ltr'><strong>post</strong></span> <span class='ocrx_word' id='word_1_484' title='bbox 973 5045 1248 5108; x_wconf 67' lang='lat' dir='ltr'><strong>sermonem</strong></span> <span class='ocrx_word' id='word_1_485' title='bbox 1269 5033 1332 5108; x_wconf 76' lang='lat' dir='ltr'><strong>de</strong></span> <span class='ocrx_word' id='word_1_486' title='bbox 1347 5033 1836 5108; x_wconf 63' lang='lat' dir='ltr'><strong>pircu_incisione,_eni</strong></span> 
     </span>
    </p>
   </div>
   <div class='ocr_carea' id='block_1_67' title="bbox 265 5092 1838 5158">
    <p class='ocr_par' dir='ltr' id='par_1_67' title="bbox 265 5092 1838 5158">
     <span class='ocr_line' id='line_1_68' title="bbox 265 5092 1838 5158; baseline 0.003 -14"><span class='ocrx_word' id='word_1_487' title='bbox 265 5099 363 5144; x_wconf 87' lang='lat' dir='ltr'><strong>iste</strong></span> <span class='ocrx_word' id='word_1_488' title='bbox 385 5096 606 5158; x_wconf 81' lang='lat' dir='ltr'><strong>proxime</strong></span> <span class='ocrx_word' id='word_1_489' title='bbox 628 5092 951 5158; x_wconf 68' lang='lat' dir='ltr'><strong>subiungitur,</strong></span> <span class='ocrx_word' id='word_1_490' title='bbox 975 5092 1266 5158; x_wconf 78' lang='lat' dir='ltr'><strong>absolutum,</strong></span> <span class='ocrx_word' id='word_1_491' title='bbox 1285 5093 1434 5158; x_wconf 82' lang='lat' dir='ltr'><strong>habet</strong></span> <span class='ocrx_word' id='word_1_492' title='bbox 1453 5097 1522 5143; x_wconf 92' lang='lat' dir='ltr'><strong>sic</strong></span> <span class='ocrx_word' id='word_1_493' title='bbox 1546 5109 1557 5143; x_wconf 92' lang='lat'>:</span> <span class='ocrx_word' id='word_1_494' title='bbox 1592 5111 1614 5140; x_wconf 73' lang='grc' dir='ltr'>ι</span> <span class='ocrx_word' id='word_1_495' title='bbox 1638 5092 1838 5158; x_wconf 78' lang='lat' dir='ltr'><strong>Explicit</strong></span> 
     </span>
    </p>
   </div>
   <div class='ocr_carea' id='block_1_68' title="bbox 274 5155 1837 5214">
    <p class='ocr_par' dir='ltr' id='par_1_68' title="bbox 274 5155 1837 5214">
     <span class='ocr_line' id='line_1_69' title="bbox 274 5155 1837 5214; baseline 0.004 -13"><span class='ocrx_word' id='word_1_496' title='bbox 274 5173 296 5201; x_wconf 75' lang='grc' dir='ltr'>ι</span> <span class='ocrx_word' id='word_1_497' title='bbox 318 5155 482 5204; x_wconf 85' lang='lat' dir='ltr'><strong>sermo</strong></span> <span class='ocrx_word' id='word_1_498' title='bbox 516 5155 582 5204; x_wconf 88' lang='lat' dir='ltr'><strong>de</strong></span> <span class='ocrx_word' id='word_1_499' title='bbox 617 5155 984 5204; x_wconf 85' lang='lat' dir='ltr'><strong>circumcisione</strong></span> <span class='ocrx_word' id='word_1_500' title='bbox 1035 5155 1235 5202; x_wconf 90' lang='lat' dir='ltr'><strong>Domini.</strong></span> <span class='ocrx_word' id='word_1_501' title='bbox 1284 5157 1447 5214; x_wconf 85' lang='lat' dir='ltr'><strong>incipit</strong></span> <span class='ocrx_word' id='word_1_502' title='bbox 1481 5169 1644 5204; x_wconf 89' lang='lat' dir='ltr'><strong>sermo</strong></span> <span class='ocrx_word' id='word_1_503' title='bbox 1685 5155 1837 5208; x_wconf 78' lang='lat' dir='ltr'><strong>sancti</strong></span> 
     </span>
    </p>
   </div>
   <div class='ocr_carea' id='block_1_69' title="bbox 275 5214 1836 5269">
    <p class='ocr_par' dir='ltr' id='par_1_69' title="bbox 275 5214 1836 5269">
     <span class='ocr_line' id='line_1_70' title="bbox 275 5214 1836 5269; baseline 0.004 -6"><span class='ocrx_word' id='word_1_504' title='bbox 275 5233 298 5262; x_wconf 73' lang='grc' dir='ltr'>ι</span> <span class='ocrx_word' id='word_1_505' title='bbox 321 5217 544 5265; x_wconf 74' lang='lat' dir='ltr'><strong>Maxentii</strong></span> <span class='ocrx_word' id='word_1_506' title='bbox 560 5215 624 5264; x_wconf 90' lang='lat' dir='ltr'><strong>de</strong></span> <span class='ocrx_word' id='word_1_507' title='bbox 645 5215 792 5264; x_wconf 75' lang='lat' dir='ltr'><strong>Natali</strong></span> <span class='ocrx_word' id='word_1_508' title='bbox 815 5217 1013 5265; x_wconf 88' lang='lat' dir='ltr'><strong>Domini.</strong></span> <span class='ocrx_word' id='word_1_509' title='bbox 1037 5221 1085 5264; x_wconf 90' lang='lat' dir='ltr'><strong>In</strong></span> <span class='ocrx_word' id='word_1_510' title='bbox 1110 5214 1326 5264; x_wconf 88' lang='lat' dir='ltr'><strong>calendis</strong></span> <span class='ocrx_word' id='word_1_511' title='bbox 1346 5217 1597 5265; x_wconf 84' lang='lat' dir='ltr'><strong>Januariis.</strong></span> <span class='ocrx_word' id='word_1_512' title='bbox 1615 5235 1638 5262; x_wconf 66' lang='lat' dir='ltr'><strong>s</strong></span> <span class='ocrx_word' id='word_1_513' title='bbox 1659 5225 1712 5267; x_wconf 86' lang='lat' dir='ltr'><strong>Et</strong></span> <span class='ocrx_word' id='word_1_514' title='bbox 1725 5231 1836 5269; x_wconf 71' lang='lat' dir='ltr'><strong>mox</strong></span> 
     </span>
    </p>
   </div>
   <div class='ocr_carea' id='block_1_70' title="bbox 267 5275 1839 5340">
    <p class='ocr_par' dir='ltr' id='par_1_70' title="bbox 267 5275 1839 5340">
     <span class='ocr_line' id='line_1_71' title="bbox 267 5275 1839 5340; baseline 0.002 -13"><span class='ocrx_word' id='word_1_515' title='bbox 267 5279 784 5340; x_wconf 72' lang='lat' dir='ltr'><strong>subsequitursermo,</strong></span> <span class='ocrx_word' id='word_1_516' title='bbox 815 5294 838 5322; x_wconf 73' lang='grc' dir='ltr'>ι</span> <span class='ocrx_word' id='word_1_517' title='bbox 862 5278 972 5340; x_wconf 87' lang='lat' dir='ltr'><strong>Dies</strong></span> <span class='ocrx_word' id='word_1_518' title='bbox 990 5275 1323 5340; x_wconf 10' lang='lat' dir='ltr'><strong>rcalendarum,</strong></span> <span class='ocrx_word' id='word_1_519' title='bbox 1351 5293 1373 5320; x_wconf 72' lang='lat' dir='ltr'><strong>ii</strong></span> <span class='ocrx_word' id='word_1_520' title='bbox 1405 5285 1497 5326; x_wconf 88' lang='lat' dir='ltr'><strong>etc.</strong></span> <span class='ocrx_word' id='word_1_521' title='bbox 1539 5279 1630 5326; x_wconf 89' lang='lat' dir='ltr'><strong>Sed</strong></span> <span class='ocrx_word' id='word_1_522' title='bbox 1661 5279 1710 5326; x_wconf 89' lang='lat' dir='ltr'><strong>in</strong></span> <span class='ocrx_word' id='word_1_523' title='bbox 1749 5279 1839 5330; x_wconf 88' lang='lat' dir='ltr'><strong>hoc</strong></span> 
     </span>
    </p>
   </div>
   <div class='ocr_carea' id='block_1_71' title="bbox 267 5337 1837 5390">
    <p class='ocr_par' dir='ltr' id='par_1_71' title="bbox 267 5337 1837 5390">
     <span class='ocr_line' id='line_1_72' title="bbox 267 5337 1837 5390; baseline 0.003 -4"><span class='ocrx_word' id='word_1_524' title='bbox 267 5337 498 5388; x_wconf 77' lang='lat' dir='ltr'><strong>sermone</strong></span> <span class='ocrx_word' id='word_1_525' title='bbox 521 5337 702 5386; x_wconf 90' lang='lat' dir='ltr'><strong>nullum</strong></span> <span class='ocrx_word' id='word_1_526' title='bbox 724 5338 788 5386; x_wconf 89' lang='lat' dir='ltr'><strong>de</strong></span> <span class='ocrx_word' id='word_1_527' title='bbox 819 5339 1056 5388; x_wconf 87' lang='lat' dir='ltr'><strong>Dominica</strong></span> <span class='ocrx_word' id='word_1_528' title='bbox 1089 5339 1338 5387; x_wconf 87' lang='lat' dir='ltr'><strong>nativitate</strong></span> <span class='ocrx_word' id='word_1_529' title='bbox 1373 5341 1575 5387; x_wconf 85' lang='lat' dir='ltr'><strong>verbum</strong></span> <span class='ocrx_word' id='word_1_530' title='bbox 1613 5343 1837 5390; x_wconf 85' lang='lat' dir='ltr'><strong>occurrit.</strong></span> 
     </span>
    </p>
   </div>
   <div class='ocr_carea' id='block_1_72' title="bbox 269 5399 1840 5460">
    <p class='ocr_par' dir='ltr' id='par_1_72' title="bbox 269 5399 1840 5460">
     <span class='ocr_line' id='line_1_73' title="bbox 269 5399 1840 5460; baseline 0.002 -12"><span class='ocrx_word' id='word_1_531' title='bbox 269 5400 365 5448; x_wconf 76' lang='lat' dir='ltr'><strong>Sub</strong></span> <span class='ocrx_word' id='word_1_532' title='bbox 387 5399 580 5447; x_wconf 91' lang='lat' dir='ltr'><strong>nomine</strong></span> <span class='ocrx_word' id='word_1_533' title='bbox 603 5400 806 5448; x_wconf 81' lang='lat' dir='ltr'><strong>Faustini</strong></span> <span class='ocrx_word' id='word_1_534' title='bbox 831 5399 1042 5460; x_wconf 61' lang='lat' dir='ltr'><strong>episcoiii</strong></span> <span class='ocrx_word' id='word_1_535' title='bbox 1067 5412 1163 5459; x_wconf 84' lang='lat' dir='ltr'><strong>per</strong></span> <span class='ocrx_word' id='word_1_536' title='bbox 1190 5399 1462 5448; x_wconf 88' lang='lat' dir='ltr'><strong>Bollandum</strong></span> <span class='ocrx_word' id='word_1_537' title='bbox 1495 5401 1545 5448; x_wconf 87' lang='lat' dir='ltr'><strong>in</strong></span> <span class='ocrx_word' id='word_1_538' title='bbox 1567 5403 1694 5449; x_wconf 88' lang='lat' dir='ltr'><strong>Actis</strong></span> <span class='ocrx_word' id='word_1_539' title='bbox 1727 5409 1840 5451; x_wconf 85' lang='lat' dir='ltr'><strong>sau-</strong></span> 
     </span>
    </p>
   </div>
   <div class='ocr_carea' id='block_1_73' title="bbox 269 5460 1837 5522">
    <p class='ocr_par' dir='ltr' id='par_1_73' title="bbox 269 5460 1837 5522">
     <span class='ocr_line' id='line_1_74' title="bbox 269 5460 1837 5522; baseline 0.001 -12"><span class='ocrx_word' id='word_1_540' title='bbox 269 5467 632 5522; x_wconf 86' lang='lat' dir='ltr'><strong>ctorum,tomo</strong></span> <span class='ocrx_word' id='word_1_541' title='bbox 655 5460 886 5522; x_wconf 30' lang='lat' dir='ltr'><strong>laeditus</strong></span> <span class='ocrx_word' id='word_1_542' title='bbox 909 5468 984 5522; x_wconf 81' lang='lat' dir='ltr'><strong>est</strong></span> <span class='ocrx_word' id='word_1_543' title='bbox 1013 5460 1070 5508; x_wconf 87' lang='lat' dir='ltr'><strong>ad</strong></span> <span class='ocrx_word' id='word_1_544' title='bbox 1107 5463 1532 5520; x_wconf 83' lang='lat' dir='ltr'><strong>vetusexemplar</strong></span> <span class='ocrx_word' id='word_1_545' title='bbox 1573 5463 1837 5522; x_wconf 82' lang='lat' dir='ltr'><strong>Aceiense,</strong></span> 
     </span>
    </p>
   </div>
   <div class='ocr_carea' id='block_1_74' title="bbox 271 5519 1841 5582">
    <p class='ocr_par' dir='ltr' id='par_1_74' title="bbox 271 5519 1841 5582">
     <span class='ocr_line' id='line_1_75' title="bbox 271 5519 1841 5582; baseline 0.003 -12"><span class='ocrx_word' id='word_1_546' title='bbox 271 5533 360 5570; x_wconf 78' lang='lat' dir='ltr'><strong>esu</strong></span> <span class='ocrx_word' id='word_1_547' title='bbox 383 5521 584 5578; x_wconf 88' lang='lat' dir='ltr'><strong>Acincti,</strong></span> <span class='ocrx_word' id='word_1_548' title='bbox 607 5519 732 5580; x_wconf 78' lang='lat' dir='ltr'><strong>apud</strong></span> <span class='ocrx_word' id='word_1_549' title='bbox 767 5521 1128 5582; x_wconf 81' lang='lat' dir='ltr'><strong>Burgundiones</strong></span> <span class='ocrx_word' id='word_1_550' title='bbox 1159 5519 1454 5572; x_wconf 82' lang='lat' dir='ltr'><strong>monasterii.</strong></span> <span class='ocrx_word' id='word_1_551' title='bbox 1471 5531 1730 5574; x_wconf 75' lang='lat' dir='ltr'><strong>sermones</strong></span> <span class='ocrx_word' id='word_1_552' title='bbox 1753 5519 1841 5574; x_wconf 74' lang='grc'><strong>129</strong></span> 
     </span>
    </p>
   </div>
   <div class='ocr_carea' id='block_1_75' title="bbox 273 5583 1164 5643">
    <p class='ocr_par' dir='ltr' id='par_1_75' title="bbox 273 5583 1164 5643">
     <span class='ocr_line' id='line_1_76' title="bbox 273 5583 1164 5643; baseline 0 -12"><span class='ocrx_word' id='word_1_553' title='bbox 273 5591 326 5632; x_wconf 88' lang='lat' dir='ltr'><strong>et</strong></span> <span class='ocrx_word' id='word_1_554' title='bbox 345 5583 434 5632; x_wconf 79' lang='grc'><strong>150</strong></span> <span class='ocrx_word' id='word_1_555' title='bbox 447 5584 496 5629; x_wconf 89' lang='lat' dir='ltr'><strong>in</strong></span> <span class='ocrx_word' id='word_1_556' title='bbox 517 5583 702 5630; x_wconf 62' lang='lat' dir='ltr'><strong>Casarii</strong></span> <span class='ocrx_word' id='word_1_557' title='bbox 725 5584 822 5630; x_wconf 86' lang='lat' dir='ltr'><strong>vita</strong></span> <span class='ocrx_word' id='word_1_558' title='bbox 839 5583 1164 5643; x_wconf 86' lang='lat' dir='ltr'><strong>reperiuntur.</strong></span> 
     </span>
    </p>
   </div>
   <div class='ocr_carea' id='block_1_76' title="bbox 333 5643 1839 5704">
    <p class='ocr_par' dir='ltr' id='par_1_76' title="bbox 333 5643 1839 5704">
     <span class='ocr_line' id='line_1_77' title="bbox 333 5643 1839 5704; baseline 0.004 -12"><span class='ocrx_word' id='word_1_559' title='bbox 333 5643 408 5704; x_wconf 85' lang='lat' dir='ltr'><strong>(c)</strong></span> <span class='ocrx_word' id='word_1_560' title='bbox 429 5643 546 5692; x_wconf 83' lang='lat' dir='ltr'><strong>Hinc</strong></span> <span class='ocrx_word' id='word_1_561' title='bbox 561 5643 830 5692; x_wconf 83' lang='lat' dir='ltr'><strong>illustratur</strong></span> <span class='ocrx_word' id='word_1_562' title='bbox 863 5644 1286 5694; x_wconf 80' lang='lat' dir='ltr'><strong>Autissiodurensis</strong></span> <span class='ocrx_word' id='word_1_563' title='bbox 1321 5657 1448 5694; x_wconf 87' lang='lat' dir='ltr'><strong>anno</strong></span> <span class='ocrx_word' id='word_1_564' title='bbox 1484 5645 1575 5694; x_wconf 77' lang='lat'><strong>578</strong></span> <span class='ocrx_word' id='word_1_565' title='bbox 1605 5645 1839 5698; x_wconf 87' lang='lat' dir='ltr'><strong>celebrati</strong></span> 
     </span>
    </p>
   </div>
   <div class='ocr_carea' id='block_1_77' title="bbox 271 5704 1842 5772">
    <p class='ocr_par' dir='ltr' id='par_1_77' title="bbox 271 5704 1842 5772">
     <span class='ocr_line' id='line_1_78' title="bbox 271 5704 1842 5772; baseline 0.003 -16"><span class='ocrx_word' id='word_1_566' title='bbox 271 5704 460 5758; x_wconf 73' lang='lat' dir='ltr'><strong>concilii</strong></span> <span class='ocrx_word' id='word_1_567' title='bbox 481 5715 632 5756; x_wconf 85' lang='lat' dir='ltr'><strong>canon</strong></span> <span class='ocrx_word' id='word_1_568' title='bbox 659 5705 703 5764; x_wconf 89' lang='grc'><strong>1,</strong></span> <span class='ocrx_word' id='word_1_569' title='bbox 727 5717 822 5768; x_wconf 88' lang='lat' dir='ltr'><strong>quo</strong></span> <span class='ocrx_word' id='word_1_570' title='bbox 853 5721 874 5751; x_wconf 72' lang='grc' dir='ltr'><strong>α</strong></span> <span class='ocrx_word' id='word_1_571' title='bbox 895 5711 994 5754; x_wconf 73' lang='lat' dir='ltr'><strong>Non</strong></span> <span class='ocrx_word' id='word_1_572' title='bbox 1030 5704 1144 5757; x_wconf 85' lang='lat' dir='ltr'><strong>licet</strong></span> <span class='ocrx_word' id='word_1_573' title='bbox 1171 5705 1384 5756; x_wconf 86' lang='lat' dir='ltr'><strong>caleudis</strong></span> <span class='ocrx_word' id='word_1_574' title='bbox 1415 5707 1644 5772; x_wconf 78' lang='lat' dir='ltr'><strong>januariis</strong></span> <span class='ocrx_word' id='word_1_575' title='bbox 1679 5707 1842 5760; x_wconf 81' lang='lat' dir='ltr'><strong>vetula</strong></span> 
     </span>
    </p>
   </div>
   <div class='ocr_carea' id='block_1_78' title="bbox 1623 324 2122 388">
    <p class='ocr_par' dir='ltr' id='par_1_78' title="bbox 1623 324 2122 388">
     <span class='ocr_line' id='line_1_79' title="bbox 1623 324 2122 388; baseline -0.018 -1"><span class='ocrx_word' id='word_1_576' title='bbox 1623 326 1848 388; x_wconf 71' lang='lat' dir='ltr'><strong>SEBMO</strong></span> <span class='ocrx_word' id='word_1_577' title='bbox 1886 324 2122 382; x_wconf 69' lang='lat' dir='ltr'><strong>CXXIX.</strong></span> 
     </span>
    </p>
   </div>
   <div class='ocr_carea' id='block_1_79' title="bbox 3327 323 3476 380">
    <p class='ocr_par' dir='ltr' id='par_1_79' title="bbox 3327 323 3476 380">
     <span class='ocr_line' id='line_1_80' title="bbox 3327 323 3476 380; baseline 0 0"><span class='ocrx_word' id='word_1_578' title='bbox 3327 323 3476 380; x_wconf 69' lang='lat'><strong>200!</strong></span> 
     </span>
    </p>
   </div>
   <div class='ocr_carea' id='block_1_80' title="bbox 1903 435 3468 508">
    <p class='ocr_par' dir='ltr' id='par_1_80' title="bbox 1903 435 3468 508">
     <span class='ocr_line' id='line_1_81' title="bbox 1903 435 3468 508; baseline -0.002 -13"><span class='ocrx_word' id='word_1_579' title='bbox 1903 441 2098 496; x_wconf 87' lang='lat' dir='ltr'><strong>habere</strong></span> <span class='ocrx_word' id='word_1_580' title='bbox 2119 480 2132 502; x_wconf 89' lang='lat'><strong>,</strong></span> <span class='ocrx_word' id='word_1_581' title='bbox 2173 450 2330 508; x_wconf 82' lang='lat' dir='ltr'><strong>quam</strong></span> <span class='ocrx_word' id='word_1_582' title='bbox 2359 450 2592 492; x_wconf 85' lang='lat' dir='ltr'><strong>sensum.</strong></span> <span class='ocrx_word' id='word_1_583' title='bbox 2616 435 2744 496; x_wconf 82' lang='lat' dir='ltr'><strong>Nam</strong></span> <span class='ocrx_word' id='word_1_584' title='bbox 2773 435 3012 508; x_wconf 84' lang='lat' dir='ltr'><strong>quamvis</strong></span> <span class='ocrx_word' id='word_1_585' title='bbox 3037 435 3366 508; x_wconf 79' lang='lat' dir='ltr'><strong>diversorum</strong></span> <span class='ocrx_word' id='word_1_586' title='bbox 3393 442 3468 492; x_wconf 85' lang='lat' dir='ltr'><strong>si-</strong></span> 
     </span>
    </p>
   </div>
   <div class='ocr_carea' id='block_1_81' title="bbox 1900 507 3470 576">
    <p class='ocr_par' dir='ltr' id='par_1_81' title="bbox 1900 507 3470 576">
     <span class='ocr_line' id='line_1_82' title="bbox 1900 507 3470 576; baseline -0.003 -10"><span class='ocrx_word' id='word_1_587' title='bbox 1900 507 2251 566; x_wconf 87' lang='lat' dir='ltr'><strong>militudinem</strong></span> <span class='ocrx_word' id='word_1_588' title='bbox 2280 508 2586 562; x_wconf 88' lang='lat' dir='ltr'><strong>animalium</strong></span> <span class='ocrx_word' id='word_1_589' title='bbox 2612 508 2910 576; x_wconf 80' lang='lat' dir='ltr'><strong>exprimere</strong></span> <span class='ocrx_word' id='word_1_590' title='bbox 2933 507 2999 560; x_wconf 85' lang='lat' dir='ltr'><strong>in</strong></span> <span class='ocrx_word' id='word_1_591' title='bbox 3022 521 3093 576; x_wconf 86' lang='lat' dir='ltr'><strong>se</strong></span> <span class='ocrx_word' id='word_1_592' title='bbox 3119 507 3316 571; x_wconf 83' lang='lat' dir='ltr'><strong>velint;</strong></span> <span class='ocrx_word' id='word_1_593' title='bbox 3348 523 3470 562; x_wconf 91' lang='lat' dir='ltr'><strong>cer-</strong></span> 
     </span>
    </p>
   </div>
   <div class='ocr_carea' id='block_1_82' title="bbox 1903 575 3470 646">
    <p class='ocr_par' dir='ltr' id='par_1_82' title="bbox 1903 575 3470 646">
     <span class='ocr_line' id='line_1_83' title="bbox 1903 575 3470 646; baseline -0.002 -12"><span class='ocrx_word' id='word_1_594' title='bbox 1903 591 2012 634; x_wconf 91' lang='lat' dir='ltr'><strong>tum</strong></span> <span class='ocrx_word' id='word_1_595' title='bbox 2043 589 2124 634; x_wconf 89' lang='lat' dir='ltr'><strong>est</strong></span> <span class='ocrx_word' id='word_1_596' title='bbox 2149 589 2346 644; x_wconf 86' lang='lat' dir='ltr'><strong>tamen,</strong></span> <span class='ocrx_word' id='word_1_597' title='bbox 2371 580 2422 632; x_wconf 92' lang='lat' dir='ltr'><strong>in</strong></span> <span class='ocrx_word' id='word_1_598' title='bbox 2451 579 2532 631; x_wconf 89' lang='lat' dir='ltr'><strong>his</strong></span> <span class='ocrx_word' id='word_1_599' title='bbox 2561 575 2726 644; x_wconf 79' lang='lat' dir='ltr'><strong>magis</strong></span> <span class='ocrx_word' id='word_1_600' title='bbox 2749 591 2846 630; x_wconf 91' lang='lat' dir='ltr'><strong>cor</strong></span> <span class='ocrx_word' id='word_1_601' title='bbox 2871 575 3126 643; x_wconf 89' lang='lat' dir='ltr'><strong>pecudum</strong></span> <span class='ocrx_word' id='word_1_602' title='bbox 3156 591 3470 646; x_wconf 85' lang='lat' dir='ltr'><strong>esse,quam</strong></span> 
     </span>
    </p>
   </div>
   <div class='ocr_carea' id='block_1_83' title="bbox 1901 647 3472 715">
    <p class='ocr_par' dir='ltr' id='par_1_83' title="bbox 1901 647 3472 715">
     <span class='ocr_line' id='line_1_84' title="bbox 1901 647 3472 715; baseline -0.002 -11"><span class='ocrx_word' id='word_1_603' title='bbox 1901 651 2144 704; x_wconf 82' lang='lat' dir='ltr'><strong>formam.</strong></span> <span class='ocrx_word' id='word_1_604' title='bbox 2167 647 2412 703; x_wconf 79' lang='lat' dir='ltr'><strong>Jamvero</strong></span> <span class='ocrx_word' id='word_1_605' title='bbox 2437 647 2564 700; x_wconf 91' lang='lat' dir='ltr'><strong>illud</strong></span> <span class='ocrx_word' id='word_1_606' title='bbox 2592 647 2744 714; x_wconf 90' lang='lat' dir='ltr'><strong>quale</strong></span> <span class='ocrx_word' id='word_1_607' title='bbox 2769 655 2821 700; x_wconf 90' lang='lat' dir='ltr'><strong>et</strong></span> <span class='ocrx_word' id='word_1_608' title='bbox 2849 661 3004 714; x_wconf 89' lang='lat' dir='ltr'><strong>quam</strong></span> <span class='ocrx_word' id='word_1_609' title='bbox 3032 654 3182 713; x_wconf 90' lang='lat' dir='ltr'><strong>turpe</strong></span> <span class='ocrx_word' id='word_1_610' title='bbox 3207 655 3306 708; x_wconf 90' lang='lat' dir='ltr'><strong>est,</strong></span> <span class='ocrx_word' id='word_1_611' title='bbox 3331 647 3472 715; x_wconf 88' lang='lat' dir='ltr'><strong>quod</strong></span> 
     </span>
    </p>
   </div>
   <div class='ocr_carea' id='block_1_84' title="bbox 1900 716 3474 784">
    <p class='ocr_par' dir='ltr' id='par_1_84' title="bbox 1900 716 3474 784">
     <span class='ocr_line' id='line_1_85' title="bbox 1900 716 3474 784; baseline -0.003 -10"><span class='ocrx_word' id='word_1_612' title='bbox 1900 719 2000 774; x_wconf 88' lang='lat' dir='ltr'><strong>viri</strong></span> <span class='ocrx_word' id='word_1_613' title='bbox 2047 720 2176 782; x_wconf 86' lang='lat' dir='ltr'><strong>nati,</strong></span> <span class='ocrx_word' id='word_1_614' title='bbox 2211 717 2400 772; x_wconf 90' lang='lat' dir='ltr'><strong>tunicis</strong></span> <span class='ocrx_word' id='word_1_615' title='bbox 2441 717 2787 770; x_wconf 86' lang='lat' dir='ltr'><strong>muliebribus</strong></span> <span class='ocrx_word' id='word_1_616' title='bbox 2825 716 3140 780; x_wconf 88' lang='lat' dir='ltr'><strong>vestiuntur,</strong></span> <span class='ocrx_word' id='word_1_617' title='bbox 3179 723 3234 768; x_wconf 90' lang='lat' dir='ltr'><strong>et</strong></span> <span class='ocrx_word' id='word_1_618' title='bbox 3279 717 3474 784; x_wconf 85' lang='lat' dir='ltr'><strong>turpis-</strong></span> 
     </span>
    </p>
   </div>
   <div class='ocr_carea' id='block_1_85' title="bbox 1902 784 3474 854">
    <p class='ocr_par' dir='ltr' id='par_1_85' title="bbox 1902 784 3474 854">
     <span class='ocr_line' id='line_1_86' title="bbox 1902 784 3474 854; baseline -0.004 -10"><span class='ocrx_word' id='word_1_619' title='bbox 1902 789 2036 844; x_wconf 87' lang='lat' dir='ltr'><strong>sima</strong></span> <span class='ocrx_word' id='word_1_620' title='bbox 2061 789 2271 842; x_wconf 90' lang='lat' dir='ltr'><strong>demum</strong></span> <span class='ocrx_word' id='word_1_621' title='bbox 2293 787 2648 840; x_wconf 88' lang='lat' dir='ltr'><strong>demutatione</strong></span> <span class='ocrx_word' id='word_1_622' title='bbox 2670 785 2989 854; x_wconf 85' lang='lat' dir='ltr'><strong>puellaribus</strong></span> <span class='ocrx_word' id='word_1_623' title='bbox 3007 784 3193 854; x_wconf 80' lang='lat' dir='ltr'><strong>figuris</strong></span> <span class='ocrx_word' id='word_1_624' title='bbox 3217 785 3474 854; x_wconf 89' lang='lat' dir='ltr'><strong>virilero-</strong></span> 
     </span>
    </p>
   </div>
   <div class='ocr_carea' id='block_1_86' title="bbox 1905 853 3474 922">
    <p class='ocr_par' dir='ltr' id='par_1_86' title="bbox 1905 853 3474 922">
     <span class='ocr_line' id='line_1_87' title="bbox 1905 853 3474 922; baseline -0.001 -11"><span class='ocrx_word' id='word_1_625' title='bbox 1905 859 2002 912; x_wconf 93' lang='lat' dir='ltr'><strong>bur</strong></span> <span class='ocrx_word' id='word_1_626' title='bbox 2022 857 2347 922; x_wconf 75' lang='lat' dir='ltr'><strong>effeminant,</strong></span> <span class='ocrx_word' id='word_1_627' title='bbox 2372 871 2478 909; x_wconf 90' lang='lat' dir='ltr'><strong>non</strong></span> <span class='ocrx_word' id='word_1_628' title='bbox 2509 853 2880 909; x_wconf 85' lang='lat' dir='ltr'><strong>erubescentes</strong></span> <span class='ocrx_word' id='word_1_629' title='bbox 2907 853 3097 908; x_wconf 90' lang='lat' dir='ltr'><strong>tunicis</strong></span> <span class='ocrx_word' id='word_1_630' title='bbox 3123 853 3474 909; x_wconf 78' lang='lat' dir='ltr'><strong>muliebribus</strong></span> 
     </span>
    </p>
   </div>
   <div class='ocr_carea' id='block_1_87' title="bbox 1905 923 3472 991">
    <p class='ocr_par' dir='ltr' id='par_1_87' title="bbox 1905 923 3472 991">
     <span class='ocr_line' id='line_1_88' title="bbox 1905 923 3472 991; baseline -0.003 -11"><span class='ocrx_word' id='word_1_631' title='bbox 1905 927 2140 981; x_wconf 86' lang='lat' dir='ltr'><strong>inserere</strong></span> <span class='ocrx_word' id='word_1_632' title='bbox 2159 927 2416 980; x_wconf 89' lang='lat' dir='ltr'><strong>militares</strong></span> <span class='ocrx_word' id='word_1_633' title='bbox 2433 924 2659 978; x_wconf 89' lang='lat' dir='ltr'><strong>lacertos</strong></span> <span class='ocrx_word' id='word_1_634' title='bbox 2679 941 2694 978; x_wconf 87' lang='lat'><strong>:</strong></span> <span class='ocrx_word' id='word_1_635' title='bbox 2713 923 2960 978; x_wconf 84' lang='lat' dir='ltr'><strong>barbatas</strong></span> <span class='ocrx_word' id='word_1_636' title='bbox 2981 923 3141 976; x_wconf 84' lang='lat' dir='ltr'><strong>facies</strong></span> <span class='ocrx_word' id='word_1_637' title='bbox 3165 923 3472 991; x_wconf 69' lang='lat' dir='ltr'><strong>praaferunt,</strong></span> 
     </span>
    </p>
   </div>
   <div class='ocr_carea' id='block_1_88' title="bbox 1903 991 3472 1062">
    <p class='ocr_par' dir='ltr' id='par_1_88' title="bbox 1903 991 3472 1062">
     <span class='ocr_line' id='line_1_89' title="bbox 1903 991 3472 1062; baseline -0.003 -12"><span class='ocrx_word' id='word_1_638' title='bbox 1903 1005 1960 1050; x_wconf 88' lang='lat' dir='ltr'><strong>et</strong></span> <span class='ocrx_word' id='word_1_639' title='bbox 1983 995 2148 1050; x_wconf 89' lang='lat' dir='ltr'><strong>videri</strong></span> <span class='ocrx_word' id='word_1_640' title='bbox 2178 995 2386 1050; x_wconf 68' lang='lat' dir='ltr'><strong>feminae</strong></span> <span class='ocrx_word' id='word_1_641' title='bbox 2413 995 2616 1049; x_wconf 88' lang='lat' dir='ltr'><strong>volunt.</strong></span> <span class='ocrx_word' id='word_1_642' title='bbox 2637 993 2708 1048; x_wconf 88' lang='lat' dir='ltr'><strong>Et</strong></span> <span class='ocrx_word' id='word_1_643' title='bbox 2733 993 2924 1062; x_wconf 87' lang='lat' dir='ltr'><strong>merito</strong></span> <span class='ocrx_word' id='word_1_644' title='bbox 2954 993 3154 1046; x_wconf 83' lang='lat' dir='ltr'><strong>virilem</strong></span> <span class='ocrx_word' id='word_1_645' title='bbox 3180 994 3292 1062; x_wconf 89' lang='lat' dir='ltr'><strong>jam</strong></span> <span class='ocrx_word' id='word_1_646' title='bbox 3317 991 3472 1046; x_wconf 80' lang='lat' dir='ltr'><strong>forti-</strong></span> 
     </span>
    </p>
   </div>
   <div class='ocr_carea' id='block_1_89' title="bbox 1907 1061 3475 1144">
    <p class='ocr_par' dir='ltr' id='par_1_89' title="bbox 1907 1061 3475 1144">
     <span class='ocr_line' id='line_1_90' title="bbox 1907 1061 3475 1144; baseline -0.003 -26"><span class='ocrx_word' id='word_1_647' title='bbox 1907 1065 2140 1144; x_wconf 71' lang='lat' dir='ltr'><strong>tudinem</strong></span> <span class='ocrx_word' id='word_1_648' title='bbox 2168 1079 2272 1118; x_wconf 92' lang='lat' dir='ltr'><strong>non</strong></span> <span class='ocrx_word' id='word_1_649' title='bbox 2303 1063 2518 1144; x_wconf 63' lang='lat' dir='ltr'><strong>habent,</strong></span> <span class='ocrx_word' id='word_1_650' title='bbox 2538 1061 2966 1144; x_wconf 43' lang='lat' dir='ltr'><strong>quinin.mulie_ris</strong></span> <span class='ocrx_word' id='word_1_651' title='bbox 2987 1061 3220 1144; x_wconf 84' lang='lat' dir='ltr'><strong>habitum</strong></span> <span class='ocrx_word' id='word_1_652' title='bbox 3234 1062 3475 1144; x_wconf 56' lang='lat' dir='ltr'><strong>transie-</strong></span> 
     </span>
    </p>
   </div>
   <div class='ocr_carea' id='block_1_90' title="bbox 1905 1131 3472 1202">
    <p class='ocr_par' dir='ltr' id='par_1_90' title="bbox 1905 1131 3472 1202">
     <span class='ocr_line' id='line_1_91' title="bbox 1905 1131 3472 1202; baseline -0.003 -12"><span class='ocrx_word' id='word_1_653' title='bbox 1905 1144 2049 1190; x_wconf 90' lang='lat' dir='ltr'><strong>runt.</strong></span> <span class='ocrx_word' id='word_1_654' title='bbox 2069 1134 2222 1190; x_wconf 79' lang='lat' dir='ltr'><strong>Justo</strong></span> <span class='ocrx_word' id='word_1_655' title='bbox 2245 1134 2386 1189; x_wconf 89' lang='lat' dir='ltr'><strong>enim</strong></span> <span class='ocrx_word' id='word_1_656' title='bbox 2409 1131 2606 1202; x_wconf 84' lang='lat' dir='ltr'><strong>judicio</strong></span> <span class='ocrx_word' id='word_1_657' title='bbox 2631 1132 2724 1186; x_wconf 90' lang='lat' dir='ltr'><strong>Dei</strong></span> <span class='ocrx_word' id='word_1_658' title='bbox 2747 1132 2992 1185; x_wconf 85' lang='lat' dir='ltr'><strong>evenisse</strong></span> <span class='ocrx_word' id='word_1_659' title='bbox 3007 1131 3340 1202; x_wconf 77' lang='lat' dir='ltr'><strong>credendum</strong></span> <span class='ocrx_word' id='word_1_660' title='bbox 3365 1140 3472 1194; x_wconf 87' lang='lat' dir='ltr'><strong>est.</strong></span> 
     </span>
    </p>
   </div>
   <div class='ocr_carea' id='block_1_91' title="bbox 1907 1200 3475 1271">
    <p class='ocr_par' dir='ltr' id='par_1_91' title="bbox 1907 1200 3475 1271">
     <span class='ocr_line' id='line_1_92' title="bbox 1907 1200 3475 1271; baseline -0.002 -12"><span class='ocrx_word' id='word_1_661' title='bbox 1907 1214 1964 1260; x_wconf 90' lang='lat' dir='ltr'><strong>ut</strong></span> <span class='ocrx_word' id='word_1_662' title='bbox 1993 1205 2274 1258; x_wconf 88' lang='lat' dir='ltr'><strong>militarem</strong></span> <span class='ocrx_word' id='word_1_663' title='bbox 2297 1200 2543 1257; x_wconf 81' lang='lat' dir='ltr'><strong>virtutem</strong></span> <span class='ocrx_word' id='word_1_664' title='bbox 2571 1202 2898 1267; x_wconf 86' lang='lat' dir='ltr'><strong>amitterent,</strong></span> <span class='ocrx_word' id='word_1_665' title='bbox 2932 1200 3022 1271; x_wconf 91' lang='lat' dir='ltr'><strong>qui</strong></span> <span class='ocrx_word' id='word_1_666' title='bbox 3061 1201 3372 1255; x_wconf 85' lang='lat' dir='ltr'><strong>feminarum</strong></span> <span class='ocrx_word' id='word_1_667' title='bbox 3413 1215 3475 1256; x_wconf 85' lang='lat' dir='ltr'><strong>se</strong></span> 
     </span>
    </p>
   </div>
   <div class='ocr_carea' id='block_1_92' title="bbox 1908 1273 2509 1344">
    <p class='ocr_par' dir='ltr' id='par_1_92' title="bbox 1908 1273 2509 1344">
     <span class='ocr_line' id='line_1_93' title="bbox 1908 1273 2509 1344; baseline -0.005 -16"><span class='ocrx_word' id='word_1_668' title='bbox 1908 1273 2509 1344; x_wconf 17' lang='lat' dir='ltr'><strong>specieideformassent.</strong></span> 
     </span>
    </p>
   </div>
   <div class='ocr_carea' id='block_1_93' title="bbox 1977 1340 3470 1412">
    <p class='ocr_par' dir='ltr' id='par_1_93' title="bbox 1977 1340 3470 1412">
     <span class='ocr_line' id='line_1_94' title="bbox 1977 1340 3470 1412; baseline -0.005 -13"><span class='ocrx_word' id='word_1_669' title='bbox 1977 1345 2030 1399; x_wconf 77' lang='grc'><strong>5.</strong></span> <span class='ocrx_word' id='word_1_670' title='bbox 2063 1342 2455 1412; x_wconf 76' lang='lat' dir='ltr'><strong>Superstitiones</strong></span> <span class='ocrx_word' id='word_1_671' title='bbox 2469 1341 2604 1412; x_wconf 10' lang='lat' dir='ltr'><strong>atrior.</strong></span> <span class='ocrx_word' id='word_1_672' title='bbox 2630 1340 2843 1396; x_wconf 68' lang='lat' dir='ltr'><strong>Strenw.</strong></span> <span class='ocrx_word' id='word_1_673' title='bbox 2872 1340 2940 1396; x_wconf 87' lang='lat' dir='ltr'><strong>Et</strong></span> <span class='ocrx_word' id='word_1_674' title='bbox 2975 1341 3098 1411; x_wconf 86' lang='lat' dir='ltr'><strong>quia</strong></span> <span class='ocrx_word' id='word_1_675' title='bbox 3121 1343 3262 1396; x_wconf 88' lang='lat' dir='ltr'><strong>Deus</strong></span> <span class='ocrx_word' id='word_1_676' title='bbox 3284 1341 3470 1412; x_wconf 11' lang='lat' dir='ltr'><strong>placa,-</strong></span> 
     </span>
    </p>
   </div>
   <div class='ocr_carea' id='block_1_94' title="bbox 1909 1410 3470 1480">
    <p class='ocr_par' dir='ltr' id='par_1_94' title="bbox 1909 1410 3470 1480">
     <span class='ocr_line' id='line_1_95' title="bbox 1909 1410 3470 1480; baseline -0.002 -13"><span class='ocrx_word' id='word_1_677' title='bbox 1909 1421 1994 1467; x_wconf 89' lang='lat' dir='ltr'><strong>tus</strong></span> <span class='ocrx_word' id='word_1_678' title='bbox 2020 1410 2169 1466; x_wconf 83' lang='lat' dir='ltr'><strong>vobis</strong></span> <span class='ocrx_word' id='word_1_679' title='bbox 2195 1413 2452 1480; x_wconf 86' lang='lat' dir='ltr'><strong>inspirare</strong></span> <span class='ocrx_word' id='word_1_680' title='bbox 2479 1411 2724 1480; x_wconf 83' lang='lat' dir='ltr'><strong>dignatus</strong></span> <span class='ocrx_word' id='word_1_681' title='bbox 2752 1419 2852 1474; x_wconf 89' lang='lat' dir='ltr'><strong>est,</strong></span> <span class='ocrx_word' id='word_1_682' title='bbox 2884 1419 2946 1480; x_wconf 89' lang='lat' dir='ltr'><strong>ut</strong></span> <span class='ocrx_word' id='word_1_683' title='bbox 2999 1410 3096 1480; x_wconf 80' lang='lat' dir='ltr'><strong>pro</strong></span> <span class='ocrx_word' id='word_1_684' title='bbox 3121 1427 3304 1464; x_wconf 88' lang='lat' dir='ltr'><strong>amore</strong></span> <span class='ocrx_word' id='word_1_685' title='bbox 3328 1410 3470 1474; x_wconf 87' lang='lat' dir='ltr'><strong>fidei,</strong></span> 
     </span>
    </p>
   </div>
   <div class='ocr_carea' id='block_1_95' title="bbox 1911 1479 3480 1537">
    <p class='ocr_par' dir='ltr' id='par_1_95' title="bbox 1911 1479 3480 1537">
     <span class='ocr_line' id='line_1_96' title="bbox 1911 1479 3480 1537; baseline -0.002 -1"><span class='ocrx_word' id='word_1_686' title='bbox 1911 1483 2010 1537; x_wconf 84' lang='lat' dir='ltr'><strong>ista</strong></span> <span class='ocrx_word' id='word_1_687' title='bbox 2065 1479 2382 1536; x_wconf 83' lang='lat' dir='ltr'><strong>miserabilis</strong></span> <span class='ocrx_word' id='word_1_688' title='bbox 2419 1479 2745 1535; x_wconf 88' lang='lat' dir='ltr'><strong>consuetudo</strong></span> <span class='ocrx_word' id='word_1_689' title='bbox 2772 1480 2840 1534; x_wconf 89' lang='lat' dir='ltr'><strong>de</strong></span> <span class='ocrx_word' id='word_1_690' title='bbox 2882 1479 2980 1533; x_wconf 88' lang='lat' dir='ltr'><strong>hac</strong></span> <span class='ocrx_word' id='word_1_691' title='bbox 3005 1479 3228 1534; x_wconf 88' lang='lat' dir='ltr'><strong>civitate</strong></span> <span class='ocrx_word' id='word_1_692' title='bbox 3262 1480 3314 1532; x_wconf 90' lang='lat' dir='ltr'><strong>in</strong></span> <span class='ocrx_word' id='word_1_693' title='bbox 3345 1479 3480 1533; x_wconf 82' lang='lat' dir='ltr'><strong>inte-</strong></span> 
     </span>
    </p>
   </div>
   <div class='ocr_carea' id='block_1_96' title="bbox 1947 1548 3476 1618">
    <p class='ocr_par' dir='ltr' id='par_1_96' title="bbox 1947 1548 3476 1618">
     <span class='ocr_line' id='line_1_97' title="bbox 1947 1548 3476 1618; baseline -0.003 -13"><span class='ocrx_word' id='word_1_694' title='bbox 1947 1566 2058 1605; x_wconf 91' lang='lat' dir='ltr'><strong>rum</strong></span> <span class='ocrx_word' id='word_1_695' title='bbox 2089 1551 2398 1615; x_wconf 88' lang='lat' dir='ltr'><strong>tolleretur;</strong></span> <span class='ocrx_word' id='word_1_696' title='bbox 2430 1564 2560 1618; x_wconf 79' lang='lat' dir='ltr'><strong>rogo</strong></span> <span class='ocrx_word' id='word_1_697' title='bbox 2585 1565 2700 1614; x_wconf 87' lang='lat' dir='ltr'><strong>vos,</strong></span> <span class='ocrx_word' id='word_1_698' title='bbox 2731 1548 2923 1603; x_wconf 89' lang='lat' dir='ltr'><strong>fratres</strong></span> <span class='ocrx_word' id='word_1_699' title='bbox 2948 1549 3266 1612; x_wconf 85' lang='lat' dir='ltr'><strong>charissimi,</strong></span> <span class='ocrx_word' id='word_1_700' title='bbox 3299 1559 3354 1602; x_wconf 91' lang='lat' dir='ltr'><strong>ut</strong></span> <span class='ocrx_word' id='word_1_701' title='bbox 3381 1562 3476 1601; x_wconf 88' lang='lat' dir='ltr'><strong>vo-</strong></span> 
     </span>
    </p>
   </div>
   <div class='ocr_carea' id='block_1_97' title="bbox 1909 1567 3478 1688">
    <p class='ocr_par' dir='ltr' id='par_1_97' title="bbox 1909 1567 3478 1688">
     <span class='ocr_line' id='line_1_98' title="bbox 1947 1567 3476 1618; baseline -0.003 -13"><span class='ocrx_word' id='word_1_702' title='bbox 1947 1567 2058 1605; x_wconf 90' lang='lat' dir='ltr'><strong>rum</strong></span> <span class='ocrx_word' id='word_1_703' title='bbox 2089 1567 2398 1615; x_wconf 78' lang='lat' dir='ltr'><strong>teneretur;</strong></span> <span class='ocrx_word' id='word_1_704' title='bbox 2430 1567 2560 1618; x_wconf 78' lang='lat' dir='ltr'><strong>rogo</strong></span> <span class='ocrx_word' id='word_1_705' title='bbox 2585 1567 2700 1614; x_wconf 85' lang='lat' dir='ltr'><strong>vos,</strong></span> <span class='ocrx_word' id='word_1_706' title='bbox 2731 1567 2923 1603; x_wconf 79' lang='lat' dir='ltr'><strong>iratrcs</strong></span> <span class='ocrx_word' id='word_1_707' title='bbox 2948 1567 3266 1612; x_wconf 76' lang='lat' dir='ltr'><strong>cnarlSSIml,</strong></span> <span class='ocrx_word' id='word_1_708' title='bbox 3299 1567 3354 1602; x_wconf 81' lang='lat' dir='ltr'><strong>ut</strong></span> <span class='ocrx_word' id='word_1_709' title='bbox 3381 1567 3476 1601; x_wconf 91' lang='lat' dir='ltr'><strong>vo-</strong></span> 
     </span>
     <span class='ocr_line' id='line_1_99' title="bbox 1909 1567 3478 1688; baseline -0.003 -13"><span class='ocrx_word' id='word_1_710' title='bbox 1909 1567 1992 1676; x_wconf 62' lang='lat' dir='ltr'><strong>Eis</strong></span> <span class='ocrx_word' id='word_1_711' title='bbox 2021 1636 2126 1674; x_wconf 91' lang='lat' dir='ltr'><strong>non</strong></span> <span class='ocrx_word' id='word_1_712' title='bbox 2153 1620 2384 1674; x_wconf 88' lang='lat' dir='ltr'><strong>sufficiat</strong></span> <span class='ocrx_word' id='word_1_713' title='bbox 2409 1619 2552 1688; x_wconf 91' lang='lat' dir='ltr'><strong>quod</strong></span> <span class='ocrx_word' id='word_1_714' title='bbox 2579 1619 2676 1687; x_wconf 89' lang='lat' dir='ltr'><strong>ipsi</strong></span> <span class='ocrx_word' id='word_1_715' title='bbox 2707 1619 2810 1673; x_wconf 90' lang='lat' dir='ltr'><strong>hoc</strong></span> <span class='ocrx_word' id='word_1_716' title='bbox 2835 1620 3052 1684; x_wconf 85' lang='lat' dir='ltr'><strong>malum,</strong></span> <span class='ocrx_word' id='word_1_717' title='bbox 3083 1620 3194 1688; x_wconf 86' lang='lat' dir='ltr'><strong>Deo</strong></span> <span class='ocrx_word' id='word_1_718' title='bbox 3223 1619 3478 1683; x_wconf 85' lang='lat' dir='ltr'><strong>donante,</strong></span> 
     </span>
    </p>
   </div>
   <div class='ocr_carea' id='block_1_98' title="bbox 1912 1687 3482 1756">
    <p class='ocr_par' dir='ltr' id='par_1_98' title="bbox 1912 1687 3482 1756">
     <span class='ocr_line' id='line_1_100' title="bbox 1912 1687 3482 1756; baseline -0.003 -12"><span class='ocrx_word' id='word_1_719' title='bbox 1912 1705 2015 1744; x_wconf 91' lang='lat' dir='ltr'><strong>non</strong></span> <span class='ocrx_word' id='word_1_720' title='bbox 2044 1689 2214 1742; x_wconf 83' lang='lat' dir='ltr'><strong>facitis</strong></span> <span class='ocrx_word' id='word_1_721' title='bbox 2243 1706 2256 1741; x_wconf 90' lang='lat'><strong>:</strong></span> <span class='ocrx_word' id='word_1_722' title='bbox 2290 1690 2384 1742; x_wconf 89' lang='lat' dir='ltr'><strong>sed</strong></span> <span class='ocrx_word' id='word_1_723' title='bbox 2431 1687 2752 1756; x_wconf 88' lang='lat' dir='ltr'><strong>ubicumque</strong></span> <span class='ocrx_word' id='word_1_724' title='bbox 2795 1689 2917 1741; x_wconf 87' lang='lat' dir='ltr'><strong>alibi</strong></span> <span class='ocrx_word' id='word_1_725' title='bbox 2968 1688 3080 1741; x_wconf 83' lang='lat' dir='ltr'><strong>fieri</strong></span> <span class='ocrx_word' id='word_1_726' title='bbox 3107 1687 3362 1752; x_wconf 84' lang='lat' dir='ltr'><strong>videritis,</strong></span> <span class='ocrx_word' id='word_1_727' title='bbox 3392 1701 3482 1756; x_wconf 88' lang='lat' dir='ltr'><strong>ar-</strong></span> 
     </span>
    </p>
   </div>
   <div class='ocr_carea' id='block_1_99' title="bbox 1910 1755 3484 1842">
    <p class='ocr_par' dir='ltr' id='par_1_99' title="bbox 1910 1755 3484 1842">
     <span class='ocr_line' id='line_1_101' title="bbox 1910 1755 3484 1842; baseline 0 0"><span class='ocrx_word' id='word_1_728' title='bbox 1910 1760 2074 1842; x_wconf 63' lang='grc' dir='ltr'><strong>βιξίιθν</strong></span> <span class='ocrx_word' id='word_1_729' title='bbox 2096 1760 2368 1842; x_wconf 57' lang='lat' dir='ltr'><strong>castigas</strong></span> <span class='ocrx_word' id='word_1_730' title='bbox 2398 1755 2746 1842; x_wconf 46' lang='lat' dir='ltr'><strong>corripite?!</strong></span> <span class='ocrx_word' id='word_1_731' title='bbox 2763 1767 2937 1842; x_wconf 53' lang='lat' dir='ltr'><strong>tear?</strong></span> <span class='ocrx_word' id='word_1_732' title='bbox 2959 1757 3154 1842; x_wconf 64' lang='grc' dir='ltr'><strong>ξαιιξιπί</strong></span> <span class='ocrx_word' id='word_1_733' title='bbox 3171 1758 3395 1842; x_wconf 57' lang='lat' dir='ltr'><strong>consili?</strong></span> <span class='ocrx_word' id='word_1_734' title='bbox 3409 1755 3484 1842; x_wconf 54' lang='grc' dir='ltr'><strong>,αθ</strong></span> 
     </span>
    </p>
   </div>
   <div class='ocr_carea' id='block_1_100' title="bbox 1913 1825 3480 1896">
    <p class='ocr_par' dir='ltr' id='par_1_100' title="bbox 1913 1825 3480 1896">
     <span class='ocr_line' id='line_1_102' title="bbox 1913 1825 3480 1896; baseline -0.003 -13"><span class='ocrx_word' id='word_1_735' title='bbox 1913 1825 2016 1884; x_wconf 77' lang='lat' dir='ltr'><strong>isto</strong></span> <span class='ocrx_word' id='word_1_736' title='bbox 2067 1825 2351 1882; x_wconf 76' lang='lat' dir='ltr'><strong>miserabili</strong></span> <span class='ocrx_word' id='word_1_737' title='bbox 2402 1825 2677 1896; x_wconf 78' lang='lat' dir='ltr'><strong>sacrilegio</strong></span> <span class='ocrx_word' id='word_1_738' title='bbox 2705 1825 2894 1880; x_wconf 90' lang='lat' dir='ltr'><strong>stultos</strong></span> <span class='ocrx_word' id='word_1_739' title='bbox 2923 1826 3480 1896; x_wconf 78' lang='lat' dir='ltr'><strong>honiinesreniovete.</strong></span> 
     </span>
    </p>
   </div>
   <div class='ocr_carea' id='block_1_101' title="bbox 1915 1893 3483 1964">
    <p class='ocr_par' dir='ltr' id='par_1_101' title="bbox 1915 1893 3483 1964">
     <span class='ocr_line' id='line_1_103' title="bbox 1915 1893 3483 1964; baseline -0.005 -12"><span class='ocrx_word' id='word_1_740' title='bbox 1915 1899 1983 1952; x_wconf 88' lang='lat' dir='ltr'><strong>Et</strong></span> <span class='ocrx_word' id='word_1_741' title='bbox 2003 1905 2058 1952; x_wconf 90' lang='lat' dir='ltr'><strong>ut</strong></span> <span class='ocrx_word' id='word_1_742' title='bbox 2081 1897 2148 1952; x_wconf 88' lang='lat' dir='ltr'><strong>ad</strong></span> <span class='ocrx_word' id='word_1_743' title='bbox 2193 1898 2453 1964; x_wconf 74' lang='lat' dir='ltr'><strong>integrum</strong></span> <span class='ocrx_word' id='word_1_744' title='bbox 2497 1893 2827 1949; x_wconf 35' lang='lat' dir='ltr'><strong>vos‘divinte</strong></span> <span class='ocrx_word' id='word_1_745' title='bbox 2873 1893 3254 1964; x_wconf 61' lang='lat' dir='ltr'><strong>misericordiae</strong></span> <span class='ocrx_word' id='word_1_746' title='bbox 3293 1909 3483 1964; x_wconf 47' lang='lat' dir='ltr'><strong>cense:</strong></span> 
     </span>
    </p>
   </div>
   <div class='ocr_carea' id='block_1_102' title="bbox 1915 1962 3482 2030">
    <p class='ocr_par' dir='ltr' id='par_1_102' title="bbox 1915 1962 3482 2030">
     <span class='ocr_line' id='line_1_104' title="bbox 1915 1962 3482 2030; baseline -0.004 -8"><span class='ocrx_word' id='word_1_747' title='bbox 1915 1967 2094 2030; x_wconf 86' lang='lat' dir='ltr'><strong>cretis,</strong></span> <span class='ocrx_word' id='word_1_748' title='bbox 2127 1968 2287 2021; x_wconf 89' lang='lat' dir='ltr'><strong>etiam</strong></span> <span class='ocrx_word' id='word_1_749' title='bbox 2309 1962 2446 2018; x_wconf 56' lang='lat' dir='ltr'><strong>&#39;illas</strong></span> <span class='ocrx_word' id='word_1_750' title='bbox 2495 1966 2624 2020; x_wconf 89' lang='lat' dir='ltr'><strong>alias</strong></span> <span class='ocrx_word' id='word_1_751' title='bbox 2667 1962 3088 2026; x_wconf 86' lang='lat' dir='ltr'><strong>observationes,</strong></span> <span class='ocrx_word' id='word_1_752' title='bbox 3117 1964 3260 2019; x_wconf 88' lang='lat' dir='ltr'><strong>velut</strong></span> <span class='ocrx_word' id='word_1_753' title='bbox 3283 1962 3482 2018; x_wconf 88' lang='lat' dir='ltr'><strong>diaboli</strong></span> 
     </span>
    </p>
   </div>
   <div class='ocr_carea' id='block_1_103' title="bbox 1915 2033 3482 2116">
    <p class='ocr_par' dir='ltr' id='par_1_103' title="bbox 1915 2033 3482 2116">
     <span class='ocr_line' id='line_1_105' title="bbox 1915 2033 3482 2116; baseline -0.002 -28"><span class='ocrx_word' id='word_1_754' title='bbox 1915 2050 2117 2116; x_wconf 77' lang='lat' dir='ltr'><strong>venena</strong></span> <span class='ocrx_word' id='word_1_755' title='bbox 2139 2035 2393 2116; x_wconf 75' lang='lat' dir='ltr'><strong>respuite,</strong></span> <span class='ocrx_word' id='word_1_756' title='bbox 2415 2049 2573 2116; x_wconf 71' lang='lat' dir='ltr'><strong>quas,</strong></span> <span class='ocrx_word' id='word_1_757' title='bbox 2601 2033 2739 2104; x_wconf 90' lang='lat' dir='ltr'><strong>quod</strong></span> <span class='ocrx_word' id='word_1_758' title='bbox 2782 2033 2938 2116; x_wconf 55' lang='lat' dir='ltr'><strong>pejus.</strong></span> <span class='ocrx_word' id='word_1_759' title='bbox 2961 2042 3062 2098; x_wconf 85' lang='lat' dir='ltr'><strong>est,</strong></span> <span class='ocrx_word' id='word_1_760' title='bbox 3093 2034 3272 2116; x_wconf 66' lang='lat' dir='ltr'><strong>plures</strong></span> <span class='ocrx_word' id='word_1_761' title='bbox 3297 2034 3350 2116; x_wconf 78' lang='lat' dir='ltr'><strong>in</strong></span> <span class='ocrx_word' id='word_1_762' title='bbox 3382 2046 3482 2112; x_wconf 77' lang='lat' dir='ltr'><strong>po-</strong></span> 
     </span>
    </p>
   </div>
   <div class='ocr_carea' id='block_1_104' title="bbox 1917 2102 3484 2174">
    <p class='ocr_par' dir='ltr' id='par_1_104' title="bbox 1917 2102 3484 2174">
     <span class='ocr_line' id='line_1_106' title="bbox 1917 2102 3484 2174; baseline -0.004 -14"><span class='ocrx_word' id='word_1_763' title='bbox 1917 2107 2042 2174; x_wconf 89' lang='lat' dir='ltr'><strong>pulo</strong></span> <span class='ocrx_word' id='word_1_764' title='bbox 2067 2102 2353 2158; x_wconf 86' lang='lat' dir='ltr'><strong>christiano</strong></span> <span class='ocrx_word' id='word_1_765' title='bbox 2381 2102 2660 2174; x_wconf 73' lang='lat' dir='ltr'><strong>observare</strong></span> <span class='ocrx_word' id='word_1_766' title='bbox 2689 2119 2791 2156; x_wconf 92' lang='lat' dir='ltr'><strong>non</strong></span> <span class='ocrx_word' id='word_1_767' title='bbox 2826 2103 3167 2174; x_wconf 86' lang='lat' dir='ltr'><strong>erubescunt.</strong></span> <span class='ocrx_word' id='word_1_768' title='bbox 3195 2102 3332 2174; x_wconf 74' lang='lat' dir='ltr'><strong>Sunt</strong></span> <span class='ocrx_word' id='word_1_769' title='bbox 3342 2103 3484 2154; x_wconf 90' lang='lat' dir='ltr'><strong>enim</strong></span> 
     </span>
    </p>
   </div>
   <div class='ocr_carea' id='block_1_105' title="bbox 1917 2171 3486 2242">
    <p class='ocr_par' dir='ltr' id='par_1_105' title="bbox 1917 2171 3486 2242">
     <span class='ocr_line' id='line_1_107' title="bbox 1917 2171 3486 2242; baseline -0.003 -14"><span class='ocrx_word' id='word_1_770' title='bbox 1917 2171 2008 2242; x_wconf 78' lang='lat' dir='ltr'><strong>qui</strong></span> <span class='ocrx_word' id='word_1_771' title='bbox 2047 2174 2278 2227; x_wconf 88' lang='lat' dir='ltr'><strong>calendis</strong></span> <span class='ocrx_word' id='word_1_772' title='bbox 2301 2172 2577 2242; x_wconf 79' lang='lat' dir='ltr'><strong>januariis</strong></span> <span class='ocrx_word' id='word_1_773' title='bbox 2607 2174 2822 2242; x_wconf 80' lang='lat' dir='ltr'><strong>auguria</strong></span> <span class='ocrx_word' id='word_1_774' title='bbox 2876 2173 3178 2242; x_wconf 81' lang='lat' dir='ltr'><strong>observant,</strong></span> <span class='ocrx_word' id='word_1_775' title='bbox 3211 2179 3268 2226; x_wconf 89' lang='lat' dir='ltr'><strong>ut</strong></span> <span class='ocrx_word' id='word_1_776' title='bbox 3311 2171 3486 2242; x_wconf 86' lang='lat' dir='ltr'><strong>focum</strong></span> 
     </span>
    </p>
   </div>
   <div class='ocr_carea' id='block_1_106' title="bbox 1917 2193 3489 2310">
    <p class='ocr_par' dir='ltr' id='par_1_106' title="bbox 1917 2193 3489 2310">
     <span class='ocr_line' id='line_1_108' title="bbox 1917 2193 3486 2242; baseline -0.003 -14"><span class='ocrx_word' id='word_1_777' title='bbox 1917 2193 2008 2228; x_wconf 80' lang='lat' dir='ltr'><strong>(Ul</strong></span> <span class='ocrx_word' id='word_1_778' title='bbox 2047 2193 2278 2227; x_wconf 81' lang='lat' dir='ltr'><strong>catenuts</strong></span> <span class='ocrx_word' id='word_1_779' title='bbox 2301 2193 2556 2241; x_wconf 69' lang='lat' dir='ltr'><strong>januarus</strong></span> <span class='ocrx_word' id='word_1_780' title='bbox 2607 2193 2822 2242; x_wconf 76' lang='lat' dir='ltr'><strong>auguria</strong></span> <span class='ocrx_word' id='word_1_781' title='bbox 2876 2193 3178 2232; x_wconf 67' lang='lat' dir='ltr'><strong>OUSCI&#39;VElﬂl.</strong></span> <span class='ocrx_word' id='word_1_782' title='bbox 3211 2193 3268 2226; x_wconf 77' lang='grc' dir='ltr'><strong>ιιι</strong></span> <span class='ocrx_word' id='word_1_783' title='bbox 3311 2193 3486 2226; x_wconf 68' lang='grc'><strong>10611111</strong></span> 
     </span>
     <span class='ocr_line' id='line_1_109' title="bbox 1917 2193 3489 2310; baseline -0.003 -13"><span class='ocrx_word' id='word_1_784' title='bbox 1917 2193 1984 2297; x_wconf 74' lang='lat' dir='ltr'><strong>tle</strong></span> <span class='ocrx_word' id='word_1_785' title='bbox 2001 2243 2162 2296; x_wconf 93' lang='lat' dir='ltr'><strong>domo</strong></span> <span class='ocrx_word' id='word_1_786' title='bbox 2191 2257 2304 2306; x_wconf 88' lang='lat' dir='ltr'><strong>sua,</strong></span> <span class='ocrx_word' id='word_1_787' title='bbox 2333 2241 2416 2296; x_wconf 93' lang='lat' dir='ltr'><strong>vel</strong></span> <span class='ocrx_word' id='word_1_788' title='bbox 2440 2240 2580 2294; x_wconf 90' lang='lat' dir='ltr'><strong>aliud</strong></span> <span class='ocrx_word' id='word_1_789' title='bbox 2610 2242 2978 2310; x_wconf 89' lang='lat' dir='ltr'><strong>quodcumque</strong></span> <span class='ocrx_word' id='word_1_790' title='bbox 3015 2241 3346 2306; x_wconf 87' lang='lat' dir='ltr'><strong>beneficium,</strong></span> <span class='ocrx_word' id='word_1_791' title='bbox 3378 2241 3489 2294; x_wconf 84' lang='lat' dir='ltr'><strong>cui-</strong></span> 
     </span>
    </p>
   </div>
   <div class='ocr_carea' id='block_1_107' title="bbox 1918 2311 3488 2380">
    <p class='ocr_par' dir='ltr' id='par_1_107' title="bbox 1918 2311 3488 2380">
     <span class='ocr_line' id='line_1_110' title="bbox 1918 2311 3488 2380; baseline -0.001 -14"><span class='ocrx_word' id='word_1_792' title='bbox 1918 2327 2146 2380; x_wconf 88' lang='lat' dir='ltr'><strong>cumque</strong></span> <span class='ocrx_word' id='word_1_793' title='bbox 2179 2311 2392 2380; x_wconf 81' lang='lat' dir='ltr'><strong>petenti</strong></span> <span class='ocrx_word' id='word_1_794' title='bbox 2425 2325 2529 2364; x_wconf 89' lang='lat' dir='ltr'><strong>non</strong></span> <span class='ocrx_word' id='word_1_795' title='bbox 2557 2312 2807 2365; x_wconf 88' lang='lat' dir='ltr'><strong>tribuant.</strong></span> <span class='ocrx_word' id='word_1_796' title='bbox 2841 2311 3135 2365; x_wconf 86' lang='lat' dir='ltr'><strong>Diabolicas</strong></span> <span class='ocrx_word' id='word_1_797' title='bbox 3159 2312 3317 2364; x_wconf 90' lang='lat' dir='ltr'><strong>etiam</strong></span> <span class='ocrx_word' id='word_1_798' title='bbox 3348 2319 3488 2364; x_wconf 86' lang='lat' dir='ltr'><strong>stre—</strong></span> 
     </span>
    </p>
   </div>
   <div class='ocr_carea' id='block_1_108' title="bbox 1920 2379 3484 2448">
    <p class='ocr_par' dir='ltr' id='par_1_108' title="bbox 1920 2379 3484 2448">
     <span class='ocr_line' id='line_1_111' title="bbox 1920 2379 3484 2448; baseline -0.002 -13"><span class='ocrx_word' id='word_1_799' title='bbox 1920 2395 2040 2446; x_wconf 86' lang='lat' dir='ltr'><strong>nas,</strong></span> <span class='ocrx_word' id='word_1_800' title='bbox 2063 2379 2119 2434; x_wconf 84' lang='lat' dir='ltr'><strong>et</strong></span> <span class='ocrx_word' id='word_1_801' title='bbox 2143 2379 2210 2434; x_wconf 89' lang='lat' dir='ltr'><strong>ab</strong></span> <span class='ocrx_word' id='word_1_802' title='bbox 2235 2381 2352 2434; x_wconf 88' lang='lat' dir='ltr'><strong>aliis</strong></span> <span class='ocrx_word' id='word_1_803' title='bbox 2381 2379 2663 2447; x_wconf 87' lang='lat' dir='ltr'><strong>accipiunt,</strong></span> <span class='ocrx_word' id='word_1_804' title='bbox 2697 2389 2749 2433; x_wconf 92' lang='lat' dir='ltr'><strong>ct</strong></span> <span class='ocrx_word' id='word_1_805' title='bbox 2785 2381 2881 2446; x_wconf 89' lang='lat' dir='ltr'><strong>ipsi</strong></span> <span class='ocrx_word' id='word_1_806' title='bbox 2905 2380 3022 2434; x_wconf 89' lang='lat' dir='ltr'><strong>aliis</strong></span> <span class='ocrx_word' id='word_1_807' title='bbox 3049 2380 3282 2433; x_wconf 90' lang='lat' dir='ltr'><strong>tradunt.</strong></span> <span class='ocrx_word' id='word_1_808' title='bbox 3306 2380 3484 2448; x_wconf 83' lang='lat' dir='ltr'><strong>Aliqui</strong></span> 
     </span>
    </p>
   </div>
   <div class='ocr_carea' id='block_1_109' title="bbox 1921 2449 3488 2518">
    <p class='ocr_par' dir='ltr' id='par_1_109' title="bbox 1921 2449 3488 2518">
     <span class='ocr_line' id='line_1_112' title="bbox 1921 2449 3488 2518; baseline -0.003 -13"><span class='ocrx_word' id='word_1_809' title='bbox 1921 2453 2080 2506; x_wconf 89' lang='lat' dir='ltr'><strong>etiam</strong></span> <span class='ocrx_word' id='word_1_810' title='bbox 2103 2450 2305 2516; x_wconf 89' lang='lat' dir='ltr'><strong>rustici,</strong></span> <span class='ocrx_word' id='word_1_811' title='bbox 2335 2449 2604 2502; x_wconf 91' lang='lat' dir='ltr'><strong>mensulas</strong></span> <span class='ocrx_word' id='word_1_812' title='bbox 2651 2452 2700 2502; x_wconf 91' lang='lat' dir='ltr'><strong>in</strong></span> <span class='ocrx_word' id='word_1_813' title='bbox 2743 2450 2842 2502; x_wconf 76' lang='lat' dir='ltr'><strong>ista</strong></span> <span class='ocrx_word' id='word_1_814' title='bbox 2873 2457 3024 2502; x_wconf 88' lang='lat' dir='ltr'><strong>nocte</strong></span> <span class='ocrx_word' id='word_1_815' title='bbox 3051 2466 3166 2518; x_wconf 69' lang='lat' dir='ltr'><strong>qua:</strong></span> <span class='ocrx_word' id='word_1_816' title='bbox 3219 2449 3488 2516; x_wconf 57' lang='lat' dir='ltr'><strong>praeteriit,</strong></span> 
     </span>
    </p>
   </div>
   <div class='ocr_carea' id='block_1_110' title="bbox 1923 2518 3490 2588">
    <p class='ocr_par' dir='ltr' id='par_1_110' title="bbox 1923 2518 3490 2588">
     <span class='ocr_line' id='line_1_113' title="bbox 1923 2518 3490 2588; baseline -0.003 -15"><span class='ocrx_word' id='word_1_817' title='bbox 1923 2521 2105 2588; x_wconf 89' lang='lat' dir='ltr'><strong>plenas</strong></span> <span class='ocrx_word' id='word_1_818' title='bbox 2133 2519 2312 2572; x_wconf 88' lang='lat' dir='ltr'><strong>multis</strong></span> <span class='ocrx_word' id='word_1_819' title='bbox 2332 2518 2513 2582; x_wconf 90' lang='lat' dir='ltr'><strong>rebus,</strong></span> <span class='ocrx_word' id='word_1_820' title='bbox 2533 2535 2650 2586; x_wconf 77' lang='lat' dir='ltr'><strong>qum</strong></span> <span class='ocrx_word' id='word_1_821' title='bbox 2695 2519 2761 2571; x_wconf 89' lang='lat' dir='ltr'><strong>ad</strong></span> <span class='ocrx_word' id='word_1_822' title='bbox 2791 2518 3212 2572; x_wconf 77' lang='lat' dir='ltr'><strong>manducandum</strong></span> <span class='ocrx_word' id='word_1_823' title='bbox 3243 2526 3367 2571; x_wconf 91' lang='lat' dir='ltr'><strong>sunt</strong></span> <span class='ocrx_word' id='word_1_824' title='bbox 3393 2533 3490 2570; x_wconf 84' lang='lat' dir='ltr'><strong>ne-</strong></span> 
     </span>
    </p>
   </div>
   <div class='ocr_carea' id='block_1_111' title="bbox 1921 2589 3492 2658">
    <p class='ocr_par' dir='ltr' id='par_1_111' title="bbox 1921 2589 3492 2658">
     <span class='ocr_line' id='line_1_114' title="bbox 1921 2589 3492 2658; baseline -0.003 -14"><span class='ocrx_word' id='word_1_825' title='bbox 1921 2589 2187 2649; x_wconf 77' lang='lat' dir='ltr'><strong>cessariae,</strong></span> <span class='ocrx_word' id='word_1_826' title='bbox 2229 2598 2606 2658; x_wconf 82' lang='lat' dir='ltr'><strong>componentes</strong></span> <span class='ocrx_word' id='word_1_827' title='bbox 2631 2629 2645 2654; x_wconf 94' lang='lat'><strong>,</strong></span> <span class='ocrx_word' id='word_1_828' title='bbox 2688 2595 2808 2658; x_wconf 83' lang='lat' dir='ltr'><strong>tota</strong></span> <span class='ocrx_word' id='word_1_829' title='bbox 2851 2597 3006 2658; x_wconf 89' lang='lat' dir='ltr'><strong>nocte</strong></span> <span class='ocrx_word' id='word_1_830' title='bbox 3049 2589 3125 2642; x_wconf 89' lang='lat' dir='ltr'><strong>sic</strong></span> <span class='ocrx_word' id='word_1_831' title='bbox 3173 2589 3492 2658; x_wconf 85' lang='lat' dir='ltr'><strong>compositas</strong></span> 
     </span>
    </p>
   </div>
   <div class='ocr_carea' id='block_1_112' title="bbox 1921 2657 3494 2726">
    <p class='ocr_par' dir='ltr' id='par_1_112' title="bbox 1921 2657 3494 2726">
     <span class='ocr_line' id='line_1_115' title="bbox 1921 2657 3494 2726; baseline 0 -18"><span class='ocrx_word' id='word_1_832' title='bbox 1921 2673 2042 2713; x_wconf 73' lang='lat' dir='ltr'><strong>esse</strong></span> <span class='ocrx_word' id='word_1_833' title='bbox 2063 2658 2265 2722; x_wconf 88' lang='lat' dir='ltr'><strong>volunt,</strong></span> <span class='ocrx_word' id='word_1_834' title='bbox 2319 2657 2598 2726; x_wconf 86' lang='lat' dir='ltr'><strong>credentes</strong></span> <span class='ocrx_word' id='word_1_835' title='bbox 2626 2657 2764 2726; x_wconf 83' lang='lat' dir='ltr'><strong>quod</strong></span> <span class='ocrx_word' id='word_1_836' title='bbox 2798 2657 2899 2712; x_wconf 91' lang='lat' dir='ltr'><strong>hoc</strong></span> <span class='ocrx_word' id='word_1_837' title='bbox 2925 2657 3026 2710; x_wconf 87' lang='lat' dir='ltr'><strong>illis</strong></span> <span class='ocrx_word' id='word_1_838' title='bbox 3051 2657 3494 2725; x_wconf 54' lang='lat' dir='ltr'><strong>calemlm&#39;janna-</strong></span> 
     </span>
    </p>
   </div>
   <div class='ocr_carea' id='block_1_113' title="bbox 1923 2725 3492 2796">
    <p class='ocr_par' dir='ltr' id='par_1_113' title="bbox 1923 2725 3492 2796">
     <span class='ocr_line' id='line_1_116' title="bbox 1923 2725 3492 2796; baseline -0.002 -15"><span class='ocrx_word' id='word_1_839' title='bbox 1923 2728 2016 2782; x_wconf 82' lang='lat' dir='ltr'><strong>riae</strong></span> <span class='ocrx_word' id='word_1_840' title='bbox 2039 2737 2291 2796; x_wconf 63' lang='lat' dir='ltr'><strong>praestare</strong></span> <span class='ocrx_word' id='word_1_841' title='bbox 2335 2725 2556 2795; x_wconf 84' lang='lat' dir='ltr'><strong>possint,</strong></span> <span class='ocrx_word' id='word_1_842' title='bbox 2586 2725 2654 2780; x_wconf 87' lang='lat' dir='ltr'><strong>ut</strong></span> <span class='ocrx_word' id='word_1_843' title='bbox 2673 2741 2766 2795; x_wconf 89' lang='lat' dir='ltr'><strong>per</strong></span> <span class='ocrx_word' id='word_1_844' title='bbox 2793 2736 2972 2781; x_wconf 69' lang='lat' dir='ltr'><strong>&#39;totum</strong></span> <span class='ocrx_word' id='word_1_845' title='bbox 3014 2741 3208 2780; x_wconf 87' lang='lat' dir='ltr'><strong>annum</strong></span> <span class='ocrx_word' id='word_1_846' title='bbox 3254 2726 3492 2796; x_wconf 80' lang='lat' dir='ltr'><strong>convivia</strong></span> 
     </span>
    </p>
   </div>
   <div class='ocr_carea' id='block_1_114' title="bbox 1925 2795 3494 2865">
    <p class='ocr_par' dir='ltr' id='par_1_114' title="bbox 1925 2795 3494 2865">
     <span class='ocr_line' id='line_1_117' title="bbox 1925 2795 3494 2865; baseline -0.001 -15"><span class='ocrx_word' id='word_1_847' title='bbox 1925 2795 2134 2850; x_wconf 87' lang='lat' dir='ltr'><strong>illorum</strong></span> <span class='ocrx_word' id='word_1_848' title='bbox 2163 2797 2212 2850; x_wconf 93' lang='lat' dir='ltr'><strong>in</strong></span> <span class='ocrx_word' id='word_1_849' title='bbox 2244 2797 2332 2850; x_wconf 87' lang='lat' dir='ltr'><strong>tali</strong></span> <span class='ocrx_word' id='word_1_850' title='bbox 2359 2796 2678 2849; x_wconf 85' lang='lat' dir='ltr'><strong>abundantia</strong></span> <span class='ocrx_word' id='word_1_851' title='bbox 2709 2806 3070 2864; x_wconf 88' lang='lat' dir='ltr'><strong>perseverent.</strong></span> <span class='ocrx_word' id='word_1_852' title='bbox 3095 2797 3162 2850; x_wconf 82' lang='lat' dir='ltr'><strong>Et</strong></span> <span class='ocrx_word' id='word_1_853' title='bbox 3187 2797 3331 2865; x_wconf 87' lang='lat' dir='ltr'><strong>quia,</strong></span> <span class='ocrx_word' id='word_1_854' title='bbox 3355 2795 3494 2849; x_wconf 89' lang='lat' dir='ltr'><strong>sicut</strong></span> 
     </span>
    </p>
   </div>
   <div class='ocr_carea' id='block_1_115' title="bbox 1925 2865 3494 2936">
    <p class='ocr_par' dir='ltr' id='par_1_115' title="bbox 1925 2865 3494 2936">
     <span class='ocr_line' id='line_1_118' title="bbox 1925 2865 3494 2936; baseline -0.001 -18"><span class='ocrx_word' id='word_1_855' title='bbox 1925 2867 2178 2936; x_wconf 85' lang='lat' dir='ltr'><strong>scriptum</strong></span> <span class='ocrx_word' id='word_1_856' title='bbox 2203 2875 2304 2936; x_wconf 75' lang='lat' dir='ltr'><strong>est,</strong></span> <span class='ocrx_word' id='word_1_857' title='bbox 2333 2865 2588 2936; x_wconf 83' lang='lat' dir='ltr'><strong>Modicum</strong></span> <span class='ocrx_word' id='word_1_858' title='bbox 2617 2867 2914 2932; x_wconf 74' lang='lat' dir='ltr'><strong>fermentum</strong></span> <span class='ocrx_word' id='word_1_859' title='bbox 2959 2875 3112 2918; x_wconf 86' lang='lat' dir='ltr'><strong>totam</strong></span> <span class='ocrx_word' id='word_1_860' title='bbox 3141 2882 3358 2936; x_wconf 76' lang='lat' dir='ltr'><strong>massam</strong></span> <span class='ocrx_word' id='word_1_861' title='bbox 3378 2881 3494 2936; x_wconf 74' lang='lat' dir='ltr'><strong>cor-</strong></span> 
     </span>
    </p>
   </div>
   <div class='ocr_carea' id='block_1_116' title="bbox 1927 2934 3494 3005">
    <p class='ocr_par' dir='ltr' id='par_1_116' title="bbox 1927 2934 3494 3005">
     <span class='ocr_line' id='line_1_119' title="bbox 1927 2934 3494 3005; baseline -0.002 -17"><span class='ocrx_word' id='word_1_862' title='bbox 1927 2934 2114 3004; x_wconf 68' lang='lat' dir='ltr'><strong>rumpit</strong></span> <span class='ocrx_word' id='word_1_863' title='bbox 2146 2934 2362 3005; x_wconf 86' lang='lat' dir='ltr'><strong>(Galat.</strong></span> <span class='ocrx_word' id='word_1_864' title='bbox 2403 2949 2457 3005; x_wconf 72' lang='grc' dir='ltr'><strong>ν,</strong></span> <span class='ocrx_word' id='word_1_865' title='bbox 2495 2935 2590 3004; x_wconf 91' lang='lat'><strong>9),</strong></span> <span class='ocrx_word' id='word_1_866' title='bbox 2623 2937 2780 2989; x_wconf 87' lang='lat' dir='ltr'><strong>etiam</strong></span> <span class='ocrx_word' id='word_1_867' title='bbox 2813 2936 2932 2998; x_wconf 88' lang='lat' dir='ltr'><strong>ista,</strong></span> <span class='ocrx_word' id='word_1_868' title='bbox 2956 2944 3009 2988; x_wconf 89' lang='lat' dir='ltr'><strong>et</strong></span> <span class='ocrx_word' id='word_1_869' title='bbox 3037 2936 3138 2988; x_wconf 88' lang='lat' dir='ltr'><strong>alia</strong></span> <span class='ocrx_word' id='word_1_870' title='bbox 3174 2935 3253 2988; x_wconf 90' lang='lat' dir='ltr'><strong>his</strong></span> <span class='ocrx_word' id='word_1_871' title='bbox 3280 2935 3494 2999; x_wconf 87' lang='lat' dir='ltr'><strong>similia,</strong></span> 
     </span>
    </p>
   </div>
   <div class='ocr_carea' id='block_1_117' title="bbox 1925 3002 3494 3074">
    <p class='ocr_par' dir='ltr' id='par_1_117' title="bbox 1925 3002 3494 3074">
     <span class='ocr_line' id='line_1_120' title="bbox 1925 3002 3494 3074; baseline 0 -20"><span class='ocrx_word' id='word_1_872' title='bbox 1925 3002 2052 3072; x_wconf 70' lang='lat' dir='ltr'><strong>quae</strong></span> <span class='ocrx_word' id='word_1_873' title='bbox 2073 3002 2286 3074; x_wconf 78' lang='lat' dir='ltr'><strong>longum</strong></span> <span class='ocrx_word' id='word_1_874' title='bbox 2312 3013 2392 3058; x_wconf 92' lang='lat' dir='ltr'><strong>est</strong></span> <span class='ocrx_word' id='word_1_875' title='bbox 2418 3002 2615 3074; x_wconf 85' lang='lat' dir='ltr'><strong>dicere,</strong></span> <span class='ocrx_word' id='word_1_876' title='bbox 2645 3019 2763 3073; x_wconf 64' lang='lat' dir='ltr'><strong>quae</strong></span> <span class='ocrx_word' id='word_1_877' title='bbox 2802 3005 2870 3058; x_wconf 89' lang='lat' dir='ltr'><strong>ab</strong></span> <span class='ocrx_word' id='word_1_878' title='bbox 2915 3005 3169 3072; x_wconf 86' lang='lat' dir='ltr'><strong>imperitis</strong></span> <span class='ocrx_word' id='word_1_879' title='bbox 3196 3015 3288 3058; x_wconf 87' lang='lat' dir='ltr'><strong>aut</strong></span> <span class='ocrx_word' id='word_1_880' title='bbox 3311 3013 3494 3074; x_wconf 75' lang='lat' dir='ltr'><strong>parva,</strong></span> 
     </span>
    </p>
   </div>
   <div class='ocr_carea' id='block_1_118' title="bbox 1925 3073 3498 3143">
    <p class='ocr_par' dir='ltr' id='par_1_118' title="bbox 1925 3073 3498 3143">
     <span class='ocr_line' id='line_1_121' title="bbox 1925 3073 3498 3143; baseline 0 -16"><span class='ocrx_word' id='word_1_881' title='bbox 1925 3081 2018 3128; x_wconf 89' lang='lat' dir='ltr'><strong>aut</strong></span> <span class='ocrx_word' id='word_1_882' title='bbox 2043 3073 2184 3128; x_wconf 86' lang='lat' dir='ltr'><strong>nulla</strong></span> <span class='ocrx_word' id='word_1_883' title='bbox 2211 3081 2424 3143; x_wconf 87' lang='lat' dir='ltr'><strong>peccata</strong></span> <span class='ocrx_word' id='word_1_884' title='bbox 2449 3073 2771 3136; x_wconf 87' lang='lat' dir='ltr'><strong>creduntur;</strong></span> <span class='ocrx_word' id='word_1_885' title='bbox 2800 3089 2830 3126; x_wconf 90' lang='lat' dir='ltr'><strong>a</strong></span> <span class='ocrx_word' id='word_1_886' title='bbox 2859 3077 3048 3128; x_wconf 87' lang='lat' dir='ltr'><strong>vestris</strong></span> <span class='ocrx_word' id='word_1_887' title='bbox 3084 3074 3324 3143; x_wconf 86' lang='lat' dir='ltr'><strong>ordinate</strong></span> <span class='ocrx_word' id='word_1_888' title='bbox 3349 3073 3498 3127; x_wconf 83' lang='lat' dir='ltr'><strong>fami-</strong></span> 
     </span>
    </p>
   </div>
   <div class='ocr_carea' id='block_1_119' title="bbox 1929 3141 3500 3213">
    <p class='ocr_par' dir='ltr' id='par_1_119' title="bbox 1929 3141 3500 3213">
     <span class='ocr_line' id='line_1_122' title="bbox 1929 3141 3500 3213; baseline -0.003 -16"><span class='ocrx_word' id='word_1_889' title='bbox 1929 3145 2012 3197; x_wconf 91' lang='lat' dir='ltr'><strong>liis</strong></span> <span class='ocrx_word' id='word_1_890' title='bbox 2041 3141 2302 3198; x_wconf 75' lang='lat' dir='ltr'><strong>removeri</strong></span> <span class='ocrx_word' id='word_1_891' title='bbox 2327 3160 2340 3194; x_wconf 90' lang='lat'>:</span> <span class='ocrx_word' id='word_1_892' title='bbox 2367 3153 2420 3213; x_wconf 86' lang='lat' dir='ltr'><strong>et</strong></span> <span class='ocrx_word' id='word_1_893' title='bbox 2450 3143 2551 3197; x_wconf 90' lang='lat' dir='ltr'><strong>hoc</strong></span> <span class='ocrx_word' id='word_1_894' title='bbox 2575 3143 2868 3213; x_wconf 72' lang='lat' dir='ltr'><strong>przecipite,</strong></span> <span class='ocrx_word' id='word_1_895' title='bbox 2897 3153 2954 3197; x_wconf 90' lang='lat' dir='ltr'><strong>ut</strong></span> <span class='ocrx_word' id='word_1_896' title='bbox 2977 3143 3056 3197; x_wconf 91' lang='lat' dir='ltr'><strong>sic</strong></span> <span class='ocrx_word' id='word_1_897' title='bbox 3097 3141 3342 3198; x_wconf 83' lang='lat' dir='ltr'><strong>calendas</strong></span> <span class='ocrx_word' id='word_1_898' title='bbox 3370 3143 3500 3213; x_wconf 73' lang='lat' dir='ltr'><strong>istas</strong></span> 
     </span>
    </p>
   </div>
   <div class='ocr_carea' id='block_1_120' title="bbox 1927 3211 3498 3282">
    <p class='ocr_par' dir='ltr' id='par_1_120' title="bbox 1927 3211 3498 3282">
     <span class='ocr_line' id='line_1_123' title="bbox 1927 3211 3498 3282; baseline -0.001 -16"><span class='ocrx_word' id='word_1_899' title='bbox 1927 3214 2124 3280; x_wconf 89' lang='lat' dir='ltr'><strong>colant,</strong></span> <span class='ocrx_word' id='word_1_900' title='bbox 2153 3212 2419 3282; x_wconf 89' lang='lat' dir='ltr'><strong>quomodo</strong></span> <span class='ocrx_word' id='word_1_901' title='bbox 2444 3213 2666 3266; x_wconf 90' lang='lat' dir='ltr'><strong>aliorum</strong></span> <span class='ocrx_word' id='word_1_902' title='bbox 2691 3211 2952 3266; x_wconf 77' lang='lat' dir='ltr'><strong>mensium</strong></span> <span class='ocrx_word' id='word_1_903' title='bbox 2976 3214 3152 3267; x_wconf 87' lang='lat' dir='ltr'><strong>colere</strong></span> <span class='ocrx_word' id='word_1_904' title='bbox 3179 3213 3372 3266; x_wconf 87' lang='lat' dir='ltr'><strong>solent.</strong></span> <span class='ocrx_word' id='word_1_905' title='bbox 3397 3211 3498 3282; x_wconf 81' lang='lat' dir='ltr'><strong>Qui</strong></span> 
     </span>
    </p>
   </div>
   <div class='ocr_carea' id='block_1_121' title="bbox 1928 3281 3496 3352">
    <p class='ocr_par' dir='ltr' id='par_1_121' title="bbox 1928 3281 3496 3352">
     <span class='ocr_line' id='line_1_124' title="bbox 1928 3281 3496 3352; baseline 0 -16"><span class='ocrx_word' id='word_1_906' title='bbox 1928 3283 2068 3336; x_wconf 88' lang='lat' dir='ltr'><strong>enim</strong></span> <span class='ocrx_word' id='word_1_907' title='bbox 2085 3281 2280 3351; x_wconf 86' lang='lat' dir='ltr'><strong>aliquid</strong></span> <span class='ocrx_word' id='word_1_908' title='bbox 2309 3282 2374 3335; x_wconf 92' lang='lat' dir='ltr'><strong>de</strong></span> <span class='ocrx_word' id='word_1_909' title='bbox 2401 3282 2727 3352; x_wconf 77' lang='lat' dir='ltr'><strong>Paganorum</strong></span> <span class='ocrx_word' id='word_1_910' title='bbox 2747 3283 3129 3336; x_wconf 90' lang='lat' dir='ltr'><strong>consuetudine</strong></span> <span class='ocrx_word' id='word_1_911' title='bbox 3161 3284 3213 3335; x_wconf 90' lang='lat' dir='ltr'><strong>in</strong></span> <span class='ocrx_word' id='word_1_912' title='bbox 3243 3283 3356 3337; x_wconf 86' lang='lat' dir='ltr'><strong>istis</strong></span> <span class='ocrx_word' id='word_1_913' title='bbox 3381 3281 3496 3336; x_wconf 83' lang='lat' dir='ltr'><strong>die-</strong></span> 
     </span>
    </p>
   </div>
   <div class='ocr_carea' id='block_1_122' title="bbox 1929 3352 3491 3416">
    <p class='ocr_par' dir='ltr' id='par_1_122' title="bbox 1929 3352 3491 3416">
     <span class='ocr_line' id='line_1_125' title="bbox 1929 3352 3491 3416; baseline 0.001 -12"><span class='ocrx_word' id='word_1_914' title='bbox 1929 3352 2029 3405; x_wconf 91' lang='lat' dir='ltr'><strong>bus</strong></span> <span class='ocrx_word' id='word_1_915' title='bbox 2050 3352 2334 3405; x_wconf 87' lang='lat' dir='ltr'><strong>observare</strong></span> <span class='ocrx_word' id='word_1_916' title='bbox 2361 3352 2643 3416; x_wconf 87' lang='lat' dir='ltr'><strong>voluerint,</strong></span> <span class='ocrx_word' id='word_1_917' title='bbox 2674 3352 2962 3406; x_wconf 86' lang='lat' dir='ltr'><strong>timendum</strong></span> <span class='ocrx_word' id='word_1_918' title='bbox 2987 3361 3072 3408; x_wconf 90' lang='lat' dir='ltr'><strong>est</strong></span> <span class='ocrx_word' id='word_1_919' title='bbox 3099 3367 3164 3407; x_wconf 91' lang='lat' dir='ltr'><strong>ne</strong></span> <span class='ocrx_word' id='word_1_920' title='bbox 3191 3353 3269 3408; x_wconf 89' lang='lat' dir='ltr'><strong>eis</strong></span> <span class='ocrx_word' id='word_1_921' title='bbox 3295 3365 3491 3406; x_wconf 90' lang='lat' dir='ltr'><strong>nomen</strong></span> 
     </span>
    </p>
   </div>
   <div class='ocr_carea' id='block_1_123' title="bbox 1927 3420 2874 3491">
    <p class='ocr_par' dir='ltr' id='par_1_123' title="bbox 1927 3420 2874 3491">
     <span class='ocr_line' id='line_1_126' title="bbox 1927 3420 2874 3491; baseline 0 -17"><span class='ocrx_word' id='word_1_922' title='bbox 1927 3420 2268 3491; x_wconf 78' lang='lat' dir='ltr'><strong>christianum</strong></span> <span class='ocrx_word' id='word_1_923' title='bbox 2292 3421 2540 3491; x_wconf 86' lang='lat' dir='ltr'><strong>prodesse</strong></span> <span class='ocrx_word' id='word_1_924' title='bbox 2559 3437 2662 3474; x_wconf 92' lang='lat' dir='ltr'><strong>non</strong></span> <span class='ocrx_word' id='word_1_925' title='bbox 2689 3421 2874 3491; x_wconf 88' lang='lat' dir='ltr'><strong>possit.</strong></span> 
     </span>
    </p>
   </div>
   <div class='ocr_carea' id='block_1_124' title="bbox 1999 3489 3496 3562">
    <p class='ocr_par' dir='ltr' id='par_1_124' title="bbox 1999 3489 3496 3562">
     <span class='ocr_line' id='line_1_127' title="bbox 1999 3489 3496 3562; baseline 0.001 -19"><span class='ocrx_word' id='word_1_926' title='bbox 1999 3491 2054 3544; x_wconf 77' lang='grc'><strong>4.</strong></span> <span class='ocrx_word' id='word_1_927' title='bbox 2076 3489 2334 3562; x_wconf 81' lang='lat' dir='ltr'><strong>ejunium</strong></span> <span class='ocrx_word' id='word_1_928' title='bbox 2355 3490 2474 3542; x_wconf 78' lang='lat' dir='ltr'><strong>olim</strong></span> <span class='ocrx_word' id='word_1_929' title='bbox 2493 3489 2736 3562; x_wconf 67' lang='lat' dir='ltr'><strong>indictum</strong></span> <span class='ocrx_word' id='word_1_930' title='bbox 2755 3493 2810 3562; x_wconf 81' lang='lat' dir='ltr'><strong>in</strong></span> <span class='ocrx_word' id='word_1_931' title='bbox 2831 3492 3052 3562; x_wconf 62' lang='lat' dir='ltr'><strong>rgfendis</strong></span> <span class='ocrx_word' id='word_1_932' title='bbox 3065 3492 3340 3562; x_wconf 77' lang='lat' dir='ltr'><strong>januariis.</strong></span> <span class='ocrx_word' id='word_1_933' title='bbox 3371 3490 3496 3545; x_wconf 84' lang='lat' dir='ltr'><strong>Per-</strong></span> 
     </span>
    </p>
   </div>
   <div class='ocr_carea' id='block_1_125' title="bbox 1931 3560 3498 3630">
    <p class='ocr_par' dir='ltr' id='par_1_125' title="bbox 1931 3560 3498 3630">
     <span class='ocr_line' id='line_1_128' title="bbox 1931 3560 3498 3630; baseline 0.001 -18"><span class='ocrx_word' id='word_1_934' title='bbox 1931 3561 2094 3613; x_wconf 71' lang='lat' dir='ltr'><strong>sanati</strong></span> <span class='ocrx_word' id='word_1_935' title='bbox 2121 3560 2341 3630; x_wconf 73' lang='lat' dir='ltr'><strong>homines</strong></span> <span class='ocrx_word' id='word_1_936' title='bbox 2361 3575 2470 3630; x_wconf 85' lang='lat' dir='ltr'><strong>non</strong></span> <span class='ocrx_word' id='word_1_937' title='bbox 2498 3561 2802 3630; x_wconf 68' lang='lat' dir='ltr'><strong>aspiciendi.</strong></span> <span class='ocrx_word' id='word_1_938' title='bbox 2847 3560 2916 3614; x_wconf 89' lang='lat' dir='ltr'><strong>Et</strong></span> <span class='ocrx_word' id='word_1_939' title='bbox 2945 3560 3078 3614; x_wconf 78' lang='lat' dir='ltr'><strong>ideo</strong></span> <span class='ocrx_word' id='word_1_940' title='bbox 3097 3563 3262 3614; x_wconf 88' lang='lat' dir='ltr'><strong>sancti</strong></span> <span class='ocrx_word' id='word_1_941' title='bbox 3295 3563 3498 3630; x_wconf 87' lang='lat' dir='ltr'><strong>antiqui</strong></span> 
     </span>
    </p>
   </div>
   <div class='ocr_carea' id='block_1_126' title="bbox 1934 3628 3500 3700">
    <p class='ocr_par' dir='ltr' id='par_1_126' title="bbox 1934 3628 3500 3700">
     <span class='ocr_line' id='line_1_129' title="bbox 1934 3628 3500 3700; baseline 0.003 -20"><span class='ocrx_word' id='word_1_942' title='bbox 1934 3629 2302 3700; x_wconf 75' lang='lat' dir='ltr'><strong>patres__nostri</strong></span> <span class='ocrx_word' id='word_1_943' title='bbox 2329 3628 2727 3700; x_wconf 82' lang='lat' dir='ltr'><strong>considerantes</strong></span> <span class='ocrx_word' id='word_1_944' title='bbox 2769 3631 3052 3700; x_wconf 82' lang='lat' dir='ltr'><strong>maximam</strong></span> <span class='ocrx_word' id='word_1_945' title='bbox 3093 3639 3293 3700; x_wconf 89' lang='lat' dir='ltr'><strong>partem</strong></span> <span class='ocrx_word' id='word_1_946' title='bbox 3325 3628 3500 3700; x_wconf 80' lang='lat' dir='ltr'><strong>homi-</strong></span> 
     </span>
    </p>
   </div>
   <div class='ocr_carea' id='block_1_127' title="bbox 1933 3697 3500 3765">
    <p class='ocr_par' dir='ltr' id='par_1_127' title="bbox 1933 3697 3500 3765">
     <span class='ocr_line' id='line_1_130' title="bbox 1933 3697 3500 3765; baseline 0.003 -14"><span class='ocrx_word' id='word_1_947' title='bbox 1933 3713 2058 3751; x_wconf 89' lang='lat' dir='ltr'><strong>num</strong></span> <span class='ocrx_word' id='word_1_948' title='bbox 2083 3697 2268 3752; x_wconf 89' lang='lat' dir='ltr'><strong>diebus</strong></span> <span class='ocrx_word' id='word_1_949' title='bbox 2289 3697 2402 3750; x_wconf 89' lang='lat' dir='ltr'><strong>istis</strong></span> <span class='ocrx_word' id='word_1_950' title='bbox 2430 3699 2564 3765; x_wconf 71' lang='lat' dir='ltr'><strong>gula:</strong></span> <span class='ocrx_word' id='word_1_951' title='bbox 2581 3699 2662 3752; x_wconf 90' lang='lat' dir='ltr'><strong>vel</strong></span> <span class='ocrx_word' id='word_1_952' title='bbox 2687 3699 2904 3752; x_wconf 75' lang='lat' dir='ltr'><strong>luxuriae</strong></span> <span class='ocrx_word' id='word_1_953' title='bbox 2927 3697 3215 3764; x_wconf 82' lang='lat' dir='ltr'><strong>deservire,</strong></span> <span class='ocrx_word' id='word_1_954' title='bbox 3245 3709 3298 3754; x_wconf 91' lang='lat' dir='ltr'><strong>et</strong></span> <span class='ocrx_word' id='word_1_955' title='bbox 3325 3699 3500 3756; x_wconf 88' lang='lat' dir='ltr'><strong>ebrie-</strong></span> 
     </span>
    </p>
   </div>
   <div class='ocr_carea' id='block_1_128' title="bbox 1935 3767 3504 3834">
    <p class='ocr_par' dir='ltr' id='par_1_128' title="bbox 1935 3767 3504 3834">
     <span class='ocr_line' id='line_1_131' title="bbox 1935 3767 3504 3834; baseline 0.003 -14"><span class='ocrx_word' id='word_1_956' title='bbox 1935 3767 2126 3821; x_wconf 87' lang='lat' dir='ltr'><strong>tatibus</strong></span> <span class='ocrx_word' id='word_1_957' title='bbox 2154 3774 2208 3821; x_wconf 92' lang='lat' dir='ltr'><strong>et</strong></span> <span class='ocrx_word' id='word_1_958' title='bbox 2246 3767 2514 3834; x_wconf 75' lang='lat' dir='ltr'><strong>sacrilegis</strong></span> <span class='ocrx_word' id='word_1_959' title='bbox 2541 3767 2903 3821; x_wconf 84' lang='lat' dir='ltr'><strong>saltationibus</strong></span> <span class='ocrx_word' id='word_1_960' title='bbox 2929 3769 3504 3832; x_wconf 71' lang='lat' dir='ltr'><strong>insanire,&#39;statuernnt</strong></span> 
     </span>
    </p>
   </div>
   <div class='ocr_carea' id='block_1_129' title="bbox 1935 3837 3504 3906">
    <p class='ocr_par' dir='ltr' id='par_1_129' title="bbox 1935 3837 3504 3906">
     <span class='ocr_line' id='line_1_132' title="bbox 1935 3837 3504 3906; baseline 0.001 -16"><span class='ocrx_word' id='word_1_961' title='bbox 1935 3837 1986 3890; x_wconf 89' lang='lat' dir='ltr'><strong>in</strong></span> <span class='ocrx_word' id='word_1_962' title='bbox 2019 3841 2318 3890; x_wconf 86' lang='lat' dir='ltr'><strong>universum</strong></span> <span class='ocrx_word' id='word_1_963' title='bbox 2343 3838 2618 3902; x_wconf 88' lang='lat' dir='ltr'><strong>mundum,</strong></span> <span class='ocrx_word' id='word_1_964' title='bbox 2643 3846 2698 3890; x_wconf 90' lang='lat' dir='ltr'><strong>ut</strong></span> <span class='ocrx_word' id='word_1_965' title='bbox 2723 3853 2816 3906; x_wconf 90' lang='lat' dir='ltr'><strong>per</strong></span> <span class='ocrx_word' id='word_1_966' title='bbox 2837 3853 3020 3892; x_wconf 86' lang='lat' dir='ltr'><strong>omnes</strong></span> <span class='ocrx_word' id='word_1_967' title='bbox 3050 3839 3311 3893; x_wconf 84' lang='lat' dir='ltr'><strong>Ecclesias</strong></span> <span class='ocrx_word' id='word_1_968' title='bbox 3335 3841 3504 3906; x_wconf 89' lang='lat' dir='ltr'><strong>publi-</strong></span> 
     </span>
    </p>
   </div>
   <div class='ocr_carea' id='block_1_130' title="bbox 1933 3907 3502 3977">
    <p class='ocr_par' dir='ltr' id='par_1_130' title="bbox 1933 3907 3502 3977">
     <span class='ocr_line' id='line_1_133' title="bbox 1933 3907 3502 3977; baseline 0.002 -18"><span class='ocrx_word' id='word_1_969' title='bbox 1933 3907 2400 3977; x_wconf 82' lang='lat' dir='ltr'><strong>cumindiceretur</strong></span> <span class='ocrx_word' id='word_1_970' title='bbox 2437 3907 2690 3976; x_wconf 85' lang='lat' dir='ltr'><strong>jejunium</strong></span> <span class='ocrx_word' id='word_1_971' title='bbox 2723 3907 2908 3977; x_wconf 77' lang='lat' dir='ltr'><strong>(n).Ut</strong></span> <span class='ocrx_word' id='word_1_972' title='bbox 2947 3918 3295 3976; x_wconf 84' lang='lat' dir='ltr'><strong>agnoscerent</strong></span> <span class='ocrx_word' id='word_1_973' title='bbox 3323 3910 3502 3962; x_wconf 88' lang='lat' dir='ltr'><strong>miseri</strong></span> 
     </span>
    </p>
   </div>
   <div class='ocr_carea' id='block_1_131' title="bbox 1937 3975 3506 4046">
    <p class='ocr_par' dir='ltr' id='par_1_131' title="bbox 1937 3975 3506 4046">
     <span class='ocr_line' id='line_1_134' title="bbox 1937 3975 3506 4046; baseline 0.002 -18"><span class='ocrx_word' id='word_1_974' title='bbox 1937 3975 2179 4029; x_wconf 88' lang='lat' dir='ltr'><strong>homines</strong></span> <span class='ocrx_word' id='word_1_975' title='bbox 2199 3977 2249 4028; x_wconf 90' lang='lat' dir='ltr'><strong>in</strong></span> <span class='ocrx_word' id='word_1_976' title='bbox 2275 3985 2478 4029; x_wconf 87' lang='lat' dir='ltr'><strong>tantum</strong></span> <span class='ocrx_word' id='word_1_977' title='bbox 2496 3975 2558 4030; x_wconf 38' lang='lat' dir='ltr'><strong>&#39;se</strong></span> <span class='ocrx_word' id='word_1_978' title='bbox 2579 3977 2713 4030; x_wconf 88' lang='lat' dir='ltr'><strong>male</strong></span> <span class='ocrx_word' id='word_1_979' title='bbox 2732 3975 2924 4043; x_wconf 81' lang='lat' dir='ltr'><strong>facere,</strong></span> <span class='ocrx_word' id='word_1_980' title='bbox 2953 3975 3010 4030; x_wconf 83' lang='lat' dir='ltr'><strong>ut</strong></span> <span class='ocrx_word' id='word_1_981' title='bbox 3037 3978 3352 4046; x_wconf 87' lang='lat' dir='ltr'><strong>proillorum</strong></span> <span class='ocrx_word' id='word_1_982' title='bbox 3379 3993 3506 4046; x_wconf 84' lang='lat' dir='ltr'><strong>pec-</strong></span> 
     </span>
    </p>
   </div>
   <div class='ocr_carea' id='block_1_132' title="bbox 1935 4046 3492 4116">
    <p class='ocr_par' dir='ltr' id='par_1_132' title="bbox 1935 4046 3492 4116">
     <span class='ocr_line' id='line_1_135' title="bbox 1935 4046 3492 4116; baseline 0 -16"><span class='ocrx_word' id='word_1_983' title='bbox 1935 4046 2065 4100; x_wconf 87' lang='lat' dir='ltr'><strong>catis</strong></span> <span class='ocrx_word' id='word_1_984' title='bbox 2092 4061 2312 4099; x_wconf 83' lang='lat' dir='ltr'><strong>necesse</strong></span> <span class='ocrx_word' id='word_1_985' title='bbox 2336 4055 2472 4098; x_wconf 87' lang='lat' dir='ltr'><strong>esset</strong></span> <span class='ocrx_word' id='word_1_986' title='bbox 2502 4047 2746 4116; x_wconf 82' lang='lat' dir='ltr'><strong>munibus</strong></span> <span class='ocrx_word' id='word_1_987' title='bbox 2780 4047 3032 4101; x_wconf 90' lang='lat' dir='ltr'><strong>Ecclesiis</strong></span> <span class='ocrx_word' id='word_1_988' title='bbox 3057 4047 3317 4115; x_wconf 85' lang='lat' dir='ltr'><strong>jejunare.</strong></span> <span class='ocrx_word' id='word_1_989' title='bbox 3346 4047 3492 4116; x_wconf 83' lang='lat' dir='ltr'><strong>Jeju-</strong></span> 
     </span>
    </p>
   </div>
   <div class='ocr_carea' id='block_1_133' title="bbox 1937 4115 3505 4183">
    <p class='ocr_par' dir='ltr' id='par_1_133' title="bbox 1937 4115 3505 4183">
     <span class='ocr_line' id='line_1_136' title="bbox 1937 4115 3505 4183; baseline 0.002 -15"><span class='ocrx_word' id='word_1_990' title='bbox 1937 4130 2123 4170; x_wconf 90' lang='lat' dir='ltr'><strong>nemus</strong></span> <span class='ocrx_word' id='word_1_991' title='bbox 2157 4129 2304 4183; x_wconf 83' lang='lat' dir='ltr'><strong>ergo,</strong></span> <span class='ocrx_word' id='word_1_992' title='bbox 2333 4115 2520 4168; x_wconf 87' lang='lat' dir='ltr'><strong>fratres</strong></span> <span class='ocrx_word' id='word_1_993' title='bbox 2571 4115 2888 4182; x_wconf 87' lang='lat' dir='ltr'><strong>charissimi,</strong></span> <span class='ocrx_word' id='word_1_994' title='bbox 2945 4117 2996 4169; x_wconf 92' lang='lat' dir='ltr'><strong>in</strong></span> <span class='ocrx_word' id='word_1_995' title='bbox 3047 4118 3162 4170; x_wconf 90' lang='lat' dir='ltr'><strong>istis</strong></span> <span class='ocrx_word' id='word_1_996' title='bbox 3198 4115 3421 4178; x_wconf 74' lang='lat' dir='ltr'><strong>diebus;</strong></span> <span class='ocrx_word' id='word_1_997' title='bbox 3451 4127 3505 4172; x_wconf 90' lang='lat' dir='ltr'><strong>et</strong></span> 
     </span>
    </p>
   </div>
   <div class='ocr_carea' id='block_1_134' title="bbox 1937 4185 3502 4252">
    <p class='ocr_par' dir='ltr' id='par_1_134' title="bbox 1937 4185 3502 4252">
     <span class='ocr_line' id='line_1_137' title="bbox 1937 4185 3502 4252; baseline 0.003 -16"><span class='ocrx_word' id='word_1_998' title='bbox 1937 4200 2056 4238; x_wconf 77' lang='lat' dir='ltr'><strong>cum</strong></span> <span class='ocrx_word' id='word_1_999' title='bbox 2085 4200 2206 4238; x_wconf 83' lang='lat' dir='ltr'><strong>vera</strong></span> <span class='ocrx_word' id='word_1_1000' title='bbox 2231 4193 2285 4238; x_wconf 92' lang='lat' dir='ltr'><strong>et</strong></span> <span class='ocrx_word' id='word_1_1001' title='bbox 2337 4185 2564 4252; x_wconf 87' lang='lat' dir='ltr'><strong>perfecta</strong></span> <span class='ocrx_word' id='word_1_1002' title='bbox 2608 4187 2862 4240; x_wconf 85' lang='lat' dir='ltr'><strong>charitate</strong></span> <span class='ocrx_word' id='word_1_1003' title='bbox 2891 4185 3160 4239; x_wconf 88' lang='lat' dir='ltr'><strong>stultitiam</strong></span> <span class='ocrx_word' id='word_1_1004' title='bbox 3189 4187 3502 4240; x_wconf 89' lang='lat' dir='ltr'><strong>miserorum</strong></span> 
     </span>
    </p>
   </div>
   <div class='ocr_carea' id='block_1_135' title="bbox 1941 4254 3512 4322">
    <p class='ocr_par' dir='ltr' id='par_1_135' title="bbox 1941 4254 3512 4322">
     <span class='ocr_line' id='line_1_138' title="bbox 1941 4254 3512 4322; baseline 0.001 -15"><span class='ocrx_word' id='word_1_1005' title='bbox 1941 4254 2212 4308; x_wconf 89' lang='lat' dir='ltr'><strong>hominum</strong></span> <span class='ocrx_word' id='word_1_1006' title='bbox 2269 4255 2560 4322; x_wconf 83' lang='lat' dir='ltr'><strong>lugeamus,</strong></span> <span class='ocrx_word' id='word_1_1007' title='bbox 2601 4265 2660 4308; x_wconf 89' lang='lat' dir='ltr'><strong>ut</strong></span> <span class='ocrx_word' id='word_1_1008' title='bbox 2707 4256 2791 4308; x_wconf 78' lang='lat' dir='ltr'><strong>vel</strong></span> <span class='ocrx_word' id='word_1_1009' title='bbox 2833 4255 2910 4309; x_wconf 89' lang='lat' dir='ltr'><strong>sic</strong></span> <span class='ocrx_word' id='word_1_1010' title='bbox 2965 4255 3258 4322; x_wconf 83' lang='lat' dir='ltr'><strong>intelligant</strong></span> <span class='ocrx_word' id='word_1_1011' title='bbox 3309 4255 3512 4309; x_wconf 81' lang='lat' dir='ltr'><strong>malum</strong></span> 
     </span>
    </p>
   </div>
   <div class='ocr_carea' id='block_1_136' title="bbox 1937 4323 3500 4394">
    <p class='ocr_par' dir='ltr' id='par_1_136' title="bbox 1937 4323 3500 4394">
     <span class='ocr_line' id='line_1_139' title="bbox 1937 4323 3500 4394; baseline -0.003 -16"><span class='ocrx_word' id='word_1_1012' title='bbox 1937 4339 2114 4390; x_wconf 87' lang='lat' dir='ltr'><strong>suum,</strong></span> <span class='ocrx_word' id='word_1_1013' title='bbox 2137 4324 2260 4394; x_wconf 81' lang='lat' dir='ltr'><strong>dum</strong></span> <span class='ocrx_word' id='word_1_1014' title='bbox 2287 4339 2385 4392; x_wconf 88' lang='lat' dir='ltr'><strong>pro</strong></span> <span class='ocrx_word' id='word_1_1015' title='bbox 2406 4339 2464 4378; x_wconf 91' lang='lat' dir='ltr'><strong>se</strong></span> <span class='ocrx_word' id='word_1_1016' title='bbox 2497 4323 2725 4394; x_wconf 85' lang='lat' dir='ltr'><strong>viderint</strong></span> <span class='ocrx_word' id='word_1_1017' title='bbox 2758 4324 3024 4392; x_wconf 87' lang='lat' dir='ltr'><strong>publicum</strong></span> <span class='ocrx_word' id='word_1_1018' title='bbox 3071 4325 3340 4378; x_wconf 84' lang='lat' dir='ltr'><strong>observari</strong></span> <span class='ocrx_word' id='word_1_1019' title='bbox 3359 4325 3500 4394; x_wconf 86' lang='lat' dir='ltr'><strong>jeju-</strong></span> 
     </span>
    </p>
   </div>
   <div class='ocr_carea' id='block_1_137' title="bbox 1939 4393 3503 4463">
    <p class='ocr_par' dir='ltr' id='par_1_137' title="bbox 1939 4393 3503 4463">
     <span class='ocr_line' id='line_1_140' title="bbox 1939 4393 3503 4463; baseline 0 -15"><span class='ocrx_word' id='word_1_1020' title='bbox 1939 4395 2105 4448; x_wconf 84' lang='lat' dir='ltr'><strong>nium.</strong></span> <span class='ocrx_word' id='word_1_1021' title='bbox 2129 4393 2310 4461; x_wconf 88' lang='lat' dir='ltr'><strong>Neque</strong></span> <span class='ocrx_word' id='word_1_1022' title='bbox 2335 4395 2477 4448; x_wconf 91' lang='lat' dir='ltr'><strong>enim</strong></span> <span class='ocrx_word' id='word_1_1023' title='bbox 2501 4393 2890 4462; x_wconf 87' lang='lat' dir='ltr'><strong>desperandum</strong></span> <span class='ocrx_word' id='word_1_1024' title='bbox 2915 4401 3015 4458; x_wconf 90' lang='lat' dir='ltr'><strong>est,</strong></span> <span class='ocrx_word' id='word_1_1025' title='bbox 3047 4394 3186 4463; x_wconf 90' lang='lat' dir='ltr'><strong>quod</strong></span> <span class='ocrx_word' id='word_1_1026' title='bbox 3213 4394 3335 4448; x_wconf 92' lang='lat' dir='ltr'><strong>illos</strong></span> <span class='ocrx_word' id='word_1_1027' title='bbox 3363 4393 3503 4448; x_wconf 85' lang='lat' dir='ltr'><strong>Deus</strong></span> 
     </span>
    </p>
   </div>
   <div class='ocr_carea' id='block_1_138' title="bbox 1939 4463 3498 4533">
    <p class='ocr_par' dir='ltr' id='par_1_138' title="bbox 1939 4463 3498 4533">
     <span class='ocr_line' id='line_1_141' title="bbox 1939 4463 3498 4533; baseline 0 -17"><span class='ocrx_word' id='word_1_1028' title='bbox 1939 4463 2108 4533; x_wconf 90' lang='lat' dir='ltr'><strong>possit</strong></span> <span class='ocrx_word' id='word_1_1029' title='bbox 2133 4473 2313 4516; x_wconf 86' lang='lat' dir='ltr'><strong>nostra</strong></span> <span class='ocrx_word' id='word_1_1030' title='bbox 2348 4465 2586 4518; x_wconf 86' lang='lat' dir='ltr'><strong>oratione</strong></span> <span class='ocrx_word' id='word_1_1031' title='bbox 2615 4464 2698 4516; x_wconf 88' lang='lat' dir='ltr'><strong>vel</strong></span> <span class='ocrx_word' id='word_1_1032' title='bbox 2725 4463 3068 4532; x_wconf 76' lang='lat' dir='ltr'><strong>castigatione</strong></span> <span class='ocrx_word' id='word_1_1033' title='bbox 3091 4463 3380 4532; x_wconf 81' lang='lat' dir='ltr'><strong>corrigere,</strong></span> <span class='ocrx_word' id='word_1_1034' title='bbox 3409 4465 3498 4532; x_wconf 89' lang='lat' dir='ltr'><strong>qui</strong></span> 
     </span>
    </p>
   </div>
   <div class='ocr_carea' id='block_1_139' title="bbox 1941 4533 3504 4602">
    <p class='ocr_par' dir='ltr' id='par_1_139' title="bbox 1941 4533 3504 4602">
     <span class='ocr_line' id='line_1_142' title="bbox 1941 4533 3504 4602; baseline 0 -16"><span class='ocrx_word' id='word_1_1035' title='bbox 1941 4547 2034 4600; x_wconf 90' lang='lat' dir='ltr'><strong>per</strong></span> <span class='ocrx_word' id='word_1_1036' title='bbox 2053 4533 2348 4601; x_wconf 88' lang='lat' dir='ltr'><strong>apostolum</strong></span> <span class='ocrx_word' id='word_1_1037' title='bbox 2363 4549 2516 4586; x_wconf 90' lang='lat' dir='ltr'><strong>suum</strong></span> <span class='ocrx_word' id='word_1_1038' title='bbox 2549 4533 2796 4586; x_wconf 74' lang='lat' dir='ltr'><strong>ineffabili</strong></span> <span class='ocrx_word' id='word_1_1039' title='bbox 2825 4535 3017 4602; x_wconf 86' lang='lat' dir='ltr'><strong>pietate</strong></span> <span class='ocrx_word' id='word_1_1040' title='bbox 3045 4533 3504 4601; x_wconf 85' lang='lat' dir='ltr'><strong>promisitdicens,</strong></span> 
     </span>
    </p>
   </div>
   <div class='ocr_carea' id='block_1_140' title="bbox 1943 4603 3508 4672">
    <p class='ocr_par' dir='ltr' id='par_1_140' title="bbox 1943 4603 3508 4672">
     <span class='ocr_line' id='line_1_143' title="bbox 1943 4603 3508 4672; baseline 0.001 -18"><span class='ocrx_word' id='word_1_1041' title='bbox 1943 4603 2040 4667; x_wconf 82' lang='lat' dir='ltr'><strong>Qui</strong></span> <span class='ocrx_word' id='word_1_1042' title='bbox 2071 4603 2286 4655; x_wconf 81' lang='lat' dir='ltr'><strong>converti</strong></span> <span class='ocrx_word' id='word_1_1043' title='bbox 2311 4604 2480 4672; x_wconf 79' lang='lat' dir='ltr'><strong>fecerit</strong></span> <span class='ocrx_word' id='word_1_1044' title='bbox 2525 4612 2827 4670; x_wconf 81' lang='lat' dir='ltr'><strong>peccatorem</strong></span> <span class='ocrx_word' id='word_1_1045' title='bbox 2857 4605 2919 4654; x_wconf 89' lang='lat' dir='ltr'><strong>ab</strong></span> <span class='ocrx_word' id='word_1_1046' title='bbox 2943 4619 3110 4672; x_wconf 80' lang='lat' dir='ltr'><strong>errore</strong></span> <span class='ocrx_word' id='word_1_1047' title='bbox 3135 4603 3366 4672; x_wconf 70' lang='lat' dir='ltr'><strong>vitasunt,</strong></span> <span class='ocrx_word' id='word_1_1048' title='bbox 3405 4603 3508 4656; x_wconf 82' lang='lat' dir='ltr'><strong>sal-</strong></span> 
     </span>
    </p>
   </div>
   <div class='ocr_carea' id='block_1_141' title="bbox 1939 4671 3508 4742">
    <p class='ocr_par' dir='ltr' id='par_1_141' title="bbox 1939 4671 3508 4742">
     <span class='ocr_line' id='line_1_144' title="bbox 1939 4671 3508 4742; baseline -0.002 -18"><span class='ocrx_word' id='word_1_1049' title='bbox 1939 4672 2070 4724; x_wconf 80' lang='lat' dir='ltr'><strong>vabit</strong></span> <span class='ocrx_word' id='word_1_1050' title='bbox 2099 4671 2320 4742; x_wconf 70' lang='lat' dir='ltr'><strong>animoin</strong></span> <span class='ocrx_word' id='word_1_1051' title='bbox 2335 4673 2444 4742; x_wconf 74' lang='lat' dir='ltr'><strong>eius</strong></span> <span class='ocrx_word' id='word_1_1052' title='bbox 2471 4688 2504 4724; x_wconf 81' lang='grc' dir='ltr'><em>α</em></span> <span class='ocrx_word' id='word_1_1053' title='bbox 2522 4681 2696 4742; x_wconf 76' lang='lat' dir='ltr'><strong>morte,</strong></span> <span class='ocrx_word' id='word_1_1054' title='bbox 2724 4673 2982 4742; x_wconf 79' lang='lat' dir='ltr'><strong>etoperict</strong></span> <span class='ocrx_word' id='word_1_1055' title='bbox 3003 4671 3367 4742; x_wconf 76' lang='lat' dir='ltr'><strong>multitudinem</strong></span> <span class='ocrx_word' id='word_1_1056' title='bbox 3393 4687 3508 4742; x_wconf 67' lang='lat' dir='ltr'><strong>pee-</strong></span> 
     </span>
    </p>
   </div>
   <div class='ocr_carea' id='block_1_142' title="bbox 1939 4738 3508 4814">
    <p class='ocr_par' dir='ltr' id='par_1_142' title="bbox 1939 4738 3508 4814">
     <span class='ocr_line' id='line_1_145' title="bbox 1939 4738 3508 4814; baseline 0.001 -20"><span class='ocrx_word' id='word_1_1057' title='bbox 1939 4751 2162 4814; x_wconf 77' lang='lat' dir='ltr'><strong>catoruin</strong></span> <span class='ocrx_word' id='word_1_1058' title='bbox 2185 4738 2204 4814; x_wconf 94' lang='lat'>(</span> <span class='ocrx_word' id='word_1_1059' title='bbox 2231 4739 2427 4814; x_wconf 69' lang='lat' dir='ltr'><strong>Jacobi.</strong></span> <span class='ocrx_word' id='word_1_1060' title='bbox 2456 4757 2508 4814; x_wconf 81' lang='lat' dir='ltr'><strong>v,</strong></span> <span class='ocrx_word' id='word_1_1061' title='bbox 2535 4740 2606 4795; x_wconf 72' lang='lat'><strong>20</strong></span> <span class='ocrx_word' id='word_1_1062' title='bbox 2625 4741 2668 4814; x_wconf 77' lang='lat'><strong>).</strong></span> <span class='ocrx_word' id='word_1_1063' title='bbox 2699 4741 2808 4814; x_wconf 76' lang='lat' dir='ltr'><strong>Qui</strong></span> <span class='ocrx_word' id='word_1_1064' title='bbox 2830 4738 3013 4814; x_wconf 70' lang='lat' dir='ltr'><strong>etiam</strong></span> <span class='ocrx_word' id='word_1_1065' title='bbox 3053 4741 3106 4792; x_wconf 92' lang='lat' dir='ltr'><strong>in</strong></span> <span class='ocrx_word' id='word_1_1066' title='bbox 3135 4741 3249 4814; x_wconf 73' lang='lat' dir='ltr'><strong>istis</strong></span> <span class='ocrx_word' id='word_1_1067' title='bbox 3274 4739 3508 4814; x_wconf 74' lang='lat' dir='ltr'><strong>colendis</strong></span> 
     </span>
    </p>
   </div>
   <div class='ocr_carea' id='block_1_143' title="bbox 1939 4809 3600 4878">
    <p class='ocr_par' dir='ltr' id='par_1_143' title="bbox 1939 4809 3600 4878">
     <span class='ocr_line' id='line_1_146' title="bbox 1939 4809 3600 4878; baseline -0.001 -14"><span class='ocrx_word' id='word_1_1068' title='bbox 1939 4810 2116 4864; x_wconf 85' lang='lat' dir='ltr'><strong>stultis</strong></span> <span class='ocrx_word' id='word_1_1069' title='bbox 2145 4809 2444 4862; x_wconf 79' lang='lat' dir='ltr'><strong>heminibus</strong></span> <span class='ocrx_word' id='word_1_1070' title='bbox 2471 4809 2742 4863; x_wconf 82' lang='lat' dir='ltr'><strong>luxuriose</strong></span> <span class='ocrx_word' id='word_1_1071' title='bbox 2794 4809 3097 4862; x_wconf 87' lang='lat' dir='ltr'><strong>ludentibus</strong></span> <span class='ocrx_word' id='word_1_1072' title='bbox 3145 4809 3372 4878; x_wconf 85' lang='lat' dir='ltr'><strong>aliquam</strong></span> <span class='ocrx_word' id='word_1_1073' title='bbox 3405 4809 3510 4862; x_wconf 80' lang='lat' dir='ltr'><strong>hu-</strong></span> <span class='ocrx_word' id='word_1_1074' title='bbox 3593 4861 3600 4868; x_wconf 84' lang='lat'><em>_</em></span> 
     </span>
    </p>
   </div>
   <div class='ocr_carea' id='block_1_144' title="bbox 1939 4879 3538 4948">
    <p class='ocr_par' dir='ltr' id='par_1_144' title="bbox 1939 4879 3538 4948">
     <span class='ocr_line' id='line_1_147' title="bbox 1939 4879 3538 4948; baseline -0.001 -15"><span class='ocrx_word' id='word_1_1075' title='bbox 1939 4880 2244 4948; x_wconf 81' lang='lat' dir='ltr'><strong>inanitatem</strong></span> <span class='ocrx_word' id='word_1_1076' title='bbox 2277 4879 2611 4948; x_wconf 80' lang='lat' dir='ltr'><strong>impenderit,</strong></span> <span class='ocrx_word' id='word_1_1077' title='bbox 2657 4879 2861 4948; x_wconf 85' lang='lat' dir='ltr'><strong>peccati</strong></span> <span class='ocrx_word' id='word_1_1078' title='bbox 2899 4893 3082 4948; x_wconf 87' lang='lat' dir='ltr'><strong>eorum</strong></span> <span class='ocrx_word' id='word_1_1079' title='bbox 3111 4879 3422 4948; x_wconf 90' lang='lat' dir='ltr'><strong>participem</strong></span> <span class='ocrx_word' id='word_1_1080' title='bbox 3450 4894 3538 4940; x_wconf 78' lang='lat' dir='ltr'><strong>se</strong></span> 
     </span>
    </p>
   </div>
   <div class='ocr_carea' id='block_1_145' title="bbox 1939 4947 3510 5018">
    <p class='ocr_par' dir='ltr' id='par_1_145' title="bbox 1939 4947 3510 5018">
     <span class='ocr_line' id='line_1_148' title="bbox 1939 4947 3510 5018; baseline -0.001 -14"><span class='ocrx_word' id='word_1_1081' title='bbox 1939 4963 2059 5004; x_wconf 91' lang='lat' dir='ltr'><strong>esse</strong></span> <span class='ocrx_word' id='word_1_1082' title='bbox 2088 4963 2192 5002; x_wconf 90' lang='lat' dir='ltr'><strong>non</strong></span> <span class='ocrx_word' id='word_1_1083' title='bbox 2219 4947 2438 5003; x_wconf 88' lang='lat' dir='ltr'><strong>dubitet.</strong></span> <span class='ocrx_word' id='word_1_1084' title='bbox 2463 4947 2592 5002; x_wconf 87' lang='lat' dir='ltr'><strong>Nam</strong></span> <span class='ocrx_word' id='word_1_1085' title='bbox 2629 4947 2718 5018; x_wconf 89' lang='lat' dir='ltr'><strong>qui</strong></span> <span class='ocrx_word' id='word_1_1086' title='bbox 2759 4947 2824 5002; x_wconf 90' lang='lat' dir='ltr'><strong>de</strong></span> <span class='ocrx_word' id='word_1_1087' title='bbox 2843 4947 3014 5002; x_wconf 84' lang='lat' dir='ltr'><strong>salute</strong></span> <span class='ocrx_word' id='word_1_1088' title='bbox 3039 4949 3228 5003; x_wconf 78' lang='lat' dir='ltr'><strong>animae</strong></span> <span class='ocrx_word' id='word_1_1089' title='bbox 3249 4963 3360 5003; x_wconf 69' lang='lat' dir='ltr'><strong>suae</strong></span> <span class='ocrx_word' id='word_1_1090' title='bbox 3390 4949 3510 5003; x_wconf 84' lang='lat' dir='ltr'><strong>feli-</strong></span> 
     </span>
    </p>
   </div>
   <div class='ocr_carea' id='block_1_146' title="bbox 1948 5099 3516 5160">
    <p class='ocr_par' dir='ltr' id='par_1_146' title="bbox 1948 5099 3516 5160">
     <span class='ocr_line' id='line_1_149' title="bbox 1948 5099 3516 5160; baseline 0.005 -12"><span class='ocrx_word' id='word_1_1091' title='bbox 1948 5117 1970 5148; x_wconf 78' lang='grc' dir='ltr'>ι</span> <span class='ocrx_word' id='word_1_1092' title='bbox 1990 5107 2074 5150; x_wconf 82' lang='lat' dir='ltr'><strong>aut</strong></span> <span class='ocrx_word' id='word_1_1093' title='bbox 2095 5099 2292 5150; x_wconf 77' lang='lat' dir='ltr'><strong>eervolo</strong></span> <span class='ocrx_word' id='word_1_1094' title='bbox 2309 5099 2488 5160; x_wconf 86' lang='lat' dir='ltr'><strong>facere,</strong></span> <span class='ocrx_word' id='word_1_1095' title='bbox 2507 5101 2590 5150; x_wconf 88' lang='lat' dir='ltr'><strong>vel</strong></span> <span class='ocrx_word' id='word_1_1096' title='bbox 2609 5108 2799 5152; x_wconf 85' lang='lat' dir='ltr'><strong>strenas</strong></span> <span class='ocrx_word' id='word_1_1097' title='bbox 2814 5101 3072 5153; x_wconf 83' lang='lat' dir='ltr'><strong>dfabolicas</strong></span> <span class='ocrx_word' id='word_1_1098' title='bbox 3085 5105 3367 5156; x_wconf 87' lang='lat' dir='ltr'><strong>observare.</strong></span> <span class='ocrx_word' id='word_1_1099' title='bbox 3387 5121 3410 5151; x_wconf 69' lang='grc' dir='ltr'><strong>ι</strong></span> <span class='ocrx_word' id='word_1_1100' title='bbox 3427 5113 3516 5156; x_wconf 82' lang='lat' dir='ltr'><strong>Le-</strong></span> 
     </span>
    </p>
   </div>
   <div class='ocr_carea' id='block_1_147' title="bbox 1941 5159 3508 5228">
    <p class='ocr_par' dir='ltr' id='par_1_147' title="bbox 1941 5159 3508 5228">
     <span class='ocr_line' id='line_1_150' title="bbox 1941 5159 3508 5228; baseline 0.004 -19"><span class='ocrx_word' id='word_1_1101' title='bbox 1941 5162 2154 5228; x_wconf 72' lang='lat' dir='ltr'><strong>gendtuu</strong></span> <span class='ocrx_word' id='word_1_1102' title='bbox 2193 5179 2219 5228; x_wconf 60' lang='grc' dir='ltr'>ε</span> <span class='ocrx_word' id='word_1_1103' title='bbox 2237 5159 2454 5228; x_wconf 70' lang='lat' dir='ltr'><strong>vetulam</strong></span> <span class='ocrx_word' id='word_1_1104' title='bbox 2476 5159 2568 5211; x_wconf 82' lang='lat' dir='ltr'><strong>aut</strong></span> <span class='ocrx_word' id='word_1_1105' title='bbox 2589 5161 2838 5228; x_wconf 78' lang='lat' dir='ltr'><strong>cervulum</strong></span> <span class='ocrx_word' id='word_1_1106' title='bbox 2877 5165 3060 5228; x_wconf 78' lang='lat' dir='ltr'><strong>facere,</strong></span> <span class='ocrx_word' id='word_1_1107' title='bbox 3083 5181 3106 5211; x_wconf 75' lang='lat' dir='ltr'><strong>ii</strong></span> <span class='ocrx_word' id='word_1_1108' title='bbox 3135 5173 3189 5214; x_wconf 91' lang='lat' dir='ltr'><strong>ut</strong></span> <span class='ocrx_word' id='word_1_1109' title='bbox 3209 5167 3258 5228; x_wconf 85' lang='lat' dir='ltr'><strong>in</strong></span> <span class='ocrx_word' id='word_1_1110' title='bbox 3289 5173 3334 5215; x_wconf 92' lang='lat' dir='ltr'><strong>S.</strong></span> <span class='ocrx_word' id='word_1_1111' title='bbox 3376 5167 3508 5228; x_wconf 80' lang='lat' dir='ltr'><strong>Eliin</strong></span> 
     </span>
    </p>
   </div>
   <div class='ocr_carea' id='block_1_148' title="bbox 1941 5221 3510 5292">
    <p class='ocr_par' dir='ltr' id='par_1_148' title="bbox 1941 5221 3510 5292">
     <span class='ocr_line' id='line_1_151' title="bbox 1941 5221 3510 5292; baseline -0.005 -20"><span class='ocrx_word' id='word_1_1112' title='bbox 1941 5221 2062 5292; x_wconf 50' lang='lat' dir='ltr'><strong>Sita,</strong></span> <span class='ocrx_word' id='word_1_1113' title='bbox 2085 5221 2168 5270; x_wconf 91' lang='lat' dir='ltr'><strong>lib.</strong></span> <span class='ocrx_word' id='word_1_1114' title='bbox 2192 5221 2238 5280; x_wconf 76' lang='lat'><strong>2,</strong></span> <span class='ocrx_word' id='word_1_1115' title='bbox 2263 5235 2370 5292; x_wconf 83' lang='lat' dir='ltr'><strong>cap.</strong></span> <span class='ocrx_word' id='word_1_1116' title='bbox 2397 5223 2474 5292; x_wconf 71' lang='grc'><strong>15,</strong></span> <span class='ocrx_word' id='word_1_1117' title='bbox 2497 5237 2586 5292; x_wconf 79' lang='lat' dir='ltr'><strong>seu</strong></span> <span class='ocrx_word' id='word_1_1118' title='bbox 2611 5223 2658 5271; x_wconf 92' lang='lat' dir='ltr'><strong>in</strong></span> <span class='ocrx_word' id='word_1_1119' title='bbox 2681 5231 2886 5292; x_wconf 74' lang='lat' dir='ltr'><strong>tractatu</strong></span> <span class='ocrx_word' id='word_1_1120' title='bbox 2909 5225 2974 5292; x_wconf 82' lang='lat' dir='ltr'><strong>de</strong></span> <span class='ocrx_word' id='word_1_1121' title='bbox 3011 5221 3309 5292; x_wconf 75' lang='lat' dir='ltr'><strong>nectitudine</strong></span> <span class='ocrx_word' id='word_1_1122' title='bbox 3345 5221 3510 5292; x_wconf 47' lang='lat' dir='ltr'><strong>mihi);</strong></span> 
     </span>
    </p>
   </div>
   <div class='ocr_carea' id='block_1_149' title="bbox 1941 5281 3512 5349">
    <p class='ocr_par' dir='ltr' id='par_1_149' title="bbox 1941 5281 3512 5349">
     <span class='ocr_line' id='line_1_152' title="bbox 1941 5281 3512 5349; baseline 0.003 -19"><span class='ocrx_word' id='word_1_1123' title='bbox 1941 5281 2047 5332; x_wconf 65' lang='lat' dir='ltr'><strong>lica:</strong></span> <span class='ocrx_word' id='word_1_1124' title='bbox 2061 5281 2478 5349; x_wconf 72' lang='lat' dir='ltr'><strong>conversationis,</strong></span> <span class='ocrx_word' id='word_1_1125' title='bbox 2500 5284 2613 5349; x_wconf 82' lang='lat' dir='ltr'><strong>vide</strong></span> <span class='ocrx_word' id='word_1_1126' title='bbox 2648 5283 2876 5349; x_wconf 52' lang='lat' dir='ltr'><strong>Halitgar:</strong></span> <span class='ocrx_word' id='word_1_1127' title='bbox 2911 5286 2961 5349; x_wconf 78' lang='lat' dir='ltr'><strong>in</strong></span> <span class='ocrx_word' id='word_1_1128' title='bbox 2997 5289 3251 5338; x_wconf 54' lang='lat' dir='ltr'><strong>Pannitent.</strong></span> <span class='ocrx_word' id='word_1_1129' title='bbox 3298 5299 3402 5349; x_wconf 89' lang='lat' dir='ltr'><strong>cap.</strong></span> <span class='ocrx_word' id='word_1_1130' title='bbox 3447 5287 3512 5349; x_wconf 83' lang='lat'><strong>6;</strong></span> 
     </span>
    </p>
   </div>
   <div class='ocr_carea' id='block_1_150' title="bbox 1943 5341 3512 5410">
    <p class='ocr_par' dir='ltr' id='par_1_150' title="bbox 1943 5341 3512 5410">
     <span class='ocr_line' id='line_1_153' title="bbox 1943 5341 3512 5410; baseline 0.003 -18"><span class='ocrx_word' id='word_1_1131' title='bbox 1943 5343 2198 5410; x_wconf 73' lang='lat' dir='ltr'><strong>Burchard.</strong></span> <span class='ocrx_word' id='word_1_1132' title='bbox 2233 5341 2416 5410; x_wconf 73' lang='lat' dir='ltr'><strong>lib.19_,</strong></span> <span class='ocrx_word' id='word_1_1133' title='bbox 2437 5341 2541 5410; x_wconf 81' lang='lat' dir='ltr'><strong>cap.</strong></span> <span class='ocrx_word' id='word_1_1134' title='bbox 2571 5345 2628 5407; x_wconf 79' lang='lat'><strong>5;</strong></span> <span class='ocrx_word' id='word_1_1135' title='bbox 2653 5352 2707 5396; x_wconf 89' lang='lat' dir='ltr'><strong>et</strong></span> <span class='ocrx_word' id='word_1_1136' title='bbox 2743 5341 2962 5410; x_wconf 73' lang='lat' dir='ltr'><strong>Bonifacii</strong></span> <span class='ocrx_word' id='word_1_1137' title='bbox 3001 5350 3216 5410; x_wconf 83' lang='lat' dir='ltr'><strong>episcopi</strong></span> <span class='ocrx_word' id='word_1_1138' title='bbox 3256 5341 3512 5410; x_wconf 77' lang='lat' dir='ltr'><strong>Mogiiotini</strong></span> 
     </span>
    </p>
   </div>
   <div class='ocr_carea' id='block_1_151' title="bbox 1946 5403 2980 5479">
    <p class='ocr_par' dir='ltr' id='par_1_151' title="bbox 1946 5403 2980 5479">
     <span class='ocr_line' id='line_1_154' title="bbox 1946 5403 2980 5479; baseline 0 0"><span class='ocrx_word' id='word_1_1139' title='bbox 1946 5403 2206 5479; x_wconf 52' lang='lat' dir='ltr'><strong>elisisse</strong></span> <span class='ocrx_word' id='word_1_1140' title='bbox 2223 5403 2284 5479; x_wconf 56' lang='lat' dir='ltr'><strong>se</strong></span> <span class='ocrx_word' id='word_1_1141' title='bbox 2303 5403 2910 5479; x_wconf 55' lang='grc' dir='ltr'><strong>κῆοιιετίῇξιιλέθρεειικφιι-</strong></span> <span class='ocrx_word' id='word_1_1142' title='bbox 2933 5407 2980 5479; x_wconf 75' lang='lat'><strong>6.-</strong></span> 
     </span>
    </p>
   </div>
   <div class='ocr_carea' id='block_1_152' title="bbox 2007 5464 3513 5529">
    <p class='ocr_par' dir='ltr' id='par_1_152' title="bbox 2007 5464 3513 5529">
     <span class='ocr_line' id='line_1_155' title="bbox 2007 5464 3513 5529; baseline 0.002 -16"><span class='ocrx_word' id='word_1_1143' title='bbox 2007 5465 2078 5526; x_wconf 89' lang='lat' dir='ltr'><strong>(a)</strong></span> <span class='ocrx_word' id='word_1_1144' title='bbox 2101 5471 2170 5512; x_wconf 87' lang='lat' dir='ltr'><strong>De</strong></span> <span class='ocrx_word' id='word_1_1145' title='bbox 2191 5464 2284 5529; x_wconf 75' lang='lat' dir='ltr'><strong>hoc</strong></span> <span class='ocrx_word' id='word_1_1146' title='bbox 2299 5465 2506 5529; x_wconf 87' lang='lat' dir='ltr'><strong>solemni</strong></span> <span class='ocrx_word' id='word_1_1147' title='bbox 2513 5464 2702 5529; x_wconf 82' lang='lat' dir='ltr'><strong>jejunio</strong></span> <span class='ocrx_word' id='word_1_1148' title='bbox 2715 5464 2825 5518; x_wconf 85' lang='lat' dir='ltr'><strong>facit</strong></span> <span class='ocrx_word' id='word_1_1149' title='bbox 2844 5464 3141 5529; x_wconf 79' lang='lat' dir='ltr'><strong>mentionem</strong></span> <span class='ocrx_word' id='word_1_1150' title='bbox 3161 5466 3408 5518; x_wconf 84' lang='lat' dir='ltr'><strong>concilium</strong></span> <span class='ocrx_word' id='word_1_1151' title='bbox 3425 5473 3513 5516; x_wconf 86' lang='lat'><strong>1&#39;0-</strong></span> 
     </span>
    </p>
   </div>
   <div class='ocr_carea' id='block_1_153' title="bbox 1943 5524 3512 5590">
    <p class='ocr_par' dir='ltr' id='par_1_153' title="bbox 1943 5524 3512 5590">
     <span class='ocr_line' id='line_1_156' title="bbox 1943 5524 3512 5590; baseline 0.001 -16"><span class='ocrx_word' id='word_1_1152' title='bbox 1943 5524 2162 5590; x_wconf 82' lang='lat' dir='ltr'><strong>letanum</strong></span> <span class='ocrx_word' id='word_1_1153' title='bbox 2201 5526 2250 5584; x_wconf 83' lang='grc'><strong>4,</strong></span> <span class='ocrx_word' id='word_1_1154' title='bbox 2280 5538 2389 5590; x_wconf 84' lang='lat' dir='ltr'><strong>can.</strong></span> <span class='ocrx_word' id='word_1_1155' title='bbox 2425 5524 2594 5590; x_wconf 63' lang='lat' dir='ltr'><strong>ll,&#39;e&#39;t</strong></span> <span class='ocrx_word' id='word_1_1156' title='bbox 2642 5537 2924 5579; x_wconf 80' lang='lat' dir='ltr'><strong>&#39;mronense</strong></span> <span class='ocrx_word' id='word_1_1157' title='bbox 2961 5528 3010 5590; x_wconf 75' lang='lat'><strong>2,</strong></span> <span class='ocrx_word' id='word_1_1158' title='bbox 3045 5541 3152 5590; x_wconf 72' lang='lat' dir='ltr'><strong>can.</strong></span> <span class='ocrx_word' id='word_1_1159' title='bbox 3197 5529 3274 5590; x_wconf 60' lang='grc' dir='ltr'><strong>Γ,</strong></span> <span class='ocrx_word' id='word_1_1160' title='bbox 3314 5535 3512 5590; x_wconf 73' lang='lat' dir='ltr'><strong>Jamque</strong></span> 
     </span>
    </p>
   </div>
   <div class='ocr_carea' id='block_1_154' title="bbox 1945 5585 3512 5648">
    <p class='ocr_par' dir='ltr' id='par_1_154' title="bbox 1945 5585 3512 5648">
     <span class='ocr_line' id='line_1_157' title="bbox 1945 5585 3512 5648; baseline 0 -12"><span class='ocrx_word' id='word_1_1161' title='bbox 1945 5585 2061 5636; x_wconf 88' lang='lat' dir='ltr'><strong>olim</strong></span> <span class='ocrx_word' id='word_1_1162' title='bbox 2094 5589 2390 5648; x_wconf 78' lang='lat' dir='ltr'><strong>Augustinus</strong></span> <span class='ocrx_word' id='word_1_1163' title='bbox 2413 5585 2497 5638; x_wconf 47' lang='lat' dir='ltr'><strong>sic&#39;</strong></span> <span class='ocrx_word' id='word_1_1164' title='bbox 2515 5590 2566 5638; x_wconf 90' lang='lat' dir='ltr'><strong>in</strong></span> <span class='ocrx_word' id='word_1_1165' title='bbox 2587 5603 2814 5640; x_wconf 85' lang='lat' dir='ltr'><strong>sermone</strong></span> <span class='ocrx_word' id='word_1_1166' title='bbox 2837 5590 2944 5648; x_wconf 86' lang='grc'><strong>198,</strong></span> <span class='ocrx_word' id='word_1_1167' title='bbox 2979 5585 3044 5638; x_wconf 88' lang='lat' dir='ltr'><strong>de</strong></span> <span class='ocrx_word' id='word_1_1168' title='bbox 3081 5587 3296 5637; x_wconf 73' lang='lat' dir='ltr'><strong>(‘alendlx</strong></span> <span class='ocrx_word' id='word_1_1169' title='bbox 3337 5585 3512 5636; x_wconf 73' lang='lat' dir='ltr'><strong>Janua-</strong></span> 
     </span>
    </p>
   </div>
   <div class='ocr_carea' id='block_1_155' title="bbox 1947 5646 3514 5758">
    <p class='ocr_par' dir='ltr' id='par_1_155' title="bbox 1947 5646 3514 5758">
     <span class='ocr_line' id='line_1_158' title="bbox 1947 5646 3514 5758; baseline 0.005 -64"><span class='ocrx_word' id='word_1_1170' title='bbox 1947 5646 2306 5758; x_wconf 47' lang='grc' dir='ltr'><strong>ιῗίὲὶιιέορξιιιιω</strong></span> <span class='ocrx_word' id='word_1_1171' title='bbox 2333 5649 2676 5702; x_wconf 81' lang='lat' dir='ltr'><strong>exhortabatur</strong></span> <span class='ocrx_word' id='word_1_1172' title='bbox 2707 5665 2720 5701; x_wconf 88' lang='lat'><strong>:</strong></span> <span class='ocrx_word' id='word_1_1173' title='bbox 2765 5668 2788 5700; x_wconf 79' lang='grc' dir='ltr'>ι</span> <span class='ocrx_word' id='word_1_1174' title='bbox 2809 5646 3106 5702; x_wconf 76' lang='lat' dir='ltr'><strong>inebriantur</strong></span> <span class='ocrx_word' id='word_1_1175' title='bbox 3145 5649 3234 5712; x_wconf 77' lang='lat' dir='ltr'><strong>illi,</strong></span> <span class='ocrx_word' id='word_1_1176' title='bbox 3259 5659 3340 5702; x_wconf 80' lang='lat' dir='ltr'><strong>vo:</strong></span> <span class='ocrx_word' id='word_1_1177' title='bbox 3381 5647 3514 5712; x_wconf 65' lang='lat' dir='ltr'><strong>ieiu-</strong></span> 
     </span>
    </p>
   </div>
  </div>
