4016 6456
516 342 655 397 2007

514 465 628 507 ctor
645 452 915 506 ambarum
934 458 1015 505 est
1034 468 1046 511 ;
1073 463 1226 503 unam
1245 463 1345 519 qua
1362 447 1412 502 in
1431 462 1589 502 carne
1615 445 1900 511 nascimur,
1930 448 2085 501 aliam

516 538 615 592 qua
656 524 705 575 in
739 522 839 574 fide
869 521 1213 592 renascimur.

587 594 639 645 ὅ.
678 593 975 643 Jndworum
1000 599 1045 641 et
1076 587 1307 642 Gentium
1332 588 1593 639 adunatio.
1631 587 1967 641 Exsullemus
2004 602 2089 641 er-

516 678 612 728 go,
644 671 695 713 et
718 659 1066 727 jneundemur
1090 658 1139 711 in
1176 672 1241 728 eo
1274 673 1429 723 quem
1462 658 1626 728 panni
1659 658 2006 719 involverant,
2037 667 2089 711 et

520 726 703 798 Angeli
718 726 1053 783 nuntiabant:
1075 728 1163 796 qui
1183 727 1232 779 in
1256 729 1478 798 [ιι-ξιξερρὶ
1495 726 1937 798 jace_bat,etintra
1951 737 2089 780 astra

519 795 941 866 fulgebatzqnem
967 795 1142 866 regem
1170 797 1564 866 sempiternum,
1590 796 1843 849 Gentibus
1864 795 2091 849 adoran-

518 865 771 930 dum,non
789 865 1099 920 diadematis
1112 865 1435 935 getnma,sed
1449 865 1569 919 ςαξιί
1582 866 1730 919 stella
1744 866 2088 918 monstrabat:

517 939 603 1006 qui
624 937 783 992 ubera
799 937 1036 1003 sugcbat,
1055 946 1108 989 et
1131 936 1383 1006 lactentes
1396 948 1653 1006 martyres
1664 935 1905 1006 faciebat.
1926 938 2095 1006 Agno-

518 1005 727 1061 seamus
741 1007 965 1075 lapidem
982 1005 1366 1074 angularem,in
1381 1020 1483 1071 quo
1496 1005 1599 1075 duo
1612 1006 1839 1071 parietes
1851 1005 1916 1058 de
1928 1005 2095 1057 diver-

518 1090 579 1129 so
597 1073 885 1139 venientes,
906 1090 1039 1128 unus
1051 1073 1116 1128 ex
1130 1074 1530 1127 circumcisione
1544 1073 1569 1127 J
1578 1075 1866 1139 uda‘orum,
1884 1075 2019 1127 alter
2028 1088 2093 1127 ex

520 1146 779 1214 praeputio
808 1145 1110 1209 nationum,
1150 1143 1289 1196 fideli
1330 1144 1514 1197 osculo
1557 1144 1923 1214 copulantur_:
1974 1142 2097 1211 Ipse

520 1211 592 1267 est
618 1211 751 1268 enim
787 1231 889 1284 paa:
915 1223 1113 1284 nostra,
1143 1215 1227 1281 qui
1261 1214 1374 1282 fecit
1408 1222 1616 1284 utraque
1650 1230 1834 1284 unum,
1865 1211 1985 1278 Ipse
2011 1229 2094 1265 ve-

524 1286 686 1349 niens,
716 1282 850 1339 sicut
879 1283 1098 1337 audistis
1127 1298 1221 1351 per
1252 1282 1583 1352 Apostolum,
1614 1283 1965 1352 evaitgelifavit
2004 1299 2095 1351 pa-

521 1370 626 1408 cem
663 1355 740 1424 his
771 1355 856 1424 qui
884 1355 1048 1422 longe,
1078 1362 1123 1405 ct
1151 1368 1321 1422 pacem
1355 1351 1431 1404 his
1464 1352 1548 1424 qui
1579 1351 1750 1420 prope
1777 1354 1792 1414 (
1816 1351 2005 1424 Eplies.
2034 1367 2092 1424 ιι,

523 1425 609 1487 14,
644 1421 980 1493 17).⁷Ρι·ορει“
1007 1421 1158 1475 erant
1202 1429 1473 1493 pastores;
1524 1423 1679 1489 longe
1721 1430 1871 1474 erant
1914 1421 2089 1493 Magi:

526 1490 736 1562 utrique
774 1499 1134 1561 agnoverunt,
1164 1491 1369 1559 utrique
1390 1502 1652 1562 venerunt
1671 1507 1696 1562 ;A
1715 1499 1768 1543 et
1793 1490 2093 1562 secundum

524 1559 710 1616 Isaiam
746 1559 1085 1631 prophetam,
1136 1562 1343 1631 utrique
1385 1561 1435 1613 in
1480 1560 1701 1631 praesepi
1728 1559 1931 1631 cibaria
1968 1573 2093 1631 sua,

528 1628 776 1701 tanquam
805 1628 901 1685 bos
942 1639 995 1684 et
1022 1631 1222 1701 asinus,
1255 1630 1565 1701 invenerunt
1590 1632 1608 1698 (
1629 1629 1755 1701 l_sai.
1793 1645 1835 1693 ι,
1864 1628 1954 1701 5).
1988 1630 2095 1701 llos

524 1698 665 1755 enim
706 1702 925 1770 populos
946 1715 1009 1754 ex
1040 1699 1235 1753 Judaais
1264 1708 1319 1753 et
1354 1700 1608 1754 Gentibus
1634 1698 1876 1770 Christus
1897 1698 2096 1767 gloriﬁ-

524 1780 674 1824 catus
694 1768 995 1838 assumpsit,
1032 1770 1288 1837 primitias
1314 1779 1465 1823 natus
1487 1770 1710 1836 accepit.
1740 1768 1819 1823 Ad
1844 1783 1941 1838 nos
1967 1783 2095 1836 ergo

526 1840 752 1894 maxime
782 1836 937 1909 hujus
963 1836 1066 1894 diei
1096 1840 1322 1908 pertinet
1350 1838 1661 1910 gratulatio,
1700 1839 1788 1908 qui
1816 1854 1879 1892 ex
1913 1836 2094 1892 Genti-

524 1910 621 1963 bus
643 1911 902 1965 venimus.

594 1979 647 2034 6.
701 1979 914 2033 Mnncra
961 1978 1227 2049 Magorum
1276 1978 1505 2047 mystica.
1549 1977 1888 2049 Protuierunt
1924 1975 2092 2045 Magi,

524 2049 734 2116 quando
761 2050 1025 2103 Christum
1057 2048 1666 2111 adoraverunt,‘aurum,
1698 2048 1837 2110 thus,
1860 2055 1913 2116 et
1948 2062 2094 2115 myr-

524 2115 673 2190 rham
702 2118 910 2190 (Matth.
936 2133 993 2181 ll,
1020 2119 1112 2190 Ii)
1142 2131 1370 2190 {aurum
1393 2157 1406 2177 ,
1438 2117 1557 2190 quia
1592 2132 1768 2185 regem
1807 2115 2051 2169 viderunt
2079 2131 2093 2178 ;

526 2188 665 2251 thus,
694 2184 814 2257 quia
846 2188 1012 2241 Deum
1055 2187 1447 2240 intellexerunt.
1489 2184 1864 2254 Cognoverunt
1898 2194 1950 2239 et
1972 2200 2095 2257 car-

526 2273 645 2310 nem
678 2255 985 2326 passuram;
1015 2272 1135 2309 nam
1174 2266 1228 2310 et
1262 2257 1530 2325 myrrham
1568 2258 1897 2323 protulerunt
1920 2255 1985 2308 ad
2008 2270 2097 2309 se-

524 2328 803 2395 pulturam.
843 2327 964 2381 Ηιεε
1004 2326 1075 2379 illi
1107 2326 1395 2380 secundum
1423 2326 1895 2380 considerationem
1924 2339 2092 2395 suam.

525 2394 569 2451 Α
595 2398 745 2451 nobis
770 2408 943 2450 autem
974 2412 1157 2449 aurum
1198 2396 1385 2461 accipit
1411 2437 1425 2459 ,
1461 2395 1506 2448 si
1538 2397 1902 2466 eleemosynas
1933 2394 2093 2466 facia-

524 2482 674 2532 mus;
699 2469 839 2532 thus,
872 2467 917 2520 si
944 2467 1209 2519 orationes
1238 2466 1549 2527 fundamus;
1581 2464 1885 2533 myrrhami
1912 2464 1954 2517 si
2000 2478 2097 2531 pro

523 2536 613 2590 illo
650 2531 955 2610 moriamur.
987 2534 1214 2610 Proinde
1249 2535 1369 2610 quia
1396 2531 1682 2610 Epiphania
1718 2531 2098 2610 manifestatio-

524 2620 643 2659 nem
688 2607 850 2659 verbo
887 2619 1062 2673 grmco
1106 2600 1298 2657 indicat
1328 2603 1522 2673 (latens
1570 2602 1764 2673 quippe
1790 2601 1951 2673 Magis
1996 2600 2095 2673 do-

525 2675 652 2727 mini
685 2669 912 2728 infantia'
928 2673 1263 2738 cupientibus
1291 2671 1513 2723 adorare
1539 2670 1901 2723 manifestatur
1928 2669 2097 2723 indice

526 2744 726 2811 stella),
760 2757 856 2796 nos
895 2742 1033 2794 viam
1081 2740 1325 2809 fulgentis
1352 2739 1638 2811 Evangelii
1682 2752 2001 2807 sequamur,
2044 2748 2098 2811 et

524 2807 706 2865 sancte
756 2812 1035 2865 adoremus
1083 2807 1173 2865 cui
1223 2808 1484 2862 manifesti
1529 2822 1743 2872 sumus;
1783 2816 1841 2860 ut
1885 2807 2096 2875 quando

526 2881 663 2934 Deus
708 2881 980 2935 manifeste
1015 2880 1232 2943 veniet,
1279 2894 1375 2932 nec
1420 2877 1593 2931 infans
1635 2878 1772 2940 erit,
1817 2877 1941 2946 quia
1990 2892 2095 2930 non

521 2950 697 3003 silebit
720 2949 889 3023 (Psal.
920 2966 1061 3015 χιιι,
1090 2950 1144 3020 '5)
1171 2990 1185 3015 ,
1228 2949 1279 3002 in
1310 2949 1527 3003 dextera
1557 2947 1670 3017 ejus
1698 2961 1953 3016 apparere
1984 2962 2096 3001 me-

523 3035 753 3075 reamur.

988 3110 1213 3165 SERMO
1250 3108 1485 3165 cxxxu
1513 3107 1607 3179 ((ι).

952 3208 999 3249 In
1023 3202 1276 3263 Epiphania
1299 3200 1500 3258 Domini,
1526 3215 1558 3248 ιι
1574 3198 1664 3261 (b).

595 3304 645 3357 i.
686 3302 847 3356 Ilodie
875 3304 1097 3371 capulati
1137 3319 1249 3371 eum
1289 3300 1529 3355 Gentibus
1557 3299 1746 3352 Judaei.
1791 3299 1999 3371 Domini
2041 3306 2097 3353 et

520 3372 806 3427 Salvatoris
832 3369 1340 3427 nostriJesuCliristi
1366 3371 1622 3423 adventus
1644 3372 1695 3421 in
1725 3385 1885 3422 carne
1907 3370 1955 3422 in
1981 3370 2095 3438 ipso

524 3442 590 3496 de
617 3442 827 3512 Virgine
853 3442 967 3494 rudi
998 3444 1112 3511 ejus
1139 3451 1324 3512 exortu
1355 3440 1674 3512 manifestari
1701 3438 1957 3512 Gentibus
1981 3455 2091 3494 cm-

520 3514 629 3584 pit,
655 3508 775 3584 cum
808 3512 881 3584 ad
896 3508 1040 3584 reum'
1062 3511 1385 3584 adorandum
1418 3510 1552 3584 Magi
1579 3508 1652 3584 ab
1692 3508 1906 3584 Oriente
1932 3525 2093 3563 vene-

520 3578 661 3636 runt.
707 3582 801 3635 llic
852 3582 965 3635 dies
1010 3580 1427 3635 solemnissimus
1470 3579 1645 3632 debita
1689 3578 1966 3631 sanctitate
2012 3588 2095 3633 est

522 3654 685 3706 factus
729 3652 998 3717 Ecclesim,
1028 3652 1257 3704 maxime
1285 3666 1403 3717 qua:
1436 3650 1603 3701 crevit
1638 3663 1702 3701 ex
1734 3647 2011 3711 Gentibus,
2038 3657 2093 3701 et

522 3722 757 3791 angulari
798 3721 971 3789 lapide
1014 3722 1238 3775 alterum
1277 3720 1527 3791 parietem
1560 3726 1819 3771 structura
1846 3717 2093 3771 uberiore

521 3787 787 3859 compegit
824 3787 928 3842 :'ut
968 3792 1052 3843 ille
1089 3805 1188 3859 pax
1225 3796 1402 3842 nostra
1443 3787 1640 3841 faceret
1668 3796 1887 3859 utraque
1930 3802 2089 3859 unum

552 3856 739 3927 Ephesi
766 3875 821 3924 ιι,
852 3860 963 3925 ili),
993 3874 1056 3912 ex
1085 3856 1479 3911 circumcisione
1499 3866 1552 3910 et
1580 3857 1834 3925 praeputio
1859 3856 2093 3909 condens

570 3926 835 3982 celesiam.
866 3927 1016 3981 Unde
1048 3937 1100 3981 et
1129 3927 1259 3993 lapis
1300 3926 1565 3993 angularis
1603 3927 1771 3978 dictus
1810 3935 1924 3988 est,
1979 3934 2094 3978 tan-

524 4012 680 4067 quam
708 3998 758 4049 in
781 4011 837 4050 se
863 3997 1116 4067 copulatis
1135 4011 1198 4049 ex
1225 3996 1527 4047 diversitate
1544 3996 1841 4067 fenientes,
1870 4002 1927 4046 ut
1948 4009 2093 4067 com-

524 4063 753 4120 mutarct
781 4063 1031 4132 utrosque
1056 4066 1108 4117 in
1149 4079 1254 4117 uno
1291 4078 1512 4131 corpore
1544 4064 1672 4128 Deo,
1701 4065 1835 4116 sicut
1863 4063 2091 4130 prophe-

522 4136 622 4190 tica
647 4144 701 4189 et
724 4136 1021 4203 evangelica
1047 4143 1099 4187 et
1124 4133 1407 4201 apostolica
1438 4133 1673 4185 doctrina
1699 4142 1933 4186 testatur.
1958 4133 2092 4187 Nato

519 4205 695 4274 itaque
733 4206 954 4259 Domino
987 4221 1051 4259 ex
1086 4203 1299 4271 Virgine
1328 4244 1342 4268 ,
1393 4218 1548 4274 quem
1599 4203 1749 4274 diem
1789 4203 2091 4274 nuperrime

518 4271 915 4335 celebravimus,
936 4283 1175 4343 pastores
1197 4272 1449 4343 admoniti
1475 4272 1547 4343 ab
1574 4272 1784 4343 Angelis
1801 4271 2088 4324 seettndum

521 4344 716 4399 Lucam
738 4341 1121 4413 evangelistam
1147 4343 1211 4395 ad
1240 4341 1450 4395 infantis
1474 4342 1628 4413 Verbi
1661 4356 1897 4413 praesepe
1927 4356 2090 4413 vene-

519 4425 643 4469 runt
690 4412 844 4484 (Luc.
878 4411 931 4477 ιί,
967 4413 1057 4484 9);
1093 4421 1329 4481 pastores
1365 4419 1538 4464 autem
1580 4411 1651 4484 illi
1690 4411 1939 4484 Israelita;
1977 4411 2090 4463 fue-

519 4493 643 4538 runt
667 4501 678 4535 :
699 4479 827 4537 cccc
845 4479 1189 4552 prmsignatus
1218 4490 1298 4535 est
1327 4495 1461 4534 unus
1482 4480 1672 4547 paries,
1679 4480 1757 4552 _ad
1785 4479 2089 4552 angularem

518 4555 745 4623 lapidem
776 4548 1268 4623 decircuincisione
1298 4564 1629 4623 percunrens.
1679 4548 1875 4623 Paucis
1904 4548 2092 4603 diebus

518 4618 642 4679 inde
686 4624 985 4682 transactis.
1018 4621 1172 4674 hodie
1204 4620 1335 4690 Magi
1361 4619 1427 4672 ab
1455 4619 1667 4690 Oriente
1710 4618 1921 4671 venisse
1949 4634 2091 4690 fcre-

516 4694 731 4756 duntur,
776 4702 830 4748 et
876 4693 1015 4746 illius
1063 4690 1262 4759 parvuli
1296 4688 1712 4757 magnitudinem
1740 4689 2049 4759 cognovisse
2074 4729 2087 4751 ,

513 4779 650 4833 quos
692 4764 967 4818 Matthznus
1006 4756 1324 4833 evangelista
1369 4756 1749 4833 commemorat
1788 4756 1995 4833 (Matt/tn.
2031 4774 2085 4822 ιι,

518 4827 695 4905 1⁷42).
751 4835 887 4888 Ecce
930 4833 1065 4885 alius
1105 4827 1296 4905 paries
1316 4845 1380 4882 ex
1428 4827 2091 4905 prmputiihdesperaitione

514 4896 838 4957 concurrens
874 4917 975 4956 nos
1012 4896 1223 4970 proprie
1269 4899 1541 4968 figuravit,
1583 4907 1638 4952 et
1662 4897 1802 4951 diem
1830 4896 1982 4950 nobis
2017 4897 2091 4950 fe-

515 4981 653 5025 stum
685 4972 924 5026 familiari
956 4969 1130 5024 lm’titia
1160 4969 1462 5038 geminavit.

584 5041 639 5093 ‘2.
674 5041 833 5115 Stella
865 5052 981 5115 ante
1029 5033 1280 5115 bienn'inm
1316 5039 1572 5115 apparuit.
1620 5035 1752 5115 Qnid
1800 5033 2089 5115 Magostad

515 5112 832 5165 adorandum
878 5110 1149 5162 induxerit.
1195 5108 1248 5161 ln
1279 5111 1414 5161 ccelo
1433 5107 1573 5161 enim
1600 5106 1839 5158 videntes
1865 5106 2086 5172 ignotis-

513 5183 703 5234 simam
726 5180 955 5241 stellam,
986 5193 1087 5232 non
1112 5187 1234 5232 ante
1259 5192 1452 5245 paucos
1478 5176 1611 5239 dies,
1643 5174 1735 5227 sed
1765 5184 1887 5226 ante
1922 5175 2088 5245 ferme

515 5249 807 5311 biennium,
831 5248 967 5301 sicut
1001 5244 1281 5313 inquirenti
1315 5246 1505 5299 Herodi
1536 5246 1897 5313 patefecerunt
1925 5244 2086 5310 (unde

516 5338 547 5374 (ι
577 5320 763 5374 bimam
785 5328 830 5371 et
857 5318 994 5387 infra
1022 5317 1202 5369 occidit
1238 5319 1455 5386 infantes
1485 5314 1758 5369 secundant
1785 5322 1997 5384 tempus,
2032 5322 2083 5366 ut

594 5472 812 5537 (Iulias,
835 5469 899 5520 de
921 5477 1157 5537 Ῑυωροτθ
1180 5466 1295 5537 55-.
1512 5522 1541 5537 ..
1632 5530 1643 5537 .
1752 5530 1783 5537 _
1986 5524 1994 5535 .

594 5474 647 5535 α)
672 5474 812 5530 Alias,
835 5474 899 5520 de
921 5477 1157 5542 Tempore
1180 5474 1256 5514 55.
1285 5528 1295 5537 _
1857 5523 1867 5534 ο
1969 5524 1994 5545 ,1

574 5474 648 5594 Eb)
673 5540 721 5581 tu
745 5530 1018 5595 Appendtce
1057 5540 1183 5576 nunc
1227 5522 2085 5595 primumeoilocaturqmbius'xide-

512 5583 1042 5643 baturtovan'iensihus
1066 5602 1077 5637 :
1105 5595 1155 5636 at
1185 5583 1374 5635 verlino
1396 5592 1449 5633 et
1472 5585 1703 5645 vindingo
1726 5583 1889 5637 falsus,
1916 5585 2084 5631 iisdem

515 5654 695 5703 scilicet
728 5654 912 5704 indiciis
935 5659 985 5701 et
1009 5648 1322 5712 argumentis,
1363 5646 1539 5708 quibus
1574 5647 1788 5705 rejectus
1828 5652 1902 5695 est
1926 5657 2086 5693 sermo

510 5721 744 5775 superior.

1949 334 2307 393 APPENDIX.

3627 319 3780 377 2008

2195 446 2450 522 scriptum
2471 454 2575 522 est,
2596 447 2731 517 quod
2756 449 3045 522 inquisierat
3074 467 3105 503 a
3138 451 3360 522 Magis);
3391 452 3527 509 hanc
3554 454 3780 507 stellam

2195 517 2331 569 sicut
2360 518 2687 588 intelligitur,
2729 517 2990 581 admirati,
3021 522 3171 588 cujus
3198 517 3357 576 etiam
3386 534 3549 587 esset,
3570 539 3775 579 conse-

2194 587 2372 707 quenti
2415 588 2735 642 revelatione
2779 604 2935 643 nosse
2969 587 3309 656 meruerunt,
3342 594 3481 661 regis
3522 594 3779 649 videlicet

2228 656 2494 707 udzeorum
2525 675 2537 707 :
2564 673 2733 707 eouue
2757 668 2880 707 nato
2908 675 3027 707 cum
3054 671 3105 707 et
3132 660 3230 707 hoc
3252 662 3364 707 eius
3385 663 3549 707 gratia
3572 679 3779 707 rmnn-

2228 656 2537 732 ud:eorum_:
2564 673 2733 724 eoque
2757 668 2880 732 nato
2908 675 3027 732 eum
3054 671 3105 713 et
3132 660 3230 732 hoc
3252 662 3364 729 ejus
3385 656 3551 731 gratia
3572 679 3787 732 cogno-

2196 726 2511 800 vissent_._ad
2550 741 2669 800 eum
2709 728 3033 800 adorandum
3076 731 3231 785 hodie
3264 726 3546 787 occurrere
3586 726 3784 800 patue-

2197 804 2337 868 runt.
2392 795 2504 868 Non
2552 797 2732 864 utique
2776 799 2883 867 regi
2922 798 3221 852 Judmorum
3247 840 3261 862 ,
3302 801 3486 868 quales
3532 795 3617 855 alii
3649 818 3783 857 esse

2197 864 2455 940 solebant,
2484 865 2621 940 hunc
2648 875 2751 940 tam
2784 864 3027 933 magnum
3063 864 3605 940 honorem-longinqui
3636 873 3785 926 alie-

2198 933 2403 1006 nigena:
2441 936 2616 1006 etab
2649 936 2836 989 eodem
2892 952 3056 1004 regno
3102 952 3317 1006 prorsus
3361 933 3595 994 extranei
3640 956 3669 993 ιι
3712 956 3784 997 ιο

2197 1001 2376 1057 deberi
2408 1005 2823 1069 arbitrabantur;
2857 1001 3144 1060 sed-talem
3188 1018 3367 1061 natum
3411 1024 3533 1063 esse
3572 1010 3785 1064 didice-

2199 1082 2355 1146 [ant,
2406 1074 2456 1126 in
2502 1090 2606 1143 quo
2644 1075 2914 1128 adomndo
2960 1076 3278 1146 sesalutem
3318 1093 3438 1146 qua:
3477 1081 3780 1135 secundum

2203 1141 2364 1216 Deum
2400 1152 2480 1195 est
2498 1141 2532 1206 ,⁷
2559 1145 3194 1216 consecuturosminime
3236 1141 3555 1201 dubitarent.
3588 1149 3783 1216 Neque

2200 1211 2338 1263 enim
2368 1220 2495 1284 tetas
2528 1220 2644 1284 erat
2670 1214 2855 1284 saltem
2883 1214 2965 1268 cui
2986 1214 3218 1284 adulatio
3250 1216 3477 1270 humana
3517 1211 3781 1284 serviret;

2200 1294 2305 1332 non
2344 1282 2442 1333 sub
2471 1282 2669 1357 poplite
2707 1283 2835 1357 sella
2861 1283 3086 1357 regalis,
3114 1300 3217 1357 non
3256 1286 3323 1357 de
3365 1288 3615 1341 membris
3652 1282 3785 1357 pur;

2200 1363 2329 1471 pura
2350 1392 2365 1413 ,
2398 1365 2501 1403 non
2532 1352 2601 1405 de
2629 1353 2800 1419 capite
2844 1352 3083 1405 diadema
3130 1354 3359 1424 fulgebat
3394 1376 3408 1407 :
3438 1371 3543 1409 non
3576 1352 3781 1426 pompa

2221 1420 2561 1471 amulantium
2584 1461 2599 1471 .
2630 1436 2732 1471 non
2764 1432 2934 1471 terror
2958 1424 3223 1471 exercitus
3243 1466 3257 1471 _
3289 1440 3393 1471 non
3422 1426 3781 1471 alurinsnrmn

2221 1420 2561 1494 amulantium
2584 1461 2599 1485 ,
2630 1436 2732 1494 non
2764 1432 2934 1494 terror
2958 1420 3229 1477 exercitus
3243 1466 3258 1490 ,
3289 1440 3393 1477 non
3422 1420 3783 1494 gloriosorum

2200 1486 2336 1540 fama
2368 1491 2664 1557 prteliorum
2697 1489 2795 1543 hos
2822 1492 2886 1544 ad
2916 1506 3036 1545 eum
3062 1494 3207 1547 viros
3244 1486 3309 1546 ex
3354 1486 3573 1549 remotis
3615 1499 3783 1551 terris

2198 1572 2319 1611 cum
2358 1568 2501 1629 tanto
2528 1569 2653 1613 voto
2682 1560 3080 1629 supplicationis
3121 1571 3428 1616 attraxerat.
3469 1564 3683 1619 Jaeebat
3722 1568 3783 1620 in

2200 1628 2421 1699 prsesepi
2450 1645 2579 1697 puer
2607 1628 2759 1683 ortus
2785 1628 2989 1692 recens,
3019 1631 3239 1699 exiguus
3264 1647 3509 1699 corpore,
3535 1645 3783 1689 contem-

2200 1697 2398 1763 ptibilis
2428 1709 2776 1769 paupertate:
2809 1699 2901 1753 sed
2939 1697 3183 1767 magnum
3231 1697 3429 1769 aliquid
3479 1697 3674 1756 latebat
3722 1706 3780 1758 in

2200 1780 2381 1833 parvo,
2411 1768 2549 1836 quod
2580 1769 2652 1821 illi
2682 1768 2921 1824 homines
2952 1771 3194 1835 primitize
3222 1768 3469 1824 Gentium
3497 1788 3601 1825 non
3633 1782 3781 1828 terra

2201 1845 2463 1910 portante,
2494 1836 2587 1890 sed
2613 1838 2748 1892 caelo
2778 1848 3024 1910 narrante
3058 1839 3372 1910 didicerant,
3404 1840 3469 1894 ad
3496 1842 3634 1910 quod
3664 1853 3779 1896 tam

2198 1919 2265 1957 ex
2293 1905 2575 1978 longinquo
2597 1916 2701 1959 tam
2726 1908 2991 1975 supplices
3011 1909 3312 1973 veniebant,
3343 1911 3483 1978 quod
3516 1905 3780 1966 intuendo

2200 1987 2307 2046 non
2334 1975 2600 2046 videbant,
2631 1985 2686 2030 et
2714 1979 3004 2044 promereri
3034 1978 3302 2031 adorando
3327 1975 3626 2046 cupiebant.
3660 1981 3783 2036 Re-

2199 2043 2318 2111 gina
2363 2044 2571 2112 quidem
2619 2043 2795 2099 AuStri
2835 2057 3053 2101 venerat
3094 2063 3123 2100 a
3153 2047 3345 2101 finibus
3390 2043 3546 2103 terra:
3586 2052 3783 2107 audire

2199 2112 2509 2186 sapientiam
2531 2113 2861 2169 Salomonis:
2884 2132 2978 2169 nec
3001 2118 3087 2170 illa
3113 2118 3261 2185 regni
3284 2118 3399 2186 ejus
3423 2120 3775 2185 sublimitate,

2200 2182 2291 2234 sed
2325 2185 2515 2268 nientis
2542 2185 2947 2268 Iucecommota
2976 2200 3056 2268 est
3088 2182 3340 2268 (Illyieg'.
3374 2204 3427 2253 χ,
3461 2190 3523 2268 ιξ
3577 2182 3774 2268 Matth;

2201 2266 2293 2315 xu,
2320 2252 2431 2323 42).
2469 2255 2836 2309 Verumtamen
2878 2257 3047 2311 inerat
3095 2252 3145 2309 in
3183 2252 3465 2311 Salomone
3492 2258 3731 2311 doctrina
3763 2301 3781 2321 ,

2199 2337 2317 2442 quae
2344 2325 2519 2377 verbis
2547 2324 2661 2393 ejus
2700 2326 3002 2393 longissime
3026 2341 3087 2379 ac
3114 2327 3367 2381 latissime
3395 2327 3676 2381 diffamatis
3702 2330 3780 2383 ad

2241 2392 2505 2442 iscendum
2538 2395 2705 2442 noluit
2731 2396 2991 2442 studiosos
3008 2396 3213 2442 animos
3239 2398 3471 2442 excitare
3503 2415 3515 2442 :
3548 2399 3780 2442 nrnimla.

2241 2392 2505 2466 iscenduin
2538 2395 2705 2460 potuit
2731 2392 2991 2466 studiosos
3008 2396 3213 2466 animos
3239 2398 3471 2450 excitare
3503 2415 3515 2448 :
3548 2399 3785 2466 proinde

2202 2459 2287 2512 illa
2319 2476 2421 2536 non
2469 2459 2717 2517 latentem
2748 2465 2911 2516 Deum
2933 2465 3070 2536 ,qsed
3095 2466 3410 2536 _loquc_ntcm
3457 2459 3726 2519 hominem
3764 2507 3789 2536 ,

2202 2542 2305 2579 non
2349 2529 2571 2603 adorare
2604 2541 2853 2603 venerat,
2883 2534 2974 2603 sed
3005 2529 3207 2587 audire.
3240 2534 3333 2588 Hic
3362 2544 3535 2587 autem
3560 2538 3647 2603 qui
3680 2529 3790 2589 do:-

2200 2606 2418 2668 naverat
2446 2598 2588 2653 illam
2619 2602 2928 2668 sapientiam
2953 2602 3219 2656 Salonioni
3243 2644 3258 2666 ,
3300 2613 3352 2656 et
3378 2614 3488 2657 erat
3519 2598 3685 2658 virtus
3713 2622 3789 2661 ac

2202 2666 2458 2742 sapientia
2490 2669 2581 2721 Dei
2603 2710 2619 2734 ,
2652 2666 2954 2742 infirmitate
2979 2672 3154 2742 carnis
3185 2672 3427 2737 indutus,
3464 2673 3636 2726 adhuc
3682 2691 3789 2742 per

2199 2736 2439 2803 pusillam
2456 2745 2679 2809 _a:tatem
2710 2741 2915 2809 tacebat
2943 2741 2994 2791 in
3025 2740 3207 2809 terris,
3236 2736 3341 2806 jam
3374 2755 3467 2808 per
3493 2736 3785 2809 amplissi-

2200 2817 2339 2857 mam
2365 2805 2691 2872 majestatem
2719 2808 2951 2860 clarebat
2981 2809 2998 2838 ³
3034 2808 3083 2859 in
3113 2805 3283 2861 cadis.

2270 2873 2323 2943 τι.
2356 2872 2658 2943 Detestanda
2684 2874 2903 2929 Herodis
2926 2875 3212 2935 crudelitas,
3240 2877 3329 2928 sed
3350 2877 3505 2943 magis
3529 2878 3781 2935 miranda

2198 2942 2408 3013 ntultitia
2433 2942 2748 2997 Judworam.
2778 2945 2912 3009 Quid
2958 2946 3111 2997 times
3136 2986 3149 3008 ,
3186 2942 3458 2999 Herodes?
3488 2947 3610 3013 quid
3654 2943 3790 3003 ina-

2199 3010 2338 3079 ligna
2371 3022 2545 3065 mente
2574 3014 2839 3067 turbaris?
2872 3016 2925 3069 Si
2966 3016 3185 3068 salutem
3234 3024 3374 3068 tuam
3422 3010 3597 3084 sapias
3622 3058 3636 3080 ,
3688 3020 3791 3074 ille

2199 3093 2351 3133 natus
2380 3092 2461 3135 est
2487 3098 2579 3149 per
2602 3099 2757 3152 quem
2789 3100 3010 3152 regnum
3056 3084 3147 3136 Dei
3192 3085 3390 3147 videas,
3440 3100 3544 3137 non
3574 3089 3655 3139 cui
3686 3105 3786 3142 re-

2196 3164 2357 3222 gnum
2390 3152 2658 3222 hominum
2691 3154 2944 3206 invideas.
2992 3153 3127 3218 Quid
3172 3155 3362 3206 saevis?
3409 3155 3530 3222 quid
3571 3158 3783 3213 occidis

2198 3219 2592 3295 infantesiquid
2615 3230 2823 3295 tetatem
2841 3224 3104 3295 innoxiam
3131 3224 3322 3276 noxius
3351 3219 3506 3276 noxio
3528 3225 3700 3293 gladio
3727 3231 3779 3293 ’,

2196 3289 2506 3360 insectaris?
2533 3292 2571 3343 Α
2603 3291 2777 3360 gladio
2797 3289 2934 3360 regis
2962 3293 3115 3359 hujus
3136 3308 3291 3345 nemo
3312 3295 3412 3345 erit
3431 3289 3776 3360 crudelitate,

2196 3359 2289 3430 sed
2322 3360 2513 3426 pietate
2555 3374 2791 3414 securus.
2838 3359 3153 3415 Detestanda
3196 3377 3320 3430 ergo
3368 3365 3505 3425 regis
3548 3359 3783 3420 Herodis

2198 3427 2398 3482 insania
2449 3445 2463 3483 :
2513 3430 2605 3483 sed
2656 3432 2819 3498 magis
2865 3431 3101 3484 miranda
3148 3427 3362 3484 stultitia
3416 3433 3715 3487 Judmorunt
3757 3478 3775 3499 ,

2198 3509 2413 3566 propter
2435 3514 2568 3567 quos
2590 3500 2903 3567 judicandos
2926 3500 3271 3568 dispositione
3298 3502 3473 3555 divina
3504 3516 3563 3556 se
3583 3518 3611 3555 a
3633 3518 3772 3556 con-

2197 3578 2377 3639 spectu
2411 3568 2676 3639 Magorum
2702 3569 2970 3622 Christum
2990 3572 3337 3638 quatrentium
3372 3586 3651 3639 parumper
3675 3574 3767 3626 illa

2195 3638 2655 3710 stellansubtranit.
2689 3641 2940 3707 Apparuit
2986 3654 3234 3710 namque,
3278 3648 3333 3710 ut
3363 3640 3535 3693 locum
3562 3638 3628 3694 in
3660 3657 3774 3710 quo

2196 3720 2327 3773 puer
2352 3705 2536 3768 fuerat,
2556 3705 2964 3761 demonstraret.
2986 3705 3198 3762 Poterat
3222 3709 3403 3776 utique
3429 3710 3582 3763 index
3610 3705 3775 3765 etiam

2194 3776 2419 3828 civitatis
2435 3776 2681 3838 existere;
2702 3778 2792 3830 sed
2811 3778 2948 3846 quod
2967 3778 3015 3829 in
3033 3778 3335 3832 Bethlehcm
3358 3779 3508 3831 Judrc
3529 3780 3776 3833 Christus
3822 3830 3826 3833 .

2196 3856 2521 3918 nasceretur,
2554 3847 2620 3900 de
2649 3846 2820 3901 Libris
2849 3851 3046 3918 sanctis
3093 3848 3395 3918 interrogati
3426 3849 3590 3902 Judaei
3638 3865 3773 3918 pro-

2196 3913 2335 3985 ferre
2356 3915 2678 3985 debuerunt,
2712 3917 2879 3984 parati
2905 3916 2968 3969 ad
3000 3913 3317 3985 legendum,
3358 3919 3483 3971 (δωοὶ
3514 3918 3577 3970 ad
3609 3913 3773 3972 intel-

2196 3983 2480 4051 ligendum,
2505 3986 2623 4037 duri
2643 3983 3073 4039 adcredenduml
3104 3987 3210 4039 llos
3236 4002 3363 4055 ergo
3390 3989 3550 4041 etiam
3582 4004 3677 4040 nos
3715 3991 3773 4043 in

2194 4062 2454 4125 vetustate
2500 4055 2688 4125 litterae
2736 4055 3097 4125 dimittamus,
3150 4065 3204 4109 et
3252 4071 3318 4110 ex
3369 4072 3551 4109 eorum
3600 4057 3773 4125 adjuti

2194 4122 2466 4176 codicibus
2485 4164 2499 4185 ,
2528 4124 2851 4178 adorandum
2892 4125 3161 4179 Christum
3182 4140 3299 4179 cum
3323 4128 3436 4179 istis
3456 4122 3773 4197 alienigenis

2194 4206 2563 4261 agnoscamus.

2657 4304 2883 4361 SERMO
2919 4304 3181 4359 CXXXIII
3215 4306 3310 4375 (α).

2613 4402 2665 4445 In
2685 4397 2937 4458 Epiphania
2960 4398 3161 4451 Domini,
3185 4413 3232 4445 ιιι
3258 4396 3346 4459 (b).

2271 4477 2316 4528 I.
2343 4478 2685 4531 Solemnitatis
2700 4496 2852 4532 causa
2864 4490 2907 4531 et
2924 4481 3071 4531 ratio.
3086 4478 3329 4545 Causam,
3344 4480 3696 4544 dilectissimi,
3714 4492 3771 4539 et

2195 4547 2453 4620 rationem
2485 4549 2831 4620 solemnitatis
2844 4548 3133 4620 hodierna,
3153 4564 3293 4617 saepe
3308 4552 3456 4604 vobis
3469 4562 3519 4605 et
3537 4568 3767 4620 evange-

2195 4615 2293 4669 lica
2335 4617 2586 4681 narratio,
2619 4627 2686 4689 et,
2711 4619 3060 4671 observantia:
3104 4615 3430 4674 consuetudo
3480 4615 3765 4689 patefecit:

2195 4700 2293 4755 nec
2322 4700 2540 4739 necesse
2566 4696 2646 4740 est
2677 4688 2743 4739 ita
2779 4702 2913 4740 nunc
2943 4704 3059 4755 qua:
3101 4689 3239 4741 inter
3278 4688 3564 4744 Salvatdris
3600 4693 3765 4744 nostri

2194 4752 2421 4828 humana
2454 4756 2737 4828 primordia
2754 4767 2886 4828 sunt
2915 4752 3097 4828 gesta,
3139 4759 3383 4825 rcplicari
3410 4769 3470 4813 ut
3492 4760 3557 4812 de
3583 4762 3766 4828 splen-

2192 4823 2323 4896 dore
2353 4828 2472 4896 novi
2499 4824 2708 4896 sideris,
2733 4826 2798 4879 de
2820 4823 3001 4896 Magis,
3026 4823 3400 4896 Magorumque
3436 4823 3761 4895 muneribus,

2192 4892 2259 4945 de
2287 4893 2486 4945 saevitia
2526 4894 2770 4955 Herodis,
2797 4905 2849 4947 et
2875 4894 2940 4948 de
2966 4892 3329 4951 interfemioné
3352 4898 3624 4951 infantium
3652 4892 3764 4952 dis;

2192 4976 2461 5036 seramus;
2490 4965 3011 5036 cum,»_sicutnnostis,
3047 4975 3102 5036 et
3141 4966 3387 5036 inistellre
3435 4969 3633 5036 fulgore
3674 4969 3766 5022 Dei

2191 5032 2381 5110 gratia,
2414 5041 2468 5085 et
2495 5033 2745 5110 tribtis
2774 5033 2900 5086 viris
2938 5035 3142 5087 vocatio
3179 5034 3455 5110 Gentium,
3485 5032 3539 5090 et
3564 5039 3613 5110 in
3642 5054 3767 5110 rege

2193 5101 2354 5171 impio
2382 5101 2667 5155 crudelitas
2694 5103 3024 5171 Paganorum
3050 5142 3064 5167 ,
3108 5113 3161 5157 et
3200 5105 3251 5156 in
3293 5106 3559 5159 occisione
3591 5101 3764 5159 infan-

2194 5169 2342 5242 tium,
2363 5180 2678 5242 cunctorum
2718 5169 3008 5241 martyrum
3057 5172 3224 5225 forma
3267 5176 3622 5242 praecesserit.
3653 5176 3760 5229 Sed

2191 5240 2309 5305 quia
2360 5241 2410 5292 in
2456 5242 2821 5311 sacratissimo?
2862 5240 2949 5294 die
3002 5240 3327 5295 reddendum
3378 5246 3669 5311 exspectati
3694 5244 3761 5296 ini

2191 5318 2381 5363 vestra:
2410 5321 2491 5362 est
2516 5310 2857 5365 sacerdotalis
2886 5313 3147 5365 sermonis
3172 5312 3428 5379 officium,
3449 5310 3680 5367 nitamur
3706 5325 3764 5371 ut

2254 5463 2270 5493 ι
2296 5466 2361 5508 tta
2383 5467 2491 5510 Mss.
2517 5474 2705 5510 omnes.
2730 5468 2785 5511 At
2809 5460 2951 5521 editi,
2973 5462 3226 5512 curitabat.

2254 5522 2274 5586 ξ
2298 5527 2349 5586 ιιι
2370 5529 2473 5586 inss.
2499 5522 2678 5586 desunt
2700 5534 2863 5580 voces,
2888 5524 3030 5586 noxio
3045 5523 3224 5586 gladio.

2254 5582 2327 5647 (ᾳ)
2349 5581 2486 5637 olim,
2510 5582 2836 5647 den'rempore
2860 5584 2947 5647 55;
2975 5581 3172 5647 etpost,
3200 5586 3249 5633 in
3275 5585 3543 5647 Appendice
3560 5585 3635 5634 28.

2255 5640 2324 5701 (ὁ)
2348 5648 2426 5712 Fs}
2446 5644 2616 5690 Leonis
2784 5643 2847 5712 de
2873 5640 3124 5712 Epipliahia
3147 5640 3326 5696 Domini
3342 5640 3557 5707 bcmvus,
3572 5649 3765 5712 ipsique

2196 5704 2246 5752 in
2267 5704 2488 5753 omnibus
2512 5705 2843 5766 manuscriptis
2875 5706 3115 5754 tribuitur.
