4016 6452
249 347 402 404 2009

173 511 186 516 -
253 467 543 535 possumus
565 464 842 535 adjuvantc
869 463 1068 534 Spiritu
1101 461 1212 526 Dei,
1241 469 1296 518 et
1335 475 1430 532 per
1457 461 1817 530 intelligentia:

251 535 799 616 semitas_pe_rveuire
826 577 842 598 ,
897 543 954 616 u_t
999 546 1380 616 cognoscamus
1435 541 1822 614 sacramentum

255 603 538 672 praesentis
572 606 686 659 festi
715 605 780 658 ad
801 605 1032 658 omnium
1058 603 1286 656 lidelium
1318 612 1550 672 tempora
1587 603 1822 672 pertine-

253 671 354 738 re;
381 691 474 730 nec
495 675 598 728 ullo
620 674 777 728 modo
801 673 1054 727 habeatur
1073 673 1358 736 insolitum,
1381 671 1520 741 quod
1541 671 1592 724 in
1610 671 1822 742 dispen-

251 745 520 798 sationnm
546 745 730 797 ordine
757 743 1006 796 adoratur
1028 744 1318 811 antiquum.

345 813 400 866 2.
449 813 819 866 Incarnationis
862 813 1142 864 necessitas.
1188 811 1437 878 Quamvis
1475 823 1600 879 ergo
1648 811 1821 862 omnis

251 883 432 936 anima
458 883 742 938 christiana
771 881 898 934 nihil
926 881 1191 950 indignum
1230 879 1420 950 debeat
1447 881 1462 910 ¹
1485 879 1551 933 de
1580 879 1694 950 Filii
1729 879 1818 932 Dei

252 952 534 1020 majestate
559 952 753 1006 sentire
773 992 788 1016 ,
819 959 873 1006 et
901 947 1222 1004 transcensis
1246 947 1694 1020 incipientisgﬁdei
1727 963 1816 1000 ru-

250 1017 526 1090 dimentis,
558 1029 798 1090 oporteat
826 1035 1250 1090 unumquemque
1270 1017 1336 1090 ad
1363 1018 1667 1090 sublimiora
1699 1031 1818 1090 pro-

253 1089 454 1155 ﬁcere;
497 1087 712 1144 necesse
751 1099 833 1143 est
877 1087 1048 1142 tamen
1095 1087 1448 1140 infirmitatem
1503 1087 1693 1140 mentis
1723 1087 1818 1138 hu-

251 1174 462 1224 manas,
506 1160 630 1212 dum
675 1174 854 1213 verum
885 1157 1154 1212 hominem
1197 1157 1386 1222 accipit
1429 1156 1716 1218 Christum,
1749 1155 1816 1210 de

251 1229 368 1295 ipsa
401 1240 598 1284 naturae
637 1237 830 1281 nostra:
871 1227 1240 1280 communione
1265 1225 1576 1295 trepidare,
1630 1233 1684 1278 et
1725 1241 1817 1292 per

251 1294 402 1350 initia
443 1297 524 1351 vel
569 1297 892 1350 incrementa
933 1310 1184 1364 corporea
1212 1294 1274 1348 ad
1301 1296 1618 1364 agnitionem
1661 1295 1814 1364 unius

248 1380 374 1420 cum
428 1367 582 1420 Patre
639 1366 848 1420 deitatis
906 1361 1189 1418 difﬁculter
1249 1361 1520 1418 accedere.
1574 1361 1678 1416 Sed
1729 1364 1812 1416 ubi

249 1437 393 1506 inter
418 1436 704 1506 caligantes
727 1436 1070 1506 cogitationes
1095 1433 1270 1488 radius
1300 1447 1542 1506 supernae
1571 1433 1700 1506 lucis
1725 1447 1813 1506 re-

249 1504 496 1570 ΐιιΙει-ιίι,
528 1503 837 1558 cunctantis
889 1503 1010 1557 ﬁdei
1053 1515 1228 1556 moras
1278 1503 1526 1570 splendor
1581 1503 1812 1557 veritatis

245 1574 530 1642 abrumpat
558 1591 569 1624 :
603 1585 660 1626 ut
688 1589 779 1627 cor
808 1574 1027 1626 liberum
1049 1582 1102 1626 et
1121 1570 1809 1642 a7visibilibnsabsolutum,

247 1639 454 1696 lumen'
476 1643 833 1712 intelligentia:
865 1653 1108 1712 tanquam
1141 1641 1328 1712 ducem
1370 1639 1576 1712 stellam
1602 1655 1810 1712 "sequa-

248 1721 370 1776 tur;
399 1713 540 1782 quia,
569 1709 1012 1782 sicutgApostolus
1040 1713 1131 1782 ait,
1152 1709 1394 1782 Dominus
1416 1709 1570 1782 _J_esus
1590 1709 1811 1763 Christus

243 1781 300 1834 in
344 1779 506 1850 gloria
555 1781 646 1833 Dei
699 1780 885 1850 Patris
912 1789 984 1832 est
1033 1780 1288 1848 (Philipp.
1319 1795 1374 1844 ιι,
1408 1779 1546 1850 11)ί;
1577 1787 1630 1830 ιιι
1654 1793 1810 1850 quem

246 1849 600 1904 venerabatur
627 1851 676 1904 in
704 1851 852 1904 cunis
877 1849 1144 1904 humiliter
1163 1850 1424 1918 jacentem
1448 1888 1465 1916 ,
1488 1849 1672 1918 ipsum
1698 1849 1812 1902 sine

243 1918 544 1976 dilTerentia
574 1919 758 1973 adoret
783 1935 902 1972 cum
937 1919 1087 1972 Patre
1127 1917 1450 1988 regnantem.
1485 1917 1606 1971 llzec
1634 1923 1809 1988 autem

249 1988 624 2052 manilestatio,
658 1988 1022 2052 dilectissimi,
1063 1987 1566 2056 quasihzesitantium
1595 1987 1812 2056 nebulas

245 2057 490 2112 dissolvit
506 2059 818 2120 animarum,
839 2068 890 2111 et
910 2058 976 2110 ita
999 2055 1118 2110 facit
1139 2059 1466 2111 innotescere
1489 2057 1578 2108 Dei
1597 2055 1806 2118 Filium,

249 2135 307 2182 ut
336 2128 402 2182 de
433 2129 531 2180 hoc
560 2127 696 2196 quod
731 2129 865 2180 idem
898 2133 979 2196 cst
1007 2128 1183 2196 etiam,
1218 2126 1444 2196 hominis
1489 2125 1810 2196 ﬁlius,uihil

245 2199 512 2274 patiantur
532 2195 787 2274 obstaculi
809 2237 830 2274 ,_
851 2195 914 2274 a_d
944 2195 1368 2274 prtes’entisfesti
1394 2195 1809 2274 pertinetdigni-

245 2261 407 2320 intem
438 2278 452 2318 .'
482 2275 530 2318 et
564 2280 684 2318 vera
713 2273 795 2318 est
821 2261 1032 2316 infantia
1071 2263 1354 2318 Salvatoris
1381 2263 1664 2316 declaratio
1701 2261 1814 2316 dei-

242 2339 386 2398 tatis,
403 2335 611 2404 quando
622 2337 794 2388 carnis
818 2347 1002 2386 sensus
1021 2333 1087 2386 ab
1107 2332 1348 2386 humanis
1362 2331 1618 2404 adidivina
1641 2340 1814 2384 trans-

243 2399 444 2468 fertur;
493 2415 548 2456 ut
572 2419 702 2471 quos
728 2404 1026 2470 deprimunt
1050 2403 1402 2470 experimenta
1429 2399 1808 2464 inﬁrmitatum,

243 2473 450 2541 erigant
503 2473 647 2542 signa
689 2473 940 2525 virtutum
989 2487 1001 2522 :
1045 2473 1166 2539 quia
1205 2472 1292 2524 tali
1322 2471 1515 2542 auxilio
1540 2479 1592 2522 et
1623 2481 1809 2522 natura

243 2554 426 2595 nostra
459 2541 722 2610 indigebat
749 2551 800 2594 et
828 2555 1005 2605 causa,
1039 2550 1096 2593 ut
1134 2554 1379 2610 reparare
1411 2541 1694 2591 humanum
1716 2554 1809 2606 ge-

243 2625 348 2664 nus
371 2626 468 2664 nec
498 2609 614 2664 sine
643 2611 916 2678 majestate
940 2618 1116 2680 posset
1135 2609 1422 2676 humilitas,
1451 2623 1550 2662 nec
1578 2609 1693 2662 sine
1719 2611 1814 2660 hu-

241 2680 466 2732 militate
491 2680 754 2748 majestas.

317 2749 369 2802 5.
407 2749 500 2800 llic
531 2745 674 2800 nemo
696 2751 757 2802 sit
783 2763 1003 2802 securus.
1027 2747 1144 2801 Jam
1175 2761 1301 2800 vero
1325 2761 1444 2800 cum
1484 2745 1808 2814 singulorum

241 2815 476 2886 ﬁdelium
501 2818 814 2886 profectibus
835 2859 849 2882 ,
880 2817 1174 2886 divinorum
1201 2818 1369 2870 elucet
1397 2817 1630 2886 custodia
1660 2831 1812 2886 man-

241 2884 523 2950 datorum,
573 2887 924 2954 impleturque
953 2885 1090 2953 quod
1120 2887 1316 2938 dictum
1359 2893 1473 2950 est,
1517 2884 1606 2938 Sic
1649 2885 1812 2937 luceat

242 2954 335 3008 tua:
364 2966 524 3008 uestra
561 2972 730 3007 coram
763 2955 1044 3008 hominibus
1068 2996 1081 3016 ,
1131 2967 1185 3007 ut
1235 2954 1428 3006 uideant
1463 2971 1616 3022 opera
1653 2965 1812 3006 vestra

242 3025 395 3094 bona,
426 3035 470 3076 et
499 3025 814 3094 magniﬁcent
859 3023 1063 3094 Patrem
1103 3037 1320 3076 vestrum
1365 3025 1448 3092 qui
1497 3025 1548 3075 in
1563 3023 1717 3094 Acwlis
1741 3033 1812 3076 est

242 3092 456 3160 (Matth.
490 3109 540 3158 ν,
583 3092 706 3162 l6);
748 3095 863 3162 quis
908 3093 1013 3146 illic
1058 3107 1159 3146 non
1191 3103 1500 3160 praesentem
1559 3092 1814 3158 intelligat

241 3163 515 3227 deitatem,
555 3163 642 3216 tibi
682 3177 860 3216 veram
905 3163 1046 3216 videt
1087 3177 1340 3230 apparere
1371 3163 1656 3214 virtutem?
1695 3177 1812 3229 qua:

243 3233 428 3301 utique
453 3233 566 3286 sine
601 3233 708 3286 Deo
745 3233 884 3285 nulla
927 3241 1028 3293 est,
1079 3247 1176 3284 nec
1207 3231 1576 3298 proprietatem
1603 3231 1814 3301 obtinet

241 3299 455 3356 deiiatis
476 3342 490 3366 ,
537 3303 632 3356 nisi
676 3302 870 3369 Spiritu
901 3303 980 3354 sui
1011 3310 1278 3368 vegetetur
1303 3301 1548 3354 auctoris.
1597 3299 1811 3354 Dicente

241 3372 387 3425 etiim
418 3371 689 3439 discipulis
729 3373 836 3424 suis
883 3371 1127 3432 Domino,
1161 3369 1284 3424 Sine
1325 3385 1402 3422 me
1439 3369 1565 3422 nihil
1612 3370 1812 3437 potestis

245 3444 414 3510 facere
443 3439 621 3510 (Joan.
653 3456 740 3504 xv,
770 3441 856 3508 5),
881 3441 1097 3493 dubium
1129 3455 1230 3510 non
1261 3447 1342 3492 est
1381 3439 1644 3510 hominem
1677 3439 1812 3510 bona

243 3509 511 3578 agentem,
553 3525 616 3564 ex
663 3511 768 3562 Deo
812 3511 1004 3563 habere
1041 3519 1093 3562 et
1131 3509 1374 3562 effectum
1402 3509 1598 3578 operis,
1628 3515 1681 3560 et
1709 3509 1812 3559 ini-

247 3577 378 3632 tium
409 3579 711 3632 voluntatis.
745 3579 892 3634 Unde
921 3587 972 3633 et
1006 3579 1288 3645 Apostolus
1327 3577 1722 3646 copiosissimus
1751 3577 1811 3628 ll-

244 3647 440 3701 delium
475 3649 816 3713 cohortatur,
849 3647 976 3702 Cum
1029 3649 1234 3712 timore,
1273 3648 1472 3716 inquit,
1509 3657 1554 3699 et
1605 3655 1816 3699 tremore

243 3727 461 3770 vestram
491 3719 711 3770 salutem
753 3718 1028 3784 aperantini
1059 3734 1076 3770 :
1109 3717 1240 3770 Dens
1276 3727 1346 3769 est
1376 3719 1506 3769 enim
1531 3716 1615 3784 qui
1637 3731 1818 3784 opera-

248 3797 334 3840 tur
359 3789 410 3840 in
439 3788 572 3841 vobis
597 3797 643 3840 et
669 3783 793 3840 velle
813 3797 856 3840 et
885 3787 1102 3854 aperari,
1129 3803 1218 3855 pro
1243 3787 1368 3838 bona
1385 3783 1635 3838 voluntate
1663 3783 1814 3856 (Phig

247 3857 376 3925 lipp.
415 3873 471 3922 ιι,
498 3857 584 3920 12,
627 3859 732 3926 l5).
765 3858 828 3910 Et
871 3857 982 3908 hazc
1017 3854 1210 3910 sanctis
1247 3871 1404 3908 causa
1445 3865 1527 3926 est
1550 3854 1810 3926 tremendi

247 3923 406 3994 atque
435 3923 701 3980 metuendi
716 3969 729 3986 .
761 3943 824 3979 ne
855 3926 980 3994 ipsis
1007 3926 1252 3994 operibus
1280 3925 1487 3992 pietatis
1515 3925 1634 3977 elati
1665 3923 1816 3976 dese-

249 4003 432 4050 rantur
458 4011 558 4066 ope
583 3997 792 4064 gratiae,
838 4005 891 4049 et
933 4003 1238 4050 remaneant
1281 3995 1332 4048 in
1381 3995 1684 4048 inﬁrmitate
1721 4009 1814 4048 na-

253 4074 400 4118 turre.

321 4135 374 4187 4.
403 4133 564 4204 Signa
579 4125 952 4187 inhabitationis
982 4133 1072 4186 Dei
1097 4134 1148 4186 in
1164 4133 1322 4204 nobis.
1343 4131 1572 4186 Charitas
1597 4133 1816 4204 omnium

251 4203 484 4256 virtutum
523 4215 696 4257 mater.
739 4205 839 4269 Qui
878 4213 1051 4257 autem
1087 4203 1311 4270 experiri
1337 4204 1500 4270 cupit,
1527 4217 1594 4256 an
1619 4203 1672 4256 in
1703 4203 1816 4269 ipso

255 4273 392 4342 Deus
421 4273 638 4342 habitet,
665 4273 731 4327 de
755 4283 857 4342 ιιιιό
884 4273 1093 4336 dicitur,
1119 4271 1365 4326 Mirabilis
1389 4273 1522 4324 Deus
1540 4273 1600 4342 in
1631 4273 1816 4324 sanctis

250 4343 354 4397 suis
377 4341 552 4412 ’(Psal.
601 4341 908 4412 van,’36);
938 4345 1144 4396 sincero
1169 4344 1410 4396 examine
1430 4341 1604 4412 cordis
1631 4343 1710 4412 sui
1739 4342 1817 4394 in-

254 4410 448 4466 teriora
493 4412 756 4474 discutiat,
792 4410 1137 4480 et'sagaciter
1166 4421 1366 4478 quzerat
1393 4426 1490 4478 qua
1521 4410 1816 4480 humilitate

251 4489 509 4552 repugnet
547 4481 830 4550 superbiae,
858 4479 958 4550 qua
987 4481 1353 4552 benevolentia
1370 4481 1662 4552 obluctetur
1685 4479 1817 4532 invi-

250 4549 560 4624 di:e,'qnarm
589 4549 692 4603 non
721 4549 954 4624 Capiatnr
975 4549 1532 4624 adulantiumglinguis,
1555 4564 1817 4624 quamque

251 4619 725 4674 bonis'delectetur
754 4622 970 4684 alienis;
1002 4636 1066 4672 an
1099 4635 1193 4688 pro
1219 4622 1356 4672 malo
1379 4633 1482 4672 non
1501 4619 1680 4686 cupiat
1707 4633 1816 4672 tua-

253 4692 358 4744 lum
379 4691 621 4752 reddere,
641 4691 890 4757 malitque
908 4692 1098 4743 inultas
1125 4689 1358 4742 oblivisci
1389 4689 1627 4752 injurias,
1657 4703 1814 4754 quam

251 4761 532 4828 imaginem
563 4769 614 4812 et
643 4759 1036 4814 similitudinem
1069 4758 1150 4811 sui
1191 4759 1492 4828 Conditoris
1532 4758 1776 4828 amittere
1798 4798 1812 4818 .

289 4830 339 4882 ui
366 4827 562 4882 omnes
591 4829 655 4880 ad
699 4831 1049 4897 cognitionem
1096 4828 1176 4880 sui
1221 4827 1553 4895 generalibus
1594 4827 1818 4897 incitans

287 4899 423 4964 onis,
454 4898 582 4968 pluit
608 4914 756 4965 super
772 4895 938 4966 'jnstos
962 4907 1008 4968 et
1034 4897 1268 4968 injustas,
1285 4907 1330 4950 et
1358 4898 1512 4968 solem
1529 4912 1674 4968 suum
1697 4895 1818 4968 oriri

251 4968 375 5038 facit
405 4965 554 5038 super
581 4965 822 5038 bonosnet
867 4967 1022 5038 malos
1057 4965 1263 5038 (Matth.
1295 4981 1348 5038 v,
1384 4967 1511 5038 45).
1543 4967 1620 5038 Ac
1650 4981 1728 5038 _ne
1765 4965 1816 5018 in

252 4985 375 5038 [acu
405 4985 554 5089 αἴρει-
581 4985 732 5020 υοηοε
773 4985 821 5018 ει
867 4985 1022 5019 malos
1057 4985 1263 5036 Ulla"!!-
1295 4985 1348 5029 ν,
1384 4985 1498 5034 40).
1543 4985 1620 5019 BC
1663 4985 1728 5019 ne
1765 4985 1815 5018 ιιι

252 5038 432 5090 multis
476 5037 654 5090 aboret
683 5037 920 5090 sollicita:
941 5036 1272 5088 discretionis
1293 5035 1552 5102 inspectio
1581 5037 1622 5097 ³,
1649 5034 1815 5103 ipsam

252 5116 474 5160 matrem
503 5107 750 5159 virtutum
778 5107 1012 5160 omnium
1042 5105 1350 5158 charitatem
1384 5105 1434 5157 in
1463 5105 1681 5158 secretis
1709 5119 1818 5158 sua:

251 5177 444 5230 mentis
479 5175 711 5243 inquirat
743 5193 754 5228 :
784 5185 836 5228 et
864 5176 906 5229 si
951 5189 1067 5228 eam
1097 5174 1362 5228 dilectioni
1395 5175 1484 5227 Dei
1517 5182 1570 5228 et
1593 5174 1816 5244 proximi

253 5245 656 5298 toto‘intentam
691 5245 850 5298 corde
890 5244 1177 5312 repererit,
1207 5245 1278 5296 ita
1309 5251 1366 5296 ut
1395 5244 1552 5297 etiam
1589 5243 1818 5312 inimicis

253 5314 363 5368 suis
407 5313 592 5368 eadem
647 5313 769 5366 velit
814 5311 992 5378 tribui,
1042 5329 1160 5379 qua:
1203 5313 1302 5366 sibi
1351 5321 1497 5381 optat
1539 5311 1816 5380 impendi;

251 5382 489 5450 quisquis
527 5382 682 5450 hujus
723 5383 864 5436 modi
904 5391 1004 5444 est,
1037 5383 1199 5436 Deum
1225 5392 1279 5436 et
1305 5393 1564 5435 rectorem
1591 5391 1645 5434 et
1671 5381 1820 5450 habi-

253 5449 478 5506 tatorem
509 5449 738 5505 suiesse
775 5465 880 5506 non
917 5450 1122 5505 dubitet
1153 5470 1166 5504 :
1194 5465 1351 5521 quem
1394 5460 1541 5505 tanto
1578 5449 1818 5520 magnifi-

315 5587 334 5617 ³
361 5589 469 5632 Post
483 5582 704 5640 verbum,
723 5581 906 5641 debeat,
929 5584 1118 5634 additur
1135 5585 1182 5646 in
1203 5589 1332 5646 Mss,
1353 5581 1468 5646 ﬁde.

283 5649 466 5709 fuso.
507 5648 584 5696 cb.
633 5656 682 5696 et
707 5657 754 5694 ιι.
776 5660 788 5694 :
813 5657 878 5709 ,φ
896 5659 955 5709 ne
975 5647 1026 5694 in
1047 5645 1204 5696 multis
1241 5643 1294 5696 in
1315 5643 1484 5696 om»:
1507 5643 1698 5706 laboret,
1725 5645 1818 5696 sol-

256 5703 384 5759 ticite
404 5707 734 5760 discretionem
755 5705 988 5772 inspiciat.

1587 340 1811 401 εειιιιο
1845 339 2125 398 CXXXIV.

3353 353 3492 411 2010

1930 463 2135 535 centius
2164 465 2381 532 recipit,
2431 473 2626 535 quanto
2665 467 2831 535 magis
2861 467 2912 522 in
2939 483 3016 534 se,
3057 467 3150 524 sed
3191 469 3242 522 in
3273 469 3496 524 Domino

1927 533 2212 608 gloriatur;
2245 533 2496 608 quoniam
2521 537 2715 608 quibus
2743 533 2953 600 dicitur.
2987 533 3217 608 Regnum
3249 539 3344 592 Dei
3361 543 3496 594 intra

1928 618 2012 676 vos
2037 612 2105 656 est
2132 603 2280 672 (Luc.
2317 621 2441 676 xvii,
2470 603 2590 676 2i);
2621 609 2826 660 nonnisi
2857 603 3083 676 agnntuf
3113 609 3252 662 illius
3282 609 3491 676 spiritu,

1926 673 2076 746 cujus
2103 673 2614 746 regunturimperio.
2643 673 3073 746 Scientes'igitur
3095 720 3109 742 ,
3140 673 3490 744 dilectissimi,

1925 741 2062 814 quod
2089 741 2316 814 Charitas
2343 741 2477 798 Dens
2507 754 2587 798 est
2607 787 2619 806 ,
2649 747 2736 814 qui
2764 741 3010 812 operatur
3040 741 3214 800 omnia
3241 750 3289 800 in
3319 741 3489 800 omni;

1925 810 2054 874 bus;
2079 813 2351 866 sectamini
2375 810 2703 879 charitateni,
2729 810 2810 868 ita
2829 825 2885 868 ut
2911 817 2962 868 in
2991 833 3149 869 unum
3175 827 3334 870 casta:
3354 817 3488 871 dile-

1923 881 2111 935 ctionis
2140 883 2380 937 all'ectnm
2407 885 2768 938 universorum
2813 885 3042 938 ﬁdelium
3075 886 3231 940 corda
3269 900 3492 940 concur-

1923 959 2058 1002 rant.
2108 952 2398 1024 Transeant
2422 967 2458 1024 ιι
2495 954 2646 1024 nobis
2681 969 2832 1018 vana,
2859 964 2932 1020 et,
2965 971 3030 1008 ne
3063 970 3160 1008 nos
3185 963 3486 1024 occupent,

1920 1022 2182 1091 constanti
2207 1021 2468 1076 desiderio
2494 1023 2558 1076 ad
2585 1037 2644 1077 ea
2673 1039 2788 1089 quae
2816 1038 3026 1091 semper
3051 1033 3175 1078 sunt
3215 1021 3480 1090 mansura,

1922 1089 2217 1161 tendamus.
2240 1092 2640 1146 Sacramentum
2664 1094 2803 1147 enim
2829 1089 3102 1160 pricSentis
3133 1094 3248 1146 festi
3275 1102 3486 1161 oportet

1921 1158 1970 1230 in
2003 1159 2156 1230 nobis
2181 1175 2298 1214 esse
2327 1171 2634 1230 perpetuum
2665 1181 2678 1216 :
2710 1158 2848 1230 quod
2877 1163 3053 1229 utique
3079 1165 3192 1217 sine
3220 1158 3324 1216 line
3345 1163 3486 1216 cele-

1919 1226 2176 1284 brabitur.
2205 1231 2248 1283 si
2279 1226 2337 1283 ini
2357 1226 2601 1285 omnibus
2621 1226 2824 1284 actibus
2845 1226 3038 1285 nostris
3059 1233 3312 1285 Dominus
3331 1231 3486 1284 Chri-

1918 1303 2030 1350 stus
2055 1307 2320 1370 appareat,
2346 1300 2433 1367 qui
2457 1301 2582 1370 vivit
2605 1309 2660 1355 et
2684 1309 2866 1370 regnat
2885 1316 3004 1354 cum
3032 1301 3185 1356 Patre
3209 1309 3261 1356 et
3285 1301 3485 1370 Spiritu

1916 1375 2098 1421 sancto
2123 1369 2174 1421 in
2203 1370 2394 1422 saecula
2420 1369 2763 1424 saicnlorumi
2785 1373 2974 1425 Amen.

2374 1500 2600 1556 SERMO
2631 1499 2892 1555 cxxxw
2921 1501 3020 1570 (α).

2329 1614 2381 1658 ιιι
2403 1610 2654 1672 Epiphania
2677 1611 2875 1668 Domini,
2897 1625 2942 1660 tv
2967 1608 3056 1672 (b).

1986 1731 2037 1784 Ι.
2083 1729 2496 1802 DehEpiphanite
2521 1731 2802 1786 celebritate
2836 1735 3030 1786 diversa
3061 1735 3282 1788 traditio.
3314 1735 3482 1802 Licet,

1914 1798 2102 1874 fratres
2122 1798 2466 1874 dilectissimi,
2488 1803 2554 1855 de
2571 1803 2903 1857 solemnitate
2932 1804 3033 1857 diei
3063 1803 3218 1874 hujus
3243 1798 3482 1859 veterum

1914 1870 1983 1924 sit
2033 1869 2244 1924 diversa
2294 1871 2533 1936 traditio;
2582 1886 2680 1924 una
2723 1881 2897 1925 tamen
2947 1869 3147 1926 sancta."
3185 1874 3482 1928 devotionis

1914 1949 1996 1992 est
2023 1938 2170 2010 ﬁdes.
2205 1939 2267 1992 Et
2293 1955 2590 2010 quanquam
2620 1942 2854 1994 nonnulli
2885 1941 3040 1994 hodie
3075 1944 3350 1996 Dominum
3378 1959 3478 1996 no-

1915 2019 2080 2062 strum
2124 2007 2614 2064 Jesnm'Cltristum
2659 2011 2808 2064 stella
2854 2010 2988 2066 duce
3037 2013 3363 2066 venientibus
3414 2013 3482 2066 ab

1914 2079 2130 2134 Oriente
2165 2077 2325 2147 Magis
2374 2081 2635 2134 :estimeut
2679 2079 2984 2141 adoratum;
3033 2081 3120 2134 alii
3167 2092 3340 2135 autem
3391 2098 3479 2134 as-

1914 2156 2093 2220 set-ant
2117 2149 2504 2220 eumgaquasjn
2535 2149 2652 2202 vina
2684 2159 2948 2210 mutasse;
2991 2151 3193 2220 quidam
3226 2167 3351 2204 vero
3393 2152 3483 2204 ba-

1917 2218 2163 2282 ptizatum
2195 2217 2338 2270 ilhun
2369 2231 2398 2270 a
2427 2217 2626 2272 Joanne
2657 2221 2970 2272 conlirmeut
2993 2217 3016 2271 ε’
3039 2221 3088 2272 in
3115 2221 3357 2274 omnibus
3387 2221 3480 2273 Dei

1915 2285 2079 2338 Filius
2099 2285 2348 2348 creditur,
2367 2287 2415 2338 in
2432 2287 2676 2340 omnibus
2700 2298 2778 2342 est
2805 2299 2978 2341 nostra
3003 2289 3018 2318 ¹
3051 2289 3322 2342 festivitas.
3349 2289 3479 2342 Nam

1915 2354 2053 2422 quod
2081 2353 2263 2422 Magis,
2288 2356 2476 2424 utique
2509 2357 2810 2424 gentilibus,
2835 2366 2886 2408 et
2919 2357 3139 2410 adorare
3177 2359 3476 2420 Dominum,

1914 2433 1966 2477 ct
1993 2437 2220 2494 munera
2241 2423 2430 2476 oll‘erre
2458 2423 2782 2494 Vcenceditur
2801 2467 2814 2488 ,
2860 2425 3103 2478 Gentium
3135 2437 3216 2481 est
3245 2429 3483 2494 prmligu-

1917 2501 2030 2546 rata
2058 2493 2260 2546 vocatio
2292 2511 2303 2545 :
2331 2493 2470 2560 quod
2494 2509 2664 2562 aquze
2711 2495 3150 2548 transformamur
3191 2493 3253 2548 in
3275 2493 3474 2561 vinum,
3525 2527 3530 2530 -

1915 2562 2186 2634 religionis
2233 2561 2779 2634 nostr;e_designatur
2815 2579 3064 2616 arcanum
3099 2582 3112 2617 :
3156 2565 3294 2634 quod
3351 2581 3479 2620 vero

1917 2631 2124 2685 liuentis
2159 2629 2402 2684 Jordanis
2439 2629 2730 2698 baptiiatur
2757 2631 2908 2685 Jesus
2933 2675 2946 2695 ,
2980 2649 3128 2700 aqua:
3166 2629 3344 2686 nostro
3383 2635 3482 2687 Ba-

1913 2702 2145 2769 ptismati
2174 2711 2565 2754 consecrantur.
2595 2701 2816 2768 Oportet
2845 2703 3038 2770 itaque,
3071 2703 3386 2762 charissimi,
3424 2714 3482 2757 ut

1914 2771 2086 2837 aliqua
2131 2785 2269 2824 nunc
2311 2771 2378 2824 de
2421 2771 2536 2836 ipso
2567 2771 2880 2839 baptismate
2931 2773 3206 2825 Sanctitati
3251 2783 3478 2830 vestrm.

1915 2849 2069 2960 prout
2100 2839 2350 2892 Dominus
2390 2839 2697 2900 donaverit,
2729 2839 3092 2907 proferamus;
3139 2851 3194 2893 ut
3235 2842 3388 2894 simul
3427 2851 3482 2895 et

1955 2909 2258 2960 untilitatem
2287 2908 2572 2960 Salvatoris
2594 2909 2780 2960 nostri.
2799 2917 2854 2960 et
2871 2910 3238 2960 mvsteriorum
3257 2911 3478 2960 gloriam

1955 2909 2258 2988 umilitatem
2287 2908 2572 2962 Salvatoris
2594 2909 2780 2974 nostri,
2799 2917 2854 2964 et
2871 2910 3238 2980 mysteriorum
3255 2911 3478 2979 gloriam

1915 2988 2264 3043 cognoscatis.

1985 3047 2040 3100 2.
2077 3045 2292 3100 Joannis
2341 3047 2614 3114 baptismus
2655 3047 2864 3099 crimina
2912 3063 3012 3099 non
3053 3047 3263 3100 delebat.
3296 3047 3479 3102 Christi

1916 3117 2188 3169 humilitas.
2223 3115 2544 3170 Prmdieabat
2587 3115 2638 3168 in
2667 3116 2876 3169 deserto
2903 3115 3134 3170 Joannes
3165 3117 3479 3184 baptismum

1919 3186 2238 3254 pwnitenlia:
2263 3185 2454 3254 populo
2479 3185 2736 3253 peccatori
2761 3187 2802 3250 ’,
2827 3199 2930 3238 n0u
2961 3202 3063 3254 quo
3091 3187 3308 3239 crimina
3332 3200 3481 3240 corn-

1916 3253 2074 3308 inissa
2102 3253 2446 3320 deleret,’sed
2475 3269 2578 3322 quo
2605 3255 2910 3308 emendaret
2941 3253 3208 3314 errantes:
3243 3271 3360 3308 nam
3393 3271 3480 3310 re-

1917 3325 2099 3378 missio
2143 3334 2474 3392 peccatorum
2507 3323 2698 3376 Christi
2741 3326 2919 3388 gratia:
2961 3325 3290 3377 servabatur.
3338 3325 3479 3379 Cori-

1917 3395 2111 3448 ﬂuebat
2129 3409 2255 3460 ergo
2279 3393 2346 3446 ad
2373 3393 2676 3456 Jordanem,
2707 3393 2970 3446 desiderio
2995 3395 3206 3458 lavacri,
3239 3393 3479 3449 diverso-

1917 3479 2032 3518 rum
2086 3463 2445 3529 copiosissima
2503 3461 2822 3524 multitudo,
2879 3477 3102 3531 quorum
3146 3472 3322 3516 essent
3374 3474 3478 3518 tam

1916 3533 2154 3586 scelerati
2194 3541 2360 3594 actus,
2403 3531 2504 3584 vita
2545 3541 2647 3583 tam
2681 3531 2903 3599 perdita,
2952 3540 3004 3582 ut
3048 3547 3140 3584 eos
3167 3533 3482 3586 venerabilis

1919 3601 2150 3670 Baptista
2177 3603 2390 3668 vipereo
2413 3601 2602 3652 semini
2631 3609 2980 3670 compararet.
3009 3601 3148 3652 Inter
3179 3600 3478 3668 hujusmodi

1917 3669 2158 3724 homines
2205 3670 2292 3723 ille
2339 3670 2588 3722 virtutum
2628 3669 2919 3724 cmlcstium
2963 3669 3230 3738 Dominus,
3277 3671 3364 3722 ille
3396 3673 3482 3738 qui

1915 3739 2114 3810 respicit
2163 3749 2364 3810 terram,
2404 3748 2448 3791 et
2489 3739 2758 3810 facit-eam
2797 3736 3197 3810 tremere,(Psal.
3226 3755 3336 3810 citi,
3365 3736 3476 3810 5‘2),

1917 3807 2157 3863 Christus
2181 3807 2366 3870 Jesns,
2397 3807 2499 3860 non
2526 3807 2836 3876 dedignatur
2865 3807 3074 3860 humilis
3105 3815 3155 3859 et
3180 3809 3385 3876 quietus
3414 3807 3480 3866 ad

1918 3878 2112 3932 servuli
2151 3879 2232 3931 sui
2269 3877 2582 3944 baptismum
2627 3892 2930 3945 properare.
2980 3877 3079 3930 Sed
3121 3878 3241 3946 quid
3287 3878 3478 3934 mirum

1916 3948 1982 4002 de
2020 3947 2418 4000 mansuetudine
2455 3947 2760 4010 Salvatoris,
2799 3947 2840 3998 si
2863 3961 2920 4000 se
2943 3946 3217 4012 Pmpln-ta:
3243 3949 3482 4002 manibus

1917 4017 2206 4086 inclinavit,
2225 4017 2390 4084 quise
2413 4016 2479 4086 ab
2509 4017 2732 4069 inimicis
2761 4017 2868 4068 suis
2898 4031 3078 4086 passus
3104 4026 3184 4070 est
3211 4019 3482 4086 crnciligi?

1989 4087 2042 4142 ὅ.
2079 4085 2296 4140 Joannis
2323 4086 2386 4156 de
2409 4085 2608 4156 Christo
2633 4086 2984 4138 testimonium.
3025 4085 3138 4150 Quo
3167 4085 3480 4156 properante

1917 4157 1984 4210 ad
2031 4157 2268 4220 ﬂuvium,
2323 4155 2477 4208 talem
2524 4155 2756 4210 Joannes
2805 4155 3275 4208 circumstantiluis
3315 4157 3481 4210 turbis

1917 4227 2090 4295 erupit
2115 4227 2167 4280 in
2197 4239 2378 4295 vocem
2401 4241 2412 4276 :
2439 4223 2570 4295 Ecce
2595 4226 2766 4295 Agnus
2795 4223 2925 4286 Dei;
2963 4241 3073 4276 ecce
3099 4226 3182 4290 qui
3209 4225 3336 4276 tollit
3365 4243 3482 4292 pec.

1918 4293 2030 4348 cata
2049 4295 2224 4348 mundi
2246 4293 2421 4362 (Joan.
2451 4309 2485 4358 l,
2509 4294 2602 4362 99)
2631 4293 2647 4346 :7
2667 4294 2766 4348 hoc
2787 4301 2869 4347 est
2889 4295 3088 4358 dicere,
3111 4295 3326 4347 Ccssate
3348 4295 3480 4362 jam,

1919 4375 2120 4418 cessate
2146 4379 2174 4418 a
2209 4364 2470 4430 baptismo
2497 4379 2616 4418 meo
2644 4377 2748 4432 quo
2795 4363 3101 4430 pmnitentia
3132 4365 3416 4432 suscipitur
3435 4365 3479 4418 ³.

1919 4435 2056 4488 Ecce
2081 4434 2306 4504 Baptista
2337 4449 2429 4500 per
2455 4447 2610 4500 quem
2635 4433 2852 4504 crimina
2870 4433 3204 4504 dimittuntur
3223 4433 3483 4504 :gdesinitc

1920 4501 2194 4558 ulterius‘a
2221 4517 2477 4556 conservo
2521 4511 2695 4557 vestro
2743 4501 2992 4569 baptizari
3041 4503 3195 4556 velle.
3242 4502 3485 4558 Praesens

1917 4585 1996 4628 est
2027 4573 2278 4627 Dominus
2301 4573 2534 4624 omnium
2557 4581 2814 4636 nostrum,
2839 4573 2924 4640 qui
2946 4571 3172 4638 baptizat
3200 4572 3265 4625 ad
3293 4573 3482 4636 vitam;

1919 4645 2068 4697 illum
2095 4641 2408 4711 sequimini,
2443 4642 2518 4694 illi
2547 4640 2776 4702 credite,
2805 4641 2870 4694 ab
2891 4641 2982 4693 illo
3013 4643 3274 4694 lavacrum
3301 4643 3486 4696 salutis

1919 4721 2029 4766 tota
2079 4721 2255 4764 mente
2299 4711 2562 4778 supplices
2611 4711 2888 4776 postulate,
2931 4725 2960 4762 a
2999 4725 3104 4778 quo
3147 4720 3200 4763 et
3235 4725 3332 4778 ego
3373 4711 3486 4778 ipse

1921 4781 2144 4850 baptista
2185 4789 2365 4850 vester
2404 4780 2558 4846 cupio
2594 4779 2874 4850 baptizari.
2919 4778 3031 4850 Non
3073 4784 3246 4850 renuit
3273 4779 3484 4850 quidem

1919 4847 2074 4904 Jesus
2106 4849 2460 4903 testimonium
2493 4849 2634 4902 vocis
2675 4847 2860 4916 hujus;
2890 4847 2980 4900 sed
3012 4849 3096 4914 qui
3129 4865 3222 4916 per
3247 4849 3486 4905 ordinem

1919 4921 2078 4974 vellet
2129 4919 2371 4972 universa
2417 4918 2710 4984 complere,
2763 4917 3101 4970 nihilominus
3141 4919 3390 4985 baptizari
3431 4935 3490 4980 se

1919 4991 2119 5058 expetit
2151 5003 2180 5040 a
2209 4987 2428 5058 Joanne.
2461 4987 2526 5040 Et
2551 4987 2784 5058 Baptista
2820 4986 3040 5058 devotus
3080 4987 3376 5058 baptizandi
3405 4988 3488 5042 sui

1921 5055 2152 5128 potentia
2187 5057 2530 5128 tremefactus
2554 5057 2626 5108 ait
2645 5097 2659 5120 ,
2692 5055 2798 5128 Ego
2822 5072 2855 5106 a
2881 5065 2926 5108 te
2952 5055 3102 5108 debeo
3137 5055 3380 5126 baptizari
3399 5096 3416 5122 ,
3445 5069 3490 5110 et

1922 5125 1974 5181 iu
2004 5129 2136 5180 uenis
2161 5127 2228 5178 ad
2253 5127 2370 5179 me?
2398 5125 2446 5178 id
2475 5133 2576 5190 est,
2606 5126 2852 5194 quoniam
2877 5140 2976 5193 ego
3001 5125 3240 5180 creatura
3267 5141 3406 5190 sum,
3436 5137 3490 5179 tu

1919 5197 2172 5262 Creator;
2203 5211 2302 5264 ego
2332 5210 2537 5260 servus,
2573 5205 2625 5247 tu
2657 5195 2941 5258 Dominus;
2969 5209 3068 5263 ego
3097 5195 3282 5264 figura,
3310 5203 3362 5247 tu
3394 5195 3493 5248 Ve-

1921 5269 2071 5320 ritas.
2101 5267 2169 5320 At
2209 5265 2364 5319 Jesus
2391 5266 2497 5330 ait,
2534 5265 2658 5318 Sine
2700 5265 2886 5332 modo;
2930 5265 3001 5316 sic
3038 5265 3168 5316 enim
3221 5265 3356 5316 decet
3401 5279 3491 5316 nos

1985 5401 2002 5432 ί
2022 5399 2093 5447 sic
2111 5404 2218 5446 Mss.
2241 5395 2376 5454 Editi,
2403 5407 2532 5444 vera.

1985 5463 2005 5493 ι
2027 5465 2076 5507 ιιι
2101 5458 2258 5516 editis,
2287 5451 2459 5520 populo
2479 5456 2530 5506 in
2553 5454 2876 5506 remissionem
2897 5459 3212 5518 peccatorum.
3237 5451 3490 5500 manuscri-

1923 5533 2030 5588 Ρῐρε
2050 5521 2207 5588 59°31“
2228 5531 2442 5588 ευπΨ³-,.
2501 5576 2512 5588 .
2640 5577 2650 5588 .

1987 5585 2008 5616 ι
2031 5581 2148 5630 aditi
2162 5615 2176 5636 ,
2197 5579 2472 5642 plenitenlia
2493 5579 2686 5642 incepit.
2872 5641 2875 5642 ν
2928 5637 2940 5642 _
3010 5639 3016 5642 λ
3175 5629 3205 5642 ..

2007 5627 2316 5704 uitii—innec
2339 5648 2575 5704 Tempore
2597 5627 2682 5698 37;
2705 5645 2762 5704 et
2779 5629 3264 5704 met,_in__t\ppend_iee

2007 5657 2038 5692 a
2089 5645 2228 5699 olim,
2252 5645 2316 5688 de
2339 5648 2575 5700 Tempore
2597 5645 2682 5698 57;
2705 5645 2756 5686 et
2779 5645 2901 5698 post,
2925 5645 2972 5683 in
2999 5645 3264 5694 Appenmee
3288 5645 3364 5674 zu.

1985 5645 2062 5767 ibi
2093 5709 2144 5752 tn
2169 5701 2503 5763 manuscriptis
2529 5708 2578 5749 et
2602 5701 2794 5749 excusis
2817 5697 2951 5745 libris
2971 5695 3166 5742 Maximo
3187 5691 3432 5740 tribuitur.
