4016 6452
197 483 334 539 2033

196 601 462 659 materies,
511 598 586 656 sic
631 613 728 652 nos
754 596 986 650 auctoris
1015 596 1174 650 nostri
1209 599 1430 651 exstruit
1478 613 1685 662 manus,
1719 607 1772 650 ut

195 686 316 724 cum
363 669 552 737 opifice
593 682 692 722 suo
735 669 893 737 etiam
944 667 987 718 is
1028 667 1114 734 qui
1162 679 1452 737 reparatur,
1502 678 1771 734 o,eretnr.

195 736 582 807 Gratiaeigitnr
629 738 718 791 Dei
749 736 1044 790 obetlientia
1077 751 1133 789 se
1173 736 1398 790 lnnnana
1437 752 1538 789 non
1568 737 1775 789 subtra-

199 811 309 872 hat,
342 823 440 862 nec
466 809 532 862 ab
559 808 648 861 illo
679 807 838 868 bono,
858 807 973 860 sine
997 821 1100 874 quo
1128 822 1229 859 non
1263 817 1435 873 ptitest
1468 807 1600 858 bona
1629 822 1770 869 esse,

197 879 447 940 deficiat;
476 893 538 932 ac
578 881 622 931 si
666 877 790 946 quid
835 877 933 929 sibi
973 876 1300 943 impossibile
1337 885 1428 930 aut
1474 877 1693 929 arduum
1724 878 1774 930 in

198 950 566 1005 mandatorum
590 945 862 1001 effectibus
887 945 1172 1014 experitur,
1200 961 1300 998 non
1326 947 1376 1000 in
1400 961 1458 1001 se
1483 955 1773 1010 remaneat,

195 1019 294 1075 Sed
339 1019 405 1073 ad
452 1017 787 1086 adjuvantem
835 1025 1111 1086 recurrat:
1148 1016 1235 1085 qui
1287 1017 1404 1069 ideo
1454 1024 1773 1086 praeceptum

196 1091 311 1156 dat,
341 1097 398 1142 ut
436 1085 631 1142 eteitet
658 1085 1000 1156 desiderium,
1051 1095 1107 1139 et
1133 1095 1347 1152 pra-stet
1389 1085 1662 1156 auxilium,
1691 1085 1774 1138 di-

194 1153 354 1216 cente
384 1157 663 1228 propheta,
689 1155 838 1228 .I_acta
865 1156 1218 1228 cogitationem
1236 1166 1372 1228 tuam
1396 1156 1447 1207 in
1470 1153 1707 1228 Domino,
1729 1164 1776 1208 et

196 1232 307 1295 ipse
344 1224 397 1284 te
430 1224 638 1282 enutriet
665 1225 845 1296 (Psal.
892 1224 995 1284 Liv.
1036 1224 1148 1296 25).
1197 1227 1276 1296 An
1326 1225 1461 1280 forte
1495 1224 1775 1296 quisquam

197 1293 308 1356 tam
339 1299 626 1352 insolenter
653 1293 909 1363 superbit,
941 1303 995 1348 et
1037 1293 1116 1349 ita’
1136 1310 1192 1347 se
1223 1294 1467 1361 illaesum,
1493 1294 1563 1348 ita
1590 1293 1778 1349 imma-

194 1370 430 1424 culatum
459 1381 578 1423 esse
608 1365 898 1436 prassumit,
948 1373 1003 1417 ut
1034 1364 1233 1436 nullius
1265 1364 1376 1432 jam
1405 1363 1781 1436 grenovationis

195 1437 468 1508 indigeat?
510 1433 730 1508 Fallitur
773 1449 986 1508 prorsus
1034 1433 1132 1490 ista
1183 1433 1483 1508 persuasio,
1517 1443 1571 1488 et
1610 1435 1774 1508 nimia

197 1503 434 1564 vanitate
461 1505 760 1571 veterascit,
778 1503 871 1574 qui
898 1504 1034 1559 inter
1059 1503 1374 1560 tentationes
1401 1504 1554 1559 istius
1574 1504 1694 1558 vita:
1709 1503 1778 1561 ab

194 1579 344 1634 omni
375 1594 433 1631 se
461 1577 678 1632 vulnere
704 1574 873 1629 credit
900 1574 1210 1628 immunem.

271 1648 326 1702 2.
348 1646 462 1701 Vita
477 1647 583 1702 hac
603 1646 753 1716 plena
776 1643 1030 1716 periculis.
1046 1643 1311 1716 Justorum
1333 1644 1559 1713 pericula
1577 1659 1594 1697 :
1611 1643 1778 1716 obtre-

193 1719 441 1774 ctantitmt
469 1713 673 1787 lingula,
715 1713 1010 1787 scandalum
1037 1714 1397 1784 (antiquorum
1420 1713 1774 1787 prosperitate.

197 1788 480 1844 Stellarum
505 1784 721 1856 potestas
749 1785 909 1856 nulla.
933 1784 1094 1856 Plena
1138 1795 1258 1856 sunt
1288 1786 1471 1856 omnia?
1507 1784 1772 1856 periculis,

198 1854 558 1940 plenapmniq
589 1857 820 1940 laqueis;
845 1854 1398 1940 ipcitantlcupiditates
1415 1895 1429 1915 ,
1450 1854 1776 1940 insidiantur

197 1922 494 1991 illecebrae;
511 1922 846 1979 blandiuntur
866 1925 1030 1989 lucra,
1052 1922 1241 1978 damna
1259 1924 1558 1979 deterrent:
1581 1939 1776 1978 amara:

197 2009 325 2052 sunt
339 1997 734 2065 obloquentium
750 1996 956 2063 linguae,
973 2009 1070 2065 nec
1081 2010 1290 2064 semper
1307 1995 1512 2065 veracia
1538 2006 1661 2048 sunt
1681 2009 1775 2050 ora

198 2063 550 2122 laudantium.
597 2066 723 2120 lnde
748 2065 899 2118 saevit
942 2063 1146 2128 odium,
1181 2063 1302 2119 hinc
1325 2064 1519 2133 decipit
1549 2065 1776 2119 mendax

194 2138 432 2191 ofﬁcium
463 2153 477 2202 ;
517 2145 572 2190 ut
597 2135 800 2190 facilius
827 2133 894 2187 sit
923 2135 1086 2188 vitare
1113 2133 1432 2197 discordem,
1477 2151 1634 2202 quam
1677 2134 1774 2188 de-

195 2210 396 2262 clinare
423 2207 680 2260 fallacem.
729 2204 782 2257 In
815 2204 940 2271 ipsis
964 2213 1138 2256 autem
1169 2203 1448 2257 virtutibus
1474 2203 1776 2258 obtinendis

198 2291 307 2331 tam
339 2279 526 2332 dubius
554 2275 741 2328 modus
768 2283 821 2327 et
848 2281 954 2326 tam
983 2273 1181 2326 incerta
1224 2272 1475 2327 discretio
1503 2283 1603 2336 est,
1649 2283 1705 2325 ut
1731 2274 1775 2326 si

195 2349 476 2417 quisquam
500 2347 636 2417 inter
649 2345 919 2417 bonorum
965 2343 1328 2417 malorumque
1353 2343 1578 2395 conﬁnia
1608 2342 1776 2417 subti-

197 2411 384 2470 lissimi
431 2414 750 2470 discriminis
790 2411 1020 2482 potuerit
1061 2427 1273 2482 servare
1299 2428 1594 2475 tnensuras,
1639 2413 1776 2466 ditii-

197 2489 306 2542 t-ile
345 2489 414 2541 sit
441 2498 494 2540 ut
521 2487 657 2539 bene
703 2484 801 2538 sibi
833 2481 1098 2535 consciam
1131 2481 1441 2549 probitatem
1468 2484 1774 2537 obtrectan-

197 2560 331 2611 tium
357 2559 530 2624 lingua
551 2571 653 2608 non
684 2552 942 2624 mordeat,
962 2561 1021 2624 et
1046 2552 1342 2624 iniquorum
1371 2551 1560 2624 evadat
1584 2567 1772 2620 oppro-

195 2628 336 2690 bria,
376 2621 460 2680 cui
502 2633 584 2679 est
607 2624 773 2676 amica
802 2623 1024 2691 justitia.
1053 2621 1167 2675 Jam
1194 2637 1312 2675 cum
1337 2621 1402 2675 ad
1434 2622 1572 2688 ipsas
1598 2637 1773 2675 rerum

198 2696 569 2764 temporalium
597 2694 877 2746 varietates
901 2693 1147 2764 cogitatio
1168 2691 1396 2764 humana
1424 2692 1774 2764 convortitur,

194 2759 410 2836 quanta:
437 2781 494 2836 se
539 2772 812 2836 opponunt
841 2759 1113 2830 caligines,
1144 2761 1333 2836 quanti
1354 2776 1630 2828 pravarum
1657 2761 1775 2836 opi-

195 2830 417 2890 nionum
448 2830 760 2888 oboriuntur
783 2847 998 2886 errores
1016 2847 1036 2902 _;
1067 2839 1121 2884 ut
1159 2831 1224 2902 de
1250 2830 1458 2902 objecta
1480 2830 1775 2902 contrario-

196 2921 318 2960 rum
348 2912 588 2959 sumatur
609 2902 827 2956 materia
849 2900 1214 2970 querelarum!
1249 2899 1378 2953 Nam
1402 2901 1523 2953 licet
1541 2901 1776 2954 omnium

197 2976 436 3030 ﬁdelium
467 2973 624 3027 corda
651 2988 756 3026 non
787 2969 1048 3035 dubitent,
1077 2971 1235 3023 nullis
1261 2970 1442 3023 mundi
1471 2969 1626 3038 hujus
1655 2984 1774 3036 par-

197 3048 342 3100 tibus
373 3045 635 3113 nullisque
666 3041 990 3113 temporibus
1018 3041 1399 3109 providentiam
1431 3040 1618 3113 abesse
1644 3038 1776 3092 divi-

197 3131 359 3177 nam,
409 3130 507 3169 nec
550 3109 616 3168 de
666 3109 938 3166 stellarum
993 3119 1272 3180 potestate,
1321 3125 1438 3179 quae
1482 3109 1625 3162 nulla
1672 3117 1774 3180 est,

195 3186 532 3241 szecularinm
598 3183 929 3250 negotiorum
994 3177 1227 3248 pendere
1296 3177 1578 3250 proventus
1602 3219 1629 3250 ,_
1657 3177 1776 3250 sed

197 3257 504 3324 aequissimo
551 3261 605 3306 et
652 3246 1070 3324 clementissimo
1115 3246 1310 3324 summi
1356 3249 1494 3318 regis
1526 3246 1778 3324 _arbitrio

197 3315 392 3381 cuncta
409 3324 651 3394 disponi;
683 3323 930 3394 quoniam
953 3321 1088 3373 sicut
1114 3320 1364 3394 scriptum
1393 3315 1494 3394 est,
1522 3315 1779 3394 Universa

197 3397 296 3450 uite
339 3387 543 3449 Domini
582 3387 926 3445 misericordia
963 3401 1008 3443 et
1048 3387 1229 3442 veritas
1264 3387 1433 3458 (Psal.
1463 3403 1606 3451 XXIV,
1641 3387 1730 3455 l0)
1760 3405 1774 3441 :

201 3479 381 3520 tamen
409 3479 528 3518 cum
571 3462 810 3530 quzedam
839 3477 940 3514 non
973 3457 1550 3530 secundmndesideria
1592 3466 1776 3530 nostra

199 3535 520 3606 procedunt,
547 3525 611 3606 ei
633 3530 732 3606 su_b
763 3531 975 3584 humani
1003 3545 1185 3606 errore
1221 3527 1409 3606 iudicii
1429 3525 1670 3606 superior
1695 3535 1778 3606 est

200 3596 708 3676 plerumqneiniqui
752 3616 911 3654 causa
958 3614 1114 3676 quam
1167 3597 1316 3663 justi,
1363 3597 1591 3676 vicinum
1621 3596 1778 3676 nimis

200 3666 362 3744 atque
390 3666 693 3744 contiguum
737 3679 818 3744 est
862 3679 927 3744 ut_
963 3666 1120 3744 etiam
1165 3681 1386 3744 magnos
1429 3666 1634 3744 animos
1677 3666 1776 3718 ista

199 3735 612 3806 concutiantfet
641 3741 691 3794 in
721 3737 929 3808 aliquod
969 3737 1162 3808 illicita:
1191 3735 1510 3808 causationis
1540 3750 1778 3808 murmur

203 3815 478 3884 impellant
515 3804 821 3884 isiquidem'
866 3809 998 3884 istis
1021 3806 1359 3884 varietatibus
1402 3806 1561 3884 etiam
1585 3804 1776 3884 ‘cxcel-

202 3874 529 3939 lentiSsimus
570 3874 827 3950 propheta
877 3876 1038 3950 David
1064 3889 1248 3950 usque
1291 3874 1357 3928 ad
1401 3874 1690 3950 periculum
1718 3889 1778 3928 se

203 3954 474 4010 turbatum
501 3943 777 4020 prfiﬁtetur
801 3956 862 4002 et
879 3947 1024 4007 dicit,
1056 3943 1346 4020 Meiautem
1371 3959 1495 4020 pene
1515 3943 1634 4020 moti
1661 3955 1779 3998 sunt

204 4013 688 4096 pedes,pene'eﬂ'usi
723 4027 840 4071 sunt
868 4032 1064 4085 gressus
1077 4017 1187 4096 .mei
1205 4031 1222 4078 ;
1238 4013 1381 4096 quia;
1396 4013 1553 4066 selavi
1580 4014 1778 4096 imp?-

201 4083 478 4153 catorib'us,
508 4083 679 4160 pacem
702 4083 1016 4157 peccatorum
1041 4084 1213 4138 videns
1232 4083 1399 4155 (Psal.
1428 4099 1594 4146 usu,
1624 4084 1676 4147 l,
1695 4083 1774 4207 εἰ.

206 4163 360 4207 ιιιπιρ
383 4162 502 4207 αιιίει
535 4173 817 4207 minearum
844 4166 925 4207 est
952 4165 1057 4207 tam
1079 4154 1241 4207 solida
1263 4153 1532 4207 fortitudo.
1556 4162 1612 4206 ut
1635 4154 1724 4207 nul
1745 4169 1774 4207 a

206 4153 520 4240 undequia'
535 4153 832 4240 paucorum
843 4166 925 4238 est
952 4165 1057 4210 tam
1079 4153 1250 4240 solida
1263 4153 1613 4240 fortitudonut
1635 4153 1778 4240 nulla

206 4223 556 4303 iniquitatuni
571 4227 961 4298 perturbatione
987 4225 1304 4303 quatiantur,
1347 4232 1401 4278 et
1425 4225 1618 4303 multos
1643 4223 1777 4278 ﬁde-

206 4293 337 4360 lium
364 4316 469 4356 non
494 4293 715 4354 adversa
742 4308 966 4362 tantum,
991 4293 1082 4350 sed
1109 4295 1266 4349 etiam
1288 4293 1519 4348 secunda
1540 4307 1780 4347 corrum-

209 4381 366 4443 pant;
397 4368 647 4443 sanartdis
673 4365 1220 4443 vultteribus,_quibus
1246 4365 1472 4443 humana
1489 4362 1778 4443 inﬁrmitas

207 4432 496 4507 sauciatur,
525 4439 747 4508 diligens
775 4445 858 4492 est
881 4432 1181 4508 adhibenda
1221 4434 1443 4508 curatio.
1487 4432 1613 4486 Ideo
1635 4433 1778 4508 enim

206 4515 282 4570 de
305 4501 548 4582 periculis
571 4501 684 4578 quit
700 4523 760 4561 us
800 4505 1026 4582 mundus
1067 4505 1155 4582 hic
1193 4504 1378 4582 plenus
1402 4510 1512 4582 est,
1531 4501 1778 4582 qua-edam

210 4571 438 4642 breviter
486 4571 760 4649 peream;
791 4585 850 4631 ut
885 4575 1094 4630 dicente
1123 4571 1409 4649 Scriptura,
1443 4571 1569 4636 Quis
1592 4572 1782 4642 gloria-

209 4655 342 4710 bitur
367 4644 558 4705 castum
583 4664 638 4702 se
663 4646 844 4700 habere
866 4661 972 4710 cor,
1017 4654 1102 4698 aut
1131 4644 1371 4698 mundum
1397 4659 1451 4697 se
1477 4658 1580 4695 esse
1601 4659 1635 4694 a
1661 4657 1773 4711 pec-

209 4733 324 4778 cato
348 4719 533 4790 (Prov,
559 4734 652 4782 xx,
682 4716 782 4786 9)?
811 4713 1121 4790 omnessibi
1148 4714 1440 4790 intelligant
1467 4711 1778 4790 delictorum

213 4781 592 4863 indulgentiam
614 4781 668 4845 et
704 4781 1060 4857 reparationis
1081 4784 1432 4839 necessariam
1461 4796 1580 4837 esse
1609 4781 1778 4837 medi-

211 4879 406 4922 ctnam.

285 4935 339 4989 5.
380 4929 682 4986 Poruitentia
709 4925 937 4981 omnibus
977 4923 1276 4978 necessaria.
1317 4921 1450 4976 Deus
1487 4922 1774 4976 omniscius.

211 5003 437 5073 Quando
477 5011 673 5073 autem.
704 4995 1054 5060 dilectissimi,
1082 4993 1428 5073 opportunius
1451 4990 1516 5044 ad
1547 4991 1780 5073 remedia

213 5062 390 5130 divina
415 5071 763 5130 decurrimus,
791 5081 949 5136 quam
973 5079 1092 5118 cum
1123 5065 1234 5136 ipsa
1273 5062 1422 5136 nobis
1449 5071 1779 5136 sacramenta

217 5129 824 5211 redemptionisnostne'
835 5145 1129 5211 temporum
1148 5129 1266 5211 lege
1290 5129 1630 5211 referuntur?
1653 5129 1781 5211 Qua;

216 5199 276 5270 ut
299 5199 506 5283 dignius
535 5209 886 5283 celebremus,
917 5199 1260 5283 saluberrime
1300 5216 1396 5283 nos
1437 5199 1781 5283 quadraginta

217 5269 420 5340 dieruvm
433 5280 634 5351 jejunio
646 5269 1017 5351 prreparemus.
1033 5274 1142 5328 Non
1155 5273 1292 5327 enim
1309 5271 1357 5324 hi
1375 5280 1572 5351 tantum
1585 5269 1672 5341 qui
1689 5284 1784 5337 per

219 5354 402 5408 mortis
430 5341 623 5406 Christi
648 5341 1152 5413 resurrectionisque
1180 5341 1486 5413 mysterium
1518 5341 1568 5392 in
1589 5353 1782 5393 novatn

223 5426 378 5478 vitam
427 5421 694 5488 Baptismo
731 5425 855 5488 sunt
881 5411 1248 5488 regenerandi,
1289 5411 1380 5464 sed
1410 5411 1568 5488 etiam
1597 5422 1785 5488 attines

221 5493 398 5564 populi
424 5479 727 5564 renatorum
748 5479 1062 5564 utiliter'sibi
1090 5494 1141 5564 et
1163 5483 1456 5564 necessarie
1477 5479 1800 5564 praesidium.

224 5549 377 5632 iunius
401 5559 1132 5632 sanctiﬁcationisassumunt
1158 5571 1170 5606 :
1202 5553 1294 5615 illi,
1329 5561 1522 5632 ut_quze
1552 5549 1782 5632 nonduin

224 5619 416 5688 habent
441 5630 730 5697 accipiant;
765 5626 868 5688 isti,
897 5635 952 5678 ttt
974 5633 1185 5697 accepta
1212 5621 1557 5697 custodiant“;
1577 5619 1785 5697 dicetne

223 5702 496 5774 Apostolo,
520 5689 756 5774 “Q'uista't,
780 5697 940 5774 videat
965 5711 1024 5747 ne
1039 5689 1243 5774 curiata
1269 5693 1459 5774 (.‘Dt'....-\",
1485 5692 1588 5774 l2).
1620 5689 1786 5774 Nemo

226 5757 365 5830 iiiis
403 5757 758 5828 est'lﬁ-tttitate
783 5765 1048 5826 suffultus,
1080 5773 1135 5816 ut
1163 5757 1229 5816 de
1271 5761 1551 5814 stabilitate
1577 5775 1668 5812 sua
1695 5757 1786 5830 dc-

227 5828 343 5900 bcat
383 5856 505 5897 esse
530 5854 768 5894 securus.
817 5834 1238 5908 Utamurigitur,
1267 5830 1615 5908 dilectissimi,
1648 5828 1787 5908 salu-

229 5899 442 5975 berrimi
474 5910 725 5979 temporis
772 5899 1154 5962 venerabilibus
1203 5902 1464 5968 institutis,
1500 5910 1551 5956 et
1589 5899 1784 5954 sollici-

1574 482 1800 535 SEllilO
1839 481 2065 537 CXLIX.

3317 487 3454 542 9454

1893 600 2023 650 tiore
2042 611 2166 669 cura
2197 596 2372 651 cordis
2403 599 2564 652 nostri
2599 599 2809 668 specola
2837 611 3114 669 tergamus.
3168 599 3452 669 Quantum-

1881 668 2015 738 libet
2036 667 2174 719 enim
2201 679 2343 720 caste
2369 675 2421 722 et
2451 667 2889 725 sobrietnot‘talis
2920 667 3031 723 haec
3059 671 3163 725 vita
3194 667 3415 726 ducatur
3439 715 3454 738 ,

1879 736 2107 810 (nitidam
2138 745 2311 810 ιιιιιιιιη
2344 739 2555 810 pulvere
2584 749 2806 810 terrcttze
2828 743 3244 794 Conversationis
3268 758 3446 810 asper-

1879 807 2058 879 gitur_:
2089 818 2142 859 et
2169 807 2306 859 nitur
2328 805 2580 879 tuentium
2609 809 2674 862 ad
2709 809 2796 862 Dei
2822 811 3101 879 imaginem
3120 805 3451 865 conditarum

1883 892 1985 928 non
2031 875 2099 928 ita
2130 894 2157 927 a
2187 879 2347 946 fumo
2388 875 2547 933 totius
2577 879 2821 932 vanitatis
2863 875 3066 933 alienus
3093 892 3195 946 est,
3227 892 3283 934 ut
3312 883 3451 935 nulla

1880 947 2048 1019 possit
2076 945 2234 1019 sorde
2260 946 2476 1015 fuscari,
2503 959 2553 1002 et
2582 965 2685 1002 non
2713 963 2923 1019 semper
2952 945 3188 1019 indigeat
3208 951 3452 1019 expoliri.

1879 1015 2030 1082 Quod
2059 1016 2101 1068 si
2150 1016 2308 1070 etiam
2349 1019 2669 1076 cautissimis
2709 1015 2900 1072 animis
2943 1015 3300 1073 necessarium
3331 1031 3412 1075 est
3437 1063 3453 1085 ,

1879 1095 2077 1158 quanto
2109 1085 2212 1158 illis
2252 1088 2480 1155 amplius
2507 1097 2589 1144 est
2630 1087 3004 1157 expetendum,
3033 1090 3119 1158 qui
3167 1099 3272 1143 tota
3319 1090 3456 1145 forte

1877 1156 2000 1230 anni
2025 1156 2190 1230 Spatia
2212 1166 2300 1211 aut
2319 1161 2557 1230 securius
2579 1167 2674 1213 aut
2691 1156 3453 1230 negligentius‘transegerunt?

1879 1223 2022 1294 Quos
2046 1223 2307 1282 charitate
2331 1225 2506 1285 debita
2525 1223 2946 1293 commonemus,
2967 1237 3024 1283 ιιι
3049 1244 3152 1284 non
3183 1223 3301 1285 idéo
3327 1233 3456 1286 sibi-

1880 1293 1992 1349 met
2017 1293 2376 1362 blandiantur,
2405 1302 2529 1370 quia
2576 1297 2729 1352 nobis
2763 1299 3103 1370 conscientia:
3129 1301 3452 1370 singulorum

1882 1374 2065 1433 patere
2093 1379 2196 1419 non
2236 1367 2458 1435 possunt
2487 1388 2500 1425 :
2527 1384 2647 1425 cum
2675 1370 2860 1423 oculos
2885 1367 2980 1422 Dei
3007 1370 3163 1424 simul
3205 1367 3454 1426 universa

1880 1435 2154 1510 cernentis
2193 1451 2297 1490 non
2344 1440 2524 1510 abdita
2566 1439 2826 1510 locorum,
2868 1452 2995 1510 non;
3019 1440 3276 1506 parietum
3304 1451 3454 1510 septa

1878 1505 2190 1578 secludant;
2231 1521 2330 1578 nec
2365 1509 2535 1578 solum
2561 1508 2612 1564 ei
2637 1516 2752 1563 acta
2791 1518 2846 1562 et
2885 1505 3134 1578 cogitata,
3175 1505 3456 1578 verum'et

1879 1574 2082 1648 agenda
2102 1585 2186 1648 _et_
2196 1577 2482 1648 cogitanda
2525 1580 2633 1633 sint
2660 1578 2887 1648 cognita.
2934 1574 3034 1632 Ista
3078 1593 3210 1648 ergo
3233 1577 3454 1634 scicntia

1878 1646 2070 1724 summi
2093 1644 2306 1713 iudicis,
2351 1648 2450 1724 iste
2469 1657 2558 1724 est
2587 1644 2893 1702 tremendus
2918 1644 3184 1718 aspectus,
3216 1648 3299 1702 cui
3329 1663 3440 1717 per-

1879 1718 2020 1768 vium
2045 1724 2128 1770 est
2165 1730 2324 1770 omne
2347 1718 2598 1782 solidum,
2619 1725 2672 1772 et
2697 1725 2936 1784 apertum
2966 1731 3124 1772 omne
3148 1725 3450 1783 secretum;

1879 1785 1962 1856 cui
1991 1784 2458 1856 obscuraiclarent,
2483 1795 2626 1840 muta
2653 1786 3007 1856 respondent;
3039 1786 3306 1841 silentium
3324 1801 3456 1842 cono

1880 1854 2078 1924 litetur,
2117 1863 2169 1908 et
2196 1855 2311 1910 sine
2340 1871 2470 1912 voce
2495 1871 2647 1911 mens
2676 1854 2923 1924 inlinitur.
2955 1855 3121 1910 Nemo
3148 1857 3461 1924 patientiam

1881 1922 2130 1978 bonitatis
2160 1925 2251 1978 Dei
2291 1925 2358 1980 de
2385 1935 2719 1994 peccatorum
2749 1922 2964 1979 suorum
2991 1922 3300 1992 impunitate
3324 1941 3453 1981 con-

1881 2002 2082 2065 temnat
2115 2012 2128 2048 :
2158 2011 2254 2049 nec
2283 1995 2402 2051 ideo
2444 1997 2588 2050 illum
2615 1996 2841 2050 aestimet
2880 2011 2984 2049 non
3015 1996 3299 2059 oll'ensum,
3327 1997 3452 2065 quia

1881 2063 2101 2135 necdum
2131 2075 2212 2118 est
2231 2075 2480 2135 expertus
2505 2067 2714 2120 iratum.
2737 2065 2850 2120 Non
2879 2075 3001 2119 sunt
3021 2067 3189 2135 longae
3211 2063 3450 2120 mortalis

1881 2135 2001 2186 vitae
2039 2134 2282 2199 induciae,
2305 2134 2428 2190 nec
2454 2137 2697 2190 diuturna
2742 2145 2824 2189 est
2855 2135 3060 2190 licentia
3091 2134 3447 2203 insipientium

1880 2203 2207 2272 voluptatum
2241 2205 2291 2258 in
2319 2215 2632 2259 a-ternarum
2677 2205 2914 2259 dolorem
2955 2207 3240 2259 transitura
3271 2219 3460 2272 pmna‘

1880 2287 2017 2344 rum,
2045 2273 2242 2344 sidum
2264 2276 2482 2340 justitia:
2504 2275 2762 2330 set-utentia
2789 2276 3150 2344 suspenditur,
3191 2275 3460 2344 painiten.

1881 2341 1965 2396 tite
1988 2343 2245 2398 medicina
2275 2359 2378 2397 non
2405 2345 2675 2410 quaeritur.

1949 2413 2002 2467 4.
2048 2414 2210 2477 Quum
2237 2414 2512 2482 periculose
2535 2424 2642 2465 ornt
2669 2412 2883 2480 cupidus
2910 2414 3132 2467 ultionis.
3169 2412 3360 2467 Pra'sto
3379 2425 3457 2467 est

1880 2483 2219 2535 misericordia
2259 2483 2586 2536 misericordi.
2622 2484 2997 2552 Confugiamus
3043 2500 3167 2551 ergo
3211 2485 3276 2537 ad
3316 2499 3452 2553 pra:-

1881 2561 2086 2606 scntem
2133 2553 2324 2620 ubique
2377 2553 2792 2606 misericordiam
2844 2553 2956 2610 Dei.
3011 2563 3064 2607 et
3111 2564 3166 2606 ut
3209 2563 3461 2607 Sanctum

1881 2621 2081 2674 Pascha
2116 2622 2324 2675 Domini
2345 2622 2501 2687 digna
2527 2624 2862 2676 observantia
2886 2622 3202 2687 celebretur,
3228 2632 3449 2677 cuncto-

1881 2706 1998 2744 rum
2029 2691 2260 2746 lidelium
2299 2691 2458 2746 corda
2502 2693 2913 2746 sanctilicentur.
2945 2692 3182 2746 Mitescm
3209 2693 3408 2746 saevitia
3430 2734 3450 2757 ,

1882 2771 2214 2830 mansuescat
2255 2761 2525 2815 iracundia
2557 2779 2571 2813 :
2602 2763 2874 2816 remittant
2911 2762 3011 2815 sibi
3057 2777 3244 2816 omnes
3272 2762 3456 2830 culpas

1882 2829 2104 2883 invicem
2132 2845 2275 2892 suas,
2309 2846 2408 2885 nec
2431 2842 2646 2900 exactor
2673 2835 2743 2884 sit
2768 2831 3010 2885 vindicta:
3033 2835 3124 2900 qui
3153 2832 3344 2900 petitor
3362 2829 3454 2886 est

1879 2900 2067 2952 veniae.
2095 2900 2336 2954 Dicentes
2365 2902 2524 2962 enitn,
2550 2899 2756 2954 Dimitte
2777 2901 2915 2956 nobis
2931 2899 3092 2954 debita
3111 2899 3304 2966 nostra,
3326 2901 3452 2954 sicut

1881 2977 1925 3039 et
1964 2986 2056 3022 nos
2078 2971 2372 3024 dimittimus
2408 2971 2710 3024 debitoribus
2748 2971 2929 3024 nostris
2959 2970 3167 3038 (Matth.
3212 2987 3286 3035 vt,
3323 2970 3449 3039 l2);

1880 3037 2178 3110 durissimis
2217 3055 2314 3094 nos
2339 3041 2562 3110 vinculis
2585 3040 2880 3110 alligamus,
2925 3037 3024 3094 nisi
3053 3040 3192 3109 quod
3232 3037 3448 3110 proﬁte-

1881 3124 2000 3161 mur
2029 3109 2364 3177 impleamus.
2400 3109 2570 3176 Unde,
2601 3112 2644 3163 si
2674 3109 2929 3165 Orationis
2970 3111 3122 3178 hujus
3155 3109 3451 3164 sacratissi-

1881 3193 2026 3231 mum
2057 3189 2266 3247 pactum
2313 3195 2415 3233 non
2447 3191 2554 3233 tota
2587 3181 2665 3233 sui
2695 3179 3002 3235 conditione
3039 3189 3302 3234 servatum
3330 3187 3452 3243 est;

1881 3262 2020 3302 nunc
2049 3250 2233 3302 saltem
2260 3251 2637 3304 conscientiam
2679 3264 2829 3303 suam
2868 3250 3226 3318 unusquisque
3253 3264 3456 3317 cogno-

1880 3325 2014 3382 scat,
2029 3327 2082 3372 et
2101 3319 2287 3372 alienis
2306 3319 2623 3387 ignoscendo
2639 3319 2866 3383 delictis,
2880 3320 3217 3373 abolitionem
3234 3333 3452 3387 suorum

1880 3387 2116 3442 obtineat
2162 3386 2517 3457 peccatorum.
2562 3389 2778 3444 Dicente
2822 3401 3048 3458 namque
3093 3389 3342 3453 Domino,
3391 3386 3453 3442 Si

1881 3458 2166 3527 dimiseritis
2194 3459 2478 3512 hominibus
2511 3467 2712 3527 peccata
2749 3475 2941 3524 eorum,
2983 3459 3193 3511 dimittet
3213 3468 3280 3527 _et
3317 3458 3454 3511 uobis

1882 3524 2041 3581 Pater
2063 3539 2221 3581 vester
2253 3529 2339 3596 qui
2369 3529 2422 3580 in
2447 3524 2584 3581 caélis
2610 3537 2680 3580 est
2719 3527 2930 3595 (Matth.
2961 3544 3034 3593 vt,
3068 3528 3134 3582 M
3159 3543 3174 3591 ;
3201 3525 3326 3580 Luc.
3357 3541 3408 3580 Vt
3432 3566 3465 3592 ,.

1881 3597 1974 3667 37)
2001 3614 2015 3647 :
2044 3612 2148 3652 non
2175 3597 2328 3666 longe
2355 3605 2436 3652 est
2459 3598 2526 3650 ab
2569 3603 2886 3666 unoquoque
2908 3597 3048 3667 quod
3093 3596 3298 3667 poscit;
3328 3609 3450 3667 cum

1880 3665 2292 3736 de’benignitate
2319 3667 2570 3736 supplicis
2597 3665 2858 3721 sententia
2900 3665 3124 3736 pendeat
3144 3666 3465 3734 iudicantis-

1880 3735 1978 3801 Qui
1999 3736 2346 3789 humanarum
2375 3735 2590 3805 precum
2620 3735 2922 3790 misericors
2947 3745 3002 3791 et
3021 3738 3198 3805 justus
3217 3736 3448 3800 auditor,

1879 3807 2112 3874 aequitati
2151 3821 2260 3859 sua:
2289 3806 2358 3860 de
2401 3816 2578 3859 nostra
2626 3805 2843 3860 lenitate
2892 3805 3205 3875 pratscribit,
3250 3813 3470 3875 utnon.

1881 3875 2101 3946 haberet
2130 3875 2180 3929 in
2223 3889 2315 3929 eos
2354 3875 2449 3946 jus,
2479 3875 2796 3939 severitatis,
2835 3874 2970 3946 quos
3009 3891 3115 3946 non
3163 3874 3458 3946 invenisset

1881 3945 2100 4015 cupidos
2142 3943 2374 3999 ultionis.
2422 3944 2720 4015 Clementes
2763 3943 2938 4000 autem
2967 3955 3022 4000 et
3049 3945 3205 3999 mites
3247 3943 3457 3998 animos

1881 4012 2040 4070 etiam
2065 4016 2280 4084 largitas
2306 4015 2478 4070 decet.
2510 4012 2646 4069 Nihil
2675 4015 2814 4069 enim
2841 4015 3052 4085 dignius
3078 4024 3180 4085 est,
3207 4029 3366 4085 quam
3396 4024 3456 4068 ut

1882 4085 2042 4140 homo
2070 4086 2151 4140 sui
2178 4085 2408 4140 auctoris
2445 4087 2516 4139 sit
2543 4087 2796 4150 imitator,
2827 4095 2880 4139 et
2907 4084 3198 4140 Secundum
3233 4084 3454 4138 modum

1881 4157 2109 4226 propria:
2155 4155 2619 4226 facultatisrdivini
2647 4155 2717 4209 sit
2754 4155 2932 4223 operis
2969 4163 3268 4226 exsecutor.
3319 4151 3457 4206 Nam

1880 4223 2000 4280 cum
2044 4225 2260 4280 aluntur
2301 4225 2614 4290 esurientes,
2663 4226 2962 4280 vestiuntur
3001 4223 3163 4288 nudi,
3209 4223 3462 4276 foveatur.

1881 4295 2099 4362 inﬁrmi,
2140 4310 2317 4349 nonne
2354 4294 2606 4349 auxilium
2634 4295 2840 4348 Domini
2885 4309 3071 4348 manus
3097 4292 3274 4364 explet
3295 4293 3457 4364 (mini-

1880 4366 1996 4430 stri,
2026 4374 2081 4419 et
2118 4365 2414 4434 benignitas
2438 4366 2577 4419 servi
2608 4380 2796 4418 munus
2825 4373 2907 4418 est
2937 4362 3180 4417 Domini?
3207 4362 3305 4428 Qui
3331 4376 3470 4434 cuin.

1880 4437 1946 4489 ad
1971 4435 2190 4490 effectus
2232 4431 2609 4489 misericordia:
2633 4449 2743 4488 sua:
2767 4433 3006 4504 adjutore
3036 4449 3153 4504 non,
3181 4440 3353 4504 egeat,
3384 4431 3462 4504 ita.

1880 4519 2031 4559 suam
2056 4504 2489 4574 omnipotentiam
2522 4502 2850 4573 temperavit,
2880 4513 2936 4558 ut
2973 4503 3242 4574 laboribus
3285 4502 3450 4574 homio

1881 4591 2006 4630 num
2039 4590 2134 4644 per
2175 4569 2416 4629 homines
2443 4569 2769 4644 subveniret,
2815 4583 2870 4630 et
2895 4574 3084 4644 merito
3125 4569 3456 4644 Deogratia:

1882 4641 2206 4700 referrentur
2245 4644 2313 4700 de
2358 4645 2564 4712 pietatis
2589 4643 2798 4701 ciliciis.
2840 4643 2992 4712 cujus
3017 4657 3181 4713 opera
3213 4641 3457 4713 videntur

1882 4715 1936 4785 in
1965 4714 2189 4772 famulis.
2223 4710 2445 4785 Propter
2467 4714 2608 4782 quod
2637 4714 2746 4782 ipse
2776 4710 3036 4785 Dominus
3049 4710 3329 4785 discipulis
3356 4710 3448 4762 ait:

1882 4784 1972 4840 Sic
1995 4785 2156 4838 luceat
2183 4779 2350 4838 lumen
2378 4779 2593 4837 vestrum
2617 4779 2787 4836 coram
2822 4782 3122 4845 hominibus,
3154 4791 3206 4832 ut
3236 4779 3454 4832 uidentes

1882 4871 2034 4923 opera
2057 4863 2220 4924 vestra
2249 4858 2397 4924 bona,
2439 4851 3000 4924 magniﬁcent__Patrem
3035 4860 3247 4924 uestrum
3280 4851 3366 4919 qui
3401 4849 3459 4902 in

1881 4920 2022 4977 ciztis
2041 4934 2112 4977 est
2143 4923 2347 4992 (Matth.
2390 4939 2444 4990 v,
2474 4920 2583 4993 16),
2616 4937 2710 4992 per
2736 4921 3005 4977 Christum
3037 4920 3316 4976 Dominum
3357 4933 3462 4974 no-
3500 4920 3503 4923 ’

1883 5003 2071 5049 strum.
2100 4993 2290 5050 Amen.

2363 5061 2594 5118 saeuo
2629 5059 2838 5116 cxux
2868 5061 2966 5134 (a).

2452 5158 2500 5199 tn
2522 5158 2664 5200 C(ena
2684 5152 2883 5200 Domini.

1883 5212 1962 5268 De
2001 5231 2058 5268 eo
2087 5215 2219 5284 quod
2265 5215 2505 5282 scriptum
2533 5225 2604 5267 est
2645 5215 2698 5266 in
2741 5213 3014 5283 Evangelia
3043 5211 3282 5284 Joannis,
3332 5227 3448 5280 cap.

1955 5301 2066 5348 xm,
2099 5282 2255 5349 ἰι-8,
2301 5283 2479 5352 Surgit
2525 5300 2554 5337 a
2610 5298 2799 5350 omna,
2849 5282 2902 5338 et
2955 5285 3103 5351 ponit
3148 5282 3457 5336 vestimenta

2399 5423 2669 5494 peregrinis
2690 5424 2916 5494 exemplo
2933 5422 3138 5478 Domini
3154 5418 3454 5497 exhibenda.

1949 5537 1966 5567 ί
1991 5537 2062 5585 sic
2085 5535 2266 5585 habent
2283 5548 2397 5585 mss.
2416 5535 2535 5585 Editi
2561 5548 2697 5597 vero,
2721 5534 3008 5586 audivimus.

1969 5599 2020 5662 (ι)
2056 5597 2192 5655 Alias,
2217 5598 2280 5646 de
2296 5605 2531 5662 tempore
2559 5597 2660 5662 l27_.
2853 5655 2884 5662 __
3096 5658 3113 5662 _
3248 5651 3258 5662 .

1972 5650 2020 5718 b')
2057 5665 2103 5706 In
2126 5650 2396 5720 appendice
2414 5650 2546 5707 'nunc
2567 5660 2770 5720 primum
2795 5655 3045 5720 collocatur
3095 5650 3464 5720 tovaniensrlitn

1886 5714 2078 5775 dubius,
2105 5714 2294 5768 vet-lino
2317 5729 2480 5768 autem
2503 5727 2554 5768 et
2567 5714 2816 5779 'V'indingo
2847 5719 3055 5781 spurius”
3073 5714 3459 5781 videliatur._au-

1925 5773 2132 5829 ustiuum
2155 5790 2291 5830 certe
2315 5781 2429 5829 illud
2453 5773 2786 5841 titinimesapﬁ
2807 5773 2934 5841 quod
2961 5775 3122 5841 intiue
3145 5788 3194 5821 ιι.
3213 5773 3239 5841 _l
3268 5773 3462 5841 dicitur,

1907 5831 2068 5891 otione
2094 5843 2267 5903 pedum
2285 5878 2298 5898 ,
2323 5856 2417 5890 non
2439 5841 2591 5903 solum
2622 5831 2798 5903 initiata
2818 5831 2838 5895 ξ
2847 5836 2933 5886 sed
2953 5837 3102 5901 etiam
3114 5831 3461 5903 capitaliapec-

1891 5911 1995 5954 cata
2027 5894 2236 5968 puigari.
2263 5894 2421 5965 Longe
2454 5902 2638 5952 c..utius
2668 5898 2750 5948 ille
2787 5894 2838 5948 in
2867 5894 3090 5946 scrinone
3112 5894 3168 5957 9,
3187 5894 3259 5943 de
3283 5901 3459 5943 Decem
