3982 6516
225 361 364 416 εοιε

297 477 350 532 6.
377 473 574 528 Maces
597 471 800 526 La'roai
823 469 1378 542 prontissa.Yideamus
1395 467 1518 539 quid
1540 469 1674 542 inter
1695 468 1794 522 ista

225 545 546 612 respondeat
571 544 719 597 dives
749 551 800 596 et
825 539 964 610 larga
999 543 1088 612 Dei
1126 541 1331 612 bonitas
1356 558 1370 594 :
1392 554 1510 612 quae
1535 539 1668 612 sicut
1698 553 1792 612 ex-

225 606 368 670 cedit
407 625 559 678 vota,
587 614 656 666 ita
697 606 930 680 gratiam'
965 611 1200 680 adjungit
1238 609 1304 664 ad
1345 606 1552 680 merita.
1597 606 1790 680 Hodie,

227 686 428 752 inquit:
454 677 773 752 utnquanisi
811 677 1043 752 diceret,
1064 677 1198 752 Quid
1225 695 1311 752 me
1331 721 1344 740 ,
1375 677 1574 752 inquit,
1603 677 1792 752 o‘ﬁde-

229 747 426 808 tissime
449 747 631 808 eomes
655 759 710 806 et
735 751 888 804 unice
915 751 1045 802 tanti
1077 750 1228 804 testis
1251 747 1532 815 triumphi,
1558 747 1684 816 quid
1709 761 1793 801 me

227 835 502 892 tantopere
521 819 844 892 exorandum
871 829 1019 892 putas
1038 859 1052 883 ,
1085 829 1142 872 ut
1167 819 1218 872 in
1245 818 1332 872 die
1353 816 1531 892 judicii
1561 817 1661 892 mei
1683 831 1794 870 me—

225 883 470 948 minerim
501 893 614 947 tui?
643 889 776 956 Quid
819 883 906 943 me
947 889 1011 941 ad
1045 883 1369 958 pnesentem'
1387 883 1789 958 retributionem

223 973 466 1026 paratum
487 1004 502 1025 ,
535 961 586 1014 in
629 955 862 1028 tempora
904 967 1008 1010 tam
1041 955 1192 1028 longa
1223 956 1562 1028 dissimulas?
1581 955 1712 1028 quid
1736 955 1790 1028 _i_n

221 1023 398 1086 futura
439 1023 634 1086 saecula
661 1023 816 1082 ﬁdem
861 1028 911 1080 in
958 1036 1010 1080 te
1054 1023 1336 1095 perfectam
1381 1023 1794 1094 fatigasTHodie

219 1117 416 1156 mecm
441 1103 542 1154 eris
569 1101 620 1152 in
647 1097 882 1166 paradiso
911 1095 1058 1164 (Luc.
1089 1112 1243 1161 xxut,
1261 1096 1788 1166 55).Ergo_tauquam

223 1171 556 1226 hereditaria
569 1178 624 1222 et
648 1163 864 1237 paterna
893 1163 1064 1230 sctles,
1083 1181 1199 1234 quze
1229 1165 1448 1233 expulso
1466 1163 1651 1237 Adam,
1672 1179 1790 1237 qua:

219 1241 458 1306 expulsis
481 1234 686 1293 duobus
704 1277 718 1300 ,
750 1237 926 1306 clausa
953 1245 1038 1306 est
1058 1237 1345 1306 innumeris
1367 1235 1600 1306 populis,
1631 1241 1682 1306 te
1707 1234 1790 1306 in-

219 1301 466 1364 troeunte
491 1308 830 1362 reserabitur.
861 1305 1138 1369 Ingredere
1175 1305 1296 1358 illuc
1325 1301 1557 1372 primus;
1588 1301 1682 1357 sed
1709 1303 1789 1354 in-

215 1395 406 1447 gressu
433 1377 670 1432 feliciure
705 1391 860 1444 quam
887 1375 1120 1447 primus.
1151 1374 1288 1447 Intra
1323 1373 1628 1447 paradisum
1650 1387 1792 1447 ,__ne-

217 1441 483 1516 quaquam
511 1441 790 1516 ultracum
822 1441 989 1516 Adam
1031 1441 1788 1516 visttrusuinrernum.Abullum

217 1510 328 1572 illic
345 1510 532 1571 cibum
571 1515 847 1578 Irthalem,
879 1514 1074 1566 nullam
1102 1513 1208 1580 jam
1241 1514 1440 1579 legem,
1479 1510 1673 1564 nullam
1699 1524 1784 1562 ar-

217 1589 406 1640 borem
451 1585 792 1653 pertimescas
821 1599 836 1636 :
861 1597 960 1653 ego
991 1584 1098 1653 tibi,
1127 1583 1228 1653 illic
1251 1581 1642 1653 ero-vietuset
1655 1580 1780 1631 vita.

219 1656 286 1710 Et
307 1671 377 1710 ne
398 1649 532 1708 forte
559 1653 806 1716 verearis,
835 1649 1012 1704 ne'tihi
1038 1651 1225 1720 aliquis
1251 1649 1415 1702 hostis
1443 1649 1492 1702 in
1520 1651 1610 1702 illo
1631 1649 1786 1720 beato

217 1741 472 1788 nemore,
506 1739 572 1778 ne
613 1723 860 1790 antiquus
903 1722 992 1774 ille
1039 1718 1172 1773 latro
1197 1720 1490 1790 insidietur,
1519 1718 1786 1790 possessio

217 1795 310 1846 tibi
358 1794 466 1847 illic
505 1811 590 1846 nte
635 1788 1000 1846 itttroducente
1039 1790 1352 1843 ﬁrmabitut‘.
1391 1788 1622 1842 Recedet
1658 1801 1784 1854 ergo

221 1864 508 1918 inﬁdelitas
527 1903 543 1928 ,
571 1877 686 1930 qua:
719 1862 880 1914 Deum
909 1870 961 1912 et
986 1860 1252 1930 hominem
1293 1875 1396 1930 non
1435 1857 1780 1930 recognoscit.

217 1933 350 1986 Nam
391 1926 536 1986 sicut
562 1926 804 1984 diabolus
845 1940 926 1984 est
954 1931 1040 1999 qui
1069 1928 1136 1983 de
1165 1928 1408 1997 paradiso
1445 1927 1677 1996 expulit;
1711 1926 1781 1979 ita

217 2003 361 2056 Deus
383 2013 464 2054 est
483 2002 572 2070 qui
603 2000 821 2054 reducit.

287 2072 342 2126 7.
363 2064 614 2124 Christum
629 2071 678 2121 in
695 2086 840 2121 cruce
857 2067 1013 2120 Deum
1034 2075 1292 2132 testantur,
1301 2066 1554 2137 judicium
1573 2065 1708 2137 illius
1723 2064 1786 2137 de

213 2141 516 2204 latronibus,
531 2141 656 2192 mira
673 2139 808 2191 illius
827 2138 1083 2206 patientia,
1101 2134 1328 2190 creatura
1344 2139 1590 2206 universa.
1611 2134 1784 2186 Homi-

215 2213 294 2264 nis
309 2221 496 2280 quanta
517 2205 1053 2280 duritiesﬁecundutu
1079 2205 1539 2280 lt:t-c,_eharissimi,
1561 2219 1658 2272 per
1677 2219 1784 2257 om-

215 2276 338 2334 nem
355 2289 622 2345 gestorum
637 2277 896 2339 ordinem,
921 2278 1078 2328 Deum
1099 2277 1198 2330 sub
1215 2276 1424 2328 homine
1439 2289 1782 2345 agnoscamus

213 2343 544 2416 operantem.
573 2349 777 2402 Positus
809 2349 858 2399 in
883 2346 1113 2414 patibqu
1143 2346 1278 2398 velut
1309 2345 1586 2416 arbiter-in
1607 2343 1780 2396 medio

213 2412 582 2472 damnatorum
598 2460 612 2482 ,
633 2412 908 2485 negantem
931 2416 1138 2484 repulit.
1157 2415 1388 2485 suscepit
1407 2412 1776 2485 conﬁtentem;

215 2488 356 2542 hunc
375 2487 590 2555 deputat
619 2483 780 2554 riguo
799 2528 812 2544 .
843 2483 1263 2555 illum'relinquit
1291 2483 1514 2536 inferno.
1549 2483 1649 2555 Per
1669 2483 1781 2555 haec

211 2575 342 2626 ergo
359 2551 632 2612 credamus
655 2551 704 2608 ἱιῖ
727 2553 1388 2626 majcsuttejudicaturum,
1416 2567 1570 2618 quem
1588 2552 1696 2626 jam
1713 2551 1778 2626 _i_n

213 2620 374 2683 cruce
417 2637 470 2679 et
513 2620 925 2680 misericordiam
954 2625 970 2655 ⁸
1000 2620 1235 2676 videmus
1259 2637 1506 2676 exercere
1546 2630 1600 2674 et
1633 2620 1776 2686 judi-

211 2697 374 2750 cium.
399 2695 688 2749 Credamus
707 2735 721 2758 ,
748 2695 987 2760 inquam,
1019 2693 1215 2756 Deum,
1249 2693 1326 2745 vel
1358 2706 1420 2744 ev
1449 2691 1556 2743 sola
1587 2690 1779 2760 virtute

215 2765 486 2831 patientia:
505 2805 519 2826 ,
549 2765 636 2832 qui
667 2763 790 2816 dum
819 2759 886 2816 ab
913 2763 1122 2816 homine
1150 2763 1288 2815 cruci
1317 2771 1370 2814 et
1395 2759 1774 2832 ttccitraditnr,

209 2829 290 2888 sic
315 2849 522 2904 quoque
551 2829 752 2887 homini
777 2833 998 2900 gloriam
1025 2833 1297 2904 pollicetur
1321 2849 1334 2882 :
1357 2831 1444 2899 qui
1477 2829 1592 2882 illas
1637 2830 1776 2895 ipsas

213 2901 506 2972 injurias’et
535 2905 711 2972 plagas
739 2911 1023 2972 congestas
1043 2901 1092 2953 in
1121 2915 1310 2972 corpus
1347 2913 1528 2972 suum,
1556 2912 1776 2972 conver-

211 2967 281 3026 tii
305 2975 358 3027 in
391 2967 896 3040 pretinm'nostrum.
923 2969 1027 3025 Sed
1054 2980 1108 3022 et
1137 2967 1246 3036 ipsa
1283 2969 1440 3040 totius
1469 2967 1778 3040 n_mndi__ra-

211 3036 480 3096 tionabilis
517 3053 756 3096 creatura
785 3041 1010 3093 motibus
1035 3040 1143 3092 suis
1177 3040 1338 3093 Deum
1371 3037 1617 3106 loquitur.
1645 3036 1804 3090 Nam.

209 3115 264 3166 in
291 3112 462 3167 media
493 3111 731 3180 passione
771 3110 976 3162 Domini
1005 3107 1296 3180 Salvatoris
1323 3107 1559 3180 cmlestia
1587 3115 1640 3158 et
1669 3114 1775 3159 ter-

209 3197 338 3236 rena
385 3175 688 3242 turbantur;
721 3180 808 3232 lux
851 3193 971 3232 cum
1014 3186 1165 3231 nocte
1204 3178 1472 3238 miscetur,
1513 3175 1772 3229 elementa

207 3251 535 3322 quatiuntur,
551 3250 684 3304 etab
699 3248 924 3322 antiquis
939 3246 1242 3300 ministeriis
1255 3245 1563 3322 etfugantur.
1580 3246 1618 3296 A
1628 3253 1774 3322 perte

210 3314 391 3376 rerum
417 3331 600 3373 natura
629 3314 939 3387 perSpicitur
967 3316 1288 3387 commpvcri
1309 3356 1332 3387 ,_
1355 3315 1493 3368 velut
1520 3314 1572 3367 in
1601 3314 1772 3366 vindi—

207 3401 350 3446 ctam
383 3389 610 3444 auctoris
631 3385 720 3442 sui
748 3385 874 3440 velit
899 3385 1110 3439 armari.
1140 3385 1300 3438 Terra
1323 3385 1432 3453 ipsa
1461 3397 1714 3436 concussa
1743 3399 1770 3435 a

211 3459 568 3514 fundamentis
587 3459 714 3518 suis,
736 3456 884 3525 quasi
904 3473 1020 3524 qua:
1045 3469 1254 3509 crucem
1283 3453 1488 3507 Domini
1513 3455 1592 3506 vix
1615 3453 1774 3525 susti-

211 3541 338 3584 neat
367 3531 410 3594 ’,
454 3539 698 3596 tanquam
737 3524 804 3579 ad
845 3527 1016 3580 scelus
1070 3525 1338 3596 proprium
1388 3524 1769 3596 contremiscit.

213 3601 338 3654 Dies
365 3592 784 3664 réfugodumine
806 3633 824 3660 ,
852 3593 1117 3664 quomodo
1147 3592 1318 3664 potest
1337 3635 1365 3664 ,A
1379 3593 1538 3664 sumit
1567 3592 1770 3664 lamen-

211 3679 324 3724 tum
347 3711 363 3730 ,
394 3677 448 3723 et
471 3662 616 3720 tusco
651 3662 882 3720 tristium
915 3663 1252 3718 tenebrarum
1284 3662 1494 3725 habitu,
1521 3675 1668 3714 more
1695 3663 1774 3714 lu-

207 3739 417 3808 gentis,
446 3737 677 3808 induitur
701 3751 714 3788 :
738 3743 790 3790 et
830 3735 968 3808 sicut
1011 3743 1116 3787 tota
1158 3733 1276 3787 cmli
1306 3733 1464 3808 facies
1490 3731 1772 3808 Domiuica:

213 3801 499 3862 nativitatis
525 3806 744 3876 gloriam
787 3819 922 3876 nova
953 3804 1067 3856 luce
1111 3811 1358 3876 testatur;
1391 3802 1468 3876 ita
1488 3801 1660 3876 crucis
1689 3801 1772 3852 in-

205 3879 402 3947 juriam
435 3871 840 3947 novistencbris
867 3873 1175 3947 detestatur.
1204 3873 1270 3926 Et
1297 3887 1414 3940 qua:
1439 3871 1628 3947 duritia
1653 3883 1774 3923 cor-

209 3940 293 4002 dis
313 3946 565 4000 humani?
589 3945 676 3998 Va:
706 3945 782 3998 eis
801 3943 888 4012 qui
911 3943 1048 4012 inter
1077 3943 1174 3996 ista
1205 3957 1310 3996 non
1334 3940 1582 4012 credunt;
1609 3955 1775 4008 quau-

209 4017 494 4086 doquidem
540 4025 783 4086 creatura
818 4010 1192 4086 insensibilis,
1222 4027 1342 4080 qua:
1383 4010 1620 4086 recipere
1666 4024 1772 4086 non

213 4081 390 4156 potest
429 4085 754 4156 credulitatis
790 4083 1061 4142 allectum,
1091 4081 1182 4135 dat
1219 4090 1403 4156 tamen
1423 4081 1772 4156 _Deonconles-

211 4147 379 4212 sionis
419 4155 764 4223 obsequium:
791 4161 986 4223 etcum
1027 4165 1122 4219 pro
1157 4151 1270 4223 solo
1297 4147 1774 4223 ltomitie_Christtts

211 4236 453 4280 mortuus
477 4219 579 4289 sit,
601 4222 843 4292 perhibet
863 4221 918 4292 ei
949 4231 1120 4292 tamen
1149 4221 1306 4274 etiam
1335 4235 1456 4288 pars
1481 4219 1567 4273 illa
1593 4219 1772 4272 mundi

213 4295 572 4351 testimonium
603 4289 936 4356 divinitatis,
966 4289 1034 4345 ad
1071 4305 1226 4361 quam
1271 4303 1376 4343 non
1422 4297 1776 4358 pervenerunt

211 4365 472 4422 benelicia
501 4363 777 4432 passionis.

279 4437 336 4490 8.
381 4427 632 4499 Quantum
658 4435 806 4486 homo
833 4431 992 4484 ualeat
1020 4438 1065 4484 et
1101 4429 1292 4482 debeat.
1323 4427 1490 4494 Quam
1521 4443 1634 4480 reus
1659 4443 1774 4499 cum

211 4497 616 4575 peccatiludicii
633 4500 1018 4575 futurioblivio,
1048 4515 1230 4568 magna
1249 4499 1437 4575 peccati
1463 4513 1626 4568 pana.
1644 4497 1774 4562 Quae

207 4569 334 4630 cum
381 4575 452 4628 ita
499 4569 994 4636 sint,charissimi,
1031 4577 1280 4638 agnoscat
1321 4569 1482 4622 homo
1506 4575 1772 4638 quantum

209 4645 420 4710 valeat,
449 4652 504 4696 et
542 4635 794 4710 quantum
841 4640 984 4693 illum
1029 4635 1138 4710 Deo
1183 4639 1468 4692 obnoxium
1497 4635 1651 4710 faciat
1687 4636 1775 4710 vel

209 4706 510 4768 natura'vel
553 4706 738 4780 gratia.
787 4711 1056 4779 Agnoscat
1097 4708 1256 4780 homo
1293 4717 1542 4780 quantum
1589 4706 1658 4780 ab
1683 4707 1776 4780 illo

207 4792 482 4851 exspectet
502 4775 670 4851 Deus;
701 4787 756 4834 et
779 4775 934 4851 quem
963 4786 1104 4832 tanta
1125 4775 1424 4851 dignatione
1447 4775 1628 4851 habuit
1649 4776 1778 4829 cha-

211 4846 364 4916 rutti,
394 4867 548 4922 quam
589 4850 717 4904 velit
759 4846 878 4903 esse
924 4849 975 4902 in
1021 4846 1422 4922 conversatione
1463 4846 1772 4922 pretiosum.

209 4915 478 4992 Agneséat
501 4919 660 4992 homo
677 4928 930 4988 quantum
955 4917 1126 4992 valeat
1143 4925 1242 4992 ,__et
1265 4925 1516 4992 quantum
1545 4915 1732 4992 debeat
1757 4933 1774 4968 :

207 4985 414 5048 et'dum
445 4991 668 5060 pretium
695 4985 846 5044 suum
875 5003 906 5042 c
977 4989 1100 5050 itat,
1129 4987 1247 5040 vilis
1272 4985 1369 5040 sibi
1395 4999 1514 5040 esse
1533 4985 1773 5048 desinat,

207 5071 264 5112 et
290 5063 463 5112 notius
487 5061 656 5112 vicem
681 5003 1206 5112 munerisogalvatori
1235 5071 1301 5109 ex
1335 5056 1448 5112 ipso
1476 5053 1616 5107 bono
1643 5067 1739 5108 suo
1757 5095 1773 5112 .

207 5071 264 5116 et
290 5053 463 5130 potius
487 5061 656 5115 vicem
681 5058 916 5113 muneris
944 5053 1301 5130 Salvatoriex
1335 5056 1448 5130 ipso
1476 5053 1621 5130 bono
1643 5067 1739 5108 suo
1757 5095 1773 5120 ,

207 5133 262 5186 id
283 5123 400 5196 est,
431 5130 498 5184 de
543 5138 850 5184 conservata
893 5127 1062 5196 salute
1105 5127 1366 5180 restituat.
1407 5123 1777 5196 custodiamus

209 5217 339 5270 ergo
365 5192 588 5270 sollicite
613 5199 752 5270 quod
791 5197 934 5270 tanti
959 5195 1169 5251 sudoris
1196 5194 1514 5270 commercio
1540 5192 1776 5270 Christus

209 5263 454 5326 redemit.
487 5263 644 5323 Reus'
661 5269 836 5336 itaque
861 5268 964 5320 erit
1001 5281 1106 5322 non
1135 5266 1281 5335 parvi
1312 5265 1499 5336 pretii,
1527 5263 1620 5336 sed
1649 5277 1776 5316 sane

207 5341 384 5411 guinis
427 5338 650 5405 Christi,
681 5333 772 5407 qui
819 5337 979 5392 violat
1019 5343 1074 5392 et
1116 5333 1470 5390 commaculet
1509 5333 1774 5394 animam,

277 5477 294 5507 ι
321 5482 372 5523 ιιι
391 5485 508 5522 mss.
527 5486 578 5522 et
593 5472 718 5534 apud
731 5471 988 5534 Eusebium
999 5470 1336 5522 desiderantur
1353 5480 1518 5528 voces,
1535 5467 1784 5534 ctms'seri-

211 5535 462 5610 cordiaut;
493 5529 692 5595 adjectae
729 5533 808 5584 hic
839 5535 964 5584 forte
995 5537 1161 5584 contra
1181 5538 1398 5582 mentem
1417 5531 1626 5580 auderis
1646 5529 1781 5592 pela-

212 5605 589 5788 Ξέιιιξῶιιω,
627 5651 766 5720 quasi
807 5665 918 5724 qua:
957 5665 1103 5724 super
1143 5663 1339 5706 crucem
1389 5660 1544 5704 Deum
1576 5655 1660 5708 vta:
1681 5664 1784 5706 uts-

1611 349 1838 406 SEBMO
1875 349 2052 405 CLIV.

3329 367 3398 422 ‘20
3411 369 3468 422 ili

1901 468 2100 548 _Chri_st_i
2117 471 2376 548 sanguine
2399 477 2452 548 et
2471 473 2712 548 passione
2733 485 3034 548 mandatam
3056 496 3070 540 ;
3101 479 3442 548 blasphemus

1900 537 2164 618 homicida
2180 583 2192 604 ,
2220 527 2489 618 castitatis.
2502 527 2917 618 proditorZII-t—ec

1899 609 2097 662 cidunt.
2125 611 2498 664 Cinitestamur
2525 611 2777 667 (Zharitati
2810 624 2998 669 vestrae
3025 609 3212 672 causas
3235 631 3465 676 interno-

1899 692 2012 757 rum
2041 681 2318 733 malorum.
2344 680 2708 757 Blasphemus,
2737 683 3016 757 homicida,
3043 687 3278 754 proditor
3307 693 3468 744 casti-

1899 751 2206 826 tat_is__su_:e,
2236 761 2568 826 expugnatop
2601 751 2820 826 alienat;
2853 755 2900 807 id
2946 751 3061 814 est;
3106 757 3194 824 qui
3247 758 3464 826 legitimi

1895 817 2084 871 cubilis
2123 820 2238 894 jura
2281 817 2793 894 transgrediturpqui
2838 834 2984 878 extra
3010 817 3462 894 eouj'ugem‘suam

1899 899 1992 952 per
2033 887 2512 958 mortiferoserrat
2563 887 2870 958 amplexus,
2925 909 3046 948 rcus
3098 887 3200 948 erit
3249 905 3462 952 :rterua:

1895 959 2080 1032 mortis
2107 957 2270 1032 :_quia
2295 957 2450 1032 vilem
2495 959 2544 1010 in
2575 973 2633 1012 se
2658 957 2854 1032 :habuit
2883 965 3190 1032 sanguinem
3229 965 3460 1020 Redem-

1895 1027 2078 1093 ptoris.
2122 1027 2194 1104 Et
2235 1027 2356 1104 quia
2404 1027 2598 1104 clamat
2625 1027 3170 1104 _Apos_tolus,'N_eque
3214 1052 3457 1104 rapaces,

1893 1109 2050 1175 neque
2072 1097 2284 1148 adulteri
2309 1111 2518 1165 regnum
2540 1096 2980 1175 _Dci_pbssidebunt
3005 1101 3050 1166 (I
3079 1096 3194 1175 Cor.
3215 1096 3300 1175 ιη’,
3333 1096 3456 1175 10)ξ

1891 1164 2247 1218 abstineamus
2291 1164 2478 1219 manus
2505 1168 2570 1220 ab
2609 1164 2796 1220 alienis
2817 1211 2831 1232 ,
2863 1164 3044 1224 oculos
3073 1173 3140 1226 ab
3180 1164 3350 1226 aliena
3380 1164 3458 1228 te;

1893 1235 2031 1286 mina
2059 1249 2344 1308 caveamus
2367 1251 2383 1308 :_
2405 1251 2470 1308 ne
2496 1239 2702 1308 corpori
2725 1239 2800 1308 illi
2827 1240 2968 1308 quod
2997 1239 3064 1294 de
3091 1251 3272 1296 nostro
3297 1241 3453 1298 Citri-

1891 1311 2004 1380 stus
2029 1305 2339 1380 assumpsit,
2373 1305 2614 1380 injuriam
2643 1305 2892 1380 faciauuis
2921 1309 2971 1361 in
3002 1320 3181 1380 nostro
3208 1327 3451 1380 corpore.

1890 1369 2183 1444 Caveamus
2213 1369 2289 1424 ita
2329 1369 2556 1444 peccatis
2586 1386 2639 1427 et
2666 1377 2974 1429 criminibus
3004 1379 3160 1430 vitam
3195 1369 3450 1444 prodere;

1891 1451 1946 1493 ut
1971 1443 2034 1494 ad
2061 1457 2158 1496 nos
2189 1459 2290 1512 non
2319 1443 2566 1509 respiciat
2593 1445 2864 1512 prophetia
2906 1447 2990 1498 illa
3020 1443 3264 1502 terribilis
3283 1491 3298 1512 ,
3335 1443 3452 1506 Non

1889 1519 1991 1588 est,
2021 1512 2216 1588 inquit,
2241 1510 2376 1564 Deus
2395 1513 2446 1565 iu
2471 1510 2736 1588 conspectu
2757 1517 2894 1588 ejus,
2917 1517 3211 1588 polluantur
3235 1510 3327 1571 via:
3347 1521 3454 1588 ejus

1888 1579 1958 1658 id
1981 1583 2116 1658 omni
2151 1591 2402 1658 tempore,
2431 1579 2729 1658 augeantur
2763 1579 2960 1658 judicia
2983 1595 3070 1638 tua
3109 1604 3140 1638 a
3162 1588 3312 1658 facie
3343 1579 3454 1658 eius

1891 1650 2058 1730 (lfsal.
2083 1665 2133 1730 ut
2149 1693 2164 1716 ,
2192 1649 2676 1730 5)..I_rretpedial_iile
2698 1649 2985 1730 periculum
3007 1665 3108 1716 est,
3131 1649 3208 1710 sic
3225 1649 3452 1730 aliqu'em

1887 1719 2028 1771 vitiis
2074 1729 2127 1772 et
2165 1719 2536 1786 cupiditatibus
2577 1719 2722 1775 frena
2770 1724 2982 1788 laxare,
3013 1733 3068 1776 ut
3107 1739 3165 1778 se
3193 1719 3450 1780 rationem

1889 1789 1998 1868 peo
2024 1803 2126 1841 non
2156 1789 2456 1868 meminerit
2479 1790 2837 1853 redditurum;
2866 1793 2986 1862 quia
3015 1802 3141 1862 puto
3171 1811 3358 1862 magna
3383 1797 3452 1850 sit

1882 1859 1993 1932 j_a_m_
2023 1859 2231 1932 peccati
2259 1873 2413 1932 paena
2433 1899 2448 1923 ,
2483 1867 2679 1932 metum
2697 1875 2772 1932 ac
2800 1859 3107 1932 memoriam
3141 1859 3296 1917 futuri
3325 1880 3448 1932 per-

1885 1926 2085 2002 didisse
2123 1928 2326 2002 judicii.
2356 1928 2468 1982 Non
2501 1929 2652 2002 nobis
2693 1931 2764 1984 ita
2805 1929 2974 2002 dulcia
3015 1932 3120 2002 siut
3159 1926 3447 2002 pauperum

1885 1998 2049 2070 Spolia
2077 1997 2420 2070 postmodum
2463 1999 2620 2070 nimis
2661 2000 3027 2054 amaricatttra.
3059 1997 3444 2070 Nihilominus,

1885 2067 2018 2120 sicut
2059 2067 2252 2121 dictum
2299 2077 2407 2130 est,
2437 2067 2754 2136 refugiamus
2797 2071 2970 2124 carnis
3009 2071 3194 2125 aliena!
3239 2067 3445 2126 abomiL

1885 2136 2320 2208 nandaeontagia
2343 2177 2358 2202 ,
2393 2139 2611 2208 vitemus
2647 2139 2874 2192 obscena
2915 2141 3138 2194 inimica:
3165 2141 3448 2208 voluptatis

1885 2207 2145 2279 incendia.
2179 2207 2300 2279 lbet:
2336 2209 2422 2276 qtti
2461 2207 2598 2276 agit,
2630 2209 2924 2262 charissimi
2946 2249 2958 2272 ,
2989 2209 3054 2262 de
3081 2210 3268 2279 stipula
3292 2207 3360 2264 ac
3386 2213 3446 2264 Ii-

1883 2277 1998 2342 gnis
2041 2277 2368 2356 iniquitatum
2417 2287 2696 2370 peppetuos
2733 2279 2832 2358 sibi
2872 2277 3362 2370 succendit'ignes,
3393 2289 3448 2360 et

1883 2361 2149 2413 nunquam
2171 2346 2579 2416 exstinguendos
2601 2347 2880 2416 concinnat
2907 2363 3150 2416 vapores.
3179 2346 3291 2402 Non
3316 2349 3445 2403 tanti

1882 2424 1963 2466 est
1989 2416 2194 2486 vita,si
2235 2415 2300 2468 ad
2346 2415 2446 2468 hoc
2487 2417 2626 2467 vivat
2669 2415 2858 2480 homo,
2893 2427 2948 2470 ut
2976 2415 3036 2470 in
3083 2419 3261 2485 paucis
3293 2417 3446 2486 hujus

1881 2486 2000 2537 vita:
2028 2485 2180 2538 anuis
2204 2495 2478 2537 consumat
2503 2493 2732 2538 aeternos
2750 2527 2765 2548 ,
2796 2495 2849 2538 et
2873 2487 2971 2540 sub
3000 2487 3143 2541 brevi
3175 2486 3278 2542 ﬁne
3309 2485 3442 2542 con—

1880 2565 2055 2622 greget
2085 2554 2182 2606 sibi
2215 2569 2398 2621 punias
2419 2555 2531 2607 sine
2559 2556 2659 2607 line
2687 2570 2979 2608 mansuras.

1949 2621 2003 2676 9.
2039 2622 2267 2676 Latronis
2297 2625 2574 2688 exemplum
2603 2639 2661 2675 ne
2688 2626 2979 2679 remissioris
3001 2627 3106 2680 vitae
3127 2625 3188 2679 sit
3209 2627 3402 2680 occasio
3423 2643 3444 2681 :

1879 2694 1998 2758 quia
2024 2693 2198 2763 paucis
2237 2693 2360 2760 ﬁdes
2383 2693 2612 2746 Latronis
2632 2735 2644 2755 ,
2673 2703 2716 2746 et
2755 2695 2898 2746 multi
2939 2695 3034 2747 huc
3063 2697 3200 2748 inani
3241 2713 3327 2763 spe
3355 2695 3444 2748 de—

1879 2765 2027 2831 cepti.
2068 2762 2172 2816 Sed
2211 2779 2280 2815 ne
2309 2765 2441 2818 torte
2461 2805 2476 2826 ,
2504 2763 2796 2815 charissimi
2819 2805 2834 2826 ,
2858 2764 3084 2832 aliquem
3109 2762 3443 2819 nituissecu-

1879 2847 1994 2884 rum
2029 2832 2183 2886 faciat
2207 2843 2300 2885 aut
2343 2833 2624 2886 remissum
2650 2841 2752 2884 tant
2785 2849 2916 2886 nova
2959 2835 3180 2888 felicitas
3215 2835 3442 2887 creduli-

1880 2903 2030 2962 tatis,
2058 2917 2123 2955 ne
2169 2901 2302 2955 forte
2347 2901 2487 2955 dicat
2531 2903 2718 2970 aliquis
2762 2902 2812 2955 in
2855 2903 3016 2956 corde
3055 2903 3326 2958 suozNon
3357 2919 3444 2958 me

1877 2985 2046 3039 usque
2071 2970 2202 3024 adeo
2226 2973 2502 3025 conturbet
2527 2981 2578 3024 et
2606 2972 2803 3024 cruciet
2833 2987 2918 3024 rea
2945 2973 3298 3036 conscientia,
3331 2989 3438 3026 non

1877 3055 1966 3094 tne
2005 3055 2171 3110 usque
2209 3042 2338 3095 adeo
2376 3055 2439 3093 co
2463 3041 2648 3110 .tristet
2689 3041 2961 3108 culpabilis
2999 3043 3134 3104 vita;
3169 3041 3320 3095 video
3344 3044 3444 3096 sub

1877 3121 2174 3173 momento,
2206 3111 2358 3164 video
2400 3109 2497 3162 sub
2541 3112 2730 3176 exiguo
2777 3111 2946 3178 Spatio
2987 3111 3174 3163 latroni
3223 3113 3442 3166 crimina

1877 3193 1970 3232 sua
1997 3181 2216 3242 donata,
2245 3190 2296 3234 et
2339 3179 2464 3232 mihi
2513 3181 2741 3234 resoluta
2785 3189 2959 3232 mente
3001 3181 3369 3248 concipiuntur
3399 3185 3438 3234 ¹.

1877 3248 2108 3302 Primum
2137 3249 2518 3303 consideranda
2561 3259 2642 3302 est
2680 3249 2730 3300 in
2772 3249 2972 3302 latrone
3007 3249 3096 3302 illo
3141 3267 3242 3303 non
3269 3251 3438 3302 solum

1877 3319 2201 3372 credulitatis
2229 3317 2596 3387 compendiosa
2619 3318 2850 3384 devotio,
2877 3319 2968 3372 sed
2997 3321 3248 3386 temporis
3275 3319 3435 3384 illius,

1876 3388 1976 3441 Sub
1999 3405 2102 3455 quo
2131 3389 2242 3442 lucc
2278 3391 2582 3456 agebantur,
2615 3389 2851 3453 occasio,
2883 3405 2986 3456 qtto
3023 3389 3284 3456 justorum
3317 3390 3444 3458 legi-

1877 3467 1962 3510 tur
1988 3459 2238 3514 titubasse
2267 3459 2539 3528 perfectio.
2577 3459 2772 3528 Deinde
2797 3469 2919 3512 ante
2941 3459 3068 3512 miht
3099 3459 3252 3528 tidem
3285 3458 3444 3510 Iatro-

1877 3528 1957 3578 nis
1985 3528 2204 3582 ostende
2223 3570 2238 3590 ,
2267 3527 2320 3581 et
2353 3537 2476 3579 tunc
2505 3527 2594 3580 tibi
2642 3527 2860 3580 latronis
2889 3527 3259 3581 beatitudinem
3293 3528 3444 3594 polli-

1874 3609 2016 3649 cere.
2047 3597 2280 3649 Immittit
2307 3597 2546 3652 diabolus
2569 3597 2902 3649 securitatem
2925 3636 2940 3660 ,
2965 3606 3022 3648 ut
3045 3595 3236 3648 inferat
3261 3597 3440 3664 pcrdi-

1874 3667 2070 3720 tioncm
2099 3683 2112 3718 :
2139 3681 2307 3734 neque
2334 3665 2648 3719 dinumerari
2675 3675 2920 3733 possunt,
2950 3673 3174 3730 quantos
3190 3665 3300 3718 hinc
3325 3665 3442 3718 ina-

1875 3735 1955 3787 nis
1977 3737 2086 3804 spei
2117 3737 2296 3787 umbra
2327 3735 2614 3804 deceperit.
2651 3735 2975 3798 Itetcrreant,
3007 3749 3218 3804 quzeso,
3251 3749 3346 3788 nos
3374 3735 3442 3789 ab

1875 3804 1972 3858 hac
1987 3803 2320 3872 persuasione
2335 3803 2740 3858 innumerabiles
2755 3804 2925 3871 populi
2943 3805 3040 3856 sub
3058 3803 3144 3855 tali
3163 3805 3443 3860 securitate

1875 3875 1998 3928 nudi
2012 3886 2062 3927 et
2083 3873 2228 3926 vacui
2248 3875 2415 3938 bonis,
2432 3883 2484 3927 et
2503 3874 2650 3926 malis
2669 3873 2828 3941 pleni,
2847 3887 2908 3926 ev
2931 3875 3025 3927 hac
3041 3873 3155 3927 luce
3175 3874 3438 3942 pra-rapti.

1945 3945 2030 3997 It).
2075 3945 2266 3999 Salutis
2291 3953 2482 4008 tempus
2506 3941 2740 4008 differre,
2773 3943 3280 4010 periculosissimum,
3313 3941 3440 3998 stul-

1877 4013 2150 4076 tissimum,
2179 4012 2284 4065 Deo
2305 4013 2503 4066 odibile.
2543 4013 2695 4064 Latro
2724 4013 2902 4064 salutis
2941 4029 3066 4080 opus
3097 4029 3196 4065 non
3226 4013 3438 4068 distulit.

1875 4083 2121 4148 Quotidie
2149 4085 2545 4152 expavescenda
2585 4083 2832 4137 transitus
2852 4082 3026 4152 nostri
3048 4091 3100 4135 et
3127 4083 3444 4152 commigra-

1877 4153 2034 4207 tiouis
2073 4151 2270 4207 incerta
2310 4153 2465 4218 hora;
2494 4169 2610 4222 qum
2650 4162 2704 4206 et
2741 4151 3028 4222 modoﬁvel
3073 4153 3332 4222 insperata
3359 4153 3442 4206 vel

1877 4223 2046 4277 subita
2085 4231 2232 4284 sunt,
2262 4231 2316 4276 et
2358 4223 2410 4276 in
2450 4220 2702 4276 aeternum
2749 4220 2995 4274 remediis
3023 4221 3248 4274 caritura
3296 4231 3438 4276 sunt.

1876 4293 2286 4346 Praeveniendus
2297 4301 2378 4346 est
2394 4292 2506 4345 dies
2522 4292 2608 4360 qui
2627 4291 2914 4358 praevenire
2930 4291 3219 4360 consuevit.
3241 4289 3356 4358 Ipse
3382 4305 3442 4344 se

1875 4363 2108 4424 seducit,
2140 4369 2194 4415 et
2217 4362 2284 4415 de
2313 4371 2482 4415 morte
2505 4357 2600 4414 sua
2629 4357 2783 4422 ludit,
2817 4361 2906 4428 qui
2945 4357 3046 4412 hoc
3075 4357 3308 4428 cogitati:
3332 4360 3440 4428 Ρο-

1877 4441 1979 4485 test
2005 4432 2131 4484 mihi
2153 4432 2372 4486 extremi
2397 4432 2647 4498 temporis
2667 4427 2982 4497 indulgentia
3002 4427 3299 4482 subvenire.
3326 4427 3440 4488 Non

1877 4511 1960 4556 est
2001 4503 2100 4556 hoc
2127 4519 2138 4553 :
2165 4503 2421 4570 primum,
2449 4501 2566 4569 quia
2611 4499 3054 4570 periculosissima
3095 4507 3177 4570 est
3206 4499 3290 4570 in;
3317 4499 3440 4552 ulti-

1877 4587 2019 4624 mum
2046 4567 2184 4626 diem
2213 4567 2481 4641 promissa
2497 4567 2785 4641 securitas;
2817 4568 3038 4630 deinde,
3063 4567 3439 4641 stultissimum

1877 4651 1960 4694 est
2003 4649 2058 4694 ιιι
2095 4639 2252 4695 causa
2293 4657 2409 4710 quze
2435 4640 2958 4710 deiuecessitatihus
2993 4639 3164 4707 agitur
3187 4639 3437 4710 aeternis,

1878 4711 2242 4764 inutilitatibus
2269 4707 2386 4763 vita:
2429 4709 2726 4764 deﬁcientis
2769 4707 3126 4762 committatur
3167 4707 3438 4760 extremis.

1879 4779 2080 4835 0dihile
2123 4789 2205 4834 est
2247 4779 2382 4848 apud
2429 4779 2633 4840 Deum,
2665 4777 2876 4846 quando
2921 4777 3079 4848 homo
3109 4777 3206 4848 sub
3253 4775 3440 4830 tiducia

1877 4850 2200 4918 ptenitentize
2243 4845 2295 4902 in
2323 4855 2646 4918 senectutem
2675 4845 2955 4918 reservata:
2987 4845 3208 4918 liberius
3237 4857 3438 4918 peccat.

1878 4913 2089 4973 Credite
2109 4959 2124 4981 ,
2156 4918 2482 4980 charissimi,
2507 4917 2720 4970 diflicile
2739 4928 2821 4970 εει
2841 4925 2897 4968 ιιι
2923 4914 3105 4968 callida
3135 4913 3444 4969 dissimula-

1881 4989 1952 5043 tio
1981 4989 2283 5042 ordinanda:
2323 4985 2786 5040 consummationis
2815 4985 3056 5038 obtinere
3081 4984 3236 5053 digna
3262 4985 3332 5039 sit
3371 4987 3446 5040 la-

1879 5059 2127 5114 cultatem
2157 5075 2170 5109 :
2197 5057 2334 5126 apud
2367 5057 2508 5126 illum
2533 5055 2708 5109 cordis
2737 5056 3074 5126 interpretem
3105 5067 3322 5126 arsinon
3349 5055 3444 5110 ad-

1881 5129 2104 5182 mittitur
2133 5128 2196 5180 ad
2223 5123 2464 5180 salutem.
2489 5125 2580 5180 Ille
2603 5133 2799 5188 autem,
2827 5123 2892 5178 de
2917 5139 3021 5192 quo
3051 5125 3208 5178 loculi
3229 5141 3446 5193 sumus,

1881 5197 2066 5252 beatus
2111 5197 2275 5262 latro,
2317 5197 2534 5258 beatus,
2568 5195 2807 5262 inquam,
2841 5211 2944 5247 non
2987 5195 3094 5262 jam
3134 5195 3282 5262 juxta
3311 5197 3446 5250 viam

1881 5269 2096 5322 insidias
2121 5267 2371 5329 tendens,
2399 5265 2492 5319 sed
2525 5265 2658 5318 viam
2691 5265 2856 5334 ipsam
2897 5265 2948 5317 in
2987 5263 3202 5322 Christo
3229 5275 3446 5328 tenens,

1880 5353 1944 5392 ac
1965 5338 2082 5390 vita:
2111 5337 2339 5404 praedam
2383 5335 2558 5389 subito
2601 5335 2840 5403 rapiens,
2869 5334 3144 5388 immutate
3171 5351 3366 5403 genere
3395 5343 3450 5386 et

1883 5423 2018 5462 nova
2059 5407 2222 5474 Spolia
2252 5406 2318 5458 de
2347 5417 2516 5458 inerte
2545 5405 2754 5472 propria
2786 5415 3062 5474 reportans
3081 5405 3212 5474 ,rilte
3239 5419 3335 5458 nec
3364 5419 3448 5474 sa:

1883 5477 2008 5534 Iutis
2045 5485 2280 5545 tempora
2311 5476 2486 5528 sciens
2510 5475 2744 5540 distulit,
2775 5473 2872 5529 nec
2915 5473 3145 5529 remedia
3173 5483 3340 5526 status
3367 5473 3448 5524 sui

1945 5587 1962 5620 ι
1989 5593 2126 5634 Forte
2137 5581 2414 5640 legendum,
2428 5581 2766 5633 conceduntur.
2781 5577 3264 5640 Autcertesbuadant
3285 5579 3454 5640 verba,

1883 5655 1928 5702 et
1949 5645 2068 5696 mihi
2091 5639 2298 5696 malum
2317 5639 2472 5695 mente
2492 5643 2836 5704 concipiiauur.
2859 5648 2910 5693 Et
2941 5641 3046 5704 ipsa
3086 5639 3284 5703 quidem
3312 5639 3454 5690 omit-

1885 5707 2324 5766 mntcuntltusebio
2341 5705 2664 5770 manttsaipti.
