3982 6450
615 303 750 359 205i

619 429 789 472 torum
809 416 1113 486 deponeret.
1147 411 1300 486 Vides
1325 417 1516 480 quanta
1539 422 1627 486 res
1645 408 1714 461 sit
1734 404 2017 486 confessio.
2041 405 2181 486 Con-

619 491 788 540 fessus
824 476 932 545 es't,
973 495 1027 538 et
1065 476 1360 554 paradisum
1386 480 1602 554 aperuit
1634 476 1949 554 :_confe_ss_us
1984 483 2063 526 est
2086 515 2102 535 ,
2130 487 2183 525 et

619 568 775 608 tanta:
807 555 1007 608 fiducia:
1037 548 1196 621 robur
1223 550 1451 617 accepit,
1485 559 1539 601 ut
1568 549 1634 602 de
1665 548 1936 621 latrocinio
1964 557 2180 621 regnum

617 626 960 692 deposceret,
1005 613 1366 675 considerans
1389 628 1704 687 quantorum
1749 617 2004 669 bonorum
2032 613 2182 665 [nobis

615 709 773 746 causa
797 694 863 745 sit
888 708 1036 745 crux.

689 764 738 816 9.
770 761 936 823 Crux,
965 761 1158 829 insigne
1182 757 1338 826 regni.
1374 755 1504 809 Hinc
1527 755 1828 829 Christus
1848 752 2025 829 cretum
2046 752 2177 829 tulit.

619 831 784 885 Dicito
824 822 990 894 mihi,
1031 822 1196 891 latro,
1237 822 1464 892 regnum
1510 829 1678 890 petis;
1708 824 1830 892 quid
1881 823 2040 894 ineo
2079 822 2181 873 tale

618 901 767 954 vides
803 915 834 954 a
882 891 1001 971 quo,
1036 900 1168 964 petis
1193 897 1249 949 ‘?
1279 891 1369 948 Die
1425 895 1550 948 mihi
1575 912 1598 971 ;_
1624 891 1742 971 uani
1768 891 1906 971 quod
1955 892 2005 971 in
2054 907 2182 971 eon-

617 971 802 1038 spieuo
822 961 932 1034 est,
958 961 1136 1038 cla-vos
1157 976 1209 1019 et
1227 982 1436 1019 crucem
1459 965 1648 1017 cernis.
1681 963 1784 1017 Sed
1815 964 1925 1038 haec
1945 1001 1960 1018 .
1992 961 2176 1028 inquit,

616 1030 744 1092 crux
769 1079 784 1100 ,
816 1030 928 1109 ipsa
957 1037 1334 1109 regni-insigne
1360 1044 1441 1088 est
1468 1043 1564 1109 {et
1591 1043 1863 1109 proﬂerea
1892 1030 2070 1109 Jesutn
2096 1045 2177 1109 re-

616 1124 735 1176 gem
763 1101 968 1176 appello
990 1147 1005 1169 ,
1022 1101 1153 1174 quia
1185 1101 1337 1176 video
1348 1103 1686 1176 crucifixum.
1715 1102 1858 1168 Opus
1882 1101 2020 1152 enim
2043 1101 2179 1166 regis

617 1173 731 1248 est,
780 1173 936 1248 vitam
980 1173 1126 1248 suam
1173 1191 1265 1243 pro
1308 1173 1389 1248 bis
1427 1173 1616 1248 quibus
1654 1179 1839 1239 regnat
1871 1183 2175 1248 opponere;

620 1247 759 1301 unde
800 1255 853 1299 et
888 1247 961 1297 ait
988 1246 1106 1314 quia
1135 1242 1304 1314 pastor
1331 1245 1485 1314 bonus
1508 1242 1727 1292 animum
1756 1255 1898 1314 suam
1926 1242 2063 1314 ponit
2088 1254 2179 1305 pro

617 1316 788 1369 ovibus
815 1309 1065 1382 (Joanfx,
1087 1309 1362 1382 “37-29)
1381 1330 1392 1362 :
1411 1313 1566 1379 igitur
1575 1319 1631 1382 et
1651 1326 1742 1362 rex
1763 1309 2176 1382 bonusanimam

617 1401 766 1438 suam
813 1377 957 1451 ponit
995 1399 1091 1451 pro
1132 1383 1212 1435 his
1249 1377 1472 1449 quorum
1511 1381 1752 1451 princeps
1792 1388 1891 1430 est.
1922 1377 2178 1441 Quoniam

619 1456 775 1523 igitur
807 1450 1033 1505 animam
1077 1467 1224 1504 suam
1263 1451 1468 1523 posuit,
1495 1450 1612 1502 ideo
1636 1461 2179 1523 euurregenieoguo-

616 1515 710 1576 sco
734 1564 750 1589 ,
776 1533 826 1577 et
850 1523 1126 1575 Dominum
1151 1515 1387 1590 appello._
1408 1519 1654 1572 Memento
1681 1518 1808 1590 mei,
1842 1515 2036 1583 inquit,
2066 1515 2177 1590 ρο-

617 1585 750 1644 mine
770 1633 786 1656 ,
817 1593 868 1644 in
893 1609 1042 1659 regno
1069 1585 1553 1659 tuo.'Cousidcrasti
1578 1588 1840 1659 quonme
1860 1596 1911 1659 et
1935 1586 2078 1659 regni
2102 1585 2180 1637 in-

621 1655 860 1730 signesit
885 1655 1032 1714 crux.
1066 1660 1213 1724 Quod
1241 1661 1283 1711 si
1314 1658 1521 1710 aliunde
1542 1655 1839 1730 visdisccre
1866 1655 1965 1730 hoc
1985 1657 2176 1730 ipsum.

621 1726 722 1783 non
755 1732 962 1798 reliquit
987 1745 1101 1782 eam
1123 1744 1280 1795 super
1302 1737 1514 1798 terram,
1545 1726 1637 1798 sed
1657 1729 1868 1798 attraxit
1891 1726 1940 1777 in
1962 1726 2175 1798 cwlum.

622 1799 768 1853 Unde
811 1795 909 1851 hoc
951 1799 1118 1866 ipsum
1154 1799 1290 1850 scire
1328 1809 1475 1864 potes
1493 1795 1892 1866 ‘tQuiaipariter
1918 1809 2037 1866 eum
2066 1795 2180 1861 ipso

621 1870 792 1921 veniet
821 1871 871 1920 in
902 1864 1132 1920 secundo
1157 1879 1208 1918 et
1233 1867 1463 1934 glorioso
1489 1864 1602 1931 ejus
1629 1865 1852 1934 adventu
1879 1879 1893 1925 ;
1925 1873 1978 1916 ut
2006 1865 2180 1917 discas

615 1939 882 2005 quomodo
904 1939 1032 1989 mira
1057 1945 1109 1990 et
1145 1933 1417 2004 magniﬁca
1453 1942 1537 1987 est
1559 1949 1705 1986 crux.
1734 1933 1889 2005 _Unde
1909 1941 1962 1986 et
1980 1934 2178 2003 glorio-

615 2003 727 2060 sam
757 2023 870 2060 eam
899 2007 1049 2070 dixit,
1084 2007 1133 2058 in
1163 2021 1221 2058 ea
1245 2003 1506 2073 gloriante
1533 2003 1803 2071 Apostolo.

690 2077 775 2129 10.
801 2075 974 2143 Ipsam
1001 2069 1175 2143 referet
1197 2069 1479 2125 invadventu
1502 2069 1736 2125 secundo.
1762 2072 2010 2143 Adventus
2030 2069 2179 2143 Chri-

619 2147 680 2196 sti
724 2141 970 2198 secundus
1015 2141 1171 2196 latens
1211 2160 1307 2196 non
1349 2144 1473 2204 erit,
1513 2152 1557 2194 et
1585 2159 1754 2210 quare.
1788 2141 1958 2194 (Irucis
1988 2141 2181 2210 fulgore

617 2215 1010 2266 obscurabuntur
1049 2213 1162 2276 sol,
1208 2211 1326 2264 luna
1369 2224 1414 2264 et
1453 2211 1628 2264 stellre.
1667 2211 1844 2280 Angeli
1894 2221 2098 2262 tremeat
2128 2211 2180 2262 in

611 2283 804 2354 judicio
853 2295 1097 2354 extremo,
1145 2293 1190 2335 et
1239 2282 1563 2354 quare._Sed
1611 2280 2180 2354 videmnusquomodo

616 2349 733 2404 i-mn
759 2368 914 2406 cruce
940 2353 1116 2404 veniet
1143 2369 1155 2404 :
1181 2349 1531 2404 necessarium
1559 2358 1639 2402 est
1657 2350 1794 2402 enim
1817 2358 1868 2401 ct
1889 2350 1988 2401 hoc
2011 2349 2178 2416 ipsum

615 2422 914 2475 ostendere.
961 2422 1021 2474 Si
1064 2421 1309 2484 dixerint,
1353 2421 1544 2488 inquit,
1587 2417 1718 2471 Ecce
1745 2421 1794 2470 in
1827 2419 2180 2486 promptuariis

613 2502 685 2543 est
724 2492 949 2543 Christus
973 2531 988 2552 ,
1029 2507 1136 2543 ecce
1173 2492 1223 2542 in
1254 2491 1522 2542 solitudine
1545 2499 1650 2554 est,
1680 2490 1829 2541 nolite
1857 2490 2083 2549 credere,
2112 2488 2180 2541 de

613 2561 840 2614 secuuda
868 2561 1144 2630 prieseutia
1172 2576 1278 2613 sua:
1303 2559 1482 2630 glorim
1507 2559 1702 2630 dicens
1717 2567 1927 2625 propter
1953 2557 2180 2624 pseudo—

614 2627 887 2693 christos,
940 2639 995 2683 et
1060 2639 1271 2697 propter
1333 2627 1494 2680 falsos
1556 2627 1883 2696 prepbetas,
1943 2637 1994 2680 et
2056 2642 2178 2694 pro-

616 2709 732 2766 pter
793 2700 1226 2757 Antichristum;
1293 2712 1359 2750 ne
1411 2697 1599 2765 aliquis
1653 2711 1836 2766 errore
1887 2707 2179 2764 prmveutus

615 2765 668 2820 in
722 2769 882 2820 falsos
930 2768 1122 2820 incidat
1171 2767 1416 2820 christos.
1470 2767 1724 2832 Quoniam
1765 2765 1955 2818 Christi
1997 2767 2178 2819 Salva-

616 2839 746 2890 toris
800 2838 1082 2889 adventum
1138 2836 1420 2904 praiveniet
1474 2836 1860 2898 Antichristus,
1912 2835 2028 2888 ideo
2076 2836 2180 2888 solo

615 2909 754 2960 Iicite
797 2907 1194 2974 prmeavendum
1235 2915 1347 2968 est,
1379 2921 1446 2959 ne
1475 2907 1590 2974 quis
1617 2917 1874 2970 pastorem
1897 2920 2139 2974 qumrens
2161 2945 2176 2968 ,

616 2978 793 3044 lupum
817 2977 1045 3029 inveniat
1075 2993 1088 3029 :
1122 2977 1188 3028 ob
1220 2977 1318 3028 huc
1348 2977 1574 3042 prsedico
1596 2978 1683 3028 tibi
1706 3015 1723 3040 ,
1747 2977 1882 3028 unde
1903 2977 2180 3042 dignoscas

614 3047 723 3099 veri
768 3047 992 3114 pastoris
1032 3046 1336 3099 adventum.
1377 3044 1507 3097 Nam
1549 3046 1671 3114 quia
1702 3046 1897 3112 primus
1924 3046 2179 3098 adventus

612 3116 727 3182 ejus
749 3117 969 3169 latenter
988 3114 1153 3169 factus
1173 3124 1254 3168 est
1274 3155 1286 3175 ,
1317 3130 1385 3168 ne
1403 3115 1634 3168 :cstimes
1653 3115 1896 3182 quoniam
1919 3114 2180 3168 secumlus

613 3181 870 3238 adventus
894 3186 1007 3253 ejus
1033 3186 1150 3237 talis
1173 3184 1274 3238 erit
1297 3225 1312 3248 ,
1342 3184 1440 3236 hoc
1463 3183 1609 3237 dedit
1636 3181 1860 3252 signum.
1895 3183 2016 3238 llzec
2037 3184 2177 3237 enim

615 3255 714 3307 fuit
733 3256 972 3308 voluntas
995 3255 1139 3322 ejus,
1167 3264 1223 3306 ut
1245 3255 1442 3322 primus
1463 3253 1717 3306 adventus
1742 3255 1965 3306 latenter
1995 3254 2142 3307 ίίιϊοι
2159 3293 2174 3316 ,

614 3335 668 3377 et
703 3334 965 3392 qu:creret
1006 3325 1145 3392 quod
1179 3325 1404 3392 perierat
1434 3339 1448 3374 :
1480 3323 1742 3376 secundus
1771 3337 1896 3392 vero
1921 3323 2176 3377 adventus

615 3391 735 3446 non,
769 3395 838 3446 ita
883 3391 1036 3457 erit;’
1067 3391 1201 3461 sed,
1247 3392 1714 3459 Quemadmodum,
1767 3391 1962 3459 inquit,
2011 3393 2179 3461 fulgur

615 3464 782 3516 exiens
807 3463 868 3516 ab
893 3464 1080 3516 oriente
1105 3471 1316 3532 apparet
1339 3463 1390 3514 in
1419 3464 1668 3514 occidente
1690 3503 1704 3522 ,
1727 3462 1795 3512 ita
1821 3463 1913 3513 erit
1941 3461 2179 3514 adventus

613 3532 739 3586 Filii
766 3533 998 3586 hominis.
1030 3532 1215 3587 Subito
1244 3533 1488 3585 omnibus
1509 3532 1814 3600 apparebit,
1847 3545 1944 3584 nec
1966 3533 2068 3584 erit
2093 3532 2176 3584 iu-

516 3636 524 3645 .
613 3603 796 3671 uigens
835 3603 1111 3670 quisquam
1159 3603 1514 3671 interrogare,
1554 3604 1665 3654 sive
1695 3601 1804 3671 hic,
1831 3601 1942 3653 sive
1969 3601 2073 3671 illic
2097 3609 2178 3654 cst

611 3670 875 3726 Christus.
901 3671 1352 3740 Quemadmodum
1369 3670 1520 3724 enim
1543 3687 1661 3725 cum
1692 3670 1861 3737 fulgur
1883 3670 2174 3734 emicuerit,

613 3757 721 3795 non
765 3757 979 3811 egemus
1022 3743 1319 3809 inquirere,
1365 3742 1408 3793 si
1455 3743 1586 3795 facta
1628 3741 1696 3794 sit
1735 3740 2074 3811 coruscatio:
2107 3741 2174 3793 ita

611 3827 730 3863 cum
757 3810 1004 3863 revelatio
1031 3812 1324 3879 pra-sentin:
1349 3812 1462 3878 ejus
1483 3811 1764 3872 eﬂ'ulserit,
1795 3824 1898 3862 non
1920 3810 2173 3878 indigebi-

614 3894 732 3932 nius
761 3881 1115 3948 interrogare,
1139 3896 1204 3932 an
1231 3882 1432 3934 venerit
1451 3881 1710 3933 Christus.
1737 3880 1838 3932 Sed
1870 3879 2007 3948 quod
2033 3895 2176 3946 quaa-

613 3951 747 4001 rilur
769 3989 784 4018 ,
827 3951 870 4002 si
917 3964 1034 4000 cum
1082 3964 1236 4002 cruce
1276 3950 1480 4010 veniet,
1513 3951 1878 4018 requiramus;
1910 3963 2008 4002 nec
2033 3949 2174 4002 enim

613 4017 887 4085 promissa:
913 4019 1253 4086 expositionis
1277 4019 1470 4070 oblitus
1491 4017 1630 4073 sum.
1652 4018 1784 4071 Audi
1813 4019 1967 4086 igitur
1987 4019 2173 4072 subse-

613 4087 827 4154 quentia
869 4104 880 4138 :
925 4086 1066 4139 Tum:
1085 4130 1098 4150 ,
1131 4088 1298 4154 inquit
1317 4127 1330 4147 ,
1360 4088 1560 4152 quando
1591 4098 1823 4139 venturus
1853 4099 1956 4151 est,
1985 4089 2061 4140 sol
2083 4087 2173 4139 ob.

610 4158 918 4221 scurabitur,
951 4168 995 4209 et
1021 4159 1139 4208 luna
1170 4174 1269 4208 non
1296 4155 1432 4208 dabit
1462 4160 1627 4209 lumen
1651 4173 1815 4208 suum.
1845 4157 2010 4209 Tanta
2031 4158 2172 4210 enim

612 4227 709 4278 crit
738 4227 1018 4280 eminentia
1047 4226 1342 4293 Splendoris
1369 4227 1418 4278 in
1446 4227 1657 4279 Christo
1676 4266 1689 4286 ,
1721 4235 1776 4278 ut
1803 4227 1961 4280 etiam
1987 4227 2174 4279 claris-

613 4295 743 4348 sima
788 4296 907 4349 caeli
955 4295 1226 4348 Iun-.inaria
1269 4312 1374 4363 pra:
1417 4293 1619 4364 fulgore
1661 4295 1871 4348 luminis
1892 4295 2052 4348 divini
2079 4296 2175 4348 ab-

612 4365 952 4417 scondantur.
996 4365 1141 4418 Tunc
1179 4366 1336 4418 stella:
1381 4365 1590 4426 cadent,
1633 4366 1840 4433 quando
1875 4365 2177 4433 apparuerit

614 4434 820 4501 signum
873 4433 988 4486 Filii
1034 4434 1260 4486 hominis
1307 4435 1356 4487 in
1402 4436 1556 4489 caelo.
1593 4434 1947 4488 Considerasti
1982 4446 2173 4501 quanta

614 4504 779 4555 virtus
808 4503 876 4556 sit
899 4504 1066 4571 signi,
1095 4503 1196 4556 hoc
1221 4512 1300 4556 est
1323 4545 1336 4564 ,
1365 4505 1535 4556 erucis
1566 4523 1577 4556 :
1611 4504 1705 4558 Sol
1731 4504 2100 4568 obscurabitur,
2128 4515 2174 4556 et

613 4572 734 4624 luna
772 4589 870 4624 non
919 4573 1055 4624 dabit
1095 4575 1262 4625 trunca
1302 4589 1489 4634 suum;
1528 4588 1652 4626 crux
1690 4589 1813 4626 vero
1839 4573 2091 4642 fulgebit,
2123 4582 2176 4626 et

613 4643 904 4696 obscuratis
919 4642 1260 4696 luminaribus
1274 4643 1416 4708 curii,
1431 4643 1760 4712 delapsisqne
1786 4643 2045 4696 sideribus
2064 4643 2173 4696 sola

613 4712 838 4766 radiabit
884 4731 896 4764 :
942 4723 996 4766 ut
1019 4713 1190 4767 discas
1218 4713 1464 4781 quoniam
1495 4729 1622 4766 crux
1649 4723 1703 4766 et
1732 4712 1850 4766 luna
1877 4712 2098 4766 lucidior
2120 4720 2176 4766 et

609 4783 724 4851 sole
745 4783 844 4836 erit
870 4783 1191 4851 pra-clarior,
1221 4799 1442 4851 quorum
1469 4782 1804 4850 splendorem
1835 4782 1993 4834 divini
2017 4782 2174 4834 lumi-

614 4848 695 4920 nis
731 4848 983 4906 illustrata
1011 4853 1210 4920 fulgore
1239 4848 1524 4920 superabit.
1557 4851 2006 4916 Quemadmodum
2034 4853 2172 4905 enim

613 4919 988 4994 ingredientem
1014 4919 1188 4994 regem
1218 4923 1268 4994 in
1296 4919 1563 4994 civitatem
1592 4923 1612 4953 ⁸
1637 4961 1652 4987 ,
1680 4925 1941 4994 exrreitus
1965 4932 2177 4994 antece-

611 4987 1037 5062 dit,_pr:eferens
1059 4987 1293 5062 humeris
1315 4993 1460 5060 signa
1486 5002 1642 5062 atque
1671 4992 1860 5045 vexilla
1885 4992 2176 5062 regalia,ct

613 5057 810 5129 ambitu
857 5059 1250 5128 przeparatiouis
1292 5057 1572 5114 armisonai
1615 5063 1888 5114 annuntiat
1922 5057 2060 5129 regis
2099 5061 2177 5113 in-

615 5125 826 5199 troitum
858 5125 872 5179 Ξ
915 5125 981 5182 ita
1017 5131 1235 5184 Domino
1262 5130 1619 5185 descendente
1646 5132 1713 5186 de
1737 5133 1885 5187 cretis
1914 5125 2177 5199 praecedet

613 5196 876 5274 exercitus
899 5199 1234 5274 Angelorum,
1248 5201 1349 5274 qui
1361 5202 1573 5274 Asiguum
1606 5201 1762 5274 illud,
1791 5201 1840 5254 id
1867 5196 1964 5274 est,
1991 5201 2177 5252 trium-

616 5262 773 5343 phale
847 5262 1090 5343 vexillum
1141 5262 1454 5343 sublimibus
1513 5262 2172 5343 humeris-praeferentes,

613 5333 846 5387 divinum
881 5335 1020 5403 regis
1058 5339 1287 5392 eualestis
1325 5338 1620 5408 ingressum
1656 5333 1811 5395 terris
1834 5340 2176 5394 trementibus

677 5487 693 5519 ι
717 5492 789 5535 Er.
815 5487 960 5557 cugd.
984 5495 1104 5557 ven.
1129 5493 1310 5557 etlzov.
1337 5490 1488 5540 Dicito
1527 5491 1670 5557 nfntti,
1694 5491 1844 5551 latro,
1881 5505 2078 5557 regnum
2097 5505 2177 5557 pe-

610 5555 733 5607 tens,
756 5547 872 5610 quid
885 5545 945 5596 Vin
961 5561 1016 5597 eo
1036 5547 1130 5597 tale
1153 5545 1287 5596 vides
1305 5561 1335 5595 a
1361 5563 1451 5609 quo
1470 5552 1587 5611 petis
1608 5553 1632 5602 ?
1658 5545 1668 5553 ’
1692 5561 1749 5601 Il.

645 5611 789 5717 ’³,
814 5611 966 5720 [Λιμηὶί
987 5618 1036 5658 et
1063 5618 1178 5658 Ven.
1222 5611 1624 5667 Quemadmodum
1646 5613 1938 5677 ingrediente
1974 5627 2084 5678 rege
2125 5613 2174 5664 in

645 5680 698 5716 ιω
769 5683 861 5720 em.
971 5708 982 5720 .

609 5680 861 5720 crritatem.
928 5680 982 5720 δι.

2052 287 2406 344 APPENDIX.

3725 281 3875 344 Ωιιΰέ

2290 399 2618 468 nuntiabunt.
2648 397 2783 452 Tunc
2802 441 2816 461 ,
2847 397 3046 468 inquit,
3077 399 3508 453 commovebuntur
3531 402 3734 458 virtutes
3759 423 3874 459 cst-

2290 471 2449 522 lorum
2484 475 2507 540 ί(
2525 467 2701 521 Matth.
2748 484 2877 540 xxiv
2897 467 2930 532 ,’
2956 469 3050 533 26)
3083 487 3096 522 :
3123 470 3189 524 de
3228 473 3439 540 Angelis
3470 471 3628 540 dicit;
3659 485 3872 528 tremor

2286 541 2424 591 cnim
2463 539 2578 612 illos
2611 539 3088 612 apprel‘iendet,e_t
3113 541 3270 593 timor
3299 537 3546 609 magnus.‘
3564 541 3728 610 Cujus
3757 546 3830 612 igi
3849 577 3862 581 —

2288 617 2372 660 tur
2414 609 2487 660 rei
2524 623 2677 659 causa
2701 650 2714 667 ,
2745 607 2830 660 die
2855 610 3022 662 mihi?
3045 609 3174 674 Quia
3206 619 3329 663 tunc
3357 607 3460 663 tam
3492 607 3726 666 terribile
3754 607 3866 668 erit

2279 677 2532 744 judicium
2574 677 2697 728 illud
2723 719 2737 737 ,
2773 686 2828 730 ut
2854 680 3010 731 etiam
3040 682 3106 731 ab
3136 680 3345 747 Angelis
3374 683 3636 734 timeatur.
3667 683 3867 738 Omnis

2285 748 2426 800 enim
2479 749 2920 818 naturahgencris
2971 747 3180 818 humani
3234 751 3438 818 incipiet
3481 751 3702 817 judicari
3735 793 3751 815 ,
3810 764 3863 803 et

2285 827 2459 868 astare
2485 816 2704 889 terribili
2722 816 2952 889 judici._‘
2983 816 3492 882 Quamobrem—cruri
3516 830 3636 873 tunc
3664 824 3865 889 Angeli

2284 886 2693 956 contrcniiseeut
2715 924 2730 948 ,
2753 886 2962 956 ctando
2990 896 3189 940 tremor
3207 889 3568 956 apprehendct
3588 907 3677 942 eos
3701 892 3724 941 ’ἔ
3749 886 3864 943 non

2285 955 2545 1027 enim_ill_i
2578 953 2773 1008 habent
2809 955 3054 1027 judicari.
3093 956 3197 1010 Sed
3235 953 3676 1024 quemadmodum
3709 963 3860 1027 prin-

2283 1022 2400 1097 cipe
2426 1023 2706 1097 judicante
2724 1063 2738 1084 ,
2779 1039 2881 1077 n0u
2908 1025 3077 1097 solum
3103 1028 3213 1090 rei,
3241 1022 3332 1079 sed
3354 1039 3404 1079 et
3427 1027 3596 1080 officia
3619 1022 3739 1097 qua:
3767 1033 3860 1083 ni-

2286 1091 2356 1164 hil
2396 1093 2492 1146 sibi
2532 1093 2753 1164 conscia
2779 1102 2926 1164 sunt.
2959 1095 3146 1148 timore
3165 1107 3211 1147 et
3243 1105 3473 1150 tremore
3497 1091 3861 1164 comprehen-

2282 1161 2477 1233 duntur
2508 1171 2717 1229 propter
2736 1163 2927 1233 judicis
2955 1173 3205 1218 terrorem
3238 1183 3252 1217 :
3282 1170 3349 1218 ita
3379 1175 3431 1218 et
3457 1177 3577 1219 tunc
3605 1161 3726 1221 cum
3755 1186 3826 1233 ge

2284 1245 2384 1284 nus
2423 1231 2708 1284 humanum
2743 1231 3060 1297 judicahitur
3085 1275 3100 1296 ,
3141 1236 3299 1288 etiam
3337 1236 3581 1288 cmlestes
3621 1231 3856 1292 ministri

2283 1301 2545 1372 parebunt
2568 1309 2658 1372 ,et
2686 1302 2973 1372 terribilem
2999 1314 3301 1368 apparatum
3326 1303 3518 1372 judieis
3546 1307 3815 1362 intuentes
3835 1351 3852 1372 ,

2285 1369 2540 1421 horrenda
2571 1370 2843 1422 formidine
2869 1375 3293 1426 eontremiseent.

2355 1439 2439 1492 il.
2481 1438 2582 1513 Cur
2614 1455 2738 1490 crua:
2771 1440 2822 1490 in
2851 1441 3045 1508 judicio
3084 1443 3358 1513 apparebit.
3405 1443 3508 1497 Sed
3529 1460 3693 1513 quare
3717 1460 3854 1502 Crux

2282 1509 2553 1582 apparebit
2591 1519 2711 1582 tunc
2730 1549 2748 1582 _,
2787 1519 2840 1582 et
2867 1526 3031 1582 quam
3069 1512 3137 1563 ob
3162 1527 3372 1565 causam
3405 1513 3454 1564 in
3485 1509 3598 1580 ejus
3629 1517 3856 1582 pra-tatu

2283 1577 2535 1653 Dominus
2554 1577 2796 1653 adveniet
2817 1577 3018 1653 ?_l{atio
3047 1582 3316 1653 perspicua
3343 1593 3422 1653 est
3447 1600 3459 1635 :
3489 1577 3858 1653 u—taguoseant

2285 1647 2561 1720 consilium
2609 1648 2896 1720 iniquitatis
2939 1647 3078 1708 sine,
3122 1647 3209 1718 qui
3254 1651 3529 1706 Dominum
3557 1647 3856 1720 uiajesL'ttis

2282 1717 2692 1788 crucifixerunt;
2740 1733 2832 1788 per
2869 1719 2966 1771 hoc
3007 1717 3147 1772 enim
3182 1721 3383 1782 signum
3410 1761 3423 1783 ,
3454 1717 3731 1788 impudens
3755 1725 3855 1778 Ju—

2283 1783 2515 1862 d:eorum
2557 1783 2885 1862 redarguitur
2928 1789 3186 1854 impietas.
3230 1789 3293 1862 Et
3329 1783 3592 1862 quomodo
3633 1805 3856 1862 propter

2285 1853 2386 1930 hoc
2433 1854 2601 1930 ipsum
2656 1855 2853 1908 habens
2895 1853 3103 1912 erucem
3153 1853 3360 1930 veniet;
3407 1861 3528 1913 audi
3575 1853 3746 1930 ipsum
3790 1865 3851 1918 in

2284 1923 2566 2000 lﬁvangelio
2590 1935 2961 2000 protestanlem
2979 1968 2991 1987 ,
3021 1930 3140 1996 quia
3169 1940 3282 1981 tunc
3304 1929 3538 2000 plangant
3560 1923 3732 1985 omnes
3755 1936 3852 1985 tri-

2282 1991 2374 2044 bus
2398 2004 2572 2057 terrm,
2594 1991 2841 2070 videntes
2864 1991 3221 2052 accusatorem
3251 1991 3444 2062 suum:
3466 2001 3515 2052 id
3542 2011 3642 2064 cst,
3675 2005 3850 2070 ipsam

2283 2075 2492 2116 erucem
2517 2079 2532 2125 ;
2560 2073 2612 2137 et
2638 2064 2746 2132 ipsa
2776 2076 3025 2137 arguente
3048 2079 3363 2136 cognoscent
3393 2081 3663 2137 peccatum
3687 2064 3850 2126 suum

2283 2145 2439 2210 sero,
2485 2140 2538 2184 et
2559 2131 2765 2210 frustra
2805 2131 3102 2210 fatebuntur
3117 2131 3338 2210 impiam
3370 2131 3675 2194 carcitatem.
3707 2143 3848 2210 Quid

2284 2209 2458 2272 autem
2495 2201 2708 2272 miraris
2732 2205 2780 2268 ’,
2826 2205 2869 2257 si
2913 2220 3124 2259 erucem
3164 2201 3386 2261 alfereus
3425 2211 3630 2272 veniet,
3667 2201 3756 2264 ιιιῆ
3792 2224 3850 2265 et

2284 2268 2395 2338 ipsa
2420 2271 2632 2324 vulnera
2659 2273 2942 2350 ostendet?
2971 2275 3383 2350 Tunegidebnnt,
3415 2278 3599 2350 inquit,
3617 2268 3675 2332 in
3696 2297 3849 2350 quem

2282 2351 2675 2410 compunurunt
2717 2341 2894 2410 (Joan.
2938 2360 3023 2398 XIX
3043 2385 3059 2409 ,
3090 2346 3200 2410 57).
3228 2341 3674 2410 Quemadmodum
3700 2341 3849 2404 enim

2283 2407 2336 2461 in
2363 2408 2562 2462 Thoma
2592 2407 2742 2484 fecit,
2771 2413 2952 2466 volens
2981 2407 3395 2469 incredulitatem
3417 2417 3659 2484 discipuli
3688 2435 3849 2472 erro-

2284 2492 2500 2555 remque
2536 2481 2808 2555 corrigere
2831 2497 2950 2555 _pro
2990 2485 3271 2538 multorum
3315 2486 3416 2538 fide
3442 2527 3457 2547 ,
3503 2481 3564 2540 et
3600 2489 3853 2555 ingerens

2284 2549 2515 2622 ostendit
2534 2549 2611 2622 illi
2628 2550 2778 2622 signa
2798 2549 3063 2606 clavorum
3082 2595 3096 2618 ,
3121 2565 3172 2608 et
3196 2555 3302 2622 ipsa
3327 2556 3391 2608 de
3413 2558 3574 2609 clavis
3594 2549 3808 2612 vulnera
3830 2601 3848 2622 ,

2284 2625 2338 2669 et
2373 2617 2532 2683 dixit,
2561 2617 2704 2671 Mitte
2723 2637 2924 2695 manum
2947 2634 3115 2688 tuam,
3138 2635 3183 2676 et
3209 2617 3317 2676 uide
3340 2640 3358 2686 ;
3383 2627 3612 2691 quoniam
3636 2617 3851 2695 spiritus

2285 2702 2398 2759 ossa
2425 2697 2481 2759 et_
2497 2704 2693 2759 carnem
2703 2706 2812 2759 Anon
2837 2691 2999 2759 habet,
3023 2695 3440 2759 quemadmodum
3461 2712 3536 2748 me
3557 2691 3730 2750 ridetis
3752 2700 3849 2750 lm-

2285 2754 2396 2808 bere
2433 2755 2538 2823 (Id.
2570 2773 2664 2821 xx,
2694 2757 2795 2823 27;
2825 2759 2946 2812 Luc.
2972 2754 3093 2815 xxiv
3112 2805 3126 2825 ,
3151 2763 3238 2831 59)
3273 2781 3286 2816 :
3316 2773 3437 2818 tunc
3461 2767 3702 2820 ostendet
3728 2771 3848 2821 vul-

2284 2839 2408 2904 nera
2432 2866 2447 2883 .
2495 2835 2547 2879 et
2584 2842 2812 2905 erucem‘
2835 2832 3218 2898 manifestabit,
3251 2842 3308 2887 ut
3330 2835 3570 2888 ostendat
3594 2840 3848 2905 quoniam

2285 2896 2396 2962 ipse
2423 2905 2504 2948 est
2527 2896 2613 2963 qui
2639 2897 2916 2952 crucifixus
2935 2911 3034 2953 est.

2309 3033 2320 3044 ο
2356 2963 2742 3044 l2._Christi_in
2765 2984 2908 3044 cruce
2934 2987 3024 3037 pro
3050 2971 3262 3044 inimicis
3287 2973 3464 3027 oratio.
3498 2973 3752 3030 Orationis
3781 2978 3850 3030 il-

2283 3033 2380 3107 lius
2401 3033 2624 3107 e/fectus.
2653 3037 2764 3088 Non
2787 3033 2956 3092 solum
2978 3048 3150 3093 autem
3177 3041 3243 3094 de
3267 3057 3443 3107 cruce,
3466 3045 3558 3097 sed
3580 3046 3645 3098 de
3668 3063 3746 3098 vei
3763 3047 3848 3100 bis

2283 3102 2413 3170 ipsis
2451 3120 2567 3173 qua:
2609 3105 2658 3156 iu
2687 3120 2843 3182 cruce
2874 3109 3081 3182 habuit,
3114 3102 3848 3182 immensam'piemlemejus

2284 3188 2560 3239 possumus
2585 3175 2939 3231 considerare.
2969 3178 3096 3233 Nam
3127 3195 3244 3233 cum
3269 3183 3440 3235 adhuc
3458 3175 3512 3236 in
3539 3199 3693 3238 cruce
3713 3175 3841 3238 c6..-

2283 3244 2418 3321 fixus
2446 3254 2613 3321 esset,
2641 3244 2846 3321 dicebat
2868 3265 2887 3321 ;Δ
2911 3247 3093 3321 Pater,
3117 3251 3306 3303 dimitte
3325 3253 3424 3321 illis
3444 3265 3720 3319 peccatum;
3742 3273 3846 3308 non

2283 3314 2620 3392 enimnsciunt
2637 3315 2758 3383 quid
2778 3317 2976 3392 Laciunt
3001 3317 3147 3392 (Luc.
3180 3336 3326 3384 xxm,
3347 3314 3455 3390 55);
3488 3314 3847 3377 litcrucilixus

2282 3395 2377 3448 pro
2410 3382 2622 3460 illisqui
2647 3382 3016 3460 erucifixegmt
3037 3389 3256 3460 orabat;
3283 3382 3569 3460 etquidem
3602 3394 3671 3446 illi
3703 3412 3733 3448 e
3763 3397 3840 3448 di-

2284 3466 2436 3522 verso
2476 3451 2718 3506 dicebant
2738 3493 2753 3516 ,
2804 3456 2863 3508 Si
2893 3456 2939 3508 F‘
2940 3459 3056 3510 ilius
3083 3458 3175 3510 Dei
3202 3451 3286 3522 es,
3318 3451 3558 3515 descende
3584 3465 3645 3515 de
3669 3481 3838 3516 cruce.

2279 3519 2382 3599 ξω
2410 3533 2622 3599 propter
2643 3523 2740 3599 lioc
2763 3539 2864 3578 non
2888 3526 3159 3599 descendit
3181 3529 3247 3582 de
3270 3519 3426 3584 cruce
3447 3571 3462 3591 ,
3485 3534 3729 3599 quoniam
3757 3536 3842 3588 Fi—

2282 3588 2381 3643 lius
2411 3588 2874 3670 l)ei_est._Propter
2893 3595 2991 3670 hoc
3011 3599 3151 3670 enim
3175 3600 3349 3670 venit,
3371 3610 3427 3653 ut
3445 3588 3844 3670 crucifigeretur

2282 3674 2376 3739 pro
2416 3660 3173 3739 nobisaDcscende_,Aiuquiuut
3191 3709 3206 3729 ,
3238 3669 3298 3720 de
3323 3660 3467 3723 cruce
3485 3711 3498 3731 ,
3524 3683 3568 3722 et
3593 3660 3844 3727 credimus

2280 3729 2330 3780 in
2352 3729 2800 3804 te_(Matt_h._‘xxvu
2817 3736 2930 3804 ,df)
2949 3776 2962 3800 ,
2995 3729 3106 3804 $2).
3131 3737 3254 3791 Ηωο
3282 3741 3440 3792 verba
3465 3729 3586 3792 sunt
3605 3746 3841 3795 occasio-

2282 3814 2374 3878 nes
2404 3800 2806 3878 incredulitatis.
2841 3803 2968 3878 Nam
2995 3800 3113 3875 plus
3132 3808 3266 3878 fecit
3289 3850 3303 3871 ,
3337 3826 3491 3878 quam
3522 3811 3564 3862 si
3591 3812 3656 3864 de
3681 3828 3843 3866 cruce

2279 3868 2655 3924 descendisset.
2687 3871 2847 3945 Multo
2873 3868 3013 3928 enim
3041 3877 3206 3945 majus
3238 3868 3330 3931 fuit
3355 3868 3528 3944 lapide
3554 3880 3619 3933 ad
3648 3899 3842 3935 monu-

2281 3947 2514 4014 mentum
2548 3943 2787 4008 apposito
2825 3943 3134 4013 resurgere,
3158 3963 3312 4014 quam
3341 3943 3590 4003 deferuec
3616 3950 3844 4006 descen-

2279 4007 2424 4083 dere.
2463 4007 2723 4083 Lazarum
2763 4014 2920 4067 etiam
2947 4007 3348 4082 quatriduanum
3369 4017 3476 4083 jam
3508 4020 3688 4073 funere
3717 4020 3841 4075 feti-

2277 4076 2402 4129 dum
2444 4077 2512 4158 de
2552 4082 2794 4158 sepulcro
2832 4076 3176 4158 resuscitasse
3212 4076 3387 4158 majus
3410 4087 3542 4158 fuit,
3584 4104 3741 4158 quam
3771 4093 3840 4143 do.

2277 4161 2435 4220 cruce
2473 4147 2812 4220 descendere.
2859 4154 2919 4205 Et
2959 4154 3030 4206 illi
3056 4155 3266 4220 quidem
3291 4147 3551 4214 dicebant.
3585 4147 3646 4212 Si
3675 4159 3839 4212 Filius

2278 4214 2374 4268 Dei
2408 4233 2494 4295 es,
2523 4217 2663 4295 salva
2685 4222 2997 4295 temetipsum
3027 4214 3214 4295 (litare.
3247 4241 3343 4287 xv,
3373 4227 3460 4293 50)
3495 4244 3506 4276 :
3537 4228 3635 4281 iste
3660 4241 3836 4282 autem

2278 4289 2452 4365 munia
2480 4289 2802 4365 sustinebat,
2826 4289 2892 4365 ut
2912 4289 3415 4365 illos'liberaretqui
3439 4289 3837 4354 cruciliverunt.

2278 4353 2519 4432 Dimitte,
2570 4353 2919 4432 inquitaillis
2964 4373 3236 4429 peccatum.
3279 4353 3468 4432 Utique
3509 4367 3739 4428 dimisit,
3791 4353 3837 4422 si

2279 4424 2476 4478 vellent
2519 4424 2794 4503 paenitere.
2832 4431 2885 4484 Si
2914 4424 3052 4503 enim
3080 4449 3181 4486 non
3211 4424 3494 4488 dimisisset
3523 4436 3623 4488 illis
3652 4424 3840 4503 pecea-

2280 4503 2387 4579 tum
2403 4535 2416 4556 ,
2446 4497 2752 4579 nee-Paulus
2778 4508 2898 4579 post
2916 4501 3165 4579 Ecclesia:
3190 4505 3602 4579 persecutionem
3624 4497 3840 4574 aposto-

2279 4563 2360 4641 lus
2397 4565 2720 4641 exstitisset;
2751 4563 2794 4620 si
2823 4585 2925 4623 non
2954 4563 3238 4625 dimisisset
3261 4573 3359 4625 illis
3387 4563 3695 4641 peccatmn',
3729 4593 3838 4630 non

2278 4635 2456 4710 Utique
2498 4637 2671 4710 statim
2709 4647 2829 4706 post
2869 4642 3279 4708 assumptionem
3319 4635 3434 4710 ejus
3466 4645 3560 4697 tria
3589 4646 3751 4697 millia
3783 4659 3841 4699 et

2277 4704 2505 4780 quinque
2527 4705 2685 4780 millia
2710 4704 2951 4780 etmulla
2977 4704 3135 4780 millia
3161 4704 3524 4766 credidissent.
3557 4714 3833 4780 Quoniam,

2279 4771 2478 4854 inquit,
2524 4776 2876 4854 multa_mi_l_lia
2909 4778 3222 4854 εΙιιᾴςεοι-ωη-
3243 4771 3730 4854 credideruntRAct.
3767 4771 3837 4844 ιιξ

2277 4841 2366 4922 μ,
2388 4852 2434 4922 et
2463 4858 2539 4909 iv,
2679 4846 2812 4899 Audi
2839 4849 2961 4916 quid
2978 4851 3167 4922 dicunt
3192 4850 3353 4922 Paulo
3378 4841 3637 4919 apostoli}.
3656 4841 3838 4919 Vides,

2279 4913 2548 4991 inquiunt,
2564 4918 2750 4991 frater,
2772 4913 2898 4991 guet
2920 4920 3078 4972 millia
3103 4929 3217 4973 sunt
3239 4913 3533 4974 Judtedrum
3559 4925 3643 4991 qui
3670 4913 3838 4977 credi;

2277 4981 2453 5034 derunt
2476 4981 2591 5103 νά.
2621 5000 2706 5036 ut
2725 5025 2740 5050 ,
2768 4981 2900 5055 20)?

2349 5052 2433 5103 15.
2510 5053 2699 5103 mitatio
2737 5053 2900 5103 Christ

2349 5052 2433 5105 15.
2463 5052 2699 5131 ‘Imitatio
2737 5052 2938 5108 Christi.
2974 5055 3093 5131 Non
3133 5058 3488 5131 impossibilis.
3519 5061 3830 5131 Stephanus.

2276 5122 2552 5196 apostolus.
2583 5123 2888 5196 imitatores
2913 5143 3040 5196 ergo
3071 5122 3275 5181 Domini
3304 5144 3422 5184 esse
3463 5122 3747 5196 debemus,
3787 5122 3839 5188 et

2280 5205 2374 5268 pro
2399 5191 2624 5246 inimicis
2651 5191 3071 5268 orare‘exem'plo
3093 5197 3274 5268 ipsius,
3300 5201 3387 5268 qui
3411 5215 3528 5253 eum
3555 5213 3698 5255 esset
3721 5191 3839 5256 eru-

2277 5260 2495 5328 eilixus,
2525 5277 2622 5331 pro
2649 5260 3068 5334 crucifigentibus
3096 5260 3154 5321 se
3183 5260 3390 5323 Patrem
3423 5271 3740 5339 postulabat,
3782 5283 3834 5325 ιιι

2342 5494 2358 5525 ί
2385 5500 2434 5542 tn
2586 5494 2841 5566 deestoyox
2863 5496 3100 5566 ,“judici;
3132 5500 3271 5563 cujus
3287 5498 3392 5550 loco
3414 5501 3538 5563 apud
3571 5503 3837 5566 chrysosto-

2279 5567 2426 5611 mum,
2450 5555 2652 5613 aémati,
2677 5555 2922 5607 tribunali:

2343 5616 2363 5646 ³
2387 5618 2551 5665 versio
2564 5624 2670 5686 uss.
2687 5620 2823 5666 Corb.
2844 5620 2982 5680 juxta
3001 5633 3226 5686 gregum:
3241 5622 3477 5686 ridentes
3495 5631 3836 5686 accusatorem,

2281 5682 2326 5724 et
2347 5685 2646 5740 agnoscentes
2669 5679 2948 5741 peccatum;
2977 5679 3162 5744 etquid
3186 5681 3376 5732 miraris
3398 5682 3455 5742 si,
3485 5692 3581 5734 etc.
