3982 6448
609 337 675 392 59
1981 328 2201 382 AI’PEN
2209 327 2340 383 DlX.

607 453 661 504 3.
698 449 864 504 Hodie
890 447 1002 501 caeli
1035 454 1178 512 porta
1205 453 1443 497 reserata.
1479 441 1720 495 Ecclesia:
1757 452 1904 510 porta
1927 483 1941 507 ,
1974 453 2118 506 porta

543 521 785 590 paradisi.
820 519 921 590 Pro
947 517 1136 586 quibus
1181 514 1438 568 universis
1457 553 1472 578 ,
1489 513 1718 590 “fratres
1739 512 2065 590 “ClIaI‘lSslltll
2090 553 2116 590 _,

538 581 770 645 consona
799 581 992 658 pariter
1003 600 1132 639 voce
1150 595 1454 658 cantemus:
1479 581 1602 658 Ηςεσ
1626 593 1695 636 cst
1715 582 1820 658 dies
1844 581 2120 658 quantfucit

545 651 821 722 Dominus,
849 657 1154 710 exsultantis
1177 663 1222 706 et
1252 654 1480 706 la’tetnur
1519 653 1571 705 in
1614 669 1693 706 ea.
1741 651 1950 720 lgneam
1975 653 2118 706 illam

541 730 900 796 rlu‘mpbream
931 735 984 779 et
1013 723 1241 796 paradisi
1269 724 1521 796 januam,
1561 737 1720 792 quam
1743 722 1931 796 nullus
1951 723 2122 796 po_t_uit

541 792 818 868 elTringere
837 838 861 868 ,ί
883 792 1039 868 liodic
1059 793 1302 868 Christus
1329 809 1450 868 cum
1482 794 1682 868 latrone
1703 793 1977 868 reseravit.
2009 792 2118 846 ﬂo-

541 869 628 921 die
659 863 793 922 dixit
837 867 1077 920 Christus
1124 864 1188 917 ad
1228 863 1499 932 Angelos:
1529 863 1730 932 Aperite
1777 863 1900 914 milii
1951 871 2120 928 portas

530 939 771 1010 justitiar,
793 938 1042 1005 ingressus
1073 935 1123 986 in
1152 951 1236 987 eas
1266 933 1820 1010 conﬁteborpoutino;
1851 947 2117 1010 quaancum

537 995 701 1060 semel
743 995 923 1072 aperta
964 1015 1081 1068 est,
1131 995 1398 1072 nunquam
1447 1001 1784 1058 credentibus
1835 995 2114 1072 clauditur.

545 1079 616 1131 lix
649 1093 712 1131 eo
740 1070 981 1143 tempore
1023 1089 1128 1144 quo
1177 1070 1363 1144 passus
1420 1083 1501 1144 est
1555 1072 1810 1126 Dominus
1844 1087 2013 1140 usque
2050 1070 2116 1126 ad

543 1157 858 1215 ςιιθίιξδοιιιιιιιι
883 1143 1052 1206 diem,
1071 1145 1183 1198 lucc
1209 1153 1356 1211 porta
1383 1152 1436 1215 et
1459 1143 1733 1215 clausaest
1753 1150 1807 1196 et
1831 1149 2064 1196 reserata
2101 1158 2112 1192 :

453 1222 458 1228 '
538 1211 713 1276 clausa
759 1227 840 1270 est
884 1215 1248 1284 peccatoribus
1299 1223 1352 1284 et
1403 1211 1726 1284 incredulis,
1778 1221 2008 1284 reserata
2037 1219 2119 1264 est

539 1289 692 1356 gustis
722 1297 772 1340 et
801 1281 1156 1340 credentibus.
1187 1282 1291 1356 P_er
1315 1282 1451 1356 lianc
1483 1283 1751 1356 ingressus
1776 1291 1856 1335 est
1885 1281 2070 1335 Petrus
2097 1323 2111 1356 ε

542 1351 634 1425 per
664 1361 796 1409 hanc
817 1356 1086 1424 ingressus
1111 1363 1193 1408 est
1223 1353 1436 1416 Paulus,
1469 1367 1561 1421 per
1584 1351 1721 1405 hanc
1739 1365 1926 1425 omnes
1947 1351 2114 1404 sancti

538 1419 1275 1496 etmartyres'intravcrunt,_
1313 1437 1407 1490 per
1433 1419 1570 1496 lianc
1624 1422 1858 1496 qu_otidie
1889 1419 1956 1496 de
2009 1429 2116 1474 toto

541 1491 1022 1564 mundo'justorum
1045 1494 1236 1564 animm
1265 1491 1803 1564 ingrctlimttur._Du:e
1831 1491 1970 1544 enim
1994 1501 2113 1544 sunt

543 1574 727 1634 portze,
763 1560 907 1634 porta
939 1562 1190 1634 paradisi,
1224 1571 1277 1615 et
1307 1560 1453 1630 porta
1475 1560 1727 1634 Ecclesia;
1750 1578 1762 1612 :
1787 1575 1881 1629 per
1912 1567 2114 1634 portam

544 1627 793 1690 Ecclesia;
824 1627 1082 1688 intramus
1109 1631 1160 1685 in
1193 1627 1397 1700 portam
1428 1630 1674 1699 paradisi.
1707 1627 2118 1700 Ita'crgodebe-

541 1721 659 1760 mus
688 1705 865 1758 vivere
887 1743 903 1769 ,
933 1718 1000 1756 ne
1021 1697 1292 1770 ejiciamur
1313 1701 1377 1754 de
1397 1697 1556 1770 domo
1587 1700 1701 1762 illa,
1726 1708 1778 1752 rt
1797 1697 1948 1770 ejecti
1977 1697 2116 1770 foras

538 1791 566 1828 a
600 1775 782 1829 bestiis
812 1769 1125 1827 devoremur
1150 1789 1160 1822 :
1189 1785 1321 1840 quas
1350 1769 1537 1840 in_alio
1563 1771 1683 1840 loco
1719 1769 1978 1840 propheta
2007 1769 2115 1822 for-

540 1845 766 1910 ntidans,
797 1837 1224 1910 commemorans
1251 1840 1356 1905 ait,
1391 1837 1475 1910 Ne
1499 1838 1685 1910 tradas
1715 1837 1876 1892 bestiis
1895 1839 2117 1910 animant

537 1903 854 1980 conﬁtentem
899 1911 986 1964 tibi
1028 1909 1192 1982 (ξίςαίἶ
1227 1903 1419 1982 Lxxttt,
1595 1907 1730 1982 Ecce
1755 1909 2114 1982 nunc_Domi-

540 1977 643 2038 nus
668 1994 815 2037 stans
841 1983 892 2036 in
922 1977 1150 2050 paradisi
1175 1979 1332 2050 janua
1351 1977 1593 2050 loquitur
1614 1977 1806 2050 ad_nos
1829 1979 1914 2047 qui
1934 1993 2116 2032 smnus

540 2055 590 2108 in
612 2053 771 2108 domo
813 2045 980 2122 ipsius
1021 2045 1322 2122 congregati
1343 2087 1358 2114 ,
1392 2045 1448 2108 ei.
1480 2046 1607 2122 dicit
1633 2065 1647 2122 _:
1677 2045 1802 2100 Hazc
1845 2045 1942 2122 an
1967 2056 2113 2122 porta

544 2123 782 2197 Domini;
799 2115 930 2193 justi
948 2115 1204 2197 intrabunt
1224 2115 1331 2187 ’ρετ
1350 2136 1466 2176 eam
1492 2115 1852 2197 (Ρεαρηοχνιι,
1885 2115 1975 2182 l9,
1999 2115 2112 2197 20).

539 2193 688 2260 Quod
715 2188 828 2260 ipse
855 2199 1110 2260 prmstare
1137 2190 1410 2258 dignetur,
1442 2188 1530 2258 qui
1581 2188 1707 2240 vivit
1747 2197 1800 2240 et
1829 2197 2015 2256 regnat
2060 2188 2112 2240 in

539 2263 734 2317 swcula
767 2261 1103 2316 swculorum.
1131 2261 1297 2312 Amen
1331 2260 1369 2309 ¹.

1068 2327 1295 2382 sentio
1320 2327 1456 2381 (11.x
1485 2326 1580 2398 (ιι).

1092 2425 1159 2468 De
1192 2418 1388 2478 Pascha,
1419 2433 1448 2466 u
1474 2416 1564 2479 (ὑ).

610 2505 658 2558 l.
689 2503 916 2556 Christus
943 2501 1192 2568 quomodo
1219 2501 1370 2553 libere
1399 2499 1516 2568 egit.
1544 2497 1778 2564 Quonam
1803 2498 1952 2551 modo
1977 2513 2118 2552 more

543 2574 716 2628 mortis
762 2581 809 2625 ct
867 2587 1062 2624 morsus
1124 2570 1330 2640 inferni.
1366 2569 1690 2640 Passienum
1742 2569 1824 2640 vel
1881 2583 2118 2640 resurre-

544 2643 768 2700 ctionem
801 2641 1010 2704 Domini
1041 2647 1104 2694 et.
1118 2637 1408 2692 salvatoris
1435 2641 1600 2690 nostri
1621 2637 1746 2690 .lesu
1769 2638 1984 2700 Christi,
2003 2637 2114 2690 fra-

542 2723 647 2768 tres
673 2709 1033 2770 dilectissimi,
1071 2709 1190 2764 licet
1216 2708 1392 2762 omnia
1422 2708 1623 2760 Veteris
1648 2707 1977 2762 Testameuti
2019 2723 2114 2762 ισο-

543 2783 740 2838 lumina
769 2780 935 2834 multo
957 2787 1078 2832 ante
1106 2777 1477 2845 przrdixcrint;
1513 2785 1687 2830 tamen
1711 2777 1878 2831 etiam
1911 2793 2006 2846 per
2052 2791 2112 2830 os

544 2851 706 2906 David
741 2849 1010 2920 propheta:
1036 2847 1261 2916 Spiritus
1281 2855 1502 2920 sanctus
1524 2847 1814 2920 evidentes
1835 2848 2112 2920 ostendit,

543 2916 779 2976 dicens':
823 2916 959 2970 Drus
995 2919 1240 2972 ultionum
1269 2916 1545 2976 Dominus,
1579 2916 1714 2968 Deus
1759 2916 2006 2969 ultionem
2053 2917 2115 2969 li-

542 2993 653 3045 bere
678 2991 774 3060 egit
805 2988 1173 3060 (Ρειιζτιίιιιιιἶ
1222 2987 1298 3054 1).
1350 2989 1504 3060 Solus
1535 2987 1733 3060 etenim
1781 2987 1892 3060 ipse
1928 2989 2114 3060 _libcre

539 3061 680 3130 egit,
706 3057 828 3128 'qui
871 3058 1020 3130 nobis
1053 3057 1209 3130 hodie
1256 3057 1505 3130 ostendit_
1541 3057 1662 3125 quid
1711 3057 1896 3124 egerit.
1923 3057 2115 3111 Libere

539 3126 678 3186 cium
706 3126 808 3199 egit
834 3169 850 3194 ,
878 3129 944 3180 de
975 3146 1078 3196 quo
1105 3128 1270 3199 multo
1308 3138 1432 3199 ante
1486 3126 1668 3199 fuerat»
1698 3129 2111 3199 proplietatum.,

539 3202 660 3270 quia
690 3196 852 3270 {nctus
883 3207 962 3251 est
981 3199 1106 3252 sicut
1151 3197 1298 3270 {tonio
1317 3196 1704 3270 si_ue_a_djutorio
1724 3196 2114 3270 intermortuus

543 3265 662 3326 liber
687 3265 856 3337 (Psul.
880 3283 1128 3337 1.xxxvtt,
1153 3267 1224 3337 57,
1247 3265 1324 3337 6).
1357 3265 1536 3337 Vultis
1578 3275 1752 3319 tamen
1807 3266 1946 3319 scire
1989 3267 2112 3337 quid

537 3335 742 3408 egerit?
769 3337 956 3391 Audite
1002 3336 1125 3406 quid
1170 3336 1374 3408 iecerit.
1421 3335 1570 3388 Nulla
1616 3337 1994 3408 necessitate,
2020 3335 2113 3408 sed

537 3405 752 3476 propria
779 3405 1043 3460 voluntate
1075 3408 1124 3458 in
1149 3407 1287 3474 ligno
1315 3420 1374 3458 se
1396 3405 1647 3473 suspendi
1677 3407 1932 3472 permisit,
1951 3406 2114 3460 clavis

540 3494 734 3547 wrpus
757 3493 907 3530 suum
939 3478 1190 3544 perforari
1219 3491 1324 3529 non
1351 3478 1525 3547 renuit
1545 3515 1557 3532 .
1589 3477 1816 3547 animam
1870 3480 2114 3547 ponendo

540 3546 760 3602 mortem
789 3548 1069 3612 suStinnit,
1113 3561 1326 3599 carnem
1367 3546 1420 3598 in
1449 3546 1693 3613 sepulcro
1739 3546 2012 3612 reposuit,
2060 3554 2115 3600 et

539 3619 822 3672 comitante
861 3632 1040 3670 secum
1067 3617 1248 3687 anima
1281 3615 1346 3687 ad
1389 3615 1592 3669 inferna
1617 3614 1940 3687 “descendit.
1985 3615 2115 3687 [Per

543 3691 676 3742 hanc
702 3688 886 3749 electi,
919 3689 1006 3754 qui
1039 3685 1284 3754 quamvis
1324 3685 1375 3739 in
1403 3685 1796 3754 tranquillitatis
1838 3686 1954 3738 sinu
1979 3685 2004 3751 ζ
2029 3695 2112 3739 ta-

540 3773 658 3813 men
709 3755 857 3826 apud
903 3758 1092 3810 inl'eini
1119 3756 1347 3826 claustra
1379 3757 1725 3817 tenebantur,
1769 3755 1834 3808 ad
1868 3755 2112 3826 paradisi

539 3824 756 3882 amoena
771 3825 974 3878 reducti
999 3833 1138 3878 sunt.
1167 3824 1320 3890 Quod
1367 3834 1490 3878 ante
1525 3826 1825 3894 passionem
1849 3824 2010 3889 dixit,
2059 3827 2113 3880 in

541 3897 928 3950 resurrectione
979 3909 1071 3948 sua
1123 3895 1371 3950 Dominus
1421 3894 1657 3963 implevit
1701 3913 1714 3947 ;
1767 3895 1826 3947 Si
1867 3896 2113 3949 excitatus

545 3971 687 4035 fuero
709 4007 721 4024 ,
751 3965 957 4035 inquit,
1009 3981 1040 4016 α
1083 3973 1212 4016 terra
1238 4005 1252 4028 ,
1285 3969 1450 4016 omnia
1477 3966 1674 4017 trahant
1711 3965 1778 4016 ad
1830 3981 1906 4016 me
1933 3965 2108 4034 (Joan.

545 4033 647 4100 xu,
675 4035 788 4104 5‘2).
834 4033 1020 4104 Omnia
1049 4035 1242 4086 ctenim
1293 4036 1474 4104 traxit,
1525 4035 1614 4104 qui
1659 4035 1726 4087 de
1767 4035 1952 4088 electis
2001 4037 2113 4090 suis

544 4107 676 4173 apud
709 4103 904 4158 inl'eros
927 4103 1130 4158 nullum
1163 4103 1373 4171 reliquit
1405 4121 1418 4156 :
1447 4103 1624 4156 omnia
1650 4105 1902 4168 abstulit,
1933 4105 2112 4173 utique

538 4177 724 4229 electa.
757 4173 938 4242 Neque
961 4173 1102 4228 enim
1137 4173 1375 4226 inﬁdeles
1401 4187 1636 4242 quosque
1659 4183 1711 4226 ct
1737 4189 1832 4241 pro
1870 4175 1980 4228 suis
2009 4177 2110 4228 cri-

540 4247 769 4298 minibus
791 4241 1005 4298 mternis
1033 4243 1302 4311 suppliciis
1329 4241 1534 4294 deditos
1560 4285 1574 4305 ,
1601 4244 1666 4294 ad
1697 4244 1900 4298 veniam
1931 4245 2110 4297 Domi-

541 4331 638 4368 nus
655 4314 976 4384 resurgendo
1005 4313 1267 4384 reparavit
1287 4330 1299 4364 :
1319 4312 1412 4366 sed
1441 4314 1554 4384 illos
1568 4327 1630 4366 ex
1653 4311 1840 4366 inferni
1867 4315 2112 4384 claustris

539 4385 746 4451 rapuit,
775 4382 909 4452 quos
935 4399 1060 4437 suos
1086 4385 1135 4436 in
1170 4382 1272 4436 (ide
1297 4392 1348 4436 et
1373 4383 1576 4452 aCllDttS
1604 4385 1927 4452 recognovit.
1961 4383 2112 4439 Unde

542 4449 685 4508 recte
713 4449 873 4508 etiam
906 4469 998 4521 per
1018 4453 1207 4506 Oscam
1235 4453 1455 4515 dicitur,
1487 4449 1590 4504 Ero
1611 4449 1751 4505 mors
1765 4463 1871 4518 tua,
1889 4471 1918 4506 ο
1941 4471 2110 4520 mors;

537 4543 620 4578 ero
650 4541 844 4577 morsus
884 4534 996 4578 tuus
1017 4563 1030 4588 ,
1079 4524 1272 4594 inferne
1301 4522 1451 4590 (Osee
1479 4537 1600 4594 xttt,
1635 4523 1744 4590 Η).
1779 4523 1832 4594 ld
1885 4539 2111 4593 namque

536 4595 678 4666 quod
709 4594 1029 4666 occidimus,
1067 4595 1277 4666 agimus
1307 4601 1361 4645 ut
1391 4593 1728 4666 penitus_uon
1755 4593 1874 4666 sit;
1926 4609 1996 4647 ex
2045 4611 2111 4648 eo

538 4663 882 4729 autemquod
931 4663 1268 4733 mordemus,
1318 4672 1523 4732 partem
1569 4663 1957 4728 abstraltimus,
1993 4679 2111 4733 par-

537 4747 746 4806 temque
771 4735 1116 4802 relinquimus
1147 4750 1158 4786 :
1183 4732 1306 4801 quia
1333 4747 1459 4803 ergo
1486 4734 1538 4787 in
1567 4733 1750 4787 electis
1775 4734 1885 4788 suis
1933 4732 2110 4790 fundi-

599 4870 612 4898 ¹
633 4867 704 4930 sic
724 4867 942 4929 plerique
963 4875 1064 4914 Mss.
1086 4867 1160 4914 eb.
1177 4875 1346 4930 _autem
1375 4875 1519 4917 :Htec
1531 4872 1601 4917 est
1623 4867 2111 4930 p01'MDOI‘lIiﬂi,‘]uSli

535 4925 1037 4998 ξιιιιῃὺηῇιῂρέν.θέλξει.
1065 4925 1352 4996 ιιέδεὶιιρζηιιδ
1389 4941 1530 4991 ergo,
1558 4925 1742 4998 fratres
1771 4928 1894 4998 mei,
1921 4925 2111 4998 monen-

535 4995 580 5035 te
609 4986 829 5053 Apoatolo
848 5026 860 5046 ,
887 4986 936 5037 in
957 4988 1103 5053 illum
1127 4987 1338 5053 requiem
1357 5003 1384 5053 ;_
1409 4986 1466 5040 né
1487 4986 1592 5053 quis
1623 4991 1833 5040 errando
1853 4989 2036 5041 incidat
2059 4993 2108 5044 in

535 5047 832 5116 mutationem
867 5055 912 5098 et
950 5049 1170 5116 laqueum
1195 5047 1384 5116 diaboli
1413 5064 1428 5100 :
1445 5047 1536 5116 sed
1574 5053 1637 5101 ad
1656 5113 1664 5116 _
1684 5057 1865 5116 retenta
1907 5061 2109 5116 prwmta

535 5107 804 5178 festinemus
819 5147 832 5166 ,
869 5123 976 5178 qua:
1011 5107 1114 5178 ipse
1129 5109 1346 5172 promisit
1375 5111 1457 5176 qui
1478 5124 1566 5178 pro
1589 5113 1718 5162 nobis
1739 5107 1950 5178 mortuus
1972 5117 2040 5166 est
2063 5122 2109 5166 et

533 5170 835 5230 resurrexit;
858 5170 935 5218 cui
971 5177 1040 5220 ενι
1073 5170 1220 5220 honor
1244 5179 1287 5221 et
1310 5170 1511 5234 potasta's
1533 5174 1582 5226 in
1605 5175 1782 5224 uacula
1803 5176 2100 5227 saeculorum

533 5242 695 5279 Αιηεη.

598 5301 668 5362 (a)
705 5298 853 5363 Alias,
889 5297 950 5346 de
985 5304 1206 5363 tempore
1233 5300 1315 5346 157
1339 5315 1350 5358 ;
1374 5309 1424 5347 et
1461 5309 1586 5360 post,
1626 5303 1674 5349 in
1712 5302 2000 5363 Appendice
2025 5303 2100 5350 5‘2.

599 5363 667 5422 (ὁ)
694 5362 1070 5410 Consarcinatus
1094 5373 1152 5404 ex
1181 5361 1472 5422 Gregoriiet
1504 5363 1704 5410 Eusebii
1727 5361 2010 5411 sententiis.
2045 5365 2101 5412 Et

530 5421 732 5484 quidem
748 5423 834 5486 liie
859 5424 997 5482 plura
1021 5426 1139 5486 sunt
1157 5421 1338 5486 ansulis
1371 5425 1573 5480 inclusa,
1597 5438 1708 5483 qua:
1737 5424 1936 5472 minime
1961 5439 2103 5486 repe-

537 5480 728 5533 riuntur
747 5485 794 5531 in
823 5480 1185 5540 nisuuscriptis,
1207 5480 1384 5541 quibus
1424 5490 1590 5530 taetrae
1615 5480 1656 5530 is
1680 5495 1854 5532 caetera
1881 5480 2029 5534 inter"
2049 5501 2104 5534 se

720 5546 987 5607 (ξυιιεξπριη,
1007 5545 1078 5592 De
1097 5555 1232 5588 llllﬂ].
1251 5542 1296 5607 _l.
1323 5542 1412 5588 Vld.
1441 5543 1610 5607 ξιοιιιιι.
1641 5546 1864 5606 Gregorii
1889 5561 2022 5607 papas

534 5602 583 5653 ni
607 5605 959 5666 Evangeliutn;
987 5607 1050 5652 de
1077 5605 1282 5666 numtﬂ,
1309 5602 1642 5666 -νιαηΕιιευιηι
1667 5602 1833 5655 ltoniil.
1862 5602 1966 5656 ille
1991 5609 2106 5656 Pas-

537 5668 624 5728 cha
647 5682 658 5724 ;
686 5663 892 5728 (le—num.
918 5667 964 5724 5,
991 5667 1156 5728 center
1179 5663 1402 5728 ejusdem
1429 5664 1598 5728 nuntii.
1629 5667 1646 5711 ι
1690 5669 1751 5714 de
1799 5671 2102 5717 escensione

537 5726 762 5788 Domini;
793 5727 856 5777 de
879 5740 1014 5778 num.
1037 5727 1084 5788 5,
1111 5725 1222 5774 vide
1249 5724 1473 5785 Append.
1495 5725 1600 5784 163»,
1635 5739 1683 5773 ιι.
1721 5729 1766 5775 4.

3681 326 3820 388 2630

2229 451 2334 516 tus,
2354 441 2546 516 occidit
2569 451 2792 496 mortem
2819 484 2836 516 ,_
2873 456 3016 516 mors
3045 444 3229 499 mortis
3253 445 3486 508 exstitit;
3533 447 3654 516 quia
3685 465 3820 505 vero

2229 527 2291 565 ex
2323 511 2529 584 inferno
2561 521 2764 584 partem
2791 513 3036 584 abstulit,
3069 523 3123 584 et
3153 523 3355 584 partem
3401 511 3613 584 reliquit
3636 559 3650 582 ,
3705 537 3816 575 non

2228 581 2419 658 occidit
2454 581 2716 646 funditus,
2765 581 2857 636 sed
2889 581 3172 658 momordit
3203 583 3488 658 infernum.
3521 581 3608 658 λιι
3637 603 3766 658 ergo
3797 633 3814 655 ,

2229 650 2334 724 Ero
2357 667 2491 724 mors
2517 661 2602 724 tua
2623 693 2636 714 ,
2667 668 2707 724 o_
2727 668 2862 724 mors
2891 667 2908 705 :
2937 667 3000 706 ac
3027 656 3070 724 si
3116 665 3297 724 aperte
3347 655 3519 722 dicat,
3569 650 3725 724 Quia"
3763 650 3812 714 ni

2228 722 2412 775 electis
2441 723 2575 776 meis
2607 733 2658 776 te
2685 721 2918 777 funditus
2941 721 3165 790 perime:
3195 723 3298 777 Ero
3321 721 3516 779 morsus
3554 721 3700 786 tum.
3737 731 3808 781 in-

2229 793 2368 864 ferne
2393 807 2421 864 έν
2459 792 2578 864 quia
2607 792 2830 846 sublatis
2855 793 2986 864 meis
3017 794 3149 864 tein
3182 803 3329 862 parte
3377 797 3626 864 transigo.
3659 797 3816 853 Tunc

2227 861 2367 914 enim
2397 861 2649 936 Dominus
2677 872 2868 936 noster
2891 863 3046 916 .lesus
3067 861 3307 936 Christus
3359 864 3528 936 illum]
3546 861 3812 920 tenebra-

2227 945 2341 984 rum
2369 941 2424 1005 et_
2481 933 2665 1005 mortis
2703 932 3020 1005 priueipc_m_
3042 933 3345 1002 colligavit,
3377 932 3622 1005 legiones
3667 937 3809 991 illius

2227 1001 2588 1068 perturbavit:
2619 1013 2887 1070 portarum
2939 1001 3128 1056 inferni
3159 1001 3336 1058 vectes
3363 1001 3566 1058 ferreos
3591 1007 3809 1060 confre-

2224 1071 2334 1142 git,
2361 1085 2547 1130 oinnes
2563 1071 2768 1142 justus,
2798 1072 2886 1141 qui
2945 1072 3186 1142 originali
3242 1083 3460 1142 peccato
3489 1077 3688 1129 astricti
3731 1087 3808 1130 te-

2227 1141 2516 1213 nebantur,
2545 1141 2799 1204 absolvit,
2831 1141 3068 1213 captivos
3093 1143 3144 1196 in
3183 1141 3482 1197 libertatem
3529 1147 3808 1213 pristinam

2227 1211 2888 1284 revocavit,_peccatorum
2921 1211 3154 1266 tenebris
3196 1213 3492 1269 obcaecatos
3527 1211 3804 1284 splendida

2227 1279 2344 1333 luce
2371 1281 2616 1347 perfudit.

2292 1349 2347 1402 2.
2385 1350 2535 1403 Voces
2565 1351 2742 1404 tartari
2767 1351 2834 1403 ad
2857 1352 3122 1405 aduentum
3143 1351 3348 1407 Christi.
3381 1351 3518 1408 Ecce
3543 1354 3768 1408 audistis
3787 1397 3802 1415 ,

2225 1420 2350 1493 quid
2381 1419 2630 1493 defensor
2658 1431 2839 1475 noster
2870 1424 3082 1476 ultionis
3114 1423 3367 1478 Dominus
3419 1423 3583 1478 libere
3627 1425 3804 1493 egisse

2224 1489 2558 1559 describitur.
2594 1491 2876 1559 Postquam
2909 1493 3046 1546 enim
3077 1493 3366 1557 exaltatus,
3399 1493 3449 1547 id
3475 1503 3556 1547 est
3576 1536 3589 1558 ,
3639 1489 3684 1546 a'
3711 1495 3804 1548 Ju-

2225 1558 2353 1612 da-is
2383 1561 2434 1613 in
2461 1575 2616 1616 cruce
2643 1558 2928 1628 suspensus
2956 1571 3035 1615 est
3055 1602 3070 1624 ,
3117 1571 3172 1615 ut
3211 1561 3326 1616 luec
3355 1563 3586 1618 breviter
3611 1575 3804 1618 concta

2227 1630 2606 1700 perstringam,
2649 1647 2770 1684 mox
2805 1642 2858 1684 ut
2903 1632 3144 1700 spiritum
3183 1633 3444 1697 reddidit,
3495 1633 3638 1687 unita
3690 1649 3803 1687 sum

2224 1697 2484 1770 divinitati
2530 1701 2701 1753 anima
2743 1701 2808 1752 ad
2863 1697 3146 1755 inferorum
3191 1703 3446 1770 profunda
3501 1703 3798 1758 descendit.

2224 1767 2829 1842 Quniquetenebrarum
2860 1771 3140 1842 terminum
3163 1767 3310 1840 quasi
3339 1774 3548 1841 quidam
3595 1773 3802 1842 deprae-

2223 1836 2709 1912 datorrsplendidus
2747 1855 2808 1893 ac
2855 1841 3103 1912 terribilis
3154 1836 3801 1912 a'ttigiss'et,'aspicientes

2223 1921 2345 1978 eum
2375 1909 2548 1977 impia:
2572 1924 2634 1964 ac
2663 1918 2906 1963 tartareae
2928 1911 3180 1978 legiones,
3201 1909 3399 1965 territa:
3421 1927 3482 1964 ac
3507 1909 3800 1966 trementes

2225 1977 2490 2052 inquirere
2515 1987 2790 2052 cmperunt
2810 1977 3048 2052 dicentes
3078 1998 3089 2033 :
3123 1979 3395 2052 [Quisnam
3422 1989 3502 2036 est
3526 1982 3624 2036 iste
3647 1983 3802 2035 terri-

2225 2045 2343 2120 bilis
2363 2088 2376 2113 ,
2406 2056 2460 2102 et
2491 2045 2642 2120 niveo
2669 2049 2951 2117 splendore
2985 2045 3274 2104 coruscus?
3303 2050 3581 2120 Nunquam
3617 2061 3801 2105 noster

2225 2117 2380 2170 talem
2409 2119 2616 2189 excepit
2645 2127 2872 2172 tartarus
2891 2158 2905 2183 ,
2935 2135 3202 2189 nunquam
3243 2121 3294 2174 in
3350 2117 3584 2175 nostram
3613 2137 3800 2176 caver-

2225 2201 2345 2256 nam
2377 2187 2530 2241 talem
2557 2192 2790 2241 evomuit
2820 2187 3075 2243 mundus.
3117 2189 3330 2244 lnvasor
3359 2191 3457 2244 iste
3477 2233 3492 2256 ,
3545 2207 3648 2244 non
3697 2191 3798 2244 de-

2222 2254 2393 2321 bitor;
2423 2267 2637 2328 exat-tor
2667 2267 2748 2312 est
2771 2299 2785 2328 ,
2819 2273 2921 2312 non
2941 2269 3186 2326 precator
3214 2278 3226 2312 :
3255 2254 3486 2328 judicem
3518 2261 3760 2314 videmus
3779 2302 3796 2322 ,

2225 2341 2326 2396 non
2380 2327 2693 2396 supplicem.
2749 2327 2901 2382 Venit
2942 2330 3166 2396 jubere,
3239 2327 3344 2384 non
3394 2331 3790 2394 succumbere;

2224 2395 2600 2468 eripcrc,’non
2641 2413 2872 2468 manere.
2911 2398 3130 2452 Ubinam
3179 2400 3432 2468 janitorcs
3477 2401 3640 2453 nostri
3672 2400 3798 2454 dor-

2221 2466 2484 2528 mierunt,
2509 2483 2629 2520 eum
2678 2467 2778 2522 iste
2809 2468 3028 2521 bellator
3067 2466 3294 2522 claustra
3319 2469 3582 2524 vexabat?
3623 2469 3720 2524 ilic
3749 2471 3797 2524 si

2223 2549 2346 2589 rcus
2365 2546 2536 2608 esset,
2569 2546 2673 2589 tam
2703 2546 2890 2606 potens
2919 2555 3020 2590 non
3051 2548 3210 2592 esset.
3241 2539 3295 2592 Si
3325 2555 3444 2592 eum
3462 2541 3634 2608 aliqua
3668 2555 3796 2607 pec-

2222 2613 2336 2676 cata
2367 2604 2651 2670 l'uscarent,
2687 2604 2950 2676 nunquam
2981 2617 3160 2662 nostra
3184 2617 3376 2662 tartara
3400 2623 3497 2662 suo
3513 2604 3797 2676 dissiparet

2223 2673 2446 2748 fulgore.
2468 2677 2702 2748 iSiﬂDeus
2723 2719 2735 2738 ,
2766 2673 2946 2746 utquid
2969 2678 3144 2731 venit?
3168 2677 3222 2733 Si
3255 2679 3411 2748 homo
3430 2719 3444 2742 ,
3486 2679 3608 2748 quid
3648 2673 3796 2747 prte-

2223 2747 2486 2812 sumpsit?
2515 2746 2568 2800 Si
2599 2748 2769 2812 Deus,
2801 2747 2924 2816 quid
2953 2749 3001 2800 iu
3033 2751 3276 2817 supulcro
3305 2747 3468 2802 facit?
3495 2746 3550 2803 Si
3585 2746 3746 2803 homo
3777 2791 3792 2815 ,

2222 2830 2383 2887 quare
2406 2827 2710 2883 peceatores
2736 2817 2926 2870 solvit?
2951 2819 3206 2887 Numquid
3227 2833 3345 2871 cum
3368 2829 3583 2872 auctore
3610 2830 3796 2873 nostro

2243 2885 2394 2960 iedus
2443 2888 2777 2960 composuit;
2823 2897 2912 2941 aut
2979 2885 3115 2941 forte
3159 2903 3475 2960 congressus
3520 2895 3576 2943 et
3619 2888 3794 2960 ipsum

2225 2955 2384 3016 vicit,
2415 2965 2468 3008 et
2491 2958 2569 3009 sic
2594 2957 2658 3009 ad
2687 2965 2864 3010 nostra
2893 2973 3054 3024 regna
3075 2955 3342 3011 ascendit?
3367 2957 3524 3011 Certe
3553 2955 3796 3014 moi-tuus
3851 2965 3866 2986 '

2221 3033 2367 3098 erat,
2397 3037 2542 3079 certe
2572 3029 2740 3098 victus
2765 3038 2896 3080 erat.
2931 3027 3121 3080 lllusus
3151 3037 3232 3082 cst
3259 3029 3524 3098 praeliator
3569 3038 3750 3082 noster
3773 3071 3792 3094 ,

2223 3097 2442 3166 nescivit
2471 3111 2626 3162 quam
2672 3096 2758 3148 hic
2783 3107 3011 3166 stragem
3045 3096 3354 3166 procuraret
3405 3097 3610 3152 inferno
3655 3115 3792 3152 crux

2223 3165 2306 3238 illa
2335 3165 2518 3238 fallens
2545 3167 2733 3238 gaudia
2754 3237 2759 3238 ν
2783 3165 2961 3220 nostra
2985 3209 2997 3230 ,
3028 3165 3328 3238 parturiens
3353 3167 3543 3222 damna
3585 3177 3791 3222 nostra.

2221 3234 2327 3306 Per
2363 3236 2560 3303 lignum
2617 3236 2764 3288 dilati
2821 3251 3001 3290 sumus
3021 3234 3047 3299 ,⁷
3089 3253 3183 3306 per
3210 3238 3402 3306 lignum
3453 3239 3741 3292 evertimnr
3775 3255 3790 3291 :

2223 3305 2356 3375 perit
2383 3314 2614 3369 potestas
2659 3307 2744 3357 illa
2797 3321 3007 3375 semper
3037 3305 3569 3375 populis’l'ormidata.
3601 3307 3793 3362 Nullus

2223 3373 2306 3447 llic
2333 3375 2480 3427 vivus
2511 3375 2724 3447 intravit
2747 3417 2758 3438 ,
2785 3373 2938 3429 nemo
2960 3373 3233 3430 carniﬁces
3262 3379 3478 3442 terruit,
3521 3393 3790 3447 nunquam

2222 3441 2341 3516 buic
2366 3445 2664 3516 emnolento
2693 3446 2808 3498 loco
2834 3455 2882 3498 et
2915 3448 3062 3515 nigra
3079 3463 3288 3516 semper
3313 3448 3536 3516 caligine
3589 3441 3792 3501 cii-cato

2216 3513 2506 3580 jucondum
2539 3516 2715 3568 lumen
2742 3513 3004 3584 apparuit.
3035 3521 3138 3570 Aut
3185 3513 3320 3570 forte
3357 3513 3439 3570 sol
3479 3517 3548 3571 dc
3591 3519 3792 3571 mundo

2221 3585 2504 3652 migravit?
2534 3585 2636 3656 St-d
2666 3601 2761 3638 nec
2782 3587 2972 3639 cmlum
3015 3587 3166 3640 nobis
3216 3596 3462 3655 astraque
3486 3595 3742 3656 apparent
3770 3603 3788 3653 ;

2219 3663 2272 3708 et
2305 3665 2474 3726 tamen
2507 3655 2741 3707 infernus
2767 3656 2922 3708 lucet.
2953 3657 3244 3710 Defendcre
3263 3665 3444 3710 contra
3481 3655 3650 3726 ipsum
3697 3673 3792 3711 cu-

2220 3725 2444 3777 stodiam
2462 3729 2690 3778 carCeris
2704 3727 2865 3778 nostri
2882 3741 2984 3780 non
2999 3728 3252 3781 valemus.
3270 3727 3401 3781 Male
3421 3725 3727 3780 intravimus
3747 3727 3788 3790 ',

2219 3795 2393 3847 lumen
2413 3803 2612 3866 tantum
2641 3795 2988 3866 obtencbrare
3011 3797 3338 3866 nequivimus
3363 3813 3375 3849 :
3407 3799 3620 3865 insuper
3641 3806 3697 3851 et
3723 3797 3792 3852 de

2220 3874 2402 3918 nostro
2423 3865 2636 3920 interitu
2665 3865 3004 3920 formidamus
3030 3869 3070 3917 ¹¹.

2291 3935 2341 3988 5.
2383 3935 2588 4006 Tartari
2615 3937 2680 4006 ad
2705 3951 2850 4006 suum
2877 3937 3153 4006 principem
3180 3937 3501 4006 apostropha.
3535 3935 3682 3991 Unde
3707 3945 3792 3991 est

2221 4003 2320 4057 iste
2351 4015 2453 4058 tam
2483 4005 2808 4073 splendidus,
2842 4003 2945 4058 tam
2964 4003 3142 4075 fortis,
3179 4003 3282 4060 tam
3316 4003 3621 4075 prii-clarus,
3654 4015 3791 4059 tam-

2219 4089 2322 4142 que
2349 4070 2631 4130 terribilis?
2670 4070 3020 4148 Mundusiil‘le
3061 4070 3149 4148 qui
3191 4070 3346 4148 nobis
3371 4070 3615 4130 subditus
3657 4076 3786 4148 fuit,

2219 4158 2534 4214 semperque
2577 4147 2769 4199 nostris
2813 4147 2994 4200 usibus
3041 4145 3228 4200 niortis
3271 4147 3460 4200 tributa
3502 4145 3786 4212 persolvit,

2221 4229 2488 4283 nunquam
2529 4217 2680 4269 nobis
2719 4218 2876 4270 talem
2917 4217 3092 4276 misit,
3137 4233 3402 4285 nunquam
3443 4217 3563 4269 talia
3607 4215 3788 4268 inferis

2221 4299 2436 4356 mtmera
2468 4285 2767 4339 destinavit.
2799 4287 2928 4353 Quis
2957 4301 3083 4356 ergo
3113 4287 3216 4342 istc
3247 4297 3356 4349 est,
3388 4287 3476 4354 qui
3505 4287 3583 4339 sic
3619 4285 3786 4338 intre-

2224 4355 2373 4426 pidus
2405 4367 2612 4409 nostros
2653 4356 2784 4410 lines
2822 4355 3143 4426 ingreditur;
3178 4365 3230 4410 et
3257 4371 3362 4409 non
3393 4358 3564 4410 solum
3605 4365 3788 4410 nostra

2220 4425 2473 4492 supplicia
2517 4443 2620 4478 nou
2665 4425 2907 4492 veretur,
2943 4428 3158 4496 insuper
3198 4435 3252 4480 et
3287 4429 3421 4480 alios
3450 4427 3518 4480 de
3563 4426 3788 4480 vinculis

2221 4496 2414 4548 nostris
2441 4497 2697 4549 abstlltlt?
2739 4499 2817 4549 An
2861 4496 2996 4550 forte
3025 4499 3136 4566 ipse
3165 4507 3244 4551 est
3275 4497 3362 4550 illc
3398 4497 3464 4550 de
3491 4511 3596 4564 quo
3639 4497 3788 4564 prin-

2219 4579 2346 4633 ceps
2377 4574 2556 4618 noster
2583 4567 2738 4634 patilo
2775 4579 2896 4620 ante
2922 4569 3160 4632 dicebat,
3193 4567 3330 4636 quod
3363 4582 3458 4634 per
3486 4567 3599 4636 ejus
3641 4581 3788 4619 mor-

2221 4645 2356 4698 tem,
2387 4637 2544 4688 totius
2589 4637 2766 4688 mundi
2810 4638 3074 4706 acciperet
3099 4637 3448 4704 potestatem?
3481 4637 3584 4690 Sed
3614 4637 3658 4688 si
3691 4639 3790 4690 iste

2219 4715 2329 4770 est,
2363 4706 2414 4758 in
2443 4708 2763 4760 contrarium
2815 4717 2897 4761 est
2937 4709 3100 4760 nostri
3141 4707 3451 4776 praeliatoris
3481 4721 3632 4760 versa
3662 4721 3790 4759 sen-

2223 4776 2421 4829 tentia:
2469 4785 2522 4830 et
2563 4777 2686 4829 dum
2728 4779 2826 4830 sibi
2869 4778 3081 4831 vincere
3125 4779 3270 4830 visus
3316 4785 3415 4840 est,
3464 4778 3575 4845 ipse
3617 4777 3792 4845 potius

2221 4845 2390 4916 victus
2415 4855 2571 4914 atque
2605 4857 2894 4914 prostratus
2925 4859 3023 4900 est.
3055 4847 3098 4901 0
3132 4849 3376 4916 princeps
3403 4845 3792 4916 uoster,lticne

2218 4927 2298 4970 est
2329 4915 2416 4968 ille
2437 4917 2504 4971 de
2529 4921 2678 4984 cujus
2709 4917 2800 4970 tibi
2831 4933 3040 4986 semper
3071 4917 3242 4970 futura
3275 4915 3445 4970 morte
3469 4915 3792 4985 plaudebas‘!

2219 4989 2399 5054 ipsene
2429 4996 2508 5040 est
2531 4987 2582 5039 itt
2609 4987 2756 5056 cujus
2785 4985 3177 5041 cruceomnem
3203 4988 3451 5040 mundum
3481 4985 3575 5039 tibi
3603 4986 3791 5054 subju-

2215 5057 2444 5125 gandum
2467 5071 2584 5110 esse
2605 5058 2890 5111 credebas?
2914 5061 3093 5125 ipsene
3116 5067 3194 5110 est
3224 5059 3272 5109 in
3301 5057 3450 5125 cujus
3469 5057 3612 5110 exitu
3639 5056 3792 5108 nobis

2219 5138 2358 5180 tanta
2389 5129 2552 5198 spolia
2585 5127 2966 5198 promittebas?
2991 5127 3238 5198 Quidrest
3263 5128 3402 5194 quod
3432 5127 3626 5198 egisti?
3655 5125 3791 5198 Quid

2216 5207 2297 5250 est
2321 5195 2460 5266 quod
2493 5195 2667 5250 facere
2693 5199 2901 5250 voluisti
2923 5197 2946 5248 ?
2971 5199 3106 5250 Ecce
3127 5197 3235 5264 jam
3265 5206 3401 5250 totas
3426 5195 3516 5249 tibi
3545 5197 3793 5266 tenebras

2215 5283 2311 5322 suo
2332 5263 2612 5337 splendore
2639 5269 2851 5336 fugavit,
2886 5277 2940 5322 et
2965 5263 3151 5321 omnes
3183 5278 3301 5321 tuos
3329 5279 3570 5321 carceres
3599 5263 3791 5335 fregit,

2276 5425 2290 5453 ι
2319 5421 2446 5490 .q-ud
2472 5421 2756 5490 e‘iisebium,
2776 5418 2960 5490 nigrai
2987 5433 3148 5470 sumus
3169 5433 3186 5480 ;
3215 5429 3265 5469 et
3282 5421 3350 5468 sic
3375 5418 3496 5468 forte
3518 5411 3794 5479 corrigendi

2211 5493 2314 5533 Mss.
2345 5485 2610 5544 inquibus,
2638 5485 3002 5532 intretisumus.
3100 5543 3103 5544 ν
3146 5543 3151 5544 ί
3475 5540 3486 5544 _
3533 5535 3544 5544 _

2274 5548 2292 5576 ³
2315 5547 2393 5592 ttic
2416 5540 2464 5592 in
2505 5547 2695 5592 excusis
2717 5543 2893 5593 desiuit
2917 5543 3109 5592 Eusebii
3143 5541 3336 5590 bomilia
3362 5555 3372 5590 :
3401 5540 3486 5590 sed
3531 5540 3582 5587 in
3621 5550 3792 5590 manu-

2208 5609 2323 5672 scrij
2339 5608 2398 5672 tis
2424 5609 2598 5654 uestris
2615 5617 2818 5672 quorum
2835 5619 2959 5653 unus
2983 5605 3170 5672 Eusebii
3196 5615 3372 5652 [tamen
3397 5603 3620 5672 prteiert,
3645 5602 3788 5672 longe

2208 5661 2434 5728 [irisI-Hii)!“
2461 5677 2566 5722 (si,
2619 5661 2669 5714 ιῖι
2706 5668 2965 5728 plerasque
2991 5667 3206 5715 continet
3249 5661 3522 5714 sententias
3560 5675 3674 5724 quae
3713 5661 3794 5712 lic

2205 5728 2393 5789 deinec;
2411 5742 2434 5775 s
2462 5741 2781 5790 ωηιουωιιωκ
