3996 6474
546 365 681 423 2079

553 487 734 554 guatio
784 485 964 540 divina
1003 481 1264 554 cessabit,
1297 477 1586 554 secundum
1611 475 1770 554 illam
1811 469 2112 554 promissio-

547 543 666 608 ac...
701 556 906 611 Domini
935 564 988 608 et
1011 543 1298 608 Salvator-is
1326 567 1338 601 :
1367 548 1448 612 Si,
1481 546 1672 616 inquit,
1704 543 1988 616 dinriseritis
2017 543 2110 594 ho-

547 626 764 679 minibus
819 633 1020 692 peccata
1065 619 1497 692 eorum,_din_tittet
1526 613 1747 692 etnobis
1781 613 1935 666 Pater
1957 621 2112 665 vester

543 697 754 748 celestis
779 687 980 762 peccata
1006 700 1167 745 vestra
1197 689 1426 762 (Matth:
1436 703 1521 762 _vi_,_
1543 687 1652 749 Η).

619 763 670 818 5.
714 752 942 816 Ecclesia
983 752 1366 830 frequentanda.
1407 757 1590 811 Nullus
1627 754 1725 808 sibi
1753 753 1819 807 de
1855 752 2110 830 industria

545 835 752 902 aliquas
781 821 1157 902 occupationes
1187 830 1560 902 inquirat,_per
1585 839 1713 894 quas
1746 837 1804 877 se
1843 823 1910 876 de
1939 821 2110 875 eccle-

547 897 932 956 sim'conventu
963 900 1240 954 subducat.
1266 897 1405 952 Sine
1434 897 1594 950 dubio
1621 903 1954 963 peccatorum
1989 907 2112 944 suo-

545 987 660 1025 rum
708 973 924 1025 vulnera
965 970 1155 1040 diligit,
1205 969 1291 1040 qui
1341 970 1392 1040 in
1441 967 1554 1040 istis
1595 962 1758 1018 tribus
1803 962 1990 1040 diebus
2025 963 2108 1040 je-

542 1041 800 1108 juuando,
819 1032 1091 1094 orandoe't
1117 1032 1391 1106 psal'lendo
1421 1036 1798 1108 medicamenta
1830 1033 1930 1108 sibi
1959 1032 2112 1108 spiri-

549 1101 706 1164 iualia
753 1101 855 1164 non
889 1101 1132 1178 requirit:
1163 1108 1461 1172 Ahundant,
1504 1115 1559 1178 et
1590 1105 1804 1178 nimium
1845 1101 2112 1156 abundant

549 1182 908 1250 negligentiae,
927 1175 1058 1248 quas
1080 1193 1187 1250 per
1203 1177 1528 1250 tottnnanni
1547 1175 1778 1250 spatium
1819 1186 2110 1250 congrega-

548 1241 719 1304 vitiius
747 1270 758 1304 :
785 1259 838 1303 et
865 1241 985 1303 ideo
1011 1241 1172 1302 vel-in
1202 1247 1314 1300 istis
1336 1247 1501 1299 tribus
1530 1245 1733 1300 diebus.
1763 1242 1900 1312 quod
1939 1241 2002 1293 ad
2032 1241 2112 1294 ni-

548 1329 716 1374 torem
750 1321 828 1372 vel
881 1317 1240 1387 purgationem
1289 1317 1477 1368 anima:
1519 1316 1761 1382 pertinet.
1797 1327 1963 1387 agere
1997 1321 2106 1363 stu-

545 1391 786 1444 deainus.
815 1380 1104 1443 Nolite'vos
1124 1387 1190 1440 de
1216 1387 1452 1440 ecclesiae
1481 1380 1738 1437 eoiweutn
1767 1380 2107 1443 subtrahere;

545 1462 666 1526 quia
699 1475 802 1513 non
845 1470 948 1510 tam
979 1457 1136 1524 longo
1166 1456 1336 1526 spatio
1374 1453 1682 1526 fatigamur,
1731 1463 1786 1502 ut
1817 1451 1915 1526 hoc
1953 1451 2113 1526 susti-

549 1519 678 1582 nere
723 1545 828 1582 non
858 1519 1142 1580 valeamus.
1195 1519 1342 1579 Sicut
1372 1519 1558 1591 qui'in
1599 1525 1712 1575 istis
1752 1536 1844 1574 sex
1877 1519 2019 1571 horis
2044 1519 2111 1573 de

549 1607 814 1653 conventu
841 1597 1080 1651 ecclesia:
1117 1610 1220 1648 non
1247 1593 1492 1648 subducit
1539 1609 1615 1653 se,
1663 1605 1908 1658 magnum
1949 1604 2112 1642 reme-

549 1669 696 1722 dium
737 1668 925 1720 anima:
952 1680 1062 1719 suae
1093 1666 1328 1718 noscitur
1358 1663 1632 1730 providere
1658 1679 1669 1713 :
1701 1661 1766 1712 ita
1790 1675 1818 1710 e
1843 1660 2110 1730 contrario

549 1739 638 1806 qui
668 1749 756 1790 aut
797 1753 889 1806 per
917 1735 1272 1806 cupiditatem,
1307 1729 1397 1806 aut
1429 1747 1524 1799 pro
1551 1732 1651 1806 alia
1679 1729 2113 1806 qualibet_ntin_us_

551 1797 847 1861 necessaria
888 1797 1234 1872 occupatione
1273 1797 1477 1872 adesse
1505 1802 1800 1872 induerint,
1844 1798 1965 1851 inde
2013 1797 2110 1872 sibi

549 1877 747 1930 faciunt
771 1875 1001 1930 crudelia
1025 1867 1262 1934 vulnera.
1295 1871 1436 1925 unde
1468 1871 1660 1923 habere
1685 1877 1927 1938 poterant
1949 1867 2110 1920 medi-

550 1956 790 2001 camenta
818 1945 1077 2007 salubria;
1103 1953 1153 1996 et
1179 1943 1300 1996 inde
1327 1957 1384 1994 se
1413 1950 1652 2010 gravanl,
1679 1939 1815 2010 unde
1837 1938 2111 2010 sublevare

552 2025 847 2085 potuerant.
894 2014 997 2069 Sed
1027 2005 1296 2085 credode
1343 2005 1438 2064 Dei
1475 2007 1831 2085 misericordia
1856 2005 1998 2085 quod
2043 2007 2112 2058 ita

551 2077 703 2140 vobis
728 2087 984 2154 inspirare
1012 2083 1329 2154 dignabitur,
1363 2089 1561 2154 ut_nOn
1591 2077 1956 2154 negligentiam
1989 2090 2113 2143 ρηο-

551 2147 1138 2222 calorum-acquirere,
1171 2151 1264 2205 sed
1311 2150 1476 2222 magis
1523 2164 1615 2222 per
1653 2147 2113 2222 eompunctionem

546 2224 858 2292 jejunando,
875 2215 1094 2284 orando,
1114 2215 1476 2292 j’isalleudo,'et
1493 2215 1862 2292 el‘eemosyuas
1877 2215 2116 2269 faciendo

553 2288 618 2347 ad
674 2294 964 2348 remedium
1007 2288 1235 2361 possitis
1267 2288 1601 2361 indulgentia:
1653 2288 1958 2361 pervenire;
1993 2301 2119 2352 βιίυ-

552 2374 725 2417 stante
751 2363 975 2416 Domino
1003 2355 1182 2415 nostro
1211 2359 1336 2414 Jesu
1375 2357 1606 2424 Christo,
1637 2355 1720 2411 cui
1760 2366 1840 2410 est
1867 2355 2038 2410 honor
2066 2363 2119 2408 et

551 2434 715 2504 gloria
735 2435 785 2487 in
808 2432 997 2487 saecula
1031 2431 1364 2484 smeulorum.
1397 2431 1587 2482 Amen.

1019 2520 1247 2574 SERMU
1285 2518 1514 2573 CLXXV
1547 2519 1642 2588 (a).

1094 2620 1162 2662 De
1185 2612 1376 2662 Letania
1399 2610 1489 2672 (b),
1513 2625 1579 2658 ιιι.

625 2699 675 2752 1.
715 2695 1060 2766 Jejunandnm
1089 2695 1362 2766 prtesertim
1404 2709 1434 2744 a
1467 2692 1650 2766 -υἰιὶξδ,Δ
1675 2689 1936 2766 Quoniam
1977 2687 2118 2766 jeju-

555 2757 1016 2832 niorum'tempus
1053 2757 1155 2830 est,
1207 2764 1394 2816 fratres
1433 2761 1748 2832 charissimi,
1810 2759 1875 2813 de
1919 2757 2121 2832 jejunio

557 2853 678 2895 cum
731 2829 1020 2889 Sanctitate
1079 2844 1254 2887 vestra
1309 2831 1638 2886 tractandum
1679 2837 1793 2893 est;
1843 2839 1898 2880 ιιι
1945 2829 2122 2881 sciatis

556 2905 1001 2984 quemadmodum
1024 2903 1291 2984 jejunetis.
1314 2901 1678 2984 Jejuniauenim
1701 2898 2119 2984 Christianorum

559 2968 903 3041 spiritualiter
933 2968 1125 3044 potius,
1150 2968 1622 3044 quamcarnaliter
1649 2968 1943 3044 exercenda
1976 2975 2119 3044 sunt.

557 3036 710 3101 Unde
736 3061 765 3098 a
793 3036 1022 3114 peccatis
1058 3036 1414 3114 principaliter
1436 3041 1769 3114 j_cjune_mus_;
1815 3053 1881 3092 ne
1922 3036 2120 3105 jejunia

559 3124 759 3179 nostra,
796 3109 930 3166 sicut
969 3109 1270 3166 Judmorum
1296 3111 1515 3178 jejunia,
1547 3125 1574 3160 a
1611 3109 1834 3179 Domino
1871 3121 2124 3179 respuan-

559 3193 664 3236 tur.
696 3175 860 3249 Quale
886 3191 968 3235 est
993 3183 1132 3234 enim
1161 3191 1263 3232 uta
1292 3175 1422 3232 eihis
1457 3191 1589 3245 quos
1625 3178 1877 3230 Dominus
1901 3175 2120 3241 creavit,

559 3253 741 3307 nescio
769 3251 887 3318 quis
941 3252 1198 3318 impostor
1227 3249 1522 3308 abstineat;
1563 3256 1617 3299 et.
1665 3255 1998 3318 peccatorum
2027 3260 2118 3318 sa-

597 3323 679 3374 ina
725 3313 1066 3389 pinguescat?
1114 3317 1232 3372 Non
1275 3319 1375 3389 tale
1409 3313 1675 3389 jejunium
1701 3333 1791 3389 ego
1829 3315 1973 3384 elegi,
2003 3313 2122 3389 dicit

597 3337 679 3374 tua
725 3337 1065 3389 pltigut-scatt
1114 3337 1232 3372 non
1275 3337 1375 3371 tute
1409 3337 1656 3386 jejunium
1701 3337 1791 3385 ego
1829 3337 1973 3384 etegt,
2003 3337 2122 3368 arcu

558 3337 827 3443 §)ominus.
858 3388 996 3441 Nam
1035 3389 1077 3442 si
1104 3390 1297 3456 ﬂectas,
1328 3387 1513 3455 inquit,
1545 3401 1597 3456 ut
1624 3387 1864 3439 circulum
1887 3385 2123 3439 cervicem

563 3472 718 3524 tuam,
743 3461 960 3513 cilicium
989 3455 1154 3511 autem
1175 3469 1219 3512 et
1245 3459 1458 3510 cinerem
1479 3455 1796 3524 substet-nas;
1823 3472 1910 3506 nec
1933 3456 2004 3508 sic
2032 3472 2121 3510 vo-

557 3523 912 3600 cabo,inquit,
937 3529 1192 3600 jejunium
1221 3523 1630 3600 acceptuni._Sed
1659 3527 1823 3600 quid?
1845 3525 2014 3600 Solae,
2039 3527 2122 3580 iti-

555 3615 588 3668 q
597 3601 689 3661 uit,
703 3595 897 3653 omnem
910 3595 1097 3652 nodum
1109 3598 1398 3666 iniquitatis,
1416 3608 1460 3650 et
1471 3596 1844 3650 obstinationem
1856 3595 2122 3650 malorum.

563 3671 768 3722 Dimitte
798 3670 998 3740 afﬂictos
1024 3670 1072 3740 in
1101 3669 1337 3736 requiem,
1368 3677 1412 3720 et
1447 3683 1638 3740 omnem
1664 3668 2122 3740 iniqnaiit_conven-

559 3741 744 3793 tionem
777 3736 986 3810 dissipa.
1037 3739 1226 3792 Parum
1272 3749 1353 3792 est
1397 3738 1536 3810 enim
1563 3737 1816 3810 jejunium
1859 3736 2126 3810 abstinere

560 3807 925 3862 tantummodo
987 3825 1016 3862 a
1075 3811 1344 3877 peccatis,
1403 3808 1503 3861 nisi
1545 3808 1800 3861 addamus
1861 3815 1915 3860 et
1963 3807 2119 3859 bona.

569 3877 788 3949 Frange,
821 3879 1012 3949 inquit,
1043 3880 1276 3931 esurienti
1313 3895 1489 3949 panem
1531 3887 1698 3949 tuum,
1723 3887 1767 3930 et
1799 3893 1977 3949 egenos
2019 3877 2128 3949 sine

561 3959 687 4000 tecto
712 3947 977 4000 'induc’in
1017 3949 1218 4000 domum
1247 3959 1401 4000 tuam.
1449 3947 1508 4001 Si
1548 3948 1728 4000 videris
1767 3947 1977 4006 nudum,
2006 3947 2126 3999 vesti

561 4034 674 4069 eum
703 4016 866 4088 (Isai.
897 4033 1052 4084 Lvttl,
1088 4019 1217 4086 57).
1255 4019 1416 4088 lforro
1457 4026 1632 4088 autem
1674 4015 1890 4088 jejuniis
1933 4017 2127 4088 nostris

561 4085 720 4140 etiam
745 4087 868 4140 illud
894 4095 1101 4154 oportet
1125 4085 1398 4152 accedere,
1442 4085 1580 4154 quod
1607 4087 1855 4140 Dominus
1883 4087 1930 4139 in
1955 4085 2126 4138 Evan-

560 4157 973 4226 gt-liOpraecepit
1001 4175 1012 4210 :
1043 4157 1166 4228 Cum
1187 4159 1453 4228 jejunatis,
1487 4157 1673 4228 inquit,
1702 4157 1854 4228 nol'te
1879 4155 2008 4222 ﬁeri,
2029 4157 2128 4207 sic-

566 4235 621 4278 ut
667 4228 959 4296 hypocritar,
989 4227 1149 4280 tristes
1171 4227 1539 4288 ;'e.rterminant
1569 4227 1698 4278 enim
1720 4227 1872 4294 [acies
1905 4241 2042 4291 suas,
2073 4234 2126 4277 ut

564 4307 772 4364 pareant
821 4298 1100 4350 hominibus
1119 4299 1405 4365 jejunantes
1437 4312 1454 4348 :
1488 4311 1630 4348 amen
1661 4296 1770 4347 dico
1799 4296 1954 4356 vobis,
1989 4311 2128 4348 rere-

563 4377 740 4434 perunt
769 4367 1042 4419 mercedem
1077 4383 1239 4420 suum.
1277 4366 1371 4419 Vos
1414 4375 1576 4419 autem
1603 4383 1716 4417 cum
1736 4365 2000 4434 jejunatis,
2029 4381 2126 4417 un-

563 4436 662 4504 gite
687 4438 854 4504 capita
881 4445 1060 4500 uestra,
1093 4453 1155 4488 ne
1183 4438 1400 4504 parcatis
1418 4436 1700 4488 hominibus
1719 4437 2010 4504 jejunantes
2037 4450 2054 4486 :
2083 4443 2129 4487 et

566 4503 722 4558 Pater
749 4503 904 4560 uester
929 4507 1016 4571 qui
1039 4503 1249 4558 videtin
1279 4507 1490 4570 occulto,
1521 4505 1692 4557 reddet
1721 4503 1854 4557 nobis
1879 4504 1928 4556 in
1960 4505 2128 4569 palam

565 4574 774 4642 (Matth.
802 4592 872 4636 Vl,
903 4574 1104 4646 16-18).
1132 4575 1326 4641 Quare,
1356 4575 1576 4646 fratres,
1602 4574 1840 4644 pervidet
1868 4575 2128 4646 Sanctitas

565 4656 758 4708 veStra,
791 4646 944 4699 aliter
964 4643 1162 4711 jejunia
1195 4645 1457 4714 accepturi
1499 4643 1798 4714 nonposse,
1827 4643 1927 4698 nisi
1957 4644 2124 4698 conti-

559 4717 694 4784 gerit
728 4715 963 4785 legaliter
987 4716 1246 4782 jejunare.

629 4785 690 4838 2.-
723 4783 984 4854 Jejuniuin
1006 4790 1112 4840 sine
1131 4787 1392 4838 sanctitate
1422 4785 1523 4838 Deo
1540 4786 1806 4856 ingratum.
1828 4783 2126 4856 Secundum

561 4856 797 4926 Apostoli
829 4856 1048 4923 dictum,
1082 4856 1307 4924 Fratres,
1336 4873 1414 4908 me
1440 4854 1640 4926 quidem
1661 4855 1769 4906 ha'c
1797 4856 1968 4926 eadem
1986 4854 2128 4926 nobis

559 4925 725 4998 dicere
777 4943 877 4998 non
909 4927 1063 4998 piget,
1111 4927 1245 4980 vobis
1298 4924 1464 4998 autem
1517 4924 2122 4998 tutissimunr(Philipp.

560 4993 738 5064 nul).
778 4995 880 5048 Sed
909 4993 1241 5051 et'DOminus
1269 4999 1319 5049 in
1351 4997 1652 5064 Evangelio,
1695 4993 1890 5058 Omnis,
1937 4995 2122 5062 inquit,

561 5063 722 5136 scriba
742 5064 921 5136 doctus
947 5067 998 5120 in
1028 5083 1181 5136 regno
1207 5068 1462 5128 calorum,
1497 5063 1672 5118 similis
1716 5074 1788 5118 est
1817 5065 2005 5116 homini
2031 5080 2125 5136 paf

561 5134 870 5203 trifamilias,
891 5138 975 5204 qui
994 5134 1182 5206 profert
1211 5137 1272 5190 de
1305 5137 1537 5189 thesauro
1569 5151 1659 5188 suo
1690 5149 1816 5188 nova
1853 5144 1899 5186 et
1923 5144 2084 5186 vetera
2107 5135 2122 5164 ¹

623 5269 654 5340 ’λ
666 5268 738 5318 sic
766 5274 838 5340 Fzr.
865 5268 1012 5340 Lugd.
1037 5278 1154 5340 ven.
1179 5278 1286 5320 Iov.
1309 5271 1380 5318 Sic
1399 5271 1542 5318 etiam
1565 5282 1776 5340 graecum
1815 5275 1875 5340 e_t_
1907 5269 2118 5333 Vulgata.

555 5329 607 5379 In
632 5337 697 5392 3.,
717 5329 798 5392 qni
821 5330 1001 5392 profert
1024 5333 1084 5380 de
1103 5330 1272 5381 horreo
1294 5345 1377 5380 suo
1394 5345 1510 5380 nova
1531 5329 1587 5381 et
1601 5339 1772 5380 vetera.
1838 5337 1894 5378 Μ.

621 5390 692 5454 (a)
720 5390 856 5450 Alias,
879 5390 944 5440 de
965 5399 1200 5454 (tempore
1227 5393 1326 5441 172.

619 5451 692 5516 (ὁ)
715 5461 760 5502 tn
787 5453 1058 5516 Appendice
1083 5451 1209 5503 nunc
1229 5457 1426 5515 primum
1450 5454 1847 5516 collocaturJii-at
1869 5457 2122 5502 Lovanien-

560 5515 679 5563 tium
715 5516 893 5577 judicio
927 5515 1119 5574 dubius,
1155 5517 1329 5564 \‘erlini
1362 5525 1524 5565 autem
1549 5523 1601 5565 et
1636 5515 1850 5577 \‘indiugi
1877 5525 2050 5564 semen
2077 5520 2117 5564 ia

558 5587 752 5638 propter
775 5577 870 5629 stili
908 5579 1153 5637 duritiem,
1176 5581 1517 5638 sumosititius.
1544 5578 1718 5638 .tejunii
1743 5586 1960 5639 tempore.
1987 5579 2120 5627 Ital-i-

557 5649 656 5702 tum
682 5652 792 5689 esse
817 5640 986 5702 liquet,
1011 5641 1097 5690 sed
1121 5653 1180 5690 an
1207 5653 1267 5688 eo
1289 5640 1414 5700 quod
1442 5651 1566 5702 nunc
1611 5642 1917 5697 ttogationum
1953 5643 2120 5701 θςιιισι-

559 5699 696 5754 lamr.
725 5699 958 5752 incertum
984 5711 1088 5752 est:
1117 5699 1319 5752 tametsi
1351 5713 1509 5752 sermo
1533 5699 1685 5748 locum
1707 5704 1754 5748 ia
1781 5704 1919 5752 inlitis
1945 5712 1988 5749 et
2018 5699 2114 5750 intl—

559 5763 808 5819 Duserintis
833 5766 1042 5816 obtineat
1067 5775 1181 5816 ante
1206 5765 1377 5815 festum
1398 5763 1711 5814 ascensionis.

1987 349 2350 406 APl'ENllX.

3659 359 3825 418 2080

2221 470 2431 536 (Matth.
2467 489 2578 534 xui,
2603 473 2712 540 5:2).
2749 471 2815 524 llt
2839 487 2965 542 ergo
2993 472 3124 542 sciat
3153 471 3416 542 Sanctitas
3445 481 3650 538 vestra,
3683 473 3804 528 frao

2221 551 2347 602 tres,
2383 557 2485 594 non
2513 545 2681 595 solum
2710 559 2742 595 ιι
2769 557 2842 594 .va
2864 541 3082 595 dicenda
3121 551 3266 604 sunt,
3289 541 3380 596 sed
3411 553 3467 596 et
3496 551 3676 597 vetera
3709 560 3808 598 re-

2220 612 2462 681 petenda.
2497 611 2742 680 Legimus
2766 611 3018 681 Spiritum
3048 622 3286 666 sanctum
3321 627 3416 680 per
3445 610 3632 666 Isaiam
3669 630 3812 681 pro-

2222 680 2430 746 phetaiu
2461 681 2634 734 taliter
2669 680 3004 748 imperfectos
3037 681 3397 749 increpantem
3432 698 3446 732 :
3480 680 3812 738 Nectitenias

2221 761 2405 819 uestras
2432 760 2478 804 et
2501 750 2759 804 sabbatum
2785 760 2830 802 et
2857 751 2986 803 diem
3009 767 3244 819 magnum
3269 767 3370 804 non
3396 749 3636 817 sustineo,
3674 755 3816 806 dicit

2221 818 2464 891 Dominus
2491 821 2640 890 (lsai.
2683 836 2718 880 ι.
2751 819 2860 891 15).
2893 818 3158 891 Jejunimn
3189 830 3272 874 est
3301 821 3440 888 quod
3479 821 3668 891 probat
3701 825 3810 876 Al-

2220 889 2472 950 tissimus.
2502 889 2607 944 non
2631 891 2802 943 solum
2821 889 3132 944 intermissa
3158 891 3397 957 corporis
3425 889 3672 956 refectio,
3709 908 3810 946 ve-

2219 974 2332 1012 rum
2361 961 2519 1014 etiam
2547 977 2575 1012 a
2607 960 2758 1012 malis
2784 959 2984 1012 actibus
3011 958 3144 1011 facta
3161 958 3434 1013 discessio.
3459 959 3637 1028 itaque
3665 975 3810 1018 cura

2220 1043 2286 1082 ne
2325 1045 2475 1082 tuens
2503 1039 2586 1082 tua
2628 1039 2875 1098 gravetur
2911 1043 3162 1098 oppressa
3195 1028 3446 1096 peccatis,
3476 1044 3648 1097 neque
3676 1031 3804 1084 ani-

2219 1114 2337 1151 mus
2367 1110 2483 1151 tuus
2516 1097 2760 1152 vitiorum
2786 1098 3051 1151 ilicet-bris
3076 1097 3394 1162 delectetur;
3424 1107 3476 1152 et
3497 1099 3654 1168 digna
3679 1099 3808 1155 Deo

2218 1169 2492 1222 (οκδυΙιὶ-ηιὶ
2526 1168 2745 1236 jejunia.
2782 1169 3044 1221 Cieternm
3085 1168 3126 1219 si
3173 1182 3364 1236 corpus
3410 1177 3552 1221 tuum
3589 1169 3800 1236 jejunia

2217 1237 2368 1306 longa
2401 1238 2842 1306 (τιιιιειιιιιρμοι-ἰηι,
2885 1249 3045 1305 atque
3099 1237 3172 1289 illi
3219 1238 3544 1291 subtraxeris
3573 1239 3798 1304 cibum;

2217 1321 2334 1378 cuiu
2377 1325 2477 1359 non
2508 1307 2744 1361 detrahis
2769 1308 2889 1360 vitia
2921 1308 2970 1359 in
3014 1307 3168 1378 malis
3215 1321 3590 1378 perseverans,
3619 1311 3805 1378 magis

2219 1375 2403 1447 horres
2433 1393 2590 1446 quam
2635 1378 2842 1442 placeas
2876 1378 3003 1447 Deo.
3029 1375 3186 1447 ATunc
3223 1385 3379 1430 erunt
3421 1377 3532 1431 Deo
3571 1375 3804 1447 accepta

2213 1445 2427 1516 jejunio,
2456 1445 2500 1498 si
2527 1448 2774 1516 operibus
2801 1446 2994 1516 sanctis
3021 1445 3178 1498 fuerit
3203 1449 3408 1514 expiata
3439 1445 3796 1504 conscientia.

2217 1515 2472 1585 (ἶιιι-υιιὶιιι
2495 1515 2684 1584 corpus
2701 1516 2838 1568 fante
2853 1515 3161 1576 discrucias,
3177 1518 3259 1568 cui
3283 1517 3502 1582 turpiter
3522 1518 3804 1585 peccando

2221 1584 2469 1638 blandiris
2493 1587 2514 1637 'l
2539 1585 2904 1653 l’rincipaliter
2925 1600 3049 1652 ergo
3073 1586 3280 1638 animus
3303 1585 3507 1654 jejuuet
3527 1584 3568 1639 'a
3601 1589 3796 1650 malis;

2218 1663 2266 1706 et
2295 1655 2370 1705 sic
2398 1670 2590 1722 eoi-pus
2612 1655 2796 1708 subeat
2823 1654 3115 1708 exercenda
3150 1655 3368 1722 jejunia.
3405 1655 3536 1708 Nam
3578 1671 3698 1710 cum
3723 1659 3802 1714 sit

2212 1722 2467 1790 jejunium
2497 1724 2684 1776 animm
2709 1724 3019 1794 humiliatio,
3062 1726 3218 1792 quale
3244 1734 3324 1776 est
3351 1725 3614 1779 humiliari
3643 1729 3795 1794 cibo,

2217 1803 2266 1843 et
2289 1795 2464 1860 augeri
2497 1795 2747 1862 peccato?
2777 1793 2874 1858 Qui
2915 1793 3068 1860 igitur
3096 1794 3301 1862 corpori
3339 1809 3436 1846 suo
3465 1795 3658 1863 jejunia
3687 1793 3796 1851 de?

2219 1873 2371 1916 vetus
2404 1863 2602 1924 indicit,
2632 1863 2992 1932 principaliter
3019 1865 3283 1916 renuntiet
3323 1865 3492 1928 vitiis,
3517 1866 3792 1931 cupidita-

2220 1941 2326 1984 tum
2358 1931 2564 1986 l'oniites
2608 1931 2941 2000 comprimat,
2973 1931 3176 2000 frangat.
3217 1933 3441 2000 impetus
3479 1935 3687 1998 tuentis,
3725 1936 3796 1988 li-

2221 2002 2422 2072 bidiues
2477 2003 2670 2066 vincat,
2702 2001 2843 2056 faces
2896 2001 3142 2072 avaritia
3176 2002 3410 2055 ardentis
3461 2004 3790 2072 exstinguat.

2221 2071 2477 2138 latiusque
2535 2074 2684 2126 lactis
2729 2074 2832 2124 vim
2880 2071 3178 2124 dilectionis
3219 2072 3484 2136 extendat,
3535 2071 3690 2141 atque
3737 2075 3794 2126 in

2217 2141 2464 2220 alimenta
2497 2157 2785 2211 pauperum
2825 2142 3030 2210 abrupti
3056 2151 3337 2210 apparatus
3377 2143 3640 2210 impendia
3679 2144 3794 2196 lar-

2254 2223 2405 2263 Iailll‘.

2254 2226 2405 2263 tatur.

2217 2226 2250 2280 Β
2291 2283 2342 2334 5.
2371 2283 2478 2335 Nec
2511 2279 2668 2334 Deum
2696 2291 2852 2334 movet
2878 2281 2944 2332 ad
2970 2294 3080 2334 vota
3109 2280 3443 2348 impetranda.
3479 2280 3603 2344 Qua:
3622 2291 3796 2335 autem

2221 2350 2369 2417 facile
2399 2353 2678 2419 impetrent.
2698 2350 2883 2405 Omnia
2911 2365 3038 2420 ergo
3063 2351 3300 2418 corporis
3329 2349 3552 2404 nefanda
3577 2362 3798 2419 peccata

2221 2421 2383 2474 animi
2425 2422 2616 2474 virtute
2648 2422 2948 2482 calcentur;
2981 2427 3039 2472 ut
3063 2427 3116 2473 et
3151 2421 3323 2472 anima
3359 2421 3639 2474 sanctitate
3663 2435 3800 2476 cor-

2226 2491 2365 2556 poris
2392 2491 2688 2559 adjuvetur.
2723 2490 2870 2542 Tunc
2891 2489 3030 2541 enim
3060 2497 3114 2559 et
3143 2489 3410 2559 impetrari
3437 2491 3626 2556 poterit
3647 2491 3798 2556 quod

2222 2557 2467 2626 aptatur,
2489 2560 2532 2611 si
2558 2572 2750 2626 corpus
2775 2567 2978 2611 castum
2999 2557 3560 2626 animusquedevotus
3585 2559 3650 2612 ad
3673 2559 3804 2614 ofﬁ-

2223 2625 2302 2681 cia
2331 2628 2619 2682 sanctitatis
2647 2625 2907 2695 implenda
2941 2641 3033 2692 per
3064 2640 3242 2678 curam
3284 2625 3672 2680 observationis
3709 2629 3802 2683 in-

2223 2698 2396 2751 cedat.
2421 2698 2545 2752 Ηωο
2573 2707 2694 2750 sunt
2719 2711 2836 2765 qua:
2877 2695 3108 2749 divinam
3139 2703 3474 2765 commovent
3507 2698 3796 2762 pietatem,

2223 2783 2341 2835 quae
2370 2768 2436 2822 ad
2485 2764 2866 2835 impetrandam
2908 2765 3150 2832 precibus
3193 2764 3524 2835 sanctitatem
3573 2779 3807 2834 semper

2224 2833 2420 2890 aditum
2458 2833 2673 2889 faciunt.
2701 2837 2963 2889 Cat-terum
3002 2835 3044 2886 si
3076 2844 3232 2901 caput
3269 2833 3595 2904 substernas,
3626 2833 3800 2904 anque

2224 2906 2430 2960 cineres
2457 2906 2684 2972 desuper
2717 2918 2951 2972 Spargas,
2979 2904 3022 2956 si
3047 2903 3272 2971 denique
3292 2903 3484 2972 collum
3514 2913 3658 2972 tuum
3695 2920 3798 2961 ve—

2225 2975 2300 3028 lut
2344 2971 2602 3030 circulum,
2627 2971 2892 3044 torqueas,
2916 2983 3076 3044 atque
3111 2971 3176 3026 ad
3201 2971 3521 3044 exorandam
3551 2971 3798 3044 clemen-

2225 3045 2350 3099 tiam
2383 3045 2476 3100 Dei
2506 3045 2680 3115 largos
2699 3041 3133 3115 ﬂ'etuseﬂ'undas,
3168 3041 3295 3115 nihil
3326 3041 3586 3115 proficies.
3625 3041 3794 3097 Com-

2223 3129 2440 3170 movere
2498 3112 2638 3170 enim
2687 3114 2916 3166 divinam
2964 3128 3066 3165 non
3127 3112 3324 3182 puteris
3374 3112 3660 3182 pietatem,
3696 3115 3796 3182 qui

2224 3185 2363 3238 circa
2396 3186 2668 3254 proximos
2699 3181 3390 3254 tuos_peglcsistidebitam
3419 3181 3737 3254 charitatem
3777 3201 3792 3237 :

2225 3250 2474 3323 scriptum
2501 3264 2582 3307 est
2620 3254 2782 3316 enim,
2814 3250 2932 3304 Non
2963 3253 3061 3305 tale
3077 3252 3334 3323 jejunium
3371 3251 3632 3323 egogelegi,
3664 3252 3796 3306 dicit

2224 3319 2488 3379 Dominus.
2523 3324 2658 3376 Nam
2686 3323 2727 3375 si
2754 3323 2927 3391 ﬂectas
2967 3330 3022 3374 ut
3067 3319 3312 3374 circulum
3349 3319 3582 3373 cervicem
3625 3329 3792 3391 tuam,

2225 3394 2442 3447 cilicium
2491 3404 2654 3446 autem
2696 3401 2738 3443 et
2757 3390 2977 3443 cinerem
3023 3391 3338 3454 substernas;
3367 3406 3456 3442 nec
3482 3391 3554 3442 sic
3581 3390 3791 3458 vocabo,

2226 3461 2411 3534 inquit,
2441 3465 3013 3534 jejiminm‘acceptum.
3059 3459 3163 3534 Sed
3192 3460 3336 3534 solve
3353 3476 3558 3534 omnem
3601 3460 3796 3513 nodum

2223 3529 2505 3602 iniquitatis
2525 3543 2570 3588 et
2597 3529 2975 3602 obstinationem
2999 3531 3264 3583 malorum.
3299 3529 3504 3602 Dimitte
3527 3541 3794 3602 quassatos

2225 3601 2278 3673 in
2307 3598 2541 3673 requiem,
2584 3612 2631 3655 et
2675 3617 2870 3654 omnem
2903 3601 3128 3670 iniquam
3177 3601 3544 3673 conventionem
3573 3598 3792 3673 dissipa.

2228 3671 2430 3743 Frange
2457 3673 2689 3726 esurienti
2729 3687 2914 3743 panem»
2936 3680 3097 3743 tuum,
3125 3679 3174 3723 et
3213 3684 3391 3738 egenos
3419 3671 3526 3743 sine
3559 3677 3681 3721 tecta
3709 3671 3798 3722 in-

2227 3742 2326 3796 duc
2353 3739 2404 3796 in
2431 3745 2630 3796 domum
2663 3739 2834 3805 luant;
2873 3741 2915 3792 si
2943 3740 3125 3793 videris
3167 3743 3376 3801 nudum,
3409 3739 3526 3792 vesti
3563 3753 3696 3802 eum,
3745 3750 3796 3792 et

2228 3814 2520 3867 domesticos
2572 3811 2772 3865 seminis
2821 3811 2892 3863 tui
2949 3826 3012 3862 ne
3049 3809 3295 3877 despicias
3339 3824 3357 3862 :
3407 3818 3522 3861 tunc
3565 3819 3797 3876 erumpet

2230 3893 2602 3936 temooraneum
2632 3883 2797 3934 lumen
2827 3889 2966 3932 tuum
2996 3889 3040 3932 et
3061 3879 3344 3932 vestimenta
3379 3887 3464 3930 tua
3495 3879 3590 3929 cito
3623 3878 3800 3930 orien-

2229 3946 2366 4015 tur‘,
2409 3964 2453 4006 et
2493 3953 2683 4021 prteibit
2727 3960 2844 4002 ante
2883 3958 2929 4003 te
2958 3949 3160 4018 justitia
3204 3957 3326 4021 tua,_
3350 3956 3395 4000 et
3427 3947 3632 4021 claritas
3695 3946 3798 4001 Dei

2229 4015 2555 4076 circumdabit
2581 4031 2625 4074 te
2665 4037 2682 4074 :
2721 4031 2836 4072 tunc
2861 4015 3178 4084 exclamabis,
3215 4028 3262 4071 et
3287 4017 3421 4070 Deus
3450 4015 3678 4071 exaudiet
3703 4025 3795 4081 te;

2230 4093 2350 4144 dum
2373 4093 2537 4146 adhuc
2566 4091 2799 4159 loqueris,
2819 4090 2964 4153 dicet,
3001 4089 3130 4142 Ecce
3151 4085 3615 4159 adsum(ld.t.vut,
3647 4086 3792 4154 5-9).

2230 4162 2354 4215 litae
2381 4173 2502 4214 sunt
2521 4155 2659 4215 enim
2689 4160 2879 4228 quibus
2897 4159 3056 4212 homo
3080 4167 3134 4210 et
3159 4155 3384 4211 refectus
3404 4158 3524 4228 cibo
3545 4155 3798 4228 frequen-

2233 4241 2312 4285 ter
2338 4233 2581 4300 impetrat
2605 4227 2740 4299 quod
2759 4237 2988 4297 exoptat,
3003 4237 3058 4283 et
3075 4229 3320 4298 jejunans
3347 4227 3544 4294 majora
3574 4227 3796 4293 przemia

2230 4304 2571 4368 consequitur
2599 4299 2909 4353 sanctitatis.
3058 4367 3066 4368 ί
3149 4366 3232 4368 ᾉΑ
3293 4364 3355 4368 __
3435 4363 3447 4368 _
3521 4331 3524 4334 ί

2299 4372 2353 4425 4.
2398 4362 2526 4438 Qum
2549 4370 2654 4423 Deo
2680 4378 2884 4437 accepta
2901 4367 3118 4437 jejunio.
3144 4366 3270 4421 Tale
3286 4363 3540 4438 jejunium
3559 4362 3800 4438 delectat

2231 4435 2520 4504 Christum,
2563 4441 2650 4493 tali
2679 4435 2914 4505 denique
2937 4435 3224 4491 delectatur
3264 4435 3596 4502 omnipotens
3625 4435 3790 4505 Deus,

2231 4527 2385 4580 quem
2410 4510 2474 4563 ad
2506 4504 2846 4580 jejunandum
2885 4522 2986 4559 non
3015 4507 3322 4580 immanium
3344 4505 3659 4580 delictorum
3683 4504 3794 4580 fre-

2233 4573 2401 4648 quens
2430 4573 2608 4634 reatus
2635 4578 2876 4646 impellit,
2904 4592 3015 4648 ιιοιιΔ
3037 4576 3266 4648 denique
3293 4574 3648 4648 adipiscenda;
3673 4573 3797 4648 glo-

2232 4643 2324 4704 ria:
2355 4649 2678 4718 temporalis,
2711 4643 2803 4701 vel
2843 4646 3144 4700 cutnulandi
3184 4643 3481 4718 patrimonii
3503 4713 3512 4718 _
3534 4643 3796 4718 cupiditas

2232 4720 2404 4773 inanis
2431 4713 2693 4781 incendit;
2737 4718 2827 4770 sed
2855 4725 3006 4784 urget
3033 4713 3243 4785 semper
3275 4713 3544 4782 religionis
3573 4713 3796 4785 allectus

2232 4798 2286 4843 et
2324 4789 2512 4843 devota
2560 4788 2878 4842 sinceritas:
2926 4783 3084 4855 quam
3132 4783 3250 4839 eum
3295 4785 3492 4855 fuerint
3544 4783 3796 4838 comitata

2233 4861 2404 4928 plena:
2433 4859 2642 4927 pietatis
2673 4857 2864 4918 ol‘licia,
2891 4854 3142 4928 qtiantum
3182 4856 3281 4928 ille
3299 4854 3510 4928 valebit,
3537 4862 3796 4928 quantum

2233 4925 2322 4983 ille
2353 4925 2626 4997 proﬁciet?
2656 4928 2852 4982 Taliter
2878 4927 3082 4994 agendo
3123 4926 3410 4997 merebitur
3433 4925 3606 4997 statim
3647 4938 3794 4993 pra:-

2232 4994 2436 5054 seutem
2473 4998 2747 5051 Dominum
2787 4997 3172 5065 propitiamque
3207 4994 3424 5065 sentire.
3467 4994 3631 5065 Imple
3668 5008 3802 5062 ergo

2233 5070 2586 5122 miserationis
2624 5063 2830 5130 ofﬁcia;
2875 5063 2927 5120 et
2969 5065 3310 5120 sanetilicasti
3342 5064 3561 5132 jejunia.
3600 5063 3796 5132 Sagina

2233 5154 2517 5206 pauperum
2545 5139 2771 5202 viscera;
2795 5145 2848 5190 et
2869 5139 3041 5189 anima
3066 5149 3151 5188 tua
3175 5136 3482 5188 muneribus
3501 5135 3800 5187 sanctitatis

2231 5210 2544 5278 pinguescit.
2599 5208 2741 5261 Vesti
2770 5207 3024 5278 nudum;
3069 5214 3125 5259 et
3173 5215 3256 5258 tua
3291 5213 3502 5278 peccata
3536 5212 3796 5278 contecta

2229 5273 2368 5331 sunt.
2403 5279 2736 5347 Peregrinum
2769 5276 2994 5344 hospitio
3019 5287 3106 5328 tuo
3128 5275 3388 5347 contende
3412 5273 3718 5343 suscipere;
3739 5283 3796 5326 ut

2229 5360 2280 5401 et
2313 5359 2360 5403 te
2392 5346 2610 5401 Deusin
2637 5348 2891 5401 ccelorunt
2923 5361 3079 5414 regna
3111 5346 3383 5414 suScipiat.

2291 5509 2396 5571 '_Ms
2436 5519 2482 5554 ιι.
2509 5541 2522 5564 ,
2565 5513 2700 5571 _'r_unc
2743 5477 2956 5571 erantpei
2995 5501 3134 5565 quasi
3168 5513 3306 5550 nume
3354 5498 3514 5550 tamen
3550 5501 3786 5558 tuum,rt

2223 5569 2400 5620 sanitas
2425 5575 2505 5618 tua
2529 5565 2666 5616 citius
2686 5565 2880 5613 orietur.
