3996 6446
235 327 366 384 9.θῖζὶ

673 439 904 496 διειιιιο
942 439 1192 496 CLXXVI
1247 439 1341 511 (ιι).

651 535 700 578 ιιι
723 531 1014 579 Aseensione
1033 531 1230 586 Domini,
1256 545 1270 578 ι
1295 527 1384 591 (b).

305 613 356 665 1.
403 609 653 680 Miracula
674 609 880 663 Domini
907 621 1105 680 propter
1128 627 1238 664 nos.
1257 611 1495 664 Ascensio
1516 611 1655 662 illius
1679 626 1800 660 cau-

233 683 300 734 tio
343 689 544 733 nostris.
589 679 772 734 Christi
814 681 928 732 duca
971 679 1181 732 natuita.
1229 680 1436 742 Omnia,
1483 680 1800 742 charissimi,

231 765 351 820 qua:
377 751 626 804 Dominus
649 750 803 803 Jesus
826 749 1066 820 Christus
1095 751 1144 802 in
1170 749 1493 820 hocmuudo
1519 749 1617 820 sub
1649 749 1805 820 fragif

233 818 380 872 litate
425 828 602 872 nostra
653 820 903 872 miracula
948 819 1130 884 edidit,
1175 819 1326 872 nobis
1357 818 1636 886 proﬁciunt
1671 835 1682 870 :
1715 819 1802 885 qui

231 889 357 942 dum
411 888 692 942 humanam
747 889 1102 942 conditionem
1157 887 1416 940 sideribus
1461 887 1796 954 importavit,

231 959 569 1012 credentibus
598 958 788 1010 emlum
821 967 1000 1024 patere
1032 972 1188 1024 posse
1215 958 1561 1018 monstravit;
1595 965 1647 1008 et
1675 957 1800 1008 dum

233 1029 484 1082 victorem
523 1029 706 1080 nmrtis
747 1027 799 1080 in
849 1027 1084 1080 cmlestia
1113 1027 1355 1090 elevavit,
1385 1027 1668 1078 victoribus
1696 1041 1802 1092 quo

235 1107 524 1164 sequantur
573 1097 821 1150 ostendit.
852 1097 1104 1148 Ascensio
1131 1111 1257 1164 ergo
1285 1096 1488 1148 Domini
1527 1095 1800 1148 catholica:

233 1166 354 1220 ﬁdei
383 1165 836 1246 conlirinatiojuit
861 1173 954 1246 :Iut
981 1165 1154 1220 securi
1187 1167 1237 1244 in
1269 1177 1534 1246 posterum
1556 1165 1802 1244 credere:
1837 1185 1840 1188 ν

233 1251 350 1290 mus
393 1235 630 1288 miraculi
679 1235 818 1286 illius
862 1234 1081 1300 donum,
1121 1233 1276 1302 cujus
1305 1235 1416 1302 jam
1459 1236 1510 1287 in
1551 1233 1798 1303 prresenti

233 1305 650 1374 pet-cepissemus
677 1303 953 1366 ell'ectum;
992 1313 1046 1358 et
1085 1304 1254 1358 ﬁdelis
1291 1305 1512 1372 quisque
1544 1319 1664 1374 cum
1689 1303 1797 1371 jam

233 1383 374 1428 tanta
395 1373 708 1441 perceperit,
731 1388 827 1441 per
847 1388 906 1426 ea
928 1389 1046 1442 quae
1065 1375 1336 1442 cognoscit
1363 1374 1614 1441 priestita,
1633 1373 1800 1426 diseat

229 1457 448 1512 sperare
477 1445 753 1512 promissa,
781 1457 844 1496 ac
873 1443 960 1512 Dei
991 1443 1074 1496 sui
1101 1445 1416 1511 prieteritam
1457 1451 1800 1511 pra-sentem-

229 1511 334 1582 que
375 1511 682 1582 bonitatem,
722 1512 869 1580 quasi
911 1511 1206 1566 futurorum
1255 1519 1430 1565 teneat
1473 1512 1791 1582 cantionem.

230 1581 402 1651 Super
429 1581 638 1636 excelsa
667 1596 794 1650 ergo
819 1583 938 1635 cmli
967 1591 1232 1635 terrenum
1263 1595 1454 1648 corpus
1485 1581 1792 1651 imponitur,

231 1650 348 1704 ossa
377 1653 510 1705 intra
537 1651 760 1718 sepulcri
786 1652 1052 1718 angu~tias
1076 1651 1232 1718 paulo
1251 1659 1374 1703 ante
1393 1650 1662 1714 conclusa,
1687 1652 1798 1702 Anu

227 1721 468 1790 gelornm
499 1722 724 1774 cratibus
753 1721 1070 1783 inferuntur,
1099 1721 1149 1772 in
1177 1719 1434 1788 gremium
1480 1719 1794 1790 imniortali-

231 1788 353 1843 tatis
398 1792 632 1844 mortalis
684 1800 866 1842 natura
921 1791 1344 1842 transfunditur:
1378 1797 1430 1841 et
1477 1788 1596 1840 ideo
1645 1803 1794 1842 sacra

225 1861 532 1928 apostolica:
569 1859 804 1912 lectionis
837 1868 1058 1912 testatur
1084 1858 1318 1920 historia,
1348 1859 1474 1912 Cant
1504 1857 1610 1928 ΙΙ(ιέ
1637 1859 1796 1928 dixis-

229 1925 318 1988 set,
346 1930 529 1997 inquit,
560 1928 836 1980 videntibus
863 1929 964 1980 illis
985 1929 1202 1998 eleuatus
1226 1937 1294 1980 est
1321 1929 1454 1998 (Act.
1483 1943 1519 1998 ι,
1547 1925 1626 1994 9).
1660 1927 1792 1998 Dum

227 1999 380 2052 audis
411 1996 692 2060 elevatnm,
721 2012 946 2066 agnosce
974 1997 1174 2052 militia:
1201 1996 1434 2052 celestis
1460 1996 1790 2066 obsequium.

229 2068 379 2121 Unde
407 2067 658 2120 hodierna
691 2065 942 2120 festivitas
973 2067 1200 2120 hominis
1238 2068 1389 2120 nobis
1419 2075 1470 2118 et
1496 2065 1588 2118 Dei
1620 2081 1794 2119 sacra—

227 2147 402 2190 tttenta
437 2136 752 2190 manifestat.
786 2137 896 2190 Sub
925 2153 1025 2188 una
1051 2137 1342 2204 eademque
1373 2149 1614 2204 persona,
1649 2135 1698 2186 in
1729 2151 1794 2190 eo

222 2209 312 2274 qui
340 2207 536 2270 elevat,
567 2207 794 2258 divinam
827 2207 1146 2272 potentiam;
1185 2207 1234 2258 iu
1265 2221 1330 2259 eo
1355 2215 1528 2258 autem
1557 2205 1644 2272 qui
1684 2207 1793 2259 cle-

223 2287 397 2337 vatur,
425 2277 704 2328 humanam
729 2290 989 2344 cognosce
1011 2276 1377 2328 substantiam.

293 2345 348 2398 2.
391 2345 680 2416 Eutychetis
705 2342 864 2416 error.
901 2347 1008 2397 Arii
1028 2361 1168 2416 error
1193 2345 1326 2397 unde
1353 2344 1608 2416 proﬂturit.
1637 2342 1790 2397 Ideo-

221 2431 327 2482 que
347 2413 592 2468 omnibus
619 2416 790 2468 modis
807 2414 1116 2467 detestanda
1141 2425 1264 2468 sunt
1283 2429 1484 2468 venena
1509 2413 1791 2482 Orientalis

221 2481 441 2542 erroris.
465 2486 551 2552 qui
579 2485 732 2552 impia
767 2485 995 2536 novitate
1025 2484 1294 2552 praisumit
1317 2499 1576 2546 asserere,
1602 2481 1789 2536 Filium

223 2553 318 2607 Dei
345 2568 406 2608 ac
437 2555 596 2607 lilium
627 2555 854 2607 hominis
875 2554 1032 2607 unius
1057 2567 1176 2607 esse
1207 2564 1424 2606 naturae.
1451 2552 1506 2606 lu
1537 2553 1790 2608 alterutra

217 2626 362 2676 enim
395 2633 560 2692 parte,
599 2624 680 2676 vel
719 2624 810 2692 qni
851 2623 1022 2677 solum
1065 2623 1332 2676 hominem
1375 2621 1538 2676 fuisse
1577 2623 1788 2688 dixerit,

221 2695 437 2762 negabit
457 2693 758 2748 Conditoris
777 2693 999 2762 gloriam
1035 2710 1048 2746 :
1077 2693 1158 2746 vel
1179 2695 1266 2762 qui
1296 2693 1463 2745 solum
1489 2693 1674 2757 Deum,
1699 2707 1791 2746 ne-

217 2763 368 2832 gabit
421 2764 834 2816 misericordiam
875 2762 1260 2832 Redemptoris.
1291 2762 1408 2829 Quo
1447 2777 1642 2830 genere
1683 2777 1789 2815 non

221 2833 378 2886 facile
403 2834 626 2886 Arianus
651 2832 1006 2900 eangelicam
1045 2833 1237 2901 poterit
1271 2833 1466 2886 habere
1491 2833 1786 2896 veritatem,

221 2903 311 2955 ubi
339 2902 526 2955 Filium
563 2903 652 2956 Dei
697 2919 836 2954 tuine
878 2905 1132 2968 mqualem
1173 2901 1412 2970 legimus,
1443 2916 1582 2954 nunc
1615 2901 1788 2952 mino-

219 2987 355 3026 rem.
397 2972 494 3038 Qui
539 2973 678 3026 enim
731 2973 886 3024 unius
930 2982 1130 3024 natura:
1173 2971 1500 3024 Salvatorem
1551 2979 1788 3024 nostrum

221 3043 492 3094 mortifera
518 3042 859 3109 persuasione
886 3040 1188 3102 crediderit,
1214 3051 1302 3094 aut
1319 3041 1488 3093 solum
1520 3039 1787 3094 hominem

220 3111 290 3164 de
319 3112 454 3164 cono
481 3112 720 3172 missum,
748 3121 836 3163 aut
865 3111 1036 3164 solum
1061 3111 1223 3164 Deum
1253 3111 1458 3178 cogitur
1476 3111 1652 3163 dicere
1677 3124 1789 3162 cru-

219 3180 456 3234 ciﬁxum.
497 3181 599 3233 Sed
645 3196 746 3233 non
793 3180 866 3233 ita
908 3189 1004 3232 est.
1045 3179 1264 3233 Mortem
1313 3181 1454 3233 enim
1505 3193 1603 3232 nec
1643 3180 1789 3232 solas

223 3250 362 3302 Deus
387 3251 605 3314 sentire,
633 3267 728 3304 nec
755 3253 898 3303 solus
927 3251 1083 3302 homo
1109 3264 1359 3316 superare
1390 3250 1661 3318 potuisset.
1679 3248 1788 3302 Nos

217 3335 349 3386 crgo
393 3321 694 3373 noverimus
748 3319 1010 3388 duplicem
1065 3320 1115 3372 in
1165 3319 1376 3372 Christo
1421 3319 1788 3387 geminamque

215 3390 566 3442 substantiam
589 3407 602 3452 ;
625 3390 690 3442 de
713 3389 870 3443 Patre
895 3389 1190 3454 cmlestem,
1217 3389 1282 3442 de
1309 3399 1475 3442 matre
1502 3397 1784 3441 terrenam.

217 3459 388 3523 Quam
421 3469 696 3526 utramque
734 3461 784 3510 in
825 3475 932 3512 uno
969 3459 1259 3527 eodemque
1287 3459 1637 3525 Redemptore
1679 3458 1789 3510 suis

219 3537 519 3596 promptum
555 3539 636 3582 est
677 3528 989 3582 testimoniis
1015 3529 1296 3596 explicare.
1325 3529 1487 3593 Quasi
1520 3531 1676 3596 homo
1703 3528 1787 3579 di-

217 3595 392 3669 cebat,
419 3598 552 3664 Quia
581 3597 732 3650 Pater
757 3599 919 3669 major
957 3614 1033 3650 me
1062 3595 1133 3650 est
1159 3597 1351 3669 (.loan.
1379 3613 1488 3669 xiv,
1515 3599 1584 3649 ’28
1604 3595 1624 3667 )
1648 3613 1660 3658 ;
1693 3596 1786 3650 sed

220 3666 360 3720 idem
409 3670 556 3736 quasi
603 3669 738 3720 Deus
779 3665 1178 3736 pronuntiabat,
1203 3667 1308 3736 Ego
1351 3665 1611 3736 etiPnte-r’
1635 3683 1788 3718 unum

215 3752 392 3790 sumus
412 3737 520 3806 (Id.
547 3754 600 3802 κ,
625 3739 736 3802 50).
762 3735 922 3803 Quasi
953 3739 1112 3790 homo
1135 3735 1362 3798 dicebat,
1393 3735 1568 3806 Tristis
1588 3746 1658 3806 est
1678 3736 1790 3806 anie

219 3823 304 3876 nia
331 3805 438 3859 mea
464 3823 618 3876 usque
643 3809 709 3858 ad
738 3817 944 3860 mortem
969 3806 1175 3876 (Matth.
1201 3822 1344 3868 sum,
1369 3805 1489 3876 5S);
1518 3805 1609 3858 sed
1639 3805 1786 3876 quasi

221 3875 365 3929 Deus
383 3877 694 3929 ﬁducialitcr
715 3876 1045 3942 loquebatur,
1075 3875 1374 3928 Polc‘stutem
1395 3875 1550 3926 habeo
1572 3875 1788 3944 ponendi

219 3946 444 3998 animant
471 3963 650 4010 nteant,-
673 3957 716 3998 et
743 3957 1032 4012 potestatem
1060 3945 1216 3996 habeo
1243 3945 1418 3996 iterum
1438 3945 1664 3996 sumendi
1681 3961 1788 3996 eam

217 4013 400 4084 (Joan.
434 4032 481 4077 ιι,
513 4017 617 4082 18).
643 4015 804 4080 Quasi
847 4016 1006 4068 homo
1049 4014 1100 4067 in
1148 4029 1306 4068 cruce
1348 4014 1650 4084 pendebat;
1695 4013 1786 4068 sed

218 4083 370 4154 quasi
402 4085 536 4138 Deus
567 4101 784 4152 regnum
813 4085 1032 4138 creleste
1056 4085 1282 4137 donabat
1313 4083 1459 4154 (Luc.
1490 4099 1640 4147 xxiii,
1675 4083 1784 4154 43).

219 4153 402 4208 Ariani
422 4167 600 4208 autem
618 4156 833 4207 confusa
861 4163 1036 4208 mente
1060 4155 1334 4206 distinctas
1355 4153 1674 4206 substantias
1702 4153 1786 4222 pc.

221 4225 366 4276 nitus
395 4241 497 4276 non
529 4225 786 4284 videntes,
810 4240 927 4292 quae
956 4233 1104 4276 erant
1137 4223 1384 4289 ltttllllllls,
1407 4225 1470 4275 ad
1502 4223 1665 4277 Deum
1695 4225 1788 4278 im-

221 4294 306 4362 pie
333 4295 642 4354 retulerunt,
675 4295 951 4348 credentes
991 4293 1130 4362 quod
1171 4295 1344 4345 minor
1383 4295 1684 4360 loqueretur
1709 4294 1788 4346 di-

223 4365 436 4430 vinitas,
466 4365 549 4416 tibi
576 4365 753 4432 juncta
785 4365 888 4416 Deo
918 4363 1146 4417 hominis
1166 4364 1626 4416 demonstrabalur
1647 4365 1788 4416 inlir-

219 4435 396 4486 tnitas.
443 4433 645 4488 Nullam
710 4435 886 4501 itaque
953 4433 1205 4486 facientes
1257 4433 1394 4485 inter
1447 4433 1681 4485 cmlestia
1738 4444 1787 4485 et

221 4512 430 4558 terrena
461 4507 752 4566 rationem,
786 4507 909 4556 dum
940 4502 1078 4556 inter
1105 4504 1267 4556 Deum
1309 4513 1361 4555 et
1405 4502 1670 4555 hominem
1709 4501 1784 4554 di-

219 4575 486 4641 stinguere
530 4575 789 4634 nesciunt,
841 4573 932 4625 Dei
977 4572 1320 4626 substantiam
1366 4571 1656 4624 diviserunt
1689 4589 1701 4624 :
1735 4584 1789 4625 et

219 4643 343 4710 dum
385 4643 450 4696 ad
495 4645 604 4697 sola
651 4643 878 4696 hominis
917 4643 1075 4696 verba
1125 4643 1432 4708 reSpiciunt,
1474 4642 1636 4694 Deum
1677 4641 1790 4696 sine

221 4713 523 4767 intellectus
565 4713 762 4766 lumine
803 4712 1161 4780 perdiderunt.
1191 4712 1296 4764 Nos
1326 4727 1470 4774 vero,
1504 4719 1559 4764 ut
1589 4711 1790 4780 przel'ati

303 4865 354 4924 α)
377 4864 516 4924 Olim,
539 4864 602 4912 de
625 4870 862 4924 Tempore
893 4861 1009 4924 176;
1035 4869 1087 4910 et
1109 4869 1232 4924 post,
1258 4862 1306 4909 in
1331 4863 1602 4922 Appendice

305 4921 354 4987 ὁ)
379 4927 472 4974 sub
497 4921 962 4988 Augustini—nomine
985 4921 1166 4984 legitur
1191 4923 1238 4970 in
1262 4921 1500 4988 brevi-aio
1515 4929 1718 4988 Romano
1741 4925 1790 4972 in

217 4984 384 5036 octava
407 4984 723 5034 Ascensionis.
749 4991 1022 5046 EXpunctus
1044 4990 1208 5046 autem
1233 4985 1319 5046 luit
1352 4995 1380 5030 a
1403 4984 1790 5046 Invaiueusibus,

220 5061 282 5096 eo
301 5047 428 5108 quod
454 5055 586 5094 esset
599 5049 727 5094 inter
743 5043 1034 5093 Eusebianos
1053 5045 1118 5092 de
1143 5044 1230 5108 hoc
1253 5043 1653 5108 (estosecundus.
1679 5053 1792 5093 Seu-

219 5103 396 5157 tentias
417 5121 515 5155 non
538 5119 714 5170 paucas
733 5109 948 5170 continet
972 5119 1036 5153 ex
1072 5105 1232 5170 Fausti
1265 5103 1351 5152 lib.
1377 5105 1398 5152 1
1426 5105 1490 5152 de
1523 5106 1692 5170 hibero
1715 5113 1792 5152 Ar-

219 5171 380 5226 bitrio,
409 5175 460 5216 et
483 5165 553 5228 ei
571 5168 788 5228 ejusdem
805 5167 1166 5228 adfaregorium
1189 5167 1439 5214 diaconum
1465 5165 1680 5226 epistola.
1705 5173 1792 5228 Cu-

213 5233 294 5290 jus
315 5232 462 5278 etiam
491 5227 680 5278 libri’ac
711 5227 929 5290 epistola:
953 5227 1184 5290 pleraque
1207 5234 1492 5290 argumenta
1527 5239 1618 5290 seu
1643 5227 1792 5290 verba

217 5287 442 5352 reperire
467 5297 542 5342 est
563 5290 614 5337 in
636 5287 826 5352 Eusebii
853 5287 1046 5352 humilia
1062 5287 1124 5336 de
1147 5287 1398 5352 Nativime
1415 5288 1596 5352 Domini
1621 5289 1788 5352 prima.

219 5347 349 5400 unde
375 5359 428 5399 et
449 5357 612 5400 nostra
643 5350 706 5398 de
731 5349 1010 5410 Eusebiaqu
1045 5348 1271 5407 ttomiliis,
1299 5349 1426 5410 quod
1454 5347 1793 5410 semipélagia—

219 5425 332 5460 num
357 5411 491 5459 illum
529 5411 776 5459 doctorem
813 5409 1049 5472 plurimae
1065 5409 1788 5472 resipiant,’opiuioiroboratur.

219 5479 284 5522 ne
309 5485 424 5520 num
459 5471 490 5520 2
513 5473 622 5520 vide
643 5477 797 5519 Faust.
815 5470 927 5531 cap.
955 5471 996 5528 1,
1023 5471 1107 5518 lib.
1138 5471 1156 5518 1
1177 5472 1240 5518 de
1253 5470 1420 5518 Libero
1443 5470 1662 5531 Arbitrio,
1682 5472 1790 5519 etin

221 5533 363 5604 epist.
386 5533 446 5581 ad
461 5534 751 5604 gregarium
765 5529 1032 5604 diaconum,
1052 5538 1102 5604 e_t
1125 5533 1314 5604 Eusebii
1339 5529 1502 5604 homil.
1533 5531 1644 5604 de
1666 5533 1791 5604 nati-

221 5591 398 5650 vitate;
443 5595 507 5642 de
553 5591 682 5641 num.
721 5592 754 5641 3
788 5593 898 5641 vide
941 5593 1114 5640 Euseb.
1163 5591 1326 5641 homil.
1369 5593 1390 5641 1
1439 5592 1503 5640 de
1541 5593 1792 5642 Nativitate

219 5656 436 5706 Domini:
475 5655 538 5704 de
583 5667 714 5704 nttm.
759 5653 790 5700 4
845 5652 956 5704 vide
1007 5653 1182 5702 Euseb.
1233 5655 1279 5702 iu
1311 5653 1406 5702 line
1448 5653 1611 5703 homil.
1661 5655 1680 5702 1
1730 5653 1793 5702 de

210 5717 533 5778 Ascensione,
559 5722 610 5765 et
631 5713 797 5764 homil.
823 5713 853 5763 2
875 5715 937 5762 de
954 5712 1190 5778 Symbolo.

1565 330 1788 387 SERMO
1817 329 2108 386 CLXXVII.

3347 340 3489 398 9082

1915 457 2116 519 sumus,
2163 443 2254 496 Dei
2302 452 2354 496 et
2397 441 2624 519 hominis
2673 442 2934 514 duplicem
2981 447 3348 519 substantiam,
3393 456 3488 510 sed

1913 513 2206 582 simplicem
2239 514 2540 568 noverimus
2565 529 2682 568 esse
2711 513 3008 582 personam.

1984 581 2034 653 β.
2067 580 2340 653 _Val_rntini
2375 599 2512 634 error
2541 580 2803 653 refellitur.
2833 587 2922 638 ille
2960 589 3118 639 etiam
3158 604 3308 642 error
3335 593 3488 648 valde

1913 649 2250 724 refugiendus
2278 665 2376 710 est.
2411 653 2498 719 qui
2533 649 2704 724 impie
2743 657 2932 708 asserit
2975 657 3112 724 quin]
3144 659 3290 711 beata
3325 661 3483 716 Maria

1911 720 2082 790 solum
2111 721 2273 774 Deum
2308 721 2590 788 pepererit,
2622 737 2687 776 eo
2721 726 2858 790 quod
2897 720 3002 778 sibi
3025 727 3264 780 Salvator
3305 740 3487 786 noster

1910 789 2180 842 ccelestem
2213 791 2389 842 nescio
2416 807 2572 858 quam
2604 789 2816 846 carnem
2851 795 2984 847 intra
3017 797 3215 850 \‘lSCt‘l‘ﬂ
3245 808 3483 856 materna

1911 860 2209 924 perfecerit,
2239 860 2380 936 etita
2413 861 2672 936 transierit
2701 877 2795 930 per
2821 863 3048 936 Virginis
3071 877 3293 928 uterum,
3329 871 3482 936 quasi

1913 941 2004 992 per
2039 942 2232 1006 corpus
2270 930 2514 1006 alienum.
2553 931 2656 984 Sed
2696 948 2820 1006 cum
2862 930 3000 1006 dicat
3037 951 3130 1004 per
3171 930 3482 1006 prophetam

1908 1009 2083 1073 Sermo
2099 997 2330 1073 divinus,
2355 997 2425 1073 De
2449 1011 2663 1073 torrente
2689 1003 2737 1073 in
2767 1003 2844 1053 via
2869 1005 2995 1054 bibet
3011 997 3314 1073 {proptere-tt
3335 1009 3482 1062 exal-

1907 1065 2027 1116 tabit
2056 1075 2202 1144 caput
2234 1065 2403 1134 (Psal.
2429 1085 2534 1130 Ctx,
2561 1071 2612 1136 '7)
2641 1088 2651 1120 :
2680 1071 2722 1122 si
2755 1088 2869 1144 non
2889 1081 2966 1124 est
2993 1065 3185 1142 corpus
3217 1085 3477 1144 nostrum,

1905 1137 2171 1204 quomodo
2213 1145 2294 1189 est
2333 1148 2486 1204 caput
2531 1142 2806 1192 nostrum?
2835 1141 3038 1195 Etcum
3069 1137 3171 1197 alio
3211 1145 3326 1198 loco
3352 1137 3480 1204 pro;

1907 1203 2062 1286 pheta
2102 1203 2512 1286 coriiitiennirat,
2551 1207 2802 1286 Parvulas
2833 1221 2990 1286 natus
3031 1223 3102 1265 est
3136 1214 3276 1268 nobis
3307 1203 3476 1286 (lsai.

1905 1287 1978 1352 nt,
2004 1273 2228 1354 6)_:._no_n
2254 1277 2403 1329 nobis
2432 1287 2582 1330 natus
2609 1281 2770 1354 est,_si
2795 1279 2921 1354 nihil
2936 1283 3172 1354 sumpsit
3197 1299 3258 1336 ex
3293 1273 3474 1354 nobis;

2001 1343 2132 1422 nihil
2175 1345 2241 1422 de
2287 1355 2478 1422 nostro
2524 1351 2786 1422 susei-pit,
2839 1351 2968 1402 nihil
3009 1343 3162 1406 nobis
3205 1343 3473 1422 praestitit:

1905 1409 2155 1490 Proinde,
2185 1414 2502 1490 chariszs-iini,
2531 1417 2572 1468 si
2592 1409 2706 1490 non
2735 1409 2785 1470 in
2817 1429 2994 1490 nostra
3021 1436 3180 1474 carne
3205 1409 3476 1480 diabolum

1905 1481 2268 1550 triumphavit,
2297 1499 2354 1538 se
2393 1487 2648 1550 exercuit,
2679 1504 2781 1540 non
2827 1489 2983 1542 nobis
3021 1490 3142 1543 vicit
3169 1509 3181 1543 :
3215 1492 3259 1543 si
3291 1508 3394 1547 non
3422 1495 3477 1550 in

1901 1559 2084 1621 nostro
2114 1567 2338 1620 corpore
2379 1553 2701 1621 resurrexit,
2733 1558 3022 1612 conditioni
3061 1570 3254 1614 DOsll'tﬂ
3293 1577 3476 1617 resur-

1900 1619 2072 1686 gendo
2121 1619 2248 1675 nihil
2298 1625 2540 1699 contulit.
2592 1619 2852 1699 llatc__q_ui
2905 1628 3056 1686 dicit.
3112 1639 3372 1699 suscepta:
3421 1642 3477 1688 et

1899 1699 2185 1768 assumpta:
2228 1693 2403 1745 earnis
2446 1709 2551 1768 non
2595 1693 2836 1768 intelligit
2877 1699 3169 1764 rationem,
3201 1693 3478 1757 confundit

1900 1757 2160 1820 ordinem,
2189 1769 2412 1814 evacuat
2440 1763 2716 1816 utilitatem
2745 1757 2828 1818 :'si
2871 1782 2976 1820 non
3013 1768 3062 1820 in
3103 1757 3278 1821 nostra
3314 1785 3476 1827 carne

1903 1829 2098 1906 peregit
2141 1829 2454 1906 medicinam
2477 1872 2492 1894 ,
2525 1833 2690 1906 solam
2731 1849 2856 1906 ergo
2885 1852 2950 1889 ex
2981 1837 3192 1890 homine
3221 1841 3476 1896 nascendi

1898 1896 2058 1977 elegit
2089 1899 2352 1977 injuriaiu.
2385 1901 2612 1977 [lecedat
2641 1917 2670 1956 a
2700 1896 2944 1959 sensibus
2975 1907 3168 1977 nostris
3195 1916 3297 1959 tam
3329 1912 3472 1977 peri-

1899 1967 2076 2046 culosa
2107 1973 2409 2046 persuasio._
2427 1970 2498 2023 De
2527 1981 2706 2046 n_ost_r_o
2743 1983 2824 2026 est
2861 1975 3000 2042 quod
3031 1967 3382 2044 apprehendit
3410 1982 3425 2012 ι
3452 1997 3468 2046 ;

1898 2035 1964 2112 de
1994 2053 2090 2088 suo
2116 2049 2190 2090 est
2221 2041 2359 2112 quod
2379 2040 2608 2112 donavit.
2635 2041 2806 2096 Meum
2842 2035 3006 2096 testor
3031 2035 3148 2099 esse
3175 2049 3311 2112 quod
3334 2035 3473 2104 ccci;

1899 2105 1992 2168 dit,
2023 2116 2084 2178 _nt
2117 2124 2288 2160 incum
2320 2110 2384 2160 sit
2427 2111 2564 2178 quod
2597 2113 2900 2166 resurrexit.
2935 2113 3107 2167 Meum
3145 2105 3310 2169 testor
3348 2133 3470 2174 esse

1897 2174 2038 2254 quod
2062 2176 2226 2254 jacui-t
2257 2179 2387 2254 intra
2419 2174 2694 2254 tumulum,
2725 2191 2779 2234 ut
2809 2197 2984 2254 meum
3017 2185 3086 2236 sit
3115 2186 3253 2252 quod
3285 2202 3470 2244 ascen-

1897 2245 1974 2296 dit
2015 2245 2320 2326 ιιι-οῳιιιιιι.
2353 2248 2404 2300 In
2454 2249 2760 2326 illo__itaquc
2803 2253 2967 2304 nostri
3011 2245 3218 2326 generis
3246 2271 3472 2326 corpore

1897 2327 1994 2366 nos
2031 2313 2226 2390 Christi
2273 2333 2414 2370 mors
2458 2313 2757 2390 viviﬁcavit,
2793 2335 2888 2375 nos
2915 2313 3232 2378 resurrectio
3269 2313 3468 2390 erexit,

1897 2396 1994 2436 nos
2021 2387 2650 2462 ascensiouconsecravit.
2677 2389 2854 2462 ln_illo
2885 2400 3078 2443 nostra:
3103 2395 3322 2462 originis
3351 2387 3470 2450 cor;

1897 2465 2025 2531 pore
2074 2455 2377 2534 cmlestibus
2425 2459 2599 2528 regnis
2645 2459 2855 2512 arrham
2903 2469 3098 2514 nostra:
3151 2455 3472 2520 conditionis

1895 2531 2166 2590 Imposuit.

1947 2593 2016 2672 ,4.
2047 2591 2344 2672 {incingitur
2372 2604 2482 2664 post
2511 2593 2784 2664 Christum,
2822 2607 3002 2672 speet»
3025 2601 3356 2670 cupiditatum
3386 2621 3470 2658 re-

1892 2663 2173 2740 stinctione.
2211 2663 2558 2740 Elaboremns
2591 2683 2742 2740 ergo,
2772 2663 3100 2732 'charissimi,
3133 2683 3188 2724 ut
3215 2675 3470 2740 quemad-

1893 2732 2108 2784 modum
2143 2733 2490 2810 Domiousju
2531 2735 2628 2810 hac
2659 2732 2744 2791 die
2783 2747 2964 2791 nOstro
2988 2755 3120 2810 cum
3155 2732 3376 2810 corpore
3401 2745 3468 2798 ad

1893 2813 2120 2868 superna
2167 2803 2620 2880 coiis.ceiidit;_ita
2671 2821 2766 2860 nos
2818 2817 2947 2880 post
2985 2809 3151 2872 illum,
3201 2803 3469 2880 quomodo

1893 2883 2194 2950 possumus,
2223 2887 2318 2950 spe
2346 2875 2713 2950 :isceiidamtis.
2742 2886 2796 2930 et
2823 2878 2984 2950 corde
3015 2875 3316 2948 sequamur.
3352 2885 3470 2950 Ipso

1893 2939 2080 3017 all'eetu
2125 2939 2320 3018 pariter
2365 2954 2414 2996 et
2467 2943 2701 3018 profectu
2747 2939 3108 3001 ascendainns'
3137 2961 3254 3018 post
3299 2939 3465 3012 illum,

1892 3012 2050 3090 etiam
2095 3027 2187 3077 per
2225 3012 2348 3066 vitia
2393 3027 2454 3090 ac
2493 3016 2769 3090 passiones
2810 3025 3040 3090 nostras.
3069 3012 3344 3085 Quomodo
3373 3037 3469 3090 per

1893 3081 2163 3156 passiones
2205 3085 2451 3156 nostras?
2491 3084 2545 3156 Si
2597 3084 2776 3153 utique
2823 3081 3179 3156 unusquisque
3229 3081 3468 3146 nostr-unt

1891 3149 2118 3202 subdere
2151 3165 2258 3224 eas
2284 3151 2399 3224 sibi
2425 3153 2653 3224 studeat,
2682 3149 2744 3208 ac
2771 3169 2926 3224 super
2951 3149 3042 3210 eas
3071 3149 3210 3211 s'tare
3235 3173 3465 3214 consue-

1890 3228 2020 3280 δοίη,
2055 3234 2116 3298 ex
2165 3220 2291 3287 ipsis
2337 3221 2695 3298 sibigradu‘m
2738 3220 3014 3298 construit,
3051 3231 3363 3298 quoipnssit
3400 3231 3469 3284 ad

1891 3291 2164 3358 superiora
2197 3291 2575 3346 conscendere.
2607 3292 2904 3348 Elevabunt
2933 3291 3130 3358 nos,'si
3161 3291 3353 3352 fuerint
3381 3301 3466 3352 in-

1891 3355 1967 3436 tra
1997 3374 2111 3436 nos.
2145 3360 2216 3410 De
2241 3361 2382 3436 vitiis
2399 3364 2591 3414 nostris
2613 3365 2808 3436 scalam
2835 3365 2988 3436 nobis
3013 3355 3254 3433 facimus,
3278 3370 3320 3421 si
3345 3369 3467 3422 vitia

1891 3429 2002 3490 ipsa
2030 3429 2315 3480 calcamus.
2340 3429 2468 3482 Nam
2495 3445 2612 3484 CIIII]
2641 3431 2888 3486 bonitatis
2917 3445 3132 3489 auctore
3155 3429 3258 3490 non
3282 3453 3469 3492 ascen-

1890 3496 1966 3548 dit
2011 3497 2520 3574 maliti_a_,_ne_cncum
2548 3503 2800 3574 magistro
2843 3502 3152 3574 humilitatis
3195 3509 3464 3574 superbia,

1891 3579 1988 3617 nec
2014 3582 2132 3618 cum
2165 3566 2299 3640 Filio
2331 3569 2552 3640 Virginis
2581 3566 2740 3623 libido
2768 3579 2926 3640 atque
2953 3573 3178 3627 luxuria.
3201 3566 3346 3640 Non,
3381 3566 3468 3631 in;

1891 3652 2078 3702 qiunn,
2108 3637 2398 3715 ascendunt
2431 3639 2700 3715 vitia-post
2729 3637 2978 3715 virtutum
3010 3653 3304 3712 parentem,
3333 3637 3468 3715 pec-

1891 3717 2006 3782 cata
2039 3716 2156 3772 post
2179 3707 2400 3782 justum,
2432 3723 2530 3782 nec
2561 3709 2892 3782 inﬁrmitates
2932 3707 3202 3766 admorbi
3249 3707 3468 3781 possunt

1893 3777 1966 3826 ire
1995 3783 2115 3843 post
2149 3777 2686 3850 medicumalgitursi
2731 3781 2927 3834 intrare
2965 3783 3128 3850 ipsius
3156 3777 3343 3838 medici
3379 3801 3466 3838 re-

1889 3859 2050 3911 gnum
2079 3846 2322 3898 volumus
2341 3887 2356 3908 ,
2387 3849 2532 3916 prius
2556 3849 2772 3903 vulnera
2803 3846 3278 3907 nostra'curemus.
3305 3855 3464 3909 Oidi-

1892 3927 2080 3992 nemus
2105 3925 2158 3967 et
2181 3917 2539 3992 custodiamus
2567 3919 2614 3992 in
2642 3921 2799 3992 nobis
2827 3929 3018 3992 statum
3043 3923 3316 3992 utriusque
3339 3927 3466 3978 sub-

1891 3985 2098 4062 stantia:
2121 4003 2134 4037 :
2161 3999 2228 4039 ne
2256 3987 2508 4050 animam,
2533 3989 2842 4062 nobiliorem
2875 3990 3052 4062 utique
3079 3985 3309 4048 hominis
3343 4009 3467 4062 por-

1893 4059 2124 4126 tionem,
2175 4065 2370 4108 tartaro
2419 4071 2540 4124 pars
2587 4059 2833 4112 devolvat
2881 4059 3128 4126 inferior;
3164 4063 3256 4116 sed
3287 4059 3467 4118 secum

1893 4125 2066 4202 potius
2093 4127 2230 4202 coelo
2259 4127 2638 4202 sanctiﬁcatum
2662 4143 2853 4202 corpus
2879 4132 3116 4198 acquirat
3140 4141 3319 4186 natura
3349 4133 3468 4202 glo-

1893 4195 2119 4268 riosior:
2147 4196 2259 4263 ipso
2287 4195 2588 4262 adjuvante,
2616 4199 2704 4266 qui
2733 4195 2858 4251 vivit
2895 4195 3164 4268 tat—regnat
3199 4203 3250 4254 ιιι
3275 4195 3467 4256 saecula

1891 4265 2228 4318 siceulorum.
2255 4269 2442 4318 Amen.

2349 4355 2576 4410 SERMO
2611 4355 2884 4410 CLXXVII
2913 4358 3010 4426 (It).

2290 4451 2340 4494 tn
2363 4449 2654 4496 “censione
2688 4449 2886 4508 Domini,
2915 4463 2948 4497 ιι
2971 4447 3060 4510 (b).

1965 4526 2013 4576 1.
2043 4525 2268 4588 Qualiter
2296 4543 2410 4579 cum
2433 4528 2630 4582 Christo
2660 4529 2976 4582 ascendatur.
3005 4531 3247 4584 Salvator
3266 4539 3464 4592 noster.

1891 4593 2218 4671 dilectissimi
2269 4596 2484 4671 fratres,
2526 4599 2760 4671 ascendit
2807 4600 2862 4652 in
2907 4601 3136 4664 malum;
3173 4615 3293 4671 non
3339 4617 3468 4671 ergo

1895 4665 2167 4738 turbentur
2195 4667 2246 4717 in
2277 4677 2435 4719 terra.
2462 4667 2542 4738 lbi
2579 4669 2646 4720 sit
2677 4685 2848 4733 mens,
2887 4682 2942 4722 et
2983 4671 3066 4722 hic
3106 4670 3208 4723 erit
3234 4665 3466 4738 requies.

1892 4735 2254 4788 Ascendamus
2295 4751 2415 4788 cum
2449 4734 2666 4790 Christo
2711 4737 2917 4792 interim
2963 4739 3122 4792 corde
3154 4757 3166 4792 :
3194 4734 3326 4792 ctun'
3351 4739 3469 4794 dies

1892 4804 2007 4872 ejus
2039 4807 2327 4876 promissus
2355 4805 2646 4876 advenerit,
2671 4823 2953 4876 sequemur
2979 4821 3030 4861 et
3053 4823 3294 4876 corpore.
3317 4809 3469 4865 Scire

1895 4883 2067 4944 tamen
2094 4872 2366 4938 debemus,
2401 4873 2607 4936 fratres.
2637 4872 2760 4944 quia
2779 4893 2896 4929 cum
2923 4877 3135 4930 Christo
3151 4872 3260 4931 non
3281 4895 3470 4933 ascen-

1893 4943 1970 4995 dit
2015 4944 2286 5011 superbia,
2320 4961 2422 4997 non
2456 4943 2694 5008 avaritia,
2729 4961 2831 4998 non
2863 4947 3092 5012 luxuria,
3137 4949 3340 5002 nullum
3387 4950 3478 5002 vi?

1895 5013 2024 5066 tium
2057 5024 2294 5066 nostrum
2339 5013 2577 5069 ascendit
2617 5031 2738 5068 cum
2781 5015 2984 5071 Medico
3011 5027 3212 5071 nostro.
3244 5018 3313 5073 Et
3351 5019 3475 5072 ideo

1958 5166 1974 5196 ί
2001 5171 2068 5236 tta
2105 5171 2303 5214 Faustus
2347 5167 2396 5214 in
2439 5164 2643 5228 Epistula
2680 5165 2738 5214 ad
2780 5168 3076 5228 Gregorium.
3123 5173 3178 5217 At
3197 5167 3343 5228 editi,
3377 5179 3470 5228 ap-

1892 5227 2073 5289 pendit.

1955 5287 2030 5408 Eii
2052 5286 2671 5408 fi‘iﬁ:.$i.i§é“l.°§:c‘iia

1979 5301 2008 5335 a
2053 5293 2192 5346 Alias,
2217 5293 2281 5336 de
2303 5295 2541 5350 Tempore
2565 5293 2671 5338 175.

1979 5293 2030 5410 bi
2052 5353 2102 5395 tu
2123 5347 2398 5411 Appendice
2435 5362 2563 5398 nunc
2603 5351 2808 5411 primum
2829 5348 3110 5400 collocatur.
3157 5356 3210 5411 tn
3231 5350 3472 5398 Brevtam

1895 5408 2096 5472 Romano
2119 5408 2169 5472 et
2191 5408 2297 5458 aliis
2318 5408 2616 5470 quihusdam
2635 5411 2815 5472 legitur
2838 5412 3074 5460 Dominica
3099 5409 3218 5472 infra
3257 5416 3474 5460 oetavnm

1895 5471 2214 5519 ascensionis.
2239 5469 2614 5520 Invaniensibus
2649 5469 2812 5522 taineu
2847 5472 3042 5526 dubius,
3077 5469 3269 5518 Verlino
3293 5477 3346 5518 ot
3367 5471 3476 5518 vin-

1893 5530 2040 5592 dingo
2061 5529 2210 5580 falsus
2225 5531 2434 5580 videtur.
2457 5533 2610 5581 Habet
2625 5533 2856 5582 nonnulla
2877 5532 3130 5592 Eusebiani
3153 5531 3391 5592 sermonis
3407 5531 3476 5579 de

1896 5591 2188 5657 Ascensione
2211 5593 2352 5657 primi
2372 5601 2424 5642 et
2446 5594 2676 5657 secundi:
2697 5594 2786 5644 sed
2811 5591 2962 5641 multo
2983 5591 3121 5657 plura
3143 5591 3474 5657 Augustini-ini

1893 5654 2135 5701 sermonis
2159 5651 2266 5700 26].
2294 5661 2360 5703 De
2383 5667 2510 5703 num.
2541 5655 2565 5704 1
2594 5657 2760 5704 confer
2783 5651 3060 5702 sermonem
3081 5664 3153 5710 su;
3173 5651 3404 5711 erioretn,
3423 5665 3476 5700 ιι.

1899 5715 1957 5776 4;
1983 5715 2046 5763 de
2071 5727 2200 5764 num.
2227 5714 2275 5776 2,
2305 5715 2414 5764 vide
2439 5717 2692 5778 Augustini
2726 5727 2872 5764 serui.
2899 5713 2982 5762 est
3014 5719 3064 5762 et
3088 5713 3198 5762 351.
