3984 6454
599 311 740 365 ΞΟΠ

607 442 749 484 xxiv,
782 423 869 483 50,
904 424 1013 484 51).
1037 422 1177 476 Finit
1204 422 1498 490 eloqu'um,
1518 432 1573 476 et
1594 423 1703 490 jam
1733 425 1928 492 repetit
1949 427 2167 482 emtum.

603 494 842 547 Candida
855 494 999 546 enim
1021 493 1200 564 subito
1216 492 1463 561 apparuit
1489 496 1650 546 nubis
1672 497 2092 564 evectio,parata
2113 499 2166 550 in

605 565 760 616 cmlo.
802 564 1063 631 Apparuit
1103 563 1292 623 nubes,
1329 565 1546 614 intravit
1589 564 1641 616 itt
1679 579 1820 626 eam,
1863 563 1952 630 qui
1987 568 2168 620 educit

607 636 776 684 nubes
801 634 866 685 ab
897 642 1136 683 extremo
1163 641 1320 684 terrre
1355 632 1582 700 (Psalm.
1605 648 1820 694 cxxxtv,
1844 636 1919 701 7):
1947 646 2000 688 ut
2019 637 2168 686 ohle—

605 710 777 757 ctaet
799 703 984 756 oculos
1014 715 1200 753 eorum
1218 703 1376 753 nubis
1403 703 1782 765 antmnitas,et
1800 706 2056 756 irroraret
2075 721 2168 758 eos

603 773 943 824 ascendentis
973 773 1038 822 de
1063 772 1197 823 ccelo
1219 773 1478 833 suavitas,
1508 787 1574 825 ne
1600 773 1710 824 sola
1740 775 2164 827 desiderantium

604 840 780 894 inanis
811 849 1112 894 remaneret
1150 844 1413 892 anxietas.

671 909 725 965 2.
779 911 964 980 Angeli
1015 914 1376 976 mysteriorum
1423 911 1615 964 nuntii.
1668 911 1807 964 Ecce
1869 912 1922 963 in
1983 912 2170 980 clypeo

602 978 834 1032 Actuum
865 978 1242 1046 Apostolorum
1276 981 1628 1046 pendentium
1675 982 1858 1032 vivunt
1899 978 2048 1048 pictai
2085 983 2164 1032 lu-

605 1051 748 1101 mina
787 1051 1150 1116 piscatorum:
1185 1049 1662 1103 adestconsolator
1680 1051 1770 1116 qui
1800 1051 2169 1104 ascenditsal-

593 1121 949 1174 vator.'Mittit
974 1121 1220 1174 continue
1245 1121 1376 1173 duos
1405 1125 1646 1173 caelestes
1668 1128 1941 1187 pnetores,
1974 1131 2029 1173 ut
2058 1120 2170 1174 alu-

594 1207 748 1244 mnos
773 1207 896 1244 suos
923 1206 1136 1244 securos
1163 1189 1404 1244 redderet
1434 1198 1746 1248 metuentes,
1769 1199 1823 1241 et
1847 1189 1896 1241 in
1922 1190 2167 1258 gaudium

591 1269 925 1315 converteret
970 1262 1337 1330 lacrymantes.
1390 1259 1677 1326 Oportebat
1727 1260 1866 1330 enim
1896 1260 2166 1330 ictelestes

593 1333 727 1384 mitti
771 1329 1162 1394 Consolatores,
1193 1345 1257 1384 ne
1285 1338 1616 1384 remanerent
1644 1329 1828 1395 trepidi
1859 1329 2165 1396 piscatores.

593 1402 720 1454 Nam
750 1411 801 1453 ct
827 1416 945 1454 cum
978 1400 1262 1467 imperatur
1293 1399 1358 1452 de
1405 1399 1530 1452 urbe
1567 1399 1752 1449 transit
1776 1397 1839 1449 ad
1869 1399 2051 1451 urbem
2072 1440 2086 1460 ,
2116 1409 2170 1452 et

593 1473 706 1538 ejus
735 1472 1006 1523 nuntiatur
1035 1469 1292 1521 adventus
1311 1510 1325 1533 ,
1355 1484 1456 1519 non
1489 1467 1764 1520 mittuntur
1792 1468 1890 1518 nisi
1915 1467 2166 1520 domesti-

593 1543 672 1602 ci,
701 1550 954 1608 przctores
983 1541 996 1568 ¹
1027 1554 1088 1592 ac
1120 1539 1328 1606 palatini
1352 1579 1365 1600 ,
1397 1546 1454 1590 ut
1479 1538 1719 1588 nuntient
1760 1538 2167 1608 provincialibus

593 1611 734 1678 quod
775 1621 856 1662 est
893 1609 1028 1676 regis
1059 1608 1314 1661 adventus
1339 1617 1428 1658 aut
1469 1608 1667 1678 reditus
1697 1607 1804 1678 :_ita
1850 1616 1902 1658 trt
1950 1607 2168 1678 Domino

593 1675 911 1734 ascendente
957 1675 1235 1746 prauorum
1287 1677 1578 1729 C(BlCSlltltll
1637 1675 1784 1746 turba
1844 1676 2168 1742 reSpleuduit

592 1745 980 1803 decantantium
1007 1789 1022 1809 ,
1068 1758 1124 1799 ιιι
1173 1756 1418 1814 tanquam
1462 1745 1856 1812 provincialium
1907 1747 2167 1814 respirare

592 1819 828 1881 facerent
853 1834 883 1870 a
913 1821 1100 1870 timore
1127 1815 1286 1868 corda
1319 1825 1608 1878 pastorum.
1633 1816 1852 1885 Quando
1879 1816 2035 1868 etiam
2063 1831 2162 1885 pa-

593 1889 718 1941 titur
741 1903 804 1940 ac
831 1888 1093 1954 resurgit,
1131 1886 1404 1938 domestici
1448 1885 1630 1952 Angeli
1674 1884 2023 1946 destinantur,
2058 1884 2113 1936 ut
2136 1899 2166 1938 a

594 1959 732 2011 nube
759 1973 818 2009 ac
848 1957 1094 2024 praetorio
1124 1955 1448 2008 monumenti
1482 1955 1832 2024 resurrexisse
1860 1954 2167 2008 nuntiarent

593 2022 874 2081 Dominum
899 2025 1022 2078 οωιὶ
1047 2043 1060 2078 :
1087 2036 1140 2078 et
1167 2039 1307 2078 nunc
1331 2039 1450 2078 curn
1477 2022 1734 2093 ascendit,
1755 2024 1820 2077 de
1851 2024 2014 2077 choro
2036 2040 2169 2093 prac-

591 2098 890 2151 cedentium
922 2096 1243 2148 Poteslatum
1285 2103 1340 2148 et
1382 2092 1713 2146 multitudine
1751 2092 2073 2146 cantantium
2115 2095 2166 2146 in

592 2181 718 2221 aere
747 2175 1060 2227 castrorum,
1089 2164 1195 2217 duo
1217 2163 1428 2232 palatini
1449 2163 1680 2218 cmlestis
1707 2163 1910 2230 imperii
1933 2163 2168 2232 dirigun-

593 2245 706 2297 tur;
735 2246 788 2287 ut
828 2245 880 2287 et
922 2235 1111 2286 ﬂebilia
1148 2235 1540 2302 requiescerent
1582 2232 1775 2286 lumina
1813 2232 2165 2300 piscatorum,

597 2307 850 2374 hytntmm
882 2305 1152 2358 coalestem
1181 2305 1421 2374 recitant.

663 2377 714 2427 5.
761 2375 935 2440 Qualis
964 2373 1213 2425 rediturus
1243 2383 1313 2424 est
1343 2372 1586 2426 Christus.
1617 2372 1912 2426 Piscatores
1938 2372 2057 2437 viri,
2089 2372 2169 2426 in-

589 2447 795 2512 quiunt,
822 2443 1042 2505 Galilzei,
1063 2443 1185 2511 quid
1208 2443 1440 2564 aspicitis
1464 2443 1512 2494 in
1534 2442 1711 2496 Jesum
1734 2452 1947 2496 euntem
1975 2442 2026 2495 in
2053 2457 2161 2498 cm-

590 2515 734 2564 lnni?
767 2515 855 2564 Sic
883 2515 1040 2564 veniet
1078 2530 1251 2564 auema
1295 2513 1494 2564 modum
1543 2512 1728 2564 ria'istis
1755 2529 1866 2564 eum
1891 2523 2085 2564 euntem
2115 2515 2161 2564 in

590 2515 734 2566 lum?
767 2515 855 2566 Sic
883 2515 1040 2566 veniet
1078 2512 1494 2578 quemadmodum
1543 2512 1728 2564 ria'istis
1755 2529 1866 2564 eum
1891 2523 2085 2567 euntem
2115 2515 2167 2566 in

589 2585 768 2636 cretam
786 2582 960 2651 (AcM,
984 2584 1370 2652 H).l’r0fectns
1386 2583 1850 2652 estdesiderabilis,
1871 2597 1974 2636 non
1993 2586 2170 2638 veniet

591 2653 740 2705 vobis
768 2653 1017 2706 terribilis
1045 2651 1059 2702 ἑ
1100 2653 1265 2705 nubes
1295 2654 1345 2704 in
1373 2666 1594 2704 occursu
1617 2692 1631 2712 ,
1676 2651 1841 2704 nubes
1882 2653 1932 2705 in
1974 2654 2165 2706 reditu.

593 2721 818 2776 Vulnera
847 2722 1100 2789 portavit;
1133 2722 1244 2791 ipsa
1266 2723 1454 2791 iterum
1475 2721 1786 2791 reportabit.
1817 2723 2036 2776 Crucem
2081 2739 2167 2777 re-

592 2792 839 2845 tulitcum
870 2790 1160 2859 triumpho,
1179 2792 1384 2860 signum
1410 2790 1522 2843 Filii
1549 2791 1775 2844 hominis
1791 2792 1940 2844 Vobis
1966 2794 2168 2860 parebit

591 2861 642 2914 in
667 2862 823 2917 caelo.
850 2860 938 2915 Sic
965 2862 1149 2922 veniet,
1185 2862 1236 2914 in
1265 2863 1378 2928 ipso
1406 2875 1654 2928 corpore,
1691 2861 1740 2912 iu
1772 2862 1882 2929 ipsa
1914 2863 2050 2916 nube
2069 2902 2085 2926 ,
2115 2865 2165 2916 itt

591 2931 699 3000 ipsa
744 2932 998 2994 veritate;
1041 2931 1190 2984 vobis
1233 2931 1283 2984 in
1329 2945 1546 2995 amore,
1595 2931 1766 2998 impiis
1813 2932 1862 2984 in
1914 2940 2165 2987 tremore.

588 3001 732 3054 Beati
757 3002 947 3070 quibus
979 3017 1103 3054 vere
1132 3000 1341 3070 dicitur.
1387 3000 1475 3070 Sic
1515 3001 1707 3062 veniet,
1748 3002 2166 3069 quemadmodum

586 3069 783 3124 vidistis
797 3087 910 3124 eam
931 3079 1125 3124 euntem
1145 3071 1194 3122 in
1217 3069 1413 3122 caelum.
1433 3069 1690 3134 Numquid
1712 3072 1788 3124 sic
1810 3073 1979 3125 veniet
2000 3073 2167 3125 oculis

591 3149 926 3208 peccatorum
944 3141 969 3193 ?
995 3141 1106 3207 Ipsa
1128 3141 1230 3194 erit
1257 3141 1476 3195 veritas;
1504 3141 1596 3209 sed
1625 3155 1728 3192 non
1752 3142 1852 3193 erit
1878 3141 1988 3209 ipsa
2015 3157 2168 3195 secu~

590 3211 734 3263 ritas.
773 3211 893 3264 Dies
936 3212 1051 3282 erit
1080 3211 1337 3263 tremendi
1371 3208 1582 3282 judicii,
1611 3208 1912 3282 descensus
1937 3211 2167 3282 Angelo-

589 3296 703 3332 rum
726 3324 740 3341 ,
771 3279 1090 3333 resurrectio
1132 3289 1480 3349 mortuorum.
1525 3279 1824 3332 Ascendeut
1862 3279 2079 3349 Angeli,
2113 3291 2166 3334 et

587 3349 815 3414 quodam
843 3350 1004 3418 digito
1037 3349 1174 3400 tulnc
1199 3344 1436 3401 sonantis
1466 3357 1681 3418 tangent
1717 3344 1970 3417 sepulcra
2006 3360 2163 3404 terra:

588 3421 891 3484 trementis;
918 3427 974 3472 ut
1005 3419 1219 3486 pignora
1259 3424 1535 3470 restituant
1585 3428 1776 3473 tnrono
1823 3420 1978 3484 igneo
2017 3421 2162 3488 judi-

585 3489 774 3541 cantis.
810 3488 1107 3543 Ascendent
1135 3488 1316 3557 Angeli
1348 3488 1412 3539 ad
1437 3491 1674 3556 sepulcra
1706 3488 2084 3558 Prophetarum
2111 3503 2165 3545 et

585 3558 818 3626 ipsorum
851 3558 1222 3624 Apostolorum
1244 3559 1584 3625 omniumque
1613 3569 1949 3624 sanctorum,
1991 3570 2045 3614 et
2083 3561 2164 3613 di-

583 3638 707 3682 cent
726 3630 802 3682 cis
825 3646 837 3681 :
866 3628 1000 3682 Ecce
1021 3638 1100 3681 est
1124 3628 1212 3696 qui
1237 3630 1309 3680 sic
1331 3626 1519 3681 iterum
1547 3629 1960 3697 reditquomodo
1980 3645 2165 3692 ascen-

581 3699 678 3750 dit.
726 3698 830 3751 Nos
857 3699 1087 3752 diximus
1115 3699 1233 3766 quia
1254 3697 1341 3750 Sic
1361 3699 1538 3761 veniet,
1564 3699 1810 3762 quomodo
1834 3716 1947 3751 eum
1969 3700 2162 3754 ridistis

582 3781 777 3820 euntem
794 3769 854 3837 in,
871 3768 1046 3820 cazlum
1069 3783 1088 3819 :
1106 3769 1192 3834 qui
1215 3767 1504 3820 deduxistis
1527 3777 1760 3830 euntem,
1778 3770 2028 3837 suscipite
2046 3771 2163 3823 red-

582 3846 816 3908 euntem.
845 3836 944 3888 Ista
967 3837 1345 3908 allocutionun
1368 3847 1449 3890 est
1470 3839 1765 3906 linguarum
1786 3836 2115 3908 septuaginta
2143 3857 2154 3891 :

582 3906 677 3960 sed
722 3915 976 3975 patenter
1000 3907 1169 3958 nubes
1209 3907 1456 3958 dicuntur
1484 3909 1771 3975 pluviales.
1798 3917 1853 3960 ut
1880 3906 2164 3963 occurrant

593 3976 645 4028 in
675 3991 794 4029 rore
821 3985 873 4028 et
898 3974 1207 4044 refrigeroSa
1234 3974 1559 4040 amoenitate,
1589 3990 1678 4044 qut
1696 3979 2032 4032 conscientiae
2055 3996 2158 4034 non

577 4045 858 4099 continent
901 4046 1263 4114 quaestionem.
1307 4045 1550 4097 Petamus
1586 4060 1714 4111 ergo
1739 4061 1766 4097 a
1799 4047 2020 4101 Domino
2052 4049 2161 4104 Deo

582 4124 785 4186 nostro,
804 4125 858 4168 ut
874 4117 1008 4167 sicut
1026 4115 1179 4186 hodie
1192 4115 1528 4167 Ascensionis
1547 4117 1873 4170 celebramus
1891 4128 2092 4186 tempus
2109 4129 2163 4173 ct

579 4184 742 4248 diem,
780 4186 849 4238 ita
883 4185 1202 4238 revertentis
1227 4200 1524 4254 mercamur
1554 4186 1861 4239 niatatinam
1893 4184 2162 4254 suscipere

583 4257 834 4323 pietatem
867 4272 880 4306 :
911 4264 967 4307 ut
1009 4254 1246 4307 dicamus
1285 4255 1332 4307 ei
1355 4295 1369 4317 ,
1418 4253 1570 4307 Mane
1605 4261 1858 4321 accrabo,
1915 4258 2160 4322 Domine;

579 4341 724 4380 mane
745 4325 918 4379 astabo
947 4325 1054 4391 tibi,
1072 4334 1117 4376 et
1143 4325 1516 4390 contemplabor
1543 4336 1588 4376 te
1605 4323 1774 4387 (Psal.
1793 4342 1842 4388 v,
1869 4327 1950 4379 Aet
1973 4329 2046 4397 5).

1037 4436 1265 4491 SEltMU
1303 4435 1582 4490 CLxxxn
1607 4436 1702 4507 (ιι).

1099 4533 1148 4576 In
1173 4534 1475 4585 Pentecoste,
1503 4543 1516 4575 ι
1543 4527 1633 4590 (ὁ).

648 4609 698 4661 1.
742 4607 966 4678 Spiritus
991 4618 1194 4660 sanctus
1218 4608 1369 4662 Deus.
1390 4607 1672 4678 Majestatis
1694 4610 1877 4664 socius.
1898 4611 2156 4670 Trinitatis

576 4677 848 4751 expressio.
877 4677 1219 4751 Redemptoris
1239 4677 1483 4731 vicarius.
1505 4680 1626 4733 Post
1659 4680 1800 4732 illam
1834 4683 2155 4751 singularem

577 4749 942 4824 insignemque
978 4749 1270 4824 __V_|ClQl‘l3fll
1307 4790 1321 4814 ,
1345 4765 1470 4824 qua
1513 4751 1754 4819 publicus
1799 4749 2159 4824 propugnator

575 4819 772 4870 mundo
819 4829 872 4873 et
921 4818 1161 4872 militavit
1210 4828 1265 4873 et
1308 4821 1468 4884 vicit,
1516 4818 1795 4889 postquam
1823 4818 2156 4893 fragilitatem

651 4909 670 4982 ξ
701 4909 915 4982 Qujatius
938 4913 1338 4982 s.ubs_'itucndum
1372 4927 1527 4980 putat,
1548 4926 1856 4982 protectores.

755 4969 912 5038 Alias,
943 4976 1004 5022 de
1031 4975 1274 5038 Tempore
1315 4969 1414 5027 183.

1148 5029 1276 5114 nunc
1308 5044 1528 5114 primum.
1542 5043 1827 5114 collocatur.
1859 5044 2046 5114 Dubius
2062 5058 2160 5114 per

591 5087 924 5160 l.ovat_tieusés
942 5110 1246 5147 remanserat
1267 5114 1279 5158 ;
1303 5087 1392 5160 per
1416 5087 2160 5155 i’iorlinumautemjit-Pitid'in;

587 5155 870 5223 gumfalsus
895 5159 1147 5223 ass_er_i_tur,
1178 5155 1279 5207 tum
1303 5155 1362 5209 ex
1387 5164 1487 5211 stili
1522 5164 1810 5213 diversitate.
1836 5204 1848 5223 ,
1872 5175 1972 5215 tum
1995 5182 2056 5216 ex
2092 5180 2155 5216 eo

585 5214 898 5292 qupdvioxhi
912 5217 1250 5292 gladiatores
1273 5237 1575 5292 [perperam
1617 5214 1884 5292 usurpatur
1915 5214 2154 5292 hociloco

586 5285 632 5348 ti.
650 5273 703 5348 :
725 5289 742 5320 ι
761 5273 810 5323 in
831 5273 1113 5325 traditorem
1128 5287 1187 5348 _et
1205 5273 1502 5348 gladiattires
1525 5273 1970 5348 gladiumrstringit
1987 5273 2022 5338 ἰ
2051 5273 2155 5338 liti;

580 5343 1168 5405 .Lljsce_porfn_serlt_io_ttis
1189 5347 1334 5405 verba
1380 5343 1601 5405 quaedam
1643 5343 2063 5405 deprehendimus
2100 5349 2150 5400 iu

590 5361 720 5384 iunco
748 5361 890 5396 purru
923 5361 1168 5386 aul'luullls
1189 5361 1334 5391 verna
1417 5361 1601 5396 ιιᾶέωιηι
1643 5361 1706 5396 ue
1745 5361 2063 5400 renendtmus
2100 5366 2150 5400 ιιι

586 5393 878 5470 Eusebianis
901 5397 1143 5470 Homiljis,
1167 5402 1354 5470 scilicet
1380 5361 1411 5455 ῗ
1436 5409 1498 5458 de
1524 5363 1753 5468 Symbolb
1777 5409 1945 5461 istliac
1977 5429 1987 5461 :
2017 5429 2033 5456 ι
2055 5413 2152 5460 Ro-

586 5458 738 5532 cgabo
766 5461 978 5532 Patrem.
999 5460 1030 5532 1
1047 5460 1157 5508 ilius
1179 5468 1256 5508 est
1283 5479 1364 5532 qui
1386 5458 1686 5532 intelligitur
1704 5458 1986 5532 rogaturus,
2003 5458 2152 5521 Pater

585 5524 1076 5596 fisitquiiindi‘catur
1121 5527 1384 5596 rogandus.
1431 5524 1641 5596 Spiritus
1685 5524 1880 5596 satietas
1919 5524 2003 5596 qui
2039 5549 2150 5595 pro-

584 5583 824 5644 ttnittitur
849 5598 874 5630 a
915 5583 1061 5632 Patre
1083 5583 1368 5634 mittendus.
1401 5604 1419 5636 ι
1452 5583 1508 5637 Et
1548 5596 1779 5641 nonnulla
1829 5583 1949 5644 iterri
1977 5583 2148 5644 iu'Ho-

577 5640 676 5706 nul.
715 5642 777 5690 de
805 5643 1121 5706 Pentecoste.
1148 5647 1220 5694 De
1245 5659 1294 5694 n.
1328 5649 1367 5705 l,
1389 5651 1557 5698 confer
1579 5640 1774 5701 Eusebii
1809 5640 1954 5706 verba
1976 5640 2146 5705 limini.

579 5695 602 5743 1
635 5703 696 5750 de
720 5705 896 5763 εγωὺά
928 5709 991 5754 de
1014 5721 1060 5756 ιι.
1086 5708 1116 5755 3
1151 5713 1204 5756 et
1225 5707 1253 5753 t
1276 5695 2146 5766 εοιὶΐθῆιξίιὲρῖί’1ἷόπῶίῖῙέ

2037 313 2397 372 ΔΡΡΕΝΒΙΧ.

3703 309 3843 368 2088

2279 425 2607 482 conditionis
2640 435 2841 477 nostr:e
2880 439 2987 477 nor.
3020 423 3192 476 solum
3239 422 3304 478 de
3341 421 3527 475 inferis
3555 421 3720 488 eruit,
3746 427 3839 479 sed

2277 499 2439 552 etiam
2477 498 2530 549 in
2563 495 2707 562 regni
2735 494 2817 547 sui
2851 494 3059 546 excelsa
3095 493 3362 554 subvexit,
3385 493 3435 545 in
3472 494 3571 546 hac
3593 495 3839 562 diejuxta

2278 569 2498 619 verbum
2527 581 2683 618 suttm
2703 574 2947 615 sanctum
2968 563 3226 631 Spiritum
3245 563 3486 623 donavit,
3507 566 3572 615 de
3599 580 3708 631 quo
3728 565 3836 631 jam

2273 637 2542 701 Apostolis
2589 635 2700 685 suis
2740 635 2968 695 dixerat,
3015 630 3084 683 Εε
3134 651 3230 701 ego
3281 632 3470 700 rogabo
3522 630 3758 690 Patrem.
3791 643 3840 687 et

2271 700 2435 758 alium
2480 701 2812 756 Paraclctam
2849 703 2994 754 dabit
3025 703 3161 754 vobis
3181 700 3357 760 (Joan.
3393 717 3499 758 xtv,
3537 702 3638 770 16).
3662 705 3835 756 Alium

2273 779 2456 842 utique
2495 789 2600 825 non
2657 774 2955 827 minorem:
3010 773 3173 823 alzum
3229 773 3588 842 l'aracletum,
3649 772 3831 835 idest,

2274 841 2466 896 similis
2506 842 2686 912 gloria:
2719 843 2799 893 vel
2836 852 3063 897 naturae.
3093 841 3445 912 ejusdemque
3479 843 3831 912 substantia:

2278 926 2328 964 ut
2360 911 2745 980 discipulorum
2781 913 2910 964 ﬁdes
2944 911 3174 962 veridica
3209 911 3503 976 sponsione
3538 911 3602 962 ad
3640 926 3832 977 exspe-

2274 989 2564 1036 ctationem
2601 982 2732 1032 tanti
2768 983 3002 1032 tttllllCt‘iS
3035 991 3352 1047 praeparata,
3374 980 3522 1032 illum
3553 996 3712 1047 quem
3729 981 3828 1032 sibi

2273 1069 2300 1102 a
2340 1052 2633 1102 limumoin
2668 1051 2841 1102 locum
2865 1049 2954 1102 Dei
2989 1051 3310 1116 promissum
3340 1063 3460 1101 esse
3478 1049 3830 1106 meminisset.

2272 1133 2452 1171 verum
2483 1119 2644 1172 Deum
2672 1135 2790 1173 esse
2817 1120 3176 1187 cognosceret.
3209 1120 3273 1171 Et
3299 1122 3482 1183 alium,
3509 1122 3676 1188 inquit
3696 1163 3707 1180 ,
3736 1119 3839 1171 Pa-

2271 1189 2550 1240 ractetum:
2590 1190 2877 1257 majestatis
2922 1191 3164 1259 intellige
3198 1191 3435 1253 socium,
3484 1205 3638 1259 quem
3683 1191 3844 1259 maje-

2272 1259 2390 1328 stati
2431 1259 2682 1325 perspicis
2711 1268 3091 1328 comparatuttt.
3145 1258 3209 1309 Et
3256 1276 3344 1328 ego
3387 1258 3598 1328 rogabo,
3647 1258 3841 1328 inquit.

2276 1325 2477 1378 Patrem
2510 1368 2523 1388 ,
2591 1339 2639 1379 et
2683 1329 2836 1380 alium
2905 1326 3224 1380 Poruclctam
3284 1325 3420 1380 dabit
3445 1325 3625 1381 't'obis.
3679 1325 3843 1396 Quam

2274 1396 2406 1466 bene
2432 1398 2529 1449 sub
2559 1398 2709 1449 titulo
2743 1399 3104 1462 promissionis
3125 1439 3136 1456 .
3166 1399 3554 1452 distinctionem
3595 1401 3844 1466 appliCuit

2273 1465 2570 1538 Trinitatis!
2621 1467 2774 1520 Pater
2807 1479 2884 1520 est
2926 1467 3013 1533 qui
3060 1469 3321 1538 indicatur
3363 1465 3845 1538 rogandus,7l-‘ilius

2270 1545 2352 1590 est
2379 1537 2466 1609 qui
2493 1537 2826 1609 intelligitur
2867 1547 3176 1609 rogaturus,
3224 1537 3451 1609 Spiritus
3495 1547 3710 1591 sanctus
3753 1542 3842 1609 qui

2273 1606 2593 1676 promittitur
2635 1621 2662 1657 a
2709 1607 2864 1676 Patre
2899 1607 3199 1659 mittendus.
3249 1607 3450 1674 Quanta
3479 1617 3532 1660 et
3569 1623 3724 1676 quam
3766 1606 3846 1662 in-

2269 1673 2492 1727 eﬁ‘abilis
2527 1677 2694 1742 pietas
2743 1675 3142 1743 Redemptoris!
3191 1673 3466 1730 llominem
3502 1673 3729 1745 portavit
3777 1679 3840 1731 ad

2270 1745 2461 1797 coalqu
2484 1786 2498 1806 ,
2530 1755 2584 1798 et
2613 1746 2775 1798 Detnu
2804 1747 2945 1797 misit
2974 1745 3038 1797 ad
3073 1757 3258 1798 terras.
3295 1749 3496 1810 Quanta
3529 1757 3610 1800 est
3643 1751 3843 1801 auctori

2269 1827 2394 1866 cura
2443 1831 2536 1882 pro
2591 1815 2970 1868 instauratione
3019 1813 3234 1868 factum
3282 1816 3419 1869 sum!
3471 1817 3607 1870 Ecce
3658 1817 3842 1870 iterum

2272 1897 2404 1935 nova
2451 1884 2517 1938 de
2569 1883 2816 1950 superuis
2860 1884 3118 1938 medicina
3158 1886 3380 1938 mittitur
3423 1902 3436 1937 :
3487 1901 3612 1939 ecce
3653 1886 3840 1940 iterum

2273 1953 2508 2024 i_uﬁrmos
2533 1969 2657 2006 suos
2678 1968 2772 2022 per
2789 1968 2848 2006 se
2874 1956 3037 2021 ipsam
3069 1955 3316 2021 majestas
3345 1957 3556 2008 visitare
3577 1956 3840 2024 dignatur.

2274 2021 2407 2076 Ecce
2435 2023 2622 2076 iterum
2656 2021 2897 2076 humanis
2933 2023 3107 2076 divina
3139 2026 3446 2090 miscentur,
3485 2025 3534 2077 id
3564 2021 3677 2087 est,
3703 2027 3839 2079 vica-

2271 2091 2378 2144 rius
2405 2092 2804 2160 Redemptoris;
2830 2105 2883 2145 ut
2909 2093 3160 2147 benelicia
3187 2109 3304 2162 qum
3328 2095 3567 2149 Salvator
3594 2095 3846 2148 Dominus

2273 2162 2568 2225 inchoavit,
2599 2163 2848 2231 peculiari
2886 2164 3112 2230 Spiritus
3146 2165 3312 2218 sancti
3364 2167 3553 2217 virtute
3592 2179 3844 2218 consum-

2271 2243 2374 2284 met
2399 2246 2414 2282 ε
2440 2240 2492 2302 et
2516 2233 2654 2300 quod
2701 2233 2787 2284 ille
2819 2235 3045 2284 redi-mit
3067 2274 3081 2294 ,
3113 2235 3211 2286 iste
3239 2234 3562 2294 sanctilicet;
3591 2234 3731 2302 quod
3759 2235 3847 2289 ille

2269 2301 2578 2368 acquisivit,
2622 2303 2718 2354 iste
2761 2303 3023 2355 Cll'sltidlal
3048 2320 3060 2354 :
3089 2318 3150 2355 ac
3179 2303 3255 2356 sic
3285 2304 3458 2356 unitas
3501 2301 3710 2357 deitatis
3750 2319 3845 2371 per

2272 2373 2523 2424 imit-item
2572 2371 2751 2440 gratiae
2789 2387 2852 2425 ac
2895 2373 3127 2425 muneris
3163 2373 3501 2441 approbatur,
3534 2384 3590 2425 ut
3619 2373 3845 2441 Spiritus

2271 2450 2485 2492 sanctus
2527 2441 2662 2494 Deus
2689 2441 2740 2494 in
2771 2442 3059 2496 substantia
3103 2457 3236 2494 unus
3261 2484 3276 2506 ,
3323 2443 3372 2494 iu
3423 2458 3648 2510 persona
3689 2446 3842 2508 alius,

2269 2510 2456 2631 atqplali
2498 2512 2834 2564 miseratione
2869 2512 3084 2576 unicus,
3111 2513 3300 2580 mquali
3338 2515 3631 2567 reverentia
3658 2515 3723 2566 sit
3753 2529 3846 2569 cu-

2291 2593 2354 2631 eu
2400 2595 2478 2631 us.

2291 2593 2478 2634 euuus.

2339 2649 2392 2701 2.
2424 2650 2543 2704 Νοη
2573 2650 2686 2720 jam
2737 2651 2982 2714 visitator,
3041 2651 3128 2704 sed
3174 2650 3423 2705 habitator
3472 2663 3702 2706 teternus.
3747 2651 3848 2707 Per

2270 2721 2633 2793 substantiam,
2655 2737 2753 2773 non
2777 2738 2864 2790 per
2905 2722 3242 2793 operationem
3285 2722 3467 2774 solam.
3508 2721 3844 2793 Apostofiso-

2271 2790 2334 2860 tis
2362 2789 2494 2843 radii
2520 2802 2568 2843 et
2615 2789 2874 2860 lampades
2927 2789 3168 2844 veritatis.
3197 2791 3334 2860 Ergo
3361 2789 3591 2859 Spiritus
3631 2803 3846 2848 sanctus

2272 2859 2324 2912 in
2375 2859 2470 2913 hac
2517 2860 2601 2912 die
2631 2860 2696 2913 ad
2724 2859 3034 2928 praeparata
3076 2861 3175 2913 sibi
3223 2859 3599 2929 Apostolorum
3628 2877 3844 2918 suorum

2273 2929 2488 3000 templa,
2522 2929 2666 2982 velut
2699 2931 2866 2983 imber
2893 2929 3328 3000 sanctiﬁcationis
3355 2932 3572 3000 illapsus
3595 2941 3696 2993 est,
3735 2949 3841 2988 non

2265 3000 2374 3066 jam
2404 2999 2639 3053 visitator
2659 3000 2883 3058 subitus.
2913 2999 3004 3054 sed
3037 3010 3319 3069 perpetuus
3335 2999 3656 3066 consolator,
3679 3012 3732 3056 et
3758 3002 3846 3057 ha-

2271 3069 2469 3140 bitator
2510 3079 2759 3140 aeternus.
2812 3069 2941 3122 Nam
2986 3071 3124 3123 sicut
3159 3069 3226 3124 de
3268 3073 3551 3139 semetipso
3579 3074 3849 3140 Apostolis

2269 3138 2380 3192 suis
2422 3138 2654 3209 dixerat,
2686 3137 2820 3192 Ecce
2853 3155 2942 3209 ego
2973 3140 3221 3192 vobiscum
3259 3157 3370 3193 sum
3409 3137 3643 3194 omnibus
3673 3142 3846 3196 diebus

2271 3223 2426 3276 usque
2436 3208 2502 3278 ad
2513 3208 2987 3261 consummationem
2999 3209 3168 3278 δίει-ιιιὶ
3191 3209 3396 3278 (Matth.
3427 3227 3608 3272 xxvtu,
3627 3211 3717 3278 ΞΟ)
3743 3231 3755 3264 :
3776 3214 3848 3267 ita

2268 3278 2427 3347 etiam
2455 3277 2523 3332 dc
2550 3277 2746 3347 Spiritu
2773 3289 2978 3344 sancto,
3007 3277 3346 3344 Paracletum,
3374 3280 3558 3346 inquit,
3589 3277 3725 3333 dabit
3753 3298 3842 3335 vo-

2267 3346 2342 3420 bis
2372 3345 2566 3420 Pater,
2585 3345 2671 3420 qui
2690 3348 2938 3420 vobiscum
2973 3349 3035 3401 sit
3062 3349 3112 3400 in
3140 3358 3401 3401 internum.
3434 3345 3614 3403 Adfuit
3639 3367 3765 3420 ergo
3789 3354 3841 3406 in

2269 3417 2367 3471 hac
2395 3417 2481 3470 die
2503 3418 2745 3471 fidelibus
2793 3419 2902 3472 suis
2935 3435 3035 3470 nun
3069 3420 3176 3486 jam
3211 3434 3303 3487 per
3327 3421 3550 3488 gratiam
3583 3417 3843 3476 visitatio-

2267 3488 2349 3540 nis
2379 3496 2432 3542 et
2456 3487 2798 3554 cpt-rationis,
2827 3488 2918 3540 sed
2945 3503 3035 3558 per
3056 3489 3219 3555 ipsam
3242 3487 3572 3556 praisentiam
3596 3491 3849 3558 majesta-

2269 3557 2379 3629 tis_:
2407 3566 2564 3629 atque
2595 3558 2646 3609 in
2680 3573 2956 3629 vasa_non
2975 3557 3084 3626 jatu
3133 3558 3266 3629 odor
3311 3559 3549 3623 balsami,
3600 3557 3692 3614 sed
3733 3561 3846 3629 ipsa

2267 3627 2556 3698 substantia
2578 3629 2712 3681 sacri
2744 3627 2963 3698 deﬂuxit
2989 3628 3260 3696 unguenti,
3289 3643 3352 3682 ex
3380 3630 3530 3697 cujus
3557 3627 3846 3698 fragrantia

2267 3697 2490 3768 latitudo
2518 3698 2678 3768 totius
2717 3697 2861 3768 orbis
2909 3699 3234 3768 impleretur,
3267 3707 3319 3752 et
3359 3697 3842 3768 apprOpinquantcs

2267 3767 2332 3840 ad
2357 3781 2540 3840 eorum
2570 3767 2889 3840 doctrinam,
2932 3769 3023 3821 Dei
3040 3767 3237 3840 ﬁerent
3258 3767 3480 3837 capaces
3506 3767 3660 3840 atque
3685 3772 3849 3839 parti-

2267 3837 2432 3909 cipes.
2479 3837 2628 3890 Sedit
2664 3852 2790 3906 ergo
2820 3852 2978 3905 super
3006 3837 3238 3909 singulos
3265 3840 3414 3906 quasi
3438 3837 3592 3908 ignis,
3619 3837 3698 3895 de
3734 3857 3842 3909 quo

2268 3906 2510 3959 Salvator
2536 3916 2718 3960 noster
2745 3916 2984 3972 testatur,
3017 3906 3191 3975 Ignem
3231 3909 3338 3960 veni
3369 3906 3558 3961 mitiere
3584 3910 3633 3960 in
3663 3906 3846 3964 terram

2269 3975 2417 4046 (Luc.
2443 3992 2536 4039 xu,
2582 3977 2670 4044 49)
2692 4019 2706 4039 ,
2738 3976 2804 4050 de
2833 3993 2938 4046 quo
2987 3979 3186 4050 dictum
3217 3988 3318 4050 est,
3362 3977 3499 4031 Deus
3521 3990 3685 4032 noster
3711 3981 3844 4050 ignis

2267 4045 2566 4098 consumens
2611 4057 2682 4099 est
2728 4045 2904 4112 (Deut.
2959 4064 3028 4110 tv,
3056 4047 3168 4115 2.5).
3219 4048 3332 4115 Ipse
3364 4053 3536 4116 itaque
3565 4045 3845 4116 Apostolus

2268 4129 2392 4167 suos
2417 4117 2548 4169 viva:
2578 4117 2710 4168 lucis
2758 4117 2901 4170 fonte
2951 4119 3215 4185 perfudit;
3269 4133 3320 4168 ιιι
3377 4119 3473 4185 ipsi
3512 4122 3844 4186 postmodum

2269 4186 2569 4238 universum
2614 4186 2864 4239 mundum
2895 4197 3140 4255 tanquam
3163 4189 3439 4241 duodecim
3475 4189 3602 4241 solis
3631 4191 3761 4242 radii
3781 4207 3845 4244 ac

2269 4255 2484 4307 totidem
2510 4255 2778 4324 lampades
2801 4258 3033 4309 veritatis
3056 4258 3370 4319 illuminent,
3399 4267 3452 4310 et
3473 4260 3712 4312 inebriati
3743 4277 3842 4312 lto~

2268 4341 2332 4376 vo
2351 4326 2472 4377 vino
2492 4327 2729 4394 repleant
2753 4334 2910 4394 atque
2933 4328 3152 4396 irrigent
3175 4329 3402 4380 sitientia
3427 4328 3585 4380 corda
3615 4331 3842 4398 pepulo-

2265 4409 2400 4446 TUIII.

2337 4465 2388 4518 5.
2423 4463 2776 4540 Apostolorum
2801 4465 3231 4540 perfectioniquid
3245 4466 3424 4537 adjecit
3447 4466 3688 4520 adventus
3719 4469 3842 4540 Spi-

2265 4534 2391 4605 ritus
2412 4535 2590 4586 sancti.
2615 4533 2942 4605 Inquiramus
2974 4535 3074 4589 hoc
3100 4538 3214 4590 loco
3251 4533 3371 4605 post
3398 4553 3591 4591 resurrt
3610 4533 3838 4594 ctionem

2266 4604 2364 4678 vel,
2379 4606 2738 4678 ascensionem
2761 4604 2988 4678 Domini,
3007 4606 3132 4673 quid
3149 4604 3318 4678 adhuc
3337 4607 3489 4678 adjici
3510 4619 3672 4676 passu
3691 4615 3838 4678 Apo-

2265 4674 2522 4746 stolorum
2580 4673 2886 4746 perlectioni
2945 4673 3551 4746 pet-participationem
3607 4673 3831 4746 Spiritus

2265 4743 2453 4796 sancti.
2484 4744 2608 4795 Erat
2633 4744 2842 4812 quidem
2869 4745 2918 4796 iu
2948 4746 3026 4797 eis
3052 4745 3213 4809 ﬁdes;
3243 4746 3332 4799 sed
3365 4746 3564 4801 Ιίόιιείω
3592 4743 3838 4802 consum-

2267 4815 2337 4866 tia
2357 4813 2711 4886 deerat.__.|aui
2755 4815 2964 4886 quidem
2995 4815 3260 4869 Christum
3291 4832 3384 4886 per
3409 4819 3650 4870 universa
3682 4828 3832 4886 pote-

2265 4891 2383 4936 rant
2431 4882 2720 4950 przedicare
2769 4901 2783 4938 :
2828 4885 2919 4937 sed
2959 4886 3131 4938 adhuc
3166 4901 3260 4953 pro
3295 4882 3518 4954 Christo
3562 4882 3727 4954 usque
3769 4889 3833 4942 ad

2266 4956 2493 5018 mortem
2524 4956 2733 5018 certare
2757 4962 2862 4998 non
2890 4956 3157 5018 poterant;
3193 4965 3362 5018 usque
3387 4953 3524 5006 adeo
3542 4953 3819 5006 utn’ullum

2262 5029 2326 5067 ex
2350 5015 2628 5086 discipulis
2652 5017 2994 5070 coronat-erit
3013 5017 3184 5084 palma
3212 5015 3448 5086 martyrii
3477 5029 3601 5072 ante
3617 5023 3818 5074 adven-

2259 5094 2374 5136 tum
2391 5085 2621 5151 Spiritus
2638 5087 2830 5154 sancti.
2853 5087 3115 5139 Pneterea
3128 5090 3240 5154 jam
3258 5085 3551 5141 recesserat
3567 5105 3632 5143 ex
3648 5090 3823 5143 oculis

2257 5168 2444 5208 eorum
2477 5154 2739 5208 Dominus
2762 5153 2937 5217 Jcsus,
2960 5157 3169 5223 quieos
3204 5157 3592 5223 pr.e.dicatione
3622 5159 3816 5212 visibili

2255 5237 2320 5293 os
2339 5224 2406 5277 ad
2428 5240 2488 5277 os
2504 5224 2730 5293 loquens
2745 5226 3150 5287 corroborabat,
3182 5237 3236 5280 et
3262 5227 3517 5281 virtutum
3539 5226 3817 5282 miraculis

2257 5292 2594 5348 instruebat:
2624 5305 2678 5348 et
2709 5297 2837 5348 dum
2871 5311 2994 5348 cum
3020 5311 3085 5348 eo
3111 5305 3285 5359 erant,
3327 5297 3486 5351 facile
3526 5299 3817 5353 credebant

2254 5365 2701 5436 quaevidebant;
2751 5365 2886 5436 ﬁdes
2910 5367 3270 5434 adjuvabatur
3299 5367 3629 5435 aspectibus.
3676 5382 3814 5436 prte-

2253 5433 2497 5507 sentibus
2522 5435 2943 5507 conﬁrmabatur
2965 5433 3240 5505 cperibus.
3261 5433 3432 5507 signis
3443 5453 3507 5491 ac
3527 5433 3812 5491 virtuiibus

2253 5505 2594 5568 pascebatur.
2627 5505 2916 5571 Postquam
2947 5522 3077 5561 vero
3101 5505 3360 5560 Dominus
3387 5507 3548 5559 Jesus
3570 5508 3812 5561 sublatus

2251 5585 2316 5624 ex
2339 5576 2510 5629 oculis
2540 5591 2726 5628 eorum
2758 5578 2980 5630 recessit
3013 5577 3064 5630 in
3096 5577 3312 5639 etelum,
3345 5591 3450 5629 non
3476 5577 3812 5630 suﬁiciebant

2251 5645 2493 5714 attonita:
2523 5659 2586 5698 ac
2615 5647 2836 5712 trepidae
2861 5663 3048 5700 eorum
3084 5657 3316 5705 mentes,
3340 5657 3400 5698 ut
3433 5647 3654 5714 dignum
3675 5655 3806 5700 erat.

2251 5711 2488 5767 cmleslia
2522 5723 2575 5767 et
2595 5711 2796 5769 acterna
2823 5717 3057 5786 cogitare
3078 5734 3104 5768 :.
3122 5731 3222 5770 nec
3249 5711 3609 5784 praevalebant
3635 5717 3808 5770 adhuc
