3996 6460
242 300 382 354 2189

248 413 442 467 Reatini
452 413 590 464 iam:
607 422 918 482 peccatorum
931 421 1140 480 septem.
1154 410 1374 482 Decimo
1390 409 1474 463 die
1487 417 1610 478 post
1635 421 1821 482 ascen-

245 487 477 545 sionem,
507 478 779 550 discipulis
800 498 907 546 prae
932 478 1120 534 timore
1138 481 1437 534 Judicorum
1467 478 1817 550 congregatis,

251 553 510 606 Dominus
542 549 854 620 promissum
882 553 1206 605 Paracletuin
1234 551 1403 612 misit;
1439 566 1546 616 quo
1581 549 1822 603 veniente

249 632 310 676 ιιι
337 623 572 677 candens
594 623 786 674 ferrum
815 621 1142 683 inﬂammati,
1165 622 1506 688 omniumque
1528 621 1817 689 linguarum

251 694 438 759 peritia
460 693 663 758 repleti.
685 693 994 761 Symbolum
1012 687 1817 761 composueruutLPeti-iisilixit,

247 756 426 817 Credo
453 765 502 816 in
527 756 707 816 illrum
728 756 946 815 Patrem
973 756 1407 828 omnipotentem.
1440 759 1535 813 Ubi
1567 759 1690 812 dicit
1716 756 1818 828 Pa-

251 841 413 896 trem,
435 833 743 899 intelligitur
760 831 937 887 Filius.
963 827 1268 896 intelligitur
1282 839 1334 882 et
1349 829 1604 898 Spiritus:
1627 827 1821 899 utrius-

247 917 357 970 que
386 903 578 956 etenim
609 897 807 954 ﬁliarum
849 903 1003 954 trium
1047 897 1816 970 personarum,stilistantiapiii-

249 967 583 1039 setiarabilis.
612 973 1035 1038 Omnipotentem
1050 967 1199 1033 dicit,
1230 971 1350 1038 quia
1378 983 1496 1021 eum
1524 969 1571 1020 ci
1601 967 1726 1020 nihil
1752 967 1820 1039 sit

249 1037 602 1108 iiii-possibile,
634 1037 828 1094 malum
861 1056 960 1093 non
988 1049 1188 1108 potest;
1213 1040 1334 1106 quia
1365 1039 1407 1089 si
1435 1037 1820 1108 possenou'iui»

250 1106 443 1179 [uit—ens
472 1126 574 1162 non
619 1120 779 1164 esset.
825 1106 1127 1164 Creatorem
1157 1110 1274 1163 (ξωιὶ
1308 1117 1362 1161 et
1391 1117 1574 1179 terrm:
1602 1123 1693 1179 per
1723 1106 1820 1158 Pu-

246 1175 390 1233 ireiii
422 1182 596 1233 omnia
639 1180 915 1248 signiﬁcat.
966 1180 1202 1232 Andreas
1243 1178 1395 1240 dixit,
1435 1177 1500 1230 Et
1528 1177 1596 1248 riu
1637 1175 1816 1248 Iesum

245 1249 519 1303 Christum
551 1246 734 1303 Filium
776 1251 910 1316 ejus.
949 1249 1103 1302 Jcsus
1142 1263 1332 1301 nomen
1365 1246 1817 1316 pi‘0priuin'inter-

249 1330 492 1387 pretatur
529 1315 1080 1382 Salvator;Chrixtus
1129 1317 1524 1384 appellativum,
1573 1315 1819 1387 hebraice

246 1385 444 1442 dicitur
494 1389 717 1450 Unctiis;
762 1390 880 1457 ungi
925 1389 1064 1441 enim
1099 1387 1374 1457 Propheta:
1415 1395 1467 1438 et
1507 1385 1820 1457 reges_sole-

245 1459 399 1511 bant.
432 1459 654 1514 Unicum
689 1455 963 1512 Dominum
1013 1469 1270 1510 nosmim.
1303 1456 1525 1510 Unicum
1568 1455 1692 1507 dicit
1735 1469 1819 1507 se-

245 1529 483 1582 cundum
535 1539 802 1580 naturam:
831 1528 994 1580 Adam
1023 1537 1073 1580 et
1102 1527 1210 1578 Eva
1237 1527 1394 1579 etiam
1425 1525 1514 1579 Dei
1554 1525 1643 1576 lilii
1674 1533 1813 1585 sunt,

247 1598 347 1650 Sed
380 1599 632 1665 adoptivi.
664 1597 892 1651 Jacobus
921 1597 1072 1658 dixit,
1097 1597 1193 1660 Qui
1218 1605 1503 1661 conceptus
1517 1604 1599 1665 est
1616 1593 1679 1645 de
1695 1593 1817 1665 Spit

245 1669 358 1720 ritu
389 1661 602 1721 sancto:
635 1684 736 1720 non
768 1667 905 1734 quod
931 1667 1156 1732 Spiritus
1185 1674 1332 1731 pater
1365 1665 1480 1730 ejus
1509 1663 1696 1724 fuerit;
1728 1661 1816 1715 Sed

246 1739 392 1804 quod
424 1753 516 1804 per
545 1737 1048 1790 administrationem
1075 1735 1302 1802 Spiritus
1325 1735 1514 1804 sancti,
1552 1741 1606 1799 et
1643 1746 1708 1804 eo
1731 1748 1818 1804 co-

248 1801 514 1869 operante
545 1825 593 1859 in
618 1808 718 1859 lidc
748 1807 916 1859 Mariae
943 1817 1230 1872 conreptus
1251 1813 1349 1856 est.
1380 1803 1543 1856 Natus
1572 1817 1634 1854 ex
1662 1801 1816 1854 Maria

247 1877 485 1944 virgine;
510 1893 628 1944 qua:
657 1879 803 1936 virgo
832 1877 1095 1942 concepit,
1123 1884 1176 1928 et
1215 1874 1361 1943 virgo
1391 1872 1612 1944 peperit,
1644 1873 1815 1944 virgo-

247 1941 359 2013 que
387 1941 694 2013 permansit.
725 1945 956 1999 Joannes
985 1941 1138 2008 dixit,
1169 1941 1360 1998 Passus
1390 1942 1701 2013 suerontio
1733 1941 1818 2013 lli-7

249 2011 360 2066 lato
383 2011 400 2067 τ’
421 2013 520 2070 hoc
549 2016 692 2076 dicit,
726 2032 790 2068 ne
821 2016 871 2067 in
899 2016 1055 2068 alium
1097 2014 1362 2066 tlhristuni
1388 2011 1687 2074 credamus,
1718 2011 1815 2064 nisi

248 2083 308 2136 in
337 2086 502 2148 illum,
533 2086 618 2152 qui
647 2085 696 2137 in
727 2095 960 2150 tempore
988 2084 1134 2137 Pilati
1163 2097 1344 2151 passus
1367 2093 1477 2144 est;
1501 2081 1816 2152 nan’imulti,

249 2153 395 2206 sicut
430 2156 522 2220 ait,
551 2149 844 2207 antichristi
893 2154 1024 2205 falso
1072 2149 1268 2216 dicent,
1303 2153 1410 2219 Ego
1438 2167 1554 2206 sum
1580 2149 1820 2202 Christus

248 2221 466 2293 (Matth.
502 2239 649 2288 xxiv,
677 2224 790 2292 2i).
827 2222 1138 2293 Cruciﬁxus,
1189 2233 1447 2284 mortuus,
1480 2228 1542 2293 et
1563 2221 1816 2288 sepultus,

248 2290 544 2346 Secundum
571 2290 783 2347 carnem
810 2311 821 2343 :
852 2293 914 2346 ad
939 2292 1037 2346 hoc
1066 2303 1217 2346 natus
1238 2300 1386 2346 estut
1406 2290 1817 2356 cruciﬁgeretur,

249 2361 321 2414 ad
353 2362 451 2416 hoc
477 2364 754 2416 crucitixus
787 2373 841 2416 ιιι
883 2371 1195 2424 moreretur,
1240 2361 1304 2414 ad
1349 2360 1448 2412 hoc
1495 2370 1736 2412 mortuus
1767 2371 1822 2410 ut

251 2442 576 2497 rcsorgerct,
603 2433 665 2484 ad
695 2432 792 2485 hoc
824 2432 1108 2485 resurrexit
1135 2442 1189 2484 ut
1215 2447 1311 2484 nos
1329 2429 1659 2498 justilicaret.
1681 2426 1821 2481 Tho-

252 2518 372 2554 inas
395 2502 552 2565 dixit,
586 2503 865 2555 Descendit
894 2504 957 2554 ad
993 2501 1193 2555 inferna
1219 2519 1232 2553 :
1259 2501 1306 2552 id
1334 2510 1433 2562 est,
1465 2499 1516 2552 in
1539 2498 1710 2550 anima
1732 2513 1822 2551 co-

252 2572 479 2624 mitante
520 2571 866 2636 divinitatem,
913 2587 1133 2639 corpore
1161 2585 1289 2624 vero
1320 2571 1368 2622 in
1401 2569 1644 2639 sepulcro
1670 2568 1819 2634 quie-

247 2652 455 2694 Sccntc.
478 2641 648 2694 Tertia
673 2641 756 2694 die
782 2637 1068 2704 resurrexit
1087 2657 1115 2694 a
1135 2641 1382 2700 mortuis;
1403 2648 1457 2690 ut
1475 2637 1623 2690 nobis
1644 2651 1824 2689 exem-

250 2711 400 2777 plum
453 2719 505 2763 ct
554 2711 707 2762 lidem
764 2711 1164 2764 resurrectionis
1221 2708 1544 2763 ostenderet.
1593 2706 1822 2760 Jacobus

253 2779 409 2843 dixit,
433 2780 678 2833 Ascendit
707 2779 771 2831 ad
800 2781 996 2834 cmlos:
1030 2780 1080 2832 in
1114 2781 1220 2847 ipsa
1249 2793 1425 2832 carne.
1453 2777 1502 2829 in
1535 2792 1634 2844 qua
1669 2786 1820 2829 natus

252 2857 338 2918 est
361 2861 410 2900 ct
442 2865 639 2917 passus,
668 2850 718 2902 in
745 2853 851 2918 ipsa
882 2851 1169 2903 resurrexit
1194 2860 1246 2901 ct
1267 2849 1432 2901 victor
1457 2848 1620 2918 cmlos
1646 2860 1822 2918 ascen-

251 2917 354 2969 dit.
378 2913 532 2972 Se'det
565 2919 628 2971 ad
661 2913 928 2972 dexteram
956 2919 1045 2972 Dei
1073 2918 1243 2972 Patris
1269 2916 1662 2984 omnipotentis.
1693 2913 1820 2968 Dex-

251 2997 369 3040 tera
404 2990 567 3042 I'atris
598 2989 994 3058 prosperitatem
1024 2989 1360 3058 ι’ὶιωιιοδιιω
1381 3005 1394 3050 ;
1415 2988 1623 3058 sinistra
1646 2991 1820 3038 autem

250 3058 517 3125 signiﬁcat
549 3054 752 3126 pomarii
785 3059 994 3112 inl'i-rni.
1029 3057 1296 3125 Philippus
1324 3057 1474 3118 dixit,
1499 3054 1625 3109 lude
1647 3062 1820 3126 ventu-

250 3121 347 3179 rn's
389 3137 468 3181 est
507 3121 744 3195 judicare
785 3129 930 3180 vivos
977 3137 1029 3180 ct
1074 3121 1341 3181 mortuos:
1374 3127 1424 3178 in
1455 3142 1558 3194 quo
1586 3121 1822 3177 ascendit

249 3209 497 3264 corpore,
524 3207 779 3250 venturus
807 3205 887 3251 est
923 3196 985 3249 ad
1022 3197 1298 3266 judicium,
1325 3196 1494 3266 justus
1517 3201 1820 3266 apeccato-

253 3262 402 3318 ribus
429 3267 709 3333 separabit.
741 3262 1154 3320 Bai-tliolomaeus
1183 3262 1334 3326 dixit,
1362 3263 1533 3319 Credo
1559 3264 1608 3317 in
1649 3262 1820 3333 Spirig

252 3343 365 3387 tum
407 3331 664 3395 sanctum.
690 3353 720 3390 a
746 3353 851 3404 quo
881 3336 1039 3391 l’ater
1065 3347 1113 3389 et
1143 3334 1302 3388 Filius
1329 3336 1377 3386 in
1405 3349 1500 3386 suo
1529 3331 1818 3404 opere,_vel

252 3403 306 3456 in
334 3407 590 3458 catholica
633 3406 733 3459 title
761 3401 990 3473 Separari
1035 3406 1176 3458 nullo
1219 3404 1375 3458 modo
1419 3401 1657 3472 possunt.
1689 3401 1820 3473 Mat-

255 3477 428 3527 tlimus
453 3476 601 3536 dixit,
633 3471 876 3530 Sanctam
908 3475 1194 3528 Ecclesiam
1223 3474 1570 3528 catholicam:
1599 3471 1818 3524 catholi-

250 3559 396 3607 c:im,
426 3545 473 3597 id
502 3555 604 3609 est,
635 3546 1005 3610 univcrsalem,
1052 3545 1102 3597 in
1137 3561 1237 3614 qua
1269 3555 1466 3598 tantum
1496 3553 1706 3614 peccata
1737 3556 1820 3596 re-

255 3614 558 3679 mittuntur,
591 3629 706 3681 qua:
750 3615 980 3666 omnium
1025 3613 1390 3668 hiereticorum
1439 3613 1705 3682 pravitate
1735 3626 1818 3664 re-

252 3684 425 3750 pulsa,
456 3685 521 3737 ab
551 3692 667 3737 ortu
711 3685 837 3738 solis
886 3699 1050 3752 usque
1090 3685 1154 3738 ad
1200 3681 1449 3738 occasum
1491 3681 1817 3752 diffunditur.

254 3751 570 3822 Sanctorum
600 3751 1021 3806 communionem
1045 3771 1056 3804 :
1083 3753 1202 3822 quia
1232 3753 1368 3806 dona
1399 3753 1563 3805 sancti
1595 3751 1820 3818 Spiritus

255 3820 378 3875 licet
407 3823 452 3875 iu
482 3823 581 3876 hac
607 3823 708 3876 vita
737 3824 942 3878 diversa
972 3824 1078 3876 sint
1105 3820 1156 3876 in
1186 3823 1422 3890 singulis,
1453 3823 1503 3874 in
1525 3822 1819 3874 arternitate

256 3899 434 3944 tainen
467 3901 619 3946 erunt
644 3894 940 3946 cmnmunia
971 3897 1018 3945 in
1047 3894 1334 3956 universis;
1359 3901 1414 3944 ut
1437 3891 1574 3959 quod
1600 3892 1820 3959 quisque

252 3971 561 4014 Sanctorum
593 3963 766 4016 minus
796 3963 972 4015 habuit
1006 3963 1056 4015 in
1087 3978 1163 4022 se,
1209 3961 1308 4014 hoc
1348 3963 1397 4014 in
1426 3963 1593 4013 aliena
1629 3961 1820 4014 virtute

254 4033 556 4100 participet.
609 4032 790 4085 Simon
837 4033 986 4097 dixit,
1031 4033 1412 4086 “emissionem
1462 4040 1816 4100 peccatorum.

255 4099 474 4168 Sis-ptem
505 4113 625 4155 sunt
657 4103 996 4156 remissiones
1026 4110 1358 4171 peccatorum
1386 4117 1398 4150 :
1435 4099 1602 4170 prima
1648 4099 1822 4166 Bapti-

253 4171 378 4234 snii,
400 4172 624 4224 secunda
655 4172 993 4238 pmnilcntim,
1015 4172 1163 4224 tertia
1181 4171 1370 4224 divinae
1394 4171 1619 4236 pietatis,
1637 4180 1820 4236 quarta

256 4241 408 4310 venia
443 4256 534 4308 per
562 4241 933 4310 indulgentiam
963 4241 1313 4306 inimicorum,
1337 4240 1514 4308 quinta
1534 4255 1626 4307 per
1642 4253 1818 4291 veram

255 4309 587 4379 charitatem,
614 4309 758 4364 sexta
791 4327 883 4379 per
907 4311 1316 4379 eleemosyiiam,
1335 4311 1554 4376 septima
1577 4323 1670 4379 per
1688 4323 1823 4376 prie-

254 4377 573 4448 dicationem
627 4395 729 4448 qua
787 4377 1024 4434 errantes
1078 4377 1476 4433 convertuntur.
1526 4378 1822 4432 'l‘liaddueus

255 4447 406 4507 dixit.
431 4448 617 4502 Carnis
647 4447 1117 4503 resurrectionem:
1143 4451 1191 4502 id
1219 4458 1318 4513 est,
1351 4452 1398 4501 in
1431 4450 1540 4517 ipsa
1580 4463 1737 4501 carne
1769 4449 1820 4503 in

254 4532 359 4583 qna
391 4519 634 4584 vivimus,
663 4534 1025 4588 resurgeiuus;
1056 4533 1158 4572 non
1189 4534 1393 4582 sexum,
1434 4519 1527 4572 sed
1566 4517 1819 4587 fragilita-

256 4595 364 4659 tem
393 4597 672 4659 mutantes.
705 4587 852 4642 Tunc
879 4590 1043 4643 sancti
1070 4590 1158 4659 qui
1181 4605 1319 4642 nunc
1354 4589 1564 4659 habent
1588 4588 1821 4659 singulas

255 4657 443 4720 stolas,
478 4658 527 4711 id
557 4666 654 4717 est.
686 4659 955 4726 pratniium
981 4657 1120 4722 vitia,
1143 4669 1266 4712 tunc
1287 4659 1436 4712 binas
1460 4657 1738 4726 accipient,
1769 4658 1820 4711 id

254 4735 359 4798 est,
393 4728 630 4794 corporis
659 4738 712 4781 et
737 4729 926 4780 animae
956 4729 1211 4798 pretium;
1240 4737 1546 4796 peccatores
1573 4742 1698 4780 vero
1728 4727 1821 4780 dii-

255 4797 446 4863 pliccm
479 4813 684 4864 pinnam
726 4797 1002 4865 accipient,
1043 4807 1100 4850 ut
1127 4813 1245 4865 quin
1273 4799 1321 4849 in
1365 4798 1461 4850 hac
1489 4799 1589 4850 vita
1629 4811 1820 4863 conus

255 4867 413 4918 simul
458 4877 510 4919 et
543 4868 715 4919 anima
756 4877 1175 4934 prouieruerunt,
1209 4868 1401 4934 pariter
1443 4868 1494 4920 in
1540 4867 1625 4920 illa
1655 4868 1821 4936 perci-

255 4936 423 5000 piant.
455 4936 698 4990 Matthias
734 4935 884 5002 dixit,
931 4937 1098 4988 Vitam
1138 4947 1422 4998 arternani;
1451 4952 1605 5005 quam
1650 4935 1822 4990 utilius

257 5005 379 5076 linis
433 5007 766 5071 terminabit,
814 5007 1012 5060 nullum
1055 5005 1237 5059 vitium
1278 5005 1526 5070 foedabit,
1569 5005 1822 5076 a'gritudo

253 5074 399 5126 nulla
430 5077 778 5130 contristabit.

326 5143 382 5195 2.
425 5143 663 5197 Firmiter
685 5145 896 5199 tenenda
921 5145 1046 5214 ﬁdes
1073 5145 1442 5215 Apostolorum.
1470 5145 1706 5214 Apostoli
1729 5145 1824 5198 ita-

253 5227 363 5285 que
389 5215 560 5268 sancti
588 5216 814 5284 Spiritus
843 5215 962 5285 igne
1004 5226 1247 5285 tanquam
1269 5231 1474 5285 aurum
1516 5215 1818 5279 examinati,

255 5292 311 5334 et
346 5283 601 5338 hactenus
622 5283 679 5337 3e
707 5283 940 5339 tenuisse
961 5283 1234 5353 indignati,
1255 5284 1565 5339 llducialiter
1583 5285 1826 5339 exierunt

255 5354 649 5424 evangelium,
684 5356 820 5409 sicut
851 5356 1099 5408 Dominus
1126 5365 1468 5424 praeceperat,
1501 5355 1644 5409 omni
1674 5370 1822 5410 crea-

255 5430 391 5476 tura:
434 5421 622 5492 (Marc.
659 5440 769 5489 xvi,
821 5425 930 5495 15),
977 5421 1217 5479 errantes
1260 5421 1327 5479 ad
1367 5425 1524 5479 vitam
1554 5439 1823 5489 revocare,

249 5551 302 5601 ιιι
325 5551 518 5612 Thema,
552 5554 788 5605 Thadilieo
823 5561 872 5605 et
902 5556 1107 5605 blatthh.
1148 5563 1294 5607 Docet
1327 5557 1558 5608 Christum
1599 5557 1828 5607 hebraice

247 5612 569 5736 unctum
593 5631 605 5665 :
633 5624 686 5666 et
707 5617 755 5666 in
777 5619 970 5668 ceteris
988 5618 1182 5667 demum
1222 5621 1417 5672 minime
1451 5622 1713 5682 respondet
1737 5631 1827 5670 tiu-

337 5689 342 5695 -
387 5691 464 5726 no.

337 5689 464 5726 iuno.

1621 290 1846 348 SEltMO
1883 289 2098 349 CCXLl.

3357 299 3492 353 2190

1928 405 2208 461 credentes
2251 403 2534 473 baptizare.
2583 402 2689 458 Nos
2727 414 2920 465 autem,
2961 403 3145 458 fratres
3174 403 3490 472 charissimi.

1929 476 2082 527 iidem
2101 485 2152 528 et
2181 475 2517 544 Evangeliuin
2541 474 2914 541 Apostoli'irtun
2939 490 3031 541 per
3052 490 3385 532 succcSSorcs
3405 496 3493 532 eo-

1928 560 2044 596 rum
2076 542 2228 599 nobis
2253 542 2520 606 traditum,
2553 545 2796 609 lideliter,
2831 544 3154 612 tiriniterque
3183 556 3492 608 teneamus;

1927 625 2136 681 pactum
2161 616 2341 678 etiam,
2373 615 2510 684 quod
2542 629 2660 684 cum
2692 613 2914 667 Domino
2941 613 2991 666 in
3021 615 3338 684 Baptismate
3370 618 3493 672 feci-

1927 699 2064 745 mus,
2099 683 2404 738 inviolatum
2431 683 2822 747 custodiamus;
2847 694 2935 736 aut
2974 684 3017 736 si
3049 683 3313 752 peccando
3342 688 3490 741 cadi-

1925 770 2063 815 mus,
2117 754 2424 820 pmnitendo
2450 755 2554 808 cito
2588 768 2802 818 surgere
2850 753 3154 806 Studeamus
3191 772 3204 807 :
3237 765 3291 809 ut
3319 757 3491 812 securi

1925 834 2293 891 exspectemus
2311 823 2592 877 adventum
2607 821 2801 893 Christi
2820 824 3128 884 secundum,
3150 825 3228 878 his
3246 827 3334 893 qui
3355 826 3491 881 bona

1923 903 2164 965 egerunt,
2194 895 2309 965 plus
2331 909 2486 965 quam
2519 893 2568 946 in
2597 908 2689 946 cor
2717 892 2944 965 inmunis
2974 893 3137 960 possit
3178 892 3487 965 ascendere,

1922 962 2363 1026 desiderabilem;
2393 964 2493 1016 illis
2522 978 2646 1015 vero
2687 962 2775 1030 qui
2804 962 2939 1016 mala
2965 972 3206 1032 egerunt,
3239 962 3483 1021 [οι-ιιιξάαὲ

1921 1033 2082 1087 bilem
2105 1033 2260 1087 nimis
2284 1042 2440 1103 atque
2469 1032 2775 1086 terribilem.

2414 1141 2642 1199 SERMO
2678 1143 2876 1198 CCXLI
2923 1144 3020 1214 (a).

2453 1239 2520 1281 De
2541 1232 2774 1296 Symbolo,
2799 1247 2828 1284 v
2851 1233 2941 1296 (ὁ).

1994 1319 2044 1371 1.
2076 1316 2370 1382 Symbolum
2401 1316 2517 1381 ﬁdei
2552 1327 2623 1368 est
2665 1315 3057 1382 comprehensio.
3099 1313 3268 1377 Quare
3302 1317 3373 1370 sic
3411 1318 3488 1370 ιιι-

1922 1398 2074 1458 ctum.
2107 1385 2328 1458 Quidra:
2357 1385 2444 1458 illo
2473 1386 2728 1458 apostolus
2757 1386 2974 1458 quisque
2991 1387 3284 1458 composuit.
3302 1457 3307 1458 ί
3327 1387 3487 1458 Sym-

1923 1457 2096 1510 bolum
2126 1456 2264 1519 quod
2294 1455 2440 1508 vobis
2467 1455 2703 1506 tradituri
2730 1469 2931 1513 smnus.
2957 1455 3142 1517 fratres
3169 1455 3483 1519 charissimi,

1921 1524 2328 1594 comprehensio
2366 1535 2447 1577 cst
2480 1524 2596 1577 Iidci
2627 1535 2820 1594 nostra;
2849 1536 3005 1594 atque
3032 1524 3285 1592 perfectio
3309 1565 3322 1587 ,
3354 1527 3486 1578 sim—

1925 1592 2062 1664 plex,
2092 1597 2274 1658 breve,
2310 1595 2555 1663 plenum;
2587 1603 2641 1648 ut
2669 1592 2975 1664 simplicitas
2999 1594 3239 1664 consulat
3265 1595 3486 1648 audien-

1924 1662 2049 1718 tium
2081 1662 2378 1720 rusticitati.
2413 1664 2644 1716 brevitas
2672 1663 2958 1723 memoriae,
2995 1662 3263 1728 plenitudo
3289 1665 3487 1719 doctri-

1924 1751 2024 1787 nae.
2053 1733 2202 1800 Quod
2235 1735 2373 1788 enim
2401 1748 2571 1799 graice
2597 1731 2902 1801 Symbolum
2934 1731 3144 1793 dicitur,
3179 1732 3338 1787 latine
3364 1735 3484 1787 Col-

1923 1805 2048 1857 latio
2079 1805 2397 1868 nominatur.
2429 1802 2655 1856 Collatio
2684 1802 2832 1864 ideo,
2862 1802 2982 1868 quia
3009 1801 3197 1854 collata
3229 1803 3278 1854 in
3323 1819 3481 1856 unum

1923 1875 2198 1928 catholica:
2225 1874 2352 1942 legis
2386 1869 2516 1926 ﬁdes
2539 1870 2771 1942 Syiuboli
2799 1870 3060 1938 Colligitur
3087 1869 3361 1942 brevitate,
3395 1889 3486 1926 cu-

1918 1942 2004 2014 jus
2049 1952 2247 1998 textum
2282 1941 2672 2014 ’vobis‘inodo,
2724 1941 2842 2014 Uco_
2879 1950 3185 2014 annuente,
3226 1941 3481 2014 dicemus.

1926 2013 2110 2067 Petrus
2136 2014 2295 2075 dixit,
2324 2009 2495 2065 Credo
2534 2012 2583 2064 in
2623 2011 2782 2063 Deum
2812 2009 3016 2063 Patrem
3047 2009 3481 2076 omnipotentem.

1921 2083 2152 2137 Joannes
2173 2083 2321 2147 dixit,
2343 2081 2644 2134 Creatorem
2670 2079 2790 2132 cudi
2813 2090 2866 2133 ct
2891 2087 3065 2132 terra).
3084 2079 3308 2134 Jacobus
3331 2082 3481 2146 dixit,

1923 2153 2096 2206 Credo
2122 2165 2175 2206 et
2201 2153 2251 2206 in
2282 2152 2460 2205 Jcsum
2492 2150 2756 2204 Christum
2786 2147 2970 2202 Filium
2999 2149 3112 2216 ejus
3143 2150 3350 2204 unicum
3378 2153 3484 2206 Do-

1924 2223 2121 2274 minum
2148 2230 2409 2276 nostrmn.
2438 2219 2673 2273 Andreas
2698 2219 2846 2279 dixit,
2879 2219 2976 2286 Qui
3002 2228 3288 2288 coiiCoptus
3314 2230 3395 2275 est
3419 2223 3486 2276 de

1926 2292 2122 2358 Spiritu
2153 2301 2356 2352 sancto,
2386 2301 2539 2343 natus
2565 2305 2625 2342 ex
2656 2288 2813 2340 Maria
2846 2289 3066 2356 virgine.
3097 2287 3362 2358 Philippus
3387 2293 3483 2355 ait,

1925 2361 2116 2415 Passus
2143 2362 2240 2414 sub
2271 2360 2455 2414 Pontio
2481 2359 2674 2422 Pilato,
2707 2359 2986 2411 crucilixus
3009 2399 3022 2418 ,
3058 2367 3294 2411 mortuus
3321 2369 3372 2414 ct
3398 2376 3484 2415 se-

1927 2433 2118 2498 pultus.
2152 2432 2384 2485 Thomas
2421 2431 2510 2484 ait.
2545 2427 2825 2482 Descendit
2853 2427 2917 2479 ad
2945 2425 3148 2480 inferna
3169 2467 3184 2492 ,
3218 2431 3368 2482 tertia
3397 2430 3484 2485 die

1925 2497 2214 2556 resurrexit
2238 2517 2266 2553 a
2306 2499 2547 2553 mortuis.
2587 2497 2999 2551 Bartholomarus
3024 2498 3191 2561 dixit,
3233 2499 3484 2553 Ascendit

1924 2571 1987 2622 ad
2019 2571 2181 2624 imlos
2205 2612 2220 2634 ,
2248 2571 2395 2625 sedet
2423 2569 2486 2622 ad
2517 2569 2783 2622 dexteram
2824 2567 2912 2619 Dei
2946 2567 3113 2620 Patris
3153 2570 3483 2635 omnipoten-

1927 2640 2011 2692 tis.
2041 2639 2316 2693 blattliicus
2344 2638 2473 2692 dixit
2493 2679 2506 2698 ,
2554 2637 2678 2691 Inde
2706 2647 2955 2689 venturus
2989 2636 3226 2704 judicare
3254 2640 3397 2692 vivos
3431 2650 3485 2695 ct

1926 2719 2181 2763 mortuos.
2205 2709 2431 2764 Jacobus
2461 2707 2683 2774 Alphasi,
2715 2705 2888 2759 Credo
2917 2716 2969 2760 et
2997 2707 3045 2758 in
3077 2705 3326 2774 Spiritum
3359 2723 3482 2762 san-

1923 2789 2087 2843 ctum,
2119 2790 2349 2833 Sanctam
2382 2779 2672 2832 Ecclesium
2699 2775 3030 2830 catholicam.
3051 2775 3479 2846 SimonZeiotcs,
3549 2790 3551 2792 '

1925 2849 2236 2902 Sanctorum
2269 2849 2711 2912 communionem,
2739 2846 3102 2899 remissionem
3125 2858 3480 2915 peccatorum.

1925 2917 2087 2971 Judas
2115 2919 2292 2972 Jacobi
2319 2961 2332 2985 ,
2360 2918 2545 2971 Carnis
2576 2916 3034 2970 resurrectionem.
3066 2915 3307 2970 Matthias
3337 2935 3482 2974 coni-

1924 2988 2102 3056 plevit,
2137 2987 2305 3041 Vitam
2331 2998 2603 3040 a-ternam.
2634 2991 2818 3056 Amen.

1993 3055 2044 3108 ΕΞ.
2090 3056 2245 3109 Verba
2274 3056 2503 3127 Symboli
2519 3097 2532 3120 ,
2561 3051 2771 3109 cmlestia
2792 3065 2904 3108 sunt
2933 3054 3136 3108 Domini
3172 3068 3482 3112 sacramenta

1923 3141 2034 3197 (μιαν
2047 3129 2258 3197 gratiam
2279 3128 2330 3179 iu
2355 3127 2491 3180 nobis
2519 3136 2713 3197 servant
2740 3127 3096 3197 incorruptam.
3120 3128 3306 3181 Audite
3333 3143 3479 3197 ergo,

1925 3195 2113 3268 fratres
2133 3197 2198 3252 eli
2221 3197 2448 3258 .rissiuii,
2475 3196 2842 3268 l‘tcilcinptoris
2866 3196 3028 3268 nostri
3049 3210 3226 3249 vocem
3251 3213 3342 3266 per
3363 3195 3485 3268 pro—

1964 3267 2136 3319 lii-tam
2167 3268 2426 3320 dicentem
2457 3283 2470 3318 :
2515 3264 2702 3329 Venite,
2735 3265 2828 3332 lilii
2851 3307 2866 3329 ,
2906 3264 3075 3317 audite
3108 3282 3217 3329 me;
3253 3264 3480 3321 timorem

1977 3336 2131 3388 omim’
2169 3336 2352 3390 docebo
2380 3351 2462 3389 vos
2503 3334 2654 3405 (I’sal
2712 3351 2872 3388 xxxni
2899 3375 2914 3400 ,
2965 3336 3072 3405 12').
3102 3334 3261 3389 Filios
3292 3349 3440 3392 vocat
3467 3380 3482 3402 ,

1923 3421 2056 3474 quos
2099 3406 2149 3458 in
2192 3407 2392 3474 gremio
2432 3405 2684 3457 Ecclesia:
2713 3405 2950 3458 collocat.
2993 3405 3102 3458 Nec
3138 3408 3277 3460 enim
3311 3419 3484 3474 potest

1924 3485 2093 3528 mater
2120 3475 2291 3528 vocari
2318 3516 2331 3537 ,
2366 3474 2463 3528 nisi
2497 3475 2630 3528 lilios
2663 3476 3030 3541 ριόρτυιιινυιοῑι.
3065 3474 3204 3542 Ergo
3229 3515 3242 3537 ,
3283 3474 3483 3531 charis-

1923 3546 2076 3606 simi,
2105 3546 2170 3598 ad
2215 3558 2444 3612 perenne
2472 3545 2742 3614 praemium
2774 3558 2879 3614 vos
2897 3543 3103 3596 invitari
3140 3549 3442 3614 cognoscite
3462 3589 3478 3613 ,

1924 3615 2009 3682 qui
2040 3615 2264 3673 lideliter
2289 3631 2408 3668 cuni
2441 3614 2534 3667 Dei
2576 3612 2838 3680 adiutorio
2871 3613 3133 3667 lavacrum
3175 3612 3325 3682 aqua:
3353 3612 3483 3670 vita-

1924 3683 1987 3736 lis
2025 3685 2330 3752 accepistis;
2377 3683 2457 3738 vel
2496 3683 2582 3749 qui
2624 3683 2871 3750 expetitis
2911 3694 2965 3734 ut
3005 3698 3122 3736 cum
3168 3685 3231 3738 ad
3273 3700 3481 3740 sacrum

1925 3752 2120 3806 fontem
2153 3755 2226 3808 vel
2258 3769 2432 3806 veram
2465 3753 2821 3823 pieiiitentiani
2847 3753 3210 3823 pervciicritis,
3246 3769 3338 3822 per
3361 3755 3483 3823 Spi-

1926 3824 2083 3876 ritum
2112 3834 2351 3877 sanctum
2379 3823 2624 3876 salutaris
2653 3831 2704 3875 et
2728 3821 2958 3892 caelestis
2989 3837 3080 3876 vos
3107 3821 3481 3892 unda’pcrfun-

1923 3892 2031 3945 dat.
2053 3893 2194 3957 Ideo,
2211 3893 2526 3958 charissimi,
2549 3892 2702 3960 hujus
2725 3890 2960 3962 mystcrii
2981 3890 3365 3947 sacramentum
3384 3896 3481 3956 sic.

1926 3973 1980 4016 ut
2021 3963 2125 4017 lidc
2178 3964 2515 4030 eonccpimus
2540 4002 2554 4026 ,
2593 3973 2644 4015 et
2684 3963 3159 4032 rorileicredimus
3187 4003 3201 4028 ,
3247 3964 3490 4032 perfectis

1927 4033 2140 4086 vocibus
2169 4033 2518 4087 declaremus.
2559 4031 2732 4084 Cri-ilo
2773 4031 2822 4084 in
2863 4031 3027 4085 Demn
3074 4031 3279 4087 Patrem
3319 4037 3484 4088 omni-

1927 4112 2216 4170 potentem,
2250 4114 2301 4156 et
2329 4103 2527 4171 reliqua
2557 4102 2691 4154 sicut
2719 4116 2896 4172 supra.
2931 4103 3086 4172 Ergo.
3120 4103 3442 4157 dilectissimi
3475 4143 3490 4164 ,

1926 4171 2038 4225 lucc
2063 4174 2220 4225 verba
2249 4189 2350 4224 nou
2379 4172 2626 4237 humana,
2654 4171 2745 4224 sed
2773 4171 2978 4224 Domini
2999 4177 3122 4224 sunt
3144 4173 3377 4227 ctelestia
3403 4189 3488 4227 sa-

1926 4251 2218 4306 eranienta,
2242 4258 2358 4312 quin
2387 4243 2436 4294 in
2463 4243 2651 4296 vestris
2673 4241 2920 4312 cordibus
2942 4240 3104 4312 ipsius
3127 4243 3484 4298 misericordia

1926 4325 2016 4378 pra
2037 4321 2212 4365 stante
2243 4310 2543 4374 resideant,
2574 4321 2627 4364 ut
2650 4312 2868 4378 gratiam
2899 4310 3099 4364 Domini
3130 4312 3486 4379 incorruptam

1926 4391 1977 4434 et
2018 4381 2401 4435 iiiimaculatam
2434 4395 2599 4449 usque
2627 4380 2692 4433 ad
2721 4384 2874 4433 linem
2907 4380 3224 4450 percipiatis.
3271 4381 3484 4450 Repeti-

1926 4464 2043 4503 mus
2073 4451 2268 4525 adhuc,
2289 4451 2605 4525 charissimi,
2636 4450 2976 4522 Symbolum;
3009 4461 3066 4504 ut
3089 4467 3206 4506 cum
3236 4454 3488 4525 mysterio

1926 4523 2205 4574 conveniat
2231 4521 2516 4574 Trinitatis.

1996 4591 2065 4663 ζ’).Δ
2089 4590 2426 4663 Personarum
2457 4590 2691 4663 distincta
2722 4590 3014 4663 proprietas
3034 4634 3049 4656 ,
3091 4607 3193 4644 ima
3232 4593 3486 4663 majestas.

1931 4657 2112 4730 diariis
2135 4660 2463 4730 virginitatem
2492 4659 2616 4730 ﬁdes
2641 4657 2864 4730 attingit,
2888 4677 2987 4713 non
3015 4674 3193 4730 sermo.
3236 4657 3408 4716 Credo
3433 4662 3485 4716 in

1928 4728 2114 4782 Deum.
2153 4728 2485 4783 credendum
2515 4729 2664 4782 nobis
2695 4728 2812 4795 est,
2844 4729 3032 4784 fratres
3058 4729 3351 4784 charissimi
3378 4773 3392 4796 ,
3438 4731 3488 4786 iii

1929 4798 2093 4870 Deum
2121 4799 2353 4870 Patrem,
2380 4800 2447 4851 ita
2470 4799 2600 4870 ctnin
2630 4798 2808 4852 Jesum
2834 4799 3101 4870 Christum
3134 4800 3323 4853 Filium
3354 4802 3490 4870 ejus.

1927 4867 2084 4948 Pater
2108 4869 2224 4948 sine
2254 4869 2386 4921 Filio
2409 4868 2552 4922 credi
2581 4884 2683 4920 non
2715 4878 2884 4948 potest
2912 4885 2924 4920 :
2953 4869 3072 4938 quia
3097 4870 3214 4925 licet
3241 4867 3490 4926 distincta

1928 4939 1996 4990 sit
2027 4939 2076 4990 in
2111 4939 2189 4992 eis
2220 4952 2562 5006 personarum
2589 4939 2881 5005 proprietas
2903 4978 2920 5002 ,
2966 4947 3140 4994 tamen
3185 4957 3286 4994 una
3317 4952 3399 4996 est
3440 4951 3494 4997 et

1933 5006 2217 5082 indiscreta
2243 5007 2508 5074 uiajestas.
2555 5008 2700 5061 Sicut
2731 5015 3054 5082 totuui‘ergo
3090 5011 3255 5082 potuit
3281 5026 3496 5082 semper

1931 5076 2107 5141 Pater,
2137 5077 2206 5130 ita
2237 5087 2400 5130 totum
2429 5085 2597 5145 potest
2639 5091 2848 5147 semper
2871 5077 2909 5130 F
2913 5076 3054 5133 ilius.
3080 5079 3178 5148 Qui
3207 5076 3496 5152 conceptus

1991 5189 2063 5252 (a)
2085 5187 2220 5247 olim,
2243 5189 2306 5261 de
2329 5197 2564 5260 Tempore
2601 5192 2711 5269 liii;
2739 5199 2790 5241 ot
2811 5201 2938 5300 post,
2963 5193 3010 5264 in
3035 5196 3305 5256 Appeudico
3327 5195 3405 5246 42.

1992 5250 2064 5300 (bl
2090 5257 2258 5300 Incerti
2283 5259 2514 5300 auctoris.
2537 5266 2620 5300 aut
2643 5255 2810 5300 svnilio
2831 5267 2911 5300 um
2943 5255 3036 5300 hic.
3069 5273 3091 5300 ι
3114 5265 3167 5300 ut
3188 5270 3296 5300 eum
3320 5271 3405 5300 nm

1992 5250 2064 5320 (ρ)
2090 5253 2258 5320 Incerti
2283 5250 2514 5320 auctoris,
2537 5255 2620 5314 qui
2643 5250 2911 5320 symbolum
2943 5255 3036 5320 hic,
3069 5250 3167 5306 ii'ut
3188 5270 3296 5306 cum
3319 5264 3498 5320 myste-

1938 5313 2080 5381 trio_,
2106 5327 2129 5356 ii
2159 5313 2242 5371 ait,
2273 5330 2296 5358 ii
2315 5313 2568 5381 conveniat
2588 5313 2845 5381 Trinitatis,
2862 5331 2885 5360 ι
2910 5319 3106 5381 tertium
3124 5331 3278 5381 usque
3301 5313 3497 5381 repetit.

1929 5380 2026 5430 Qua
2049 5375 2096 5422 in
2121 5386 2176 5421 re
2198 5376 2581 5440 consentientem
2603 5376 2750 5426 habet
2770 5379 3115 5440 subsequentis
3134 5375 3372 5428 sermonis
3387 5383 3502 5427 scri-

1932 5443 2149 5500 ptorem;
2168 5435 2260 5500 sed
2281 5448 2582 5500 nequaquam
2605 5435 2951 5500 Augustinum,
2979 5441 3060 5500 qui
3091 5453 3179 5488 suo
3201 5440 3376 5500 scripto
3397 5452 3504 5486 ser-

1933 5495 2078 5544 mone
2100 5495 2207 5554 2H,
2231 5495 2295 5544 de
2317 5495 2551 5559 symbolo,
2590 5495 2701 5548 ωιιῖ
2718 5501 2826 5548 ioue
2852 5495 3216 5562 impediebatur,
3251 5495 3507 5562 quominus

1933 5556 2203 5610 Symbolum
2225 5558 2379 5610 ipsum
2402 5556 2481 5606 vel
2503 5560 2658 5610 semel
2683 5515 2858 5610 Etteris
2885 5562 3147 5610 mandaret.
3171 5559 3371 5610 svmboli
3395 5574 3507 5610 sen-

1933 5556 2203 5623 Symbolum
2225 5556 2379 5623 ipsum
2402 5556 2481 5606 vel
2503 5560 2658 5610 semel
2685 5556 2858 5611 litteris
2885 5556 3371 5623 maiidaretrsym‘boli
3395 5574 3507 5623 sen-

1937 5619 2102 5694 tentiae
2134 5632 2227 5694 non
2249 5620 2434 5694 eaedem
2454 5623 2536 5691 hic
2555 5635 2770 5694 semper,
2790 5625 2882 5671 imo
2900 5635 3060 5684 paan
3084 5619 3252 5671 iisdeiu
3277 5621 3507 5684 Apostoiis

1939 5683 2230 5742 tribuuntur,
2255 5683 2428 5743 quibus
2452 5687 2498 5732 in
2519 5683 2770 5746 superiore
2789 5696 3030 5734 sermone.
