3996 6450
182 365 321 421 2201

186 477 349 530 ritum
368 517 385 541 ,
415 474 557 546 quod
585 476 633 529 ei
659 475 797 531 male
821 476 1014 531 merito
1040 477 1430 546 rependehatur
1449 477 1764 534 indebitum.

180 546 341 617 Quod
386 561 515 615 ergo
542 547 632 600 Dei
668 548 936 617 sapientia
981 550 1152 615 potuit
1196 547 1370 601 facere
1407 551 1677 617 sapienter
1713 559 1769 603 et

188 616 399 670 fortiter
421 657 436 676 .
464 616 630 689 voluit
657 616 829 689 facere
849 618 1082 671 suaviter
1100 656 1116 681 ,
1151 619 1340 689 uniens
1363 616 1787 681 sibiinlirmitaa

189 695 300 740 tem
327 688 502 740 carnis
529 688 724 741 nostra?
744 730 759 749 ,
783 703 938 757 quam
969 689 1140 756 primo
1166 688 1218 740 in
1245 703 1305 742 se
1330 700 1572 751 sanaret;
1601 698 1655 742 et
1674 704 1766 757 per

190 757 328 809 hanc
347 757 497 823 quasi
526 758 891 812 medicinalem
913 757 1297 812 coniectionem
1326 760 1504 826 generi
1538 761 1766 811 humano

188 826 472 880 sanitatem
521 830 862 882 reSIitueret:
901 844 1006 881 non
1037 828 1175 896 quod
1221 844 1324 881 non
1357 831 1584 897 potuerit
1611 829 1767 882 aliter

193 898 310 967 ticri
335 938 346 958 ,
369 905 623 964 quantum
650 897 715 951 ad
742 898 981 965 peritiam
1009 906 1064 952 et
1085 898 1371 967 potentiam
1400 898 1583 951 Medici
1610 915 1624 962 ;
1672 898 1764 952 sed

191 966 316 1034 quia
368 982 472 1019 non
514 968 684 1034 potuit
724 969 1052 1021 commodius
1102 969 1394 1022 antidotum
1448 969 1763 1037 procurari,

188 1046 447 1105 quantum
474 1038 538 1107 ad
568 1039 994 1106 complexionem
1026 1039 1206 1107 a‘groti
1259 1038 1406 1104 Quod
1434 1039 1574 1092 enim
1613 1040 1761 1101 inﬁr-

188 1122 333 1177 mant
349 1115 422 1160 est
464 1106 592 1173 Dei,
624 1109 805 1176 fortius
830 1119 902 1162 est
950 1106 1232 1161 hominibus
1259 1123 1278 1161 :
1307 1117 1352 1161 et
1374 1108 1509 1177 quod
1560 1109 1764 1161 stultum

186 1185 263 1230 est
296 1175 395 1229 Dei
416 1218 430 1241 ,
458 1175 733 1245 sapientius
758 1187 828 1232 est
855 1179 1136 1231 hominibus
1163 1177 1204 1246 (l
1233 1178 1353 1232 Cor.
1384 1175 1398 1229 t
1421 1219 1435 1240 ,
1485 1178 1598 1241 9.5).
1642 1178 1765 1232 [hoc

186 1260 350 1300 causa
379 1247 531 1302 nobis
559 1248 805 1315 Specialis
832 1263 950 1303 esse
970 1249 1177 1302 videtur
1196 1288 1210 1310 ,
1239 1263 1333 1301 cur
1361 1248 1448 1301 Dei
1475 1248 1635 1300 Filius
1667 1248 1763 1299 ho-

186 1316 388 1370 minem
410 1317 631 1373 induere
660 1318 919 1380 voluerit,
951 1327 1005 1371 et
1028 1319 1163 1371 inter
1183 1318 1426 1372 homines
1439 1319 1762 1384 conversari,

188 1394 249 1440 nt
279 1387 653 1442 mortalitatem
683 1404 839 1456 quam
861 1403 890 1441 a
913 1389 1065 1443 nobis
1085 1389 1319 1455 accepit,
1359 1388 1642 1441 moriendo
1675 1402 1763 1440 su-

186 1467 440 1524 peraret,
470 1467 525 1511 et
571 1467 814 1512 naturam
864 1467 1096 1515 nostram
1149 1473 1303 1526 supra
1338 1459 1518 1525 prima-
1547 1457 1765 1526 originis

186 1526 498 1594 dignitatem
523 1538 817 1596 reparatam
840 1544 1020 1583 secum
1047 1528 1112 1581 ad
1136 1529 1582 1582 immormlitatem
1615 1543 1755 1581 revo-

185 1605 371 1659 caret;
398 1605 458 1650 ut
497 1612 562 1652 eo
609 1609 920 1665 sequeretur
946 1599 1213 1653 humilitas
1240 1601 1448 1667 gregis,
1479 1612 1585 1666 quo
1628 1614 1763 1666 pne-

186 1667 353 1721 cessit
404 1667 665 1722 celsitudo
695 1669 939 1737 pastoris.
965 1668 1053 1724 Sic
1102 1669 1280 1723 radius
1308 1669 1436 1723 solis
1489 1671 1762 1721 humorem

187 1751 349 1806 quem
375 1737 440 1790 ad
479 1753 537 1792 se
567 1738 725 1791 trahit
750 1740 1018 1802 exsiccat;
1052 1740 1164 1806 ipse
1196 1748 1369 1792 tamen
1407 1739 1651 1792 virtutem
1682 1739 1762 1791 sui

186 1803 386 1860 Caloris
404 1816 458 1860 et
486 1807 787 1874 splendoris
830 1824 927 1863 nec
966 1803 1226 1872 minorat,
1261 1825 1359 1862 nec
1388 1810 1647 1862 immutat.
1677 1808 1763 1862 Sic

190 1875 330 1944 ignis
352 1877 626 1932 materiam
649 1894 805 1946 quam
833 1879 1085 1944 assumit,
1117 1880 1168 1931 in
1198 1894 1257 1933 se
1276 1882 1568 1941 convertit;
1608 1888 1762 1930 natu-

190 1961 305 1999 ram
337 1961 463 2000 vero
492 1963 640 2001 suam
670 1948 911 2002 ideonec
964 1958 1129 2002 mutat
1151 1989 1165 2013 ,
1219 1963 1317 2003 nec
1347 1949 1553 2002 minuit.
1603 1947 1764 2000 Multo

188 2014 382 2070 fortius
409 2016 495 2069 ille
522 2017 684 2088 ignis,
716 2018 781 2072 de
830 2034 936 2088 quo
971 2018 1194 2088 dicitur.
1244 2018 1378 2071 Deus
1430 2028 1597 2071 noster
1633 2019 1764 2088 ignis

187 2100 490 2157 consumens
504 2097 577 2140 est
603 2087 772 2156 (Deut.
805 2087 877 2152 tv,
904 2087 1017 2157 ‘24),
1049 2089 1422 2142 mortalitatem
1454 2098 1506 2141 et
1538 2088 1762 2157 passibi-

190 2154 391 2227 litatem
417 2154 651 2211 nostram
685 2159 734 2210 in
762 2173 822 2213 se
842 2154 1123 2226 assumpsit
1149 2168 1201 2211 et
1219 2154 1614 2227 absumpsit;et
1644 2157 1764 2210 inde

188 2226 357 2296 gratia
388 2227 629 2281 sanitatis
666 2236 832 2281 totum
877 2243 1071 2296 corpus
1112 2226 1419 2295 resumpsit.
1450 2227 1687 2281 Mirabile
1712 2236 1765 2281 et

191 2293 606 2363 ineomparabile
628 2313 795 2365 genus
817 2293 1090 2352 medicina:
1115 2340 1129 2361 ,
1162 2293 1373 2367 propter
1401 2313 1557 2367 quam
1597 2298 1762 2350 medio

191 2314 606 2363 mromparaone
628 2314 795 2365 genus
817 2314 1090 2352 medicina:
1115 2340 1129 2361 ,
1162 2314 1254 2366 pro
1294 2314 1373 2352 ter
1401 2314 1557 2367 quam
1597 2314 1762 2350 ηιραιο

187 2379 289 2438 c_ns
312 2366 475 2420 voluit
496 2378 784 2437 :egrotare,
814 2377 869 2422 et
894 2378 1144 2438 :rgrotos,
1168 2314 1356 2436 quiiius
1375 2369 1561 2423 salutis
1590 2382 1765 2422 reme-

189 2434 340 2489 dium
383 2434 723 2503 procurabat,
755 2453 848 2490 sna
873 2434 1106 2493 decrevit
1129 2434 1431 2492 iulirmitate
1456 2452 1665 2491 sanare.

262 2503 462 2579 2._N_ec
496 2506 586 2560 sibi
615 2508 888 2579 quidquam
911 2508 1124 2579 addidit.
1164 2507 1263 2579 Nil
1285 2509 1415 2561 enim
1448 2508 1602 2579 nostri
1628 2507 1763 2559 indi-

189 2585 294 2647 get.
328 2575 380 2628 In
404 2574 503 2647 hoc
521 2574 915 2647 apparetquam
949 2578 1342 2647 incomparabili
1365 2578 1619 2632 charitate
1668 2592 1765 2631 nos

188 2645 472 2718 dilexerit;
504 2648 622 2714 quia
653 2649 703 2701 in
734 2645 800 2702 eo
824 2649 964 2718 quod
995 2645 1295 2703 desertores
1333 2663 1455 2702 suos
1483 2648 1723 2716 qtimsivit
1745 2688 1762 2713 ,

188 2730 376 2786 semen
400 2715 626 2771 Abrahae
654 2715 1040 2786 apprehendit,
1070 2726 1308 2773 errantes
1352 2715 1595 2783 reduxit,
1638 2732 1763 2770 sau-

188 2784 308 2838 cios
345 2787 581 2850 curavit;
634 2784 762 2841 nihil
791 2787 888 2842 sibi
920 2789 1148 2851 addidit,
1176 2804 1280 2841 non
1309 2798 1389 2843 est
1430 2788 1551 2841 inde
1599 2787 1765 2841 factus

192 2855 390 2919 altior,
422 2871 526 2909 non
549 2865 629 2911 est
654 2856 822 2912 factus
845 2858 965 2913 inde
1005 2860 1227 2912 beatior.
1250 2858 1382 2913 Tota
1411 2858 1524 2911 lure
1548 2857 1763 2923 dispen-
1803 2917 1806 2920 ,

190 2925 332 2978 satio
363 2935 556 2980 nostra:
578 2928 787 2982 utilitati
821 2929 1117 2989 consuluit,
1146 2940 1340 2982 noslt'nt
1385 2929 1541 2983 saluti
1567 2928 1764 2981 utilita-

193 2997 298 3050 vit:
331 2995 521 3049 divina:
548 2998 796 3065 potentia:
822 3000 893 3052 nil
917 2998 1154 3052 contulit.
1200 2999 1331 3053 Nam
1374 3008 1426 3053 et
1468 3014 1586 3052 cum
1617 3013 1764 3051 esse-

192 3082 315 3119 mus
334 3081 454 3119 vasa
470 3069 822 3138 contumeliae,
845 3070 1223 3136 omnipotentis
1243 3069 1380 3138 figuli
1405 3083 1615 3122 manum
1642 3067 1768 3121 efl‘u-

191 3148 326 3207 gere
353 3150 454 3207 non
489 3137 753 3203 potuimus
786 3156 797 3189 :
829 3140 1070 3192 utebatur
1097 3140 1234 3191 vasis
1258 3137 1349 3193 irae
1377 3148 1531 3207 prout
1558 3139 1767 3191 volebat

190 3204 263 3277 ad
287 3206 763 3277 manifestationem
787 3223 893 3262 suae
918 3209 1131 3277 glorias;
1165 3209 1241 3263 sic
1281 3204 1421 3262 enim
1456 3209 1653 3261 dictum
1684 3216 1767 3263 est

193 3274 493 3355 Pitaraoni,
528 3274 593 3330 In
613 3277 707 3331 Itoc
728 3278 891 3348 ipsum
919 3274 1130 3355 excitavi
1152 3288 1230 3343 te,
1256 3288 1312 3331 ut
1332 3277 1589 3355 ostendam
1621 3278 1675 3331 in
1721 3284 1768 3355 te

193 3348 431 3401 virtutem
460 3362 655 3412 meam,
687 3358 734 3402 et
777 3348 1097 3401 annuntietur
1137 3365 1314 3401 nomen
1344 3365 1505 3401 mcum
1552 3349 1607 3401 in
1654 3348 1771 3401 uni-

193 3432 339 3487 versa
361 3424 493 3487 terra
516 3415 708 3484 (Exod.
740 3433 792 3471 Ix
812 3459 828 3483 ,
858 3418 966 3487 l9).
997 3418 1180 3471 Nonne
1207 3429 1261 3472 et
1296 3419 1565 3472 dmmones
1586 3461 1601 3482 ,
1647 3434 1766 3472 cum

192 3501 224 3537 a
264 3485 484 3557 Domino
508 3487 827 3555 ejicerentur
845 3485 1245 3557 de'corporibus
1270 3488 1499 3544 obsessis
1517 3527 1535 3555 ,
1588 3488 1767 3542 Domi.

196 3569 327 3626 num
353 3556 753 3626 gloriﬁrabant,
806 3556 1320 3626 quando’dicebant,
1368 3559 1502 3626 Quid
1556 3560 1697 3611 nobis
1723 3568 1768 3612 et

198 3623 320 3684 tibi.
347 3624 472 3679 Jesu
505 3626 607 3697 ili
633 3626 729 3680 Dei
749 3623 837 3681 vivi
858 3630 883 3681 ?
918 3629 1037 3697 quid
1086 3629 1259 3681 venisti
1297 3623 1414 3682 ante
1441 3639 1635 3696 tempus
1662 3640 1767 3681 tor-

195 3711 353 3818 gnere
375 3713 464 3750 nos
495 3695 705 3768 (Hutth.
747 3714 867 3761 vni.
891 3695 1022 3769 29)?
1064 3698 1284 3753 Constat
1327 3714 1453 3767 ergo
1479 3715 1542 3753 ex
1582 3698 1663 3751 his
1716 3706 1771 3752 et

242 3765 500 3818 ttittsmodi
524 3767 670 3818 aliis.
699 3769 820 3818 (mia
847 3769 1024 3818 divina
1055 3770 1221 3818 virtus
1239 3780 1413 3818 nostra
1438 3769 1769 3818 reparatione

242 3765 671 3838 ujusmodi‘aliis,
699 3769 820 3837 quia
847 3765 1024 3822 divina
1055 3770 1221 3822 virtus
1238 3765 1413 3823 nostra
1437 3769 1769 3838 reparatione

201 3852 311 3907 non
342 3837 517 3905 rguit;
554 3837 647 3892 sed
676 3846 849 3892 tamen
881 3855 941 3891 ea
984 3838 1216 3892 bonitate
1241 3854 1341 3907 qua
1372 3854 1470 3893 nos
1494 3837 1766 3902 condidit,

197 3905 386 3959 eadem
415 3921 512 3960 nos
542 3906 828 3962 reformare
853 3909 1018 3963 voluit
1049 3925 1061 3960 :
1094 3918 1147 3962 et
1173 3908 1239 3962 ad
1263 3905 1379 3963 hoc
1418 3910 1770 3963 medicamen-

200 3983 314 4048 tum
335 3991 449 4048 non
472 3993 626 4045 quam
658 3977 793 4032 forte
814 3980 1014 4047 potuit,
1038 3978 1131 4032 sed
1152 3994 1308 4046 quam
1337 3979 1505 4033 lenius
1538 3980 1770 4048 comple-

199 4045 345 4117 xioni
372 4050 675 4117 a-grotantis
696 4045 997 4117 competere
1025 4045 1320 4116 perspexit,
1342 4050 1604 4117 apposuit.

272 4116 340 4188 ὅ,
356 4117 599 4188 Analogia
626 4116 812 4171 Christi
826 4116 946 4171 cum
966 4119 1124 4188 perita
1139 4119 1348 4172 medico.
1376 4116 1561 4173 Solent
1579 4119 1772 4188 quippe

201 4185 478 4257 medicinae
508 4185 659 4256 periti
686 4185 1026 4257 aegritudines
1048 4229 1061 4251 ,
1116 4204 1247 4257 quas
1294 4189 1552 4243 curandas
1598 4185 1774 4243 susci-

202 4255 393 4328 piunt,
419 4257 703 4328 aliquando
732 4255 917 4311 curare
940 4274 1032 4326 per
1051 4255 1317 4312 Contraria
1336 4301 1350 4322 ,
1378 4259 1661 4327 aliquando
1680 4276 1773 4328 per

201 4325 413 4379 similia.
447 4326 556 4381 lloc
585 4329 707 4381 fecit
735 4328 986 4382 Dominus
1010 4337 1191 4382 noster
1216 4329 1369 4383 Jesus
1386 4325 1647 4393 Christus,
1678 4325 1771 4383 sua

203 4405 511 4464 paupertate
535 4411 631 4451 nos
660 4398 831 4451 ditans
855 4438 869 4460 ,
899 4414 992 4452 sua
1025 4399 1316 4453 lmmilitate
1348 4414 1444 4452 nos
1467 4400 1770 4463 sublevans.

200 4479 300 4518 sua
334 4465 638 4521 infirmitate
666 4483 763 4521 nos
786 4482 978 4522 sanans
998 4510 1013 4534 ,
1041 4483 1136 4523 sua
1160 4478 1329 4522 morte
1354 4484 1451 4522 nos
1477 4470 1769 4523 vivificaris.

202 4534 294 4590 Sic
315 4535 517 4590 ratione
554 4537 827 4592 medicina:
857 4538 997 4591 sicca
1039 4538 1294 4603 humidis,
1328 4539 1538 4591 humida
1579 4540 1732 4593 siccis
1755 4581 1770 4602 ,

203 4604 376 4677 calida
404 4604 606 4675 frigidis
631 4617 971 4677 apponuntur
1001 4626 1014 4662 :
1047 4617 1100 4662 et
1125 4609 1295 4671 minus
1328 4607 1480 4663 fortia
1509 4609 1774 4663 c0utraria

203 4674 564 4749 a_l‘tirtioribus
599 4674 1404 4749 contrariissupervenientilms
1433 4693 1771 4749 superantur.

201 4743 376 4800 Simili
406 4746 609 4800 ratione
641 4747 831 4801 similia
858 4743 1120 4801 similibus
1149 4743 1514 4816 apponuntur,
1545 4764 1663 4804 cum
1692 4766 1776 4804 sc-

201 4816 435 4869 cundum
464 4817 809 4885 quantitatem
828 4818 1097 4871 vulnerum
1117 4818 1197 4871 vel
1220 4828 1481 4873 tumornm
1507 4835 1776 4875 commen-

201 4894 419 4939 suratur
438 4886 706 4955 longitudo
736 4888 815 4941 vel
847 4887 1065 4941 latitudo
1087 4887 1488 4951 epithematum.
1520 4890 1605 4945 Sic
1629 4904 1778 4943 scor-

204 4955 382 5027 pionis
424 4970 611 5011 carnes
642 4956 777 5027 roleo
819 4966 997 5027 coctae
1025 4958 1453 5026 percussionibus
1499 4960 1777 5013 medentur

203 5026 578 5094 scorpionum;
608 5026 685 5080 sic
709 5027 939 5081 theriaca
970 5026 1037 5081 de
1058 5028 1323 5096 serpentis
1343 5044 1504 5082 carne
1532 5028 1775 5083 confecta

110 5133 124 5146 .
203 5096 473 5167 ntorsibus
522 5098 845 5165 serpentinis
885 5097 1151 5162 occurrit,
1200 5106 1251 5150 et
1306 5100 1548 5167 potiones
1573 5113 1778 5151 veneno

203 5164 429 5220 infectas
460 5165 510 5236 in
532 5175 659 5236 potu
685 5179 892 5236 sumpta
918 5167 1151 5235 expellit.
1182 5167 1261 5221 Ad
1301 5164 1434 5222 hanc
1472 5167 1774 5222 similitudi-

205 5251 328 5290 nem
368 5235 605 5291 Medicus
645 5235 826 5291 uoster
851 5245 1073 5291 mortem
1099 5237 1276 5292 carnis
1317 5247 1513 5292 nostra:
1558 5239 1624 5293 de
1662 5253 1778 5293 ser-

207 5313 367 5373 pente
386 5306 685 5361 venientem
711 5307 888 5362 carnis
907 5323 1018 5361 suae
1044 5316 1215 5361 morte
1239 5310 1481 5373 sanavit,
1510 5316 1565 5361 et
1592 5307 1657 5361 ad
1682 5309 1777 5360 im-

206 5376 546 5430 mortalitatis
591 5391 701 5430 snac
747 5379 978 5445 speciem
1030 5378 1081 5430 in
1131 5386 1371 5445 tempore
1432 5378 1781 5433 restitutionis

204 5446 574 5517 complendum
602 5446 927 5501 reformavit.
956 5446 1051 5500 Ubi
1078 5447 1378 5517 diligentius
1402 5448 1778 5502 attendendum

205 5524 295 5571 est
316 5558 331 5581 ,
359 5516 498 5584 quod
525 5531 668 5597 ιιιοεε
695 5533 813 5597 quae
848 5532 971 5597 _per_
1000 5516 1208 5597 lignum
1240 5520 1384 5597 venit
1402 5534 1539 5597 ,hper
1570 5519 1781 5597 lignum

206 5595 457 5659 superata
483 5596 588 5659 cst.
615 5587 680 5659 Et
699 5587 818 5659 ipsa
848 5586 974 5659 ligni
997 5586 1165 5642 forma
1195 5586 1504 5659 longitudini
1529 5596 1581 5642 et
1603 5586 1779 5643 latitu-

206 5657 318 5714 dini
356 5664 409 5729 et
448 5656 709 5710 altitudini
758 5656 970 5711 humani
1019 5658 1259 5725 corporis
1290 5656 1623 5729 configurata
1653 5668 1777 5714 est:

206 5741 318 5797 quo
336 5728 475 5781 sicut
499 5733 676 5797 totum°
694 5742 886 5796 corpus
927 5738 1125 5780 motum
1154 5738 1271 5788 est,
1304 5738 1360 5782 ut
1385 5728 1572 5783 manus
1596 5730 1661 5783 ad
1691 5746 1780 5784 ve-

206 5796 366 5854 titum
394 5796 838 5866 ostenderentur;
870 5798 943 5853 ita
984 5812 1177 5867 corpus
1212 5817 1306 5873 pcr
1322 5800 1499 5856 omnia
1544 5801 1778 5856 membra

1545 362 1775 424 SERMO
1810 363 2097 424 CCXLV".

3306 376 3448 433 220⁸3

1875 496 1969 536 sua
1996 483 2231 557 inprime
2252 480 2679 557 distenderetur,
2705 492 2762 540 et
2787 494 2952 557 totum
2994 488 3134 557 quod
3166 499 3311 544 reatu
3355 509 3445 557 pa-

1875 552 2216 626 ternidelicti
2246 553 2575 626 confractum
2609 556 2810 626 fuerat,
2836 555 2992 625 hujus
3015 552 3301 626 'etuplasni
3331 552 3444 615 ma-

1875 621 2139 699 laxatione
2162 623 2600 699 consolidaretnr.
2634 624 2741 679 Sed
2769 621 3319 699 huic'medica'mento
3355 648 3447 699 per

1873 692 2061 745 slmilia
2089 693 2414 761 composito,
2448 693 2741 748 admixtum
2789 704 2872 749 est
2900 698 3059 751 etiam
3090 692 3447 755 medicamen-

1873 771 1985 816 tnm
2013 762 2201 815 factum
2228 779 2319 827 per
2338 764 2660 830 oppositum.
2689 765 2817 818 Nam
2850 765 2934 819 hic
2965 778 3172 822 samvut
3197 772 3443 825 obetlieoo

1874 833 1977 895 tia,
2019 833 2157 908 quod
2202 833 2269 886 ibi
2313 844 2622 908 corruperat
2667 835 3016 890 inohedientia
3051 855 3065 908 ς
3096 849 3148 891 et
3205 842 3342 908 quod
3376 842 3444 894 ibi

1871 904 2323 956 contaminaverat
2351 904 2486 970 gula:
2528 904 3004 972 oblectamentum,
3058 907 3141 961 hic
3191 904 3446 965 reformat

1871 973 2043 1025 crucis
2070 982 2409 1028 tormentum.

1943 1043 1991 1095 4.
2027 1042 2217 1113 Figura
2243 1044 2403 1095 crucis
2427 1044 2654 1113 mystica.
2705 1046 3016 1100 Continetttr
3041 1048 3091 1100 in
3126 1047 3223 1103 hac
3266 1051 3443 1105 crucis

1873 1110 2034 1172 figura
2062 1110 2219 1165 altius
2265 1110 2652 1184 sacramentum
2685 1132 2698 1168 :
2726 1116 2863 1184 quod
2891 1129 3087 1184 quanto
3130 1130 3212 1172 est
3240 1121 3398 1174 altius
3426 1163 3441 1183 ,

1873 1183 2511 1260 tanto_est_attendcndnm
2537 1183 2858 1260 diligentius.
2883 1183 3194 1260 intelligitur
3215 1204 3442 1260 namque

1871 1252 1924 1303 in
1950 1248 2225 1305 latitudine
2245 1254 2417 1305 crucis
2442 1248 2657 1307 dilectio
2678 1255 2898 1322 proximi
2922 1297 2936 1319 ,
2964 1248 3080 1322 qua?
3112 1274 3214 1311 non
3241 1248 3441 1315 tantum

1873 1337 2053 1398 usque
2071 1322 2135 1374 ad
2180 1324 2389 1398 amicos
2414 1324 2551 1398 ,_sed
2599 1326 2775 1398 etiam
2806 1322 3137 1398 extendendo
3166 1339 3248 1381 est
3278 1346 3444 1398 usque

1871 1391 1935 1468 ad
1965 1391 2273 1468 diligendos
2312 1392 2567 1468 inimicos.
2614 1393 2921 1462 lntelligitur
2957 1413 3165 1466 quoque
3201 1399 3251 1450 in
3295 1391 3441 1468 ejus-

1870 1460 1990 1514 dem
2020 1461 2347 1529 longitudine
2395 1463 2545 1524 longa
2600 1474 2652 1518 et
2700 1460 3045 1531 perseverans
3082 1460 3340 1521 'lahorum'
3389 1478 3445 1523 et

1870 1533 2297 1604 persecutionum
2325 1533 2635 1586 snstincntia
2655 1576 2668 1596 ,
2703 1549 2859 1603 quam
2888 1537 3147 1604 patienter
3173 1536 3313 1592 ferre
3349 1539 3443 1592 de-

1872 1599 1957 1653 bet
1987 1602 2060 1674 ad
2082 1604 2301 1674 patriam
2349 1604 2621 1674 suspirans
2672 1599 2848 1656 nostra
2889 1599 3287 1674 peregrinatio,
3336 1616 3441 1661 tant

1870 1685 1966 1742 pro
1994 1672 2277 1726 dilectione
2305 1672 2660 1739 proximorum
2684 1689 2840 1742 quam
2870 1690 2964 1741 pro
2990 1672 3313 1730 exhibitione
3329 1692 3445 1730 om-

1870 1741 2011 1792 nium
2042 1742 2297 1795 bonorum
2349 1757 2590 1810 operum.
2645 1741 2925 1812 Figuratur
2947 1745 3103 1797 simili
3137 1747 3341 1801 ratione
3390 1748 3441 1800 in

1868 1811 2143 1885 altitudine
2163 1812 2278 1885 ejus
2321 1813 2614 1885 eminentia
2651 1811 2802 1885 spei,
2850 1824 3133 1881 penetrans
3162 1831 3329 1885 tuque
3374 1817 3442 1871 ad

1869 1880 2117 1954 interiora
2145 1881 2465 1954 vde-minis;
2488 1883 2574 1954 ubi
2617 1883 2817 1936 visione
2854 1880 3006 1951 pacis
3058 1880 3396 1954 perfruentur
3425 1928 3438 1948 .

1867 1951 1954 2073 qui
1983 1950 2072 2006 hic
2098 1966 2125 2003 a
2153 1952 2356 2006 civibus
2380 1951 2681 2021 Babylonia:
2711 1950 3075 2022 multipliciter
3100 1965 3437 2022 exercentur,

1905 2035 2038 2073 onec
2070 2023 2121 2073 in
2169 2022 2464 2073 libertatem
2491 2022 2673 2073 gloria:
2717 2022 2943 2073 filiorum
2975 2024 3062 2073 Dei
3105 2039 3134 2073 a
3187 2028 3437 2073 servitute

1905 2035 2038 2074 onec
2070 2023 2121 2074 in
2169 2022 2464 2074 libertatem
2491 2022 2673 2090 gloria:
2717 2022 2943 2076 filiorum
2975 2024 3062 2077 Dei
3105 2039 3134 2076 a
3187 2028 3441 2078 servitute

1866 2091 2222 2158 corruptionis
2253 2090 2408 2159 hujus
2438 2092 2747 2145 liberentur.
2766 2091 3241 2159 Signilicavithanc
3263 2095 3442 2147 chari-

1869 2162 1989 2212 tatis
2040 2161 2368 2214 latitudinem
2404 2161 2655 2215 Dominus
2679 2160 2834 2216 Jesus
2882 2163 2933 2215 itt
2973 2177 3130 2217 cruce
3173 2173 3328 2231 caput
3372 2164 3440 2217 ad

1867 2231 2123 2284 orientem
2148 2231 2423 2300 subrigens
2442 2271 2456 2293 ,
2486 2231 2645 2299 pedes
2671 2231 2734 2283 ad
2763 2232 3087 2286 occidentem
3104 2233 3439 2296 snlnnittens,

1868 2314 2057 2353 manus
2084 2300 2149 2353 ad
2176 2304 2474 2367 aquilonem
2501 2311 2553 2353 et
2577 2311 2810 2353 austrum
2841 2302 3161 2364 extendens;
3188 2312 3242 2355 ιιι
3269 2304 3440 2356 adim-

1869 2370 2036 2440 pleret
2059 2371 2197 2438 quod
2225 2371 2290 2424 de
2315 2385 2383 2423 se-
2402 2378 2524 2423 ante
2547 2372 2840 2440 pa~sionem
2885 2388 3033 2425 suam
3079 2373 3395 2439 praedixerat
3421 2414 3437 2437 ,

1868 2438 1994 2512 (lum
2033 2442 2282 2493 exultatiu
2328 2443 2470 2512 fuero
2512 2438 2556 2492 (ι’
2583 2451 2714 2512 terra
2735 2482 2749 2504 ,
2784 2441 2831 2493 id
2854 2450 2967 2512 est,
3000 2438 3119 2494 cum
3158 2444 3442 2495 crucifixus

1867 2508 2019 2564 fuero
2041 2551 2056 2575 ,
2088 2512 2257 2563 omnia
2285 2508 2480 2581 traham
2505 2512 2571 2562 ad
2594 2527 2670 2562 me
2695 2511 2858 2580 ipsum
2884 2510 3059 2579 (Joan.
3100 2527 3170 2564 xn
3196 2555 3211 2575 ,
3243 2512 3331 2581 5‘2)
3349 2554 3363 2576 ,
3389 2512 3440 2566 id

1866 2590 1977 2643 est,
2006 2580 2310 2634 convocabo
2357 2581 2421 2633 ad
2461 2580 2546 2633 ine
2585 2590 2753 2633 totum
2803 2581 3078 2635 mundum.
3122 2583 3232 2635 Iloc
3266 2580 3442 2634 sacra-

1868 2660 2050 2703 mento
2078 2651 2251 2704 crucis
2279 2663 2494 2703 sanctus
2520 2650 2737 2703 Elisa-us
2764 2651 3051 2704 Snuamitis
3071 2652 3233 2704 lilium
3259 2653 3438 2715 osori,

1866 2734 2057 2773 manus
2083 2735 2205 2773 snas
2234 2721 2474 2773 manibus
2494 2720 2608 2786 ejus
2624 2721 2893 2787 applicans
2915 2721 3115 2774 orando
3145 2722 3436 2787 suscitavit,

1867 2799 1920 2841 et
1949 2790 2122 2843 vivum
2176 2790 2327 2844 matri
2358 2791 2586 2844 restituit
2631 2790 2717 2860 (IV
2751 2790 2875 2860 Reg.
2910 2806 2961 2843 IV
2982 2833 2995 2853 ,
3027 2793 3133 2852 '54).
3191 2789 3439 2857 Ejusdem

1866 2860 2061 2913 virtute
2088 2864 2401 2913 sacramenti
2432 2860 2639 2930 Moyses
2665 2862 2715 2913 in
2742 2860 2954 2914 deserto
2971 2860 3048 2913 his
3070 2862 3269 2913 silicem
3293 2863 3438 2930 virga

1869 2932 2156 2998 percussit;
2177 2937 2230 2982 et
2254 2931 2449 2984 sitienti
2482 2932 2672 2997 populo
2701 2945 2889 2998 aquam
2919 2930 2986 2983 de
3018 2942 3163 2996 petra
3193 2931 3440 2997 produxit

1872 2997 2056 3068 (Nam.
2104 3016 2173 3053 xx
2196 3040 2210 3060 .
2242 3000 2353 3069 ll).
2397 2999 2523 3053 Bina
2554 2997 2765 3068 quippei
2792 3002 3063 3068 percussio
3115 3002 3338 3053 duorum
3369 3003 3442 3053 si-

1867 3083 2090 3136 guornm
2120 3071 2339 3139 figurate
2369 3070 2677 3137 intelligitur
2706 3070 2756 3122 in
2778 3085 2935 3123 cruce
2957 3069 3092 3123 facta
3120 3071 3437 3137 compactio.

1870 3139 1958 3193 Bis
1978 3155 2109 3205 ergo
2135 3150 2278 3209 petra
2313 3139 2601 3208 percutitur
2620 3181 2634 3203 ,
2657 3155 2776 3192 cum
2806 3140 3044 3194 Christus
3061 3181 3075 3201 ,
3090 3140 3161 3209 ide
3189 3154 3292 3209 quo
3312 3140 3441 3195 dicit

1870 3211 2183 3277 Apostolus.
2218 3208 2373 3263 Petra
2398 3219 2562 3262 autem
2589 3220 2696 3262 erat
2725 3209 2951 3263 Christus
3001 3209 3041 3279 (ι
3068 3208 3185 3279 Cor.
3210 3208 3213 3209 ⁷
3237 3225 3268 3264 x
3294 3251 3306 3272 ,
3336 3210 3393 3271 4)
3423 3252 3437 3273 ,
3486 3218 3493 3223 ’

1871 3279 1922 3332 in
1953 3279 2160 3334 duobus
2183 3280 2335 3348 lignis
2359 3279 2531 3334 cruris
2551 3288 2803 3334 extensus
2826 3277 3342 3347 lancea'perforatnr.
3367 3281 3442 3335 De

1871 3348 1971 3402 hac
1995 3360 2138 3417 petra
2168 3365 2302 3419 aqua
2348 3350 2629 3419 profluxit,
2660 3365 2779 3403 cum
2824 3351 3035 3418 sanguis
3061 3350 3441 3417 redemptionis

1870 3430 1924 3472 et
1953 3435 2083 3488 aqua
2111 3419 2457 3487 baptismatis,
2478 3420 2667 3487 quibus
2687 3421 2739 3472 in
2761 3435 2951 3472 novum
2983 3421 3249 3473 hominem
3274 3432 3444 3474 trans-

1872 3488 2192 3553 formamur,
2223 3490 2291 3543 tle
2323 3491 2485 3543 latere
2514 3490 2706 3542 Christi
2731 3490 2978 3543 manavit.

1940 3559 1992 3613 5.
2031 3558 2319 3628 Prwsertim
2365 3560 2700 3628 profunditas.
2755 3558 2834 3611 De
2881 3559 3214 3625 reparationis
3259 3568 3445 3613 nostra!

1870 3627 2268 3696 mysterioﬁens
2280 3630 2331 3682 in
2359 3627 2648 3682 damnando
2672 3629 2870 3681 homine
2882 3629 3072 3697 justus,
3088 3629 3138 3680 in
3154 3627 3442 3682 redimendo

1869 3699 2164 3769 misericors.
2200 3697 2424 3768 lnjustns
2445 3700 2569 3769 fuiss
2600 3709 2647 3764 ι,
2672 3700 2720 3769 si
2741 3698 3124 3769 impaenitentem
3140 3709 3441 3767 reparasset.

1874 3768 2134 3822 l’rmterea
2165 3767 2300 3821 inter
2327 3770 2422 3822 has
2446 3767 2621 3821 erucis
2649 3768 3008 3821 dimensiones
3032 3767 3256 3821 solerter
3281 3777 3445 3822 atten-

1871 3838 2043 3891 denda
2072 3848 2152 3891 est
2192 3839 2366 3891 crucis
2414 3837 2742 3906 profunditas
2785 3855 2798 3890 :
2840 3839 2961 3906 quia
3004 3837 3320 3906 profundum
3361 3847 3446 3892 est

1873 3910 2182 3977 mysmrium
2230 3909 2429 3967 crucis.
2460 3909 2512 3961 in
2552 3924 2657 3976 quo
2686 3910 2969 3961 multorum
2991 3948 3005 3972 ,
3037 3909 3124 3975 qui
3179 3909 3446 3973 sapientes

1872 3976 2209 4048 dicehantur,
2244 3979 2449 4048 ingenia
2481 3978 2818 4043 defecerunt;
2869 3977 3007 4047 quod
3036 3976 3135 4030 hoc
3164 3979 3276 4032 ausi
3325 3988 3448 4032 sunt

1874 4047 2264 4114 reprehendere
2305 4047 2444 4117 quod
2489 4064 2594 4102 non
2639 4057 2925 4116 potuerunt
2973 4048 3198 4100 humana
3246 4051 3447 4101 ratione

1873 4118 2327 4187 comprehendere
2382 4137 2395 4170 :
2441 4117 2687 4172 videlicet
2731 4134 2828 4172 cur
2878 4117 3263 4175 Verbum_Deo
3304 4119 3445 4171 Patri

1873 4199 2193 4243 coattemum
2214 4230 2227 4252 ,
2260 4189 2435 4241 omnia
2462 4190 2765 4247 continens.
2795 4188 2970 4241 omnia
2994 4189 3214 4255 implens
3235 4229 3250 4252 ,
3282 4188 3331 4239 in
3362 4203 3423 4241 as

1875 4269 2085 4328 sumpto
2112 4258 2326 4312 homine
2350 4267 2516 4313 totum
2543 4274 2600 4312 se
2629 4259 2947 4311 concluserit
2967 4274 2981 4321 ;
3000 4268 3051 4311 et
3071 4266 3247 4328 tamen
3279 4267 3445 4310 totum

1874 4326 2130 4383 mundum
2163 4343 2367 4398 regere,
2389 4329 2658 4398 complere
2679 4338 2731 4398 et
2752 4329 3024 4381 Continere
3051 4343 3154 4381 non
3181 4326 3399 4381 desierit
3432 4346 3443 4380 :

1877 4415 1981 4453 non
2011 4400 2141 4453 satis
2166 4396 2565 4453 considerantes
2591 4396 2731 4467 quod
2772 4398 2909 4452 valet
2942 4398 2991 4451 in
3021 4398 3208 4451 mittori
3232 4439 3246 4462 ,
3282 4398 3448 4451 multo

1875 4471 2044 4539 magis
2065 4483 2220 4536 posse
2262 4469 2438 4524 valere
2476 4469 2528 4522 in
2559 4468 2779 4535 majori;
2811 4484 2929 4539 cum
2962 4482 3064 4520 vox
3094 4482 3193 4520 una
3241 4475 3294 4539 et
3342 4478 3446 4539 tota

1875 4540 1942 4593 de
1964 4536 2054 4593 ore
2077 4539 2338 4608 loquentis
2361 4539 2612 4607 prodeat,
2636 4548 2689 4592 et
2719 4547 2823 4592 tota
2854 4537 2918 4591 ad
2968 4538 3248 4590 multorum
3279 4536 3448 4591 Itotni-

1878 4625 2002 4664 num
2025 4625 2182 4664 aures
2210 4610 2499 4677 perveniat.
2526 4610 2622 4675 Qui
2662 4608 2729 4661 de
2757 4608 2854 4661 hac
2877 4608 3168 4676 qnmstione
3223 4622 3447 4675 scrupu-

1878 4680 2043 4733 losins
2066 4679 2368 4747 disputant,
2401 4689 2454 4734 et
2481 4679 2924 4746 tanqnamclanso
2947 4679 3082 4730 ostio
3110 4678 3172 4729 ad
3195 4679 3448 4747 parietem

1882 4748 2096 4818 palpant
2122 4788 2137 4812 ,
2168 4749 2384 4802 audiant
2421 4749 2646 4817 primum
2693 4747 2955 4818 dicentem
2985 4747 3448 4818 Δ,διιογιιοιιιιηρυο

1880 4814 2066 4889 Ῐιοήιοί,
2096 4828 2150 4870 ιιι
2176 4819 2287 4884 quis
2311 4834 2362 4871 es
2400 4814 2484 4887 qui
2508 4817 2809 4889 respondeas
2842 4816 2945 4869 Deo
2963 4814 3146 4889 (Rom.
3193 4832 3242 4889 tx
3266 4858 3279 4879 ,
3314 4816 3451 4888 ‘20)?

1883 4888 2082 4944 Deinde
2108 4889 2415 4951 mitescant,
2446 4896 2500 4940 et
2527 4887 2644 4941 cum
2674 4887 2865 4953 pietate
2888 4887 3097 4955 pulsent
3116 4928 3130 4950 ,
3158 4887 3225 4938 nt'
3243 4887 3452 4954 aperia‘

1882 4967 1966 5013 tur
1986 4958 2065 5011 eis
2113 4975 2127 5011 :
2168 4968 2222 5013 et
2251 4958 2544 5027 intelligent
2581 4958 2777 5024 justum
2817 4956 2978 5011 fuisse
3008 4956 3367 5027 'Conditorem
3402 4962 3451 5012 in

1880 5028 2316 5093 condemnando,
2355 5038 2407 5082 et
2430 5026 2823 5081 misericordem
2871 5028 2921 5080 in
2967 5026 3308 5093 redimendo;
3356 5045 3454 5084 nec

1884 5100 2115 5168 potuisse
2143 5099 2316 5152 sanari
2342 5099 2456 5150 sine
2497 5097 2878 5168 misericordia,
2917 5097 3055 5164 quod
3088 5098 3231 5164 justc
3255 5099 3454 5154 conde-

1882 5167 2155 5223 mnaverat
2170 5167 2784 5236 Umnipotentisjnstitia.
2807 5168 2939 5221 Hinc
2953 5180 3340 5233 consequenter
3364 5169 3458 5223 ad—

1890 5248 2130 5303 vertent,
2153 5253 2251 5293 cur
2273 5253 2439 5307 usque
2466 5237 2530 5292 ad
2561 5239 2808 5307 captivati
2833 5238 3061 5309 hominis
3091 5248 3454 5309 paupertatem

1882 5317 1937 5363 et
1961 5310 2134 5363 crucis
2162 5309 2500 5376 ignominiam
2529 5322 2587 5363 se
2614 5309 2967 5362 humiliaverit
3010 5308 3183 5362 divina
3198 5308 3457 5378 omnipo-

1886 5380 2045 5432 tentia
2068 5420 2083 5443 ,
2112 5393 2228 5448 quae
2258 5379 2310 5432 in
2347 5378 2594 5449 paradiso
2636 5394 2786 5432 reum
2844 5379 3112 5431 hominem
3160 5378 3297 5447 jnsta
3329 5392 3459 5431 con-

1884 5446 2226 5503 demnaverat
2249 5446 2530 5503 seuientia.
2562 5446 2690 5501 Cum
2709 5451 2850 5503 enim
2881 5449 2947 5503 de
2977 5446 3274 5519 perpetrata
3299 5463 3326 5501 a
3354 5449 3460 5501 Do-

1886 5519 2032 5573 mino
2059 5528 2372 5582 argueretur
2396 5519 2781 5583 inobedientia,
2815 5536 2919 5573 non
2948 5516 3008 5573 se
3056 5516 3325 5572 lnnuiliter
3344 5559 3360 5582 ,
3406 5527 3461 5571 ut

1885 5590 2039 5659 culpa
2064 5589 2335 5658 exigebat,
2363 5589 2663 5659 accusavit;
2691 5589 2784 5644 sed
2820 5597 3089 5659 auctorem
3117 5587 3346 5659 superbe
3371 5604 3463 5639 ac-

1886 5657 2090 5713 cusavit
2116 5657 2333 5723 dicens,
2366 5658 2554 5713 Mulier
2579 5676 2731 5727 quam
2755 5659 2936 5711 dedisti
2965 5657 3086 5709 uti/ti
3109 5698 3122 5719 ,
3157 5657 3293 5727 dedit
3342 5659 3463 5711 mihi

1888 5731 1949 5782 de
1978 5731 2145 5799 [ructu
2170 5769 2183 5792 ,
2233 5738 2278 5781 et
2326 5730 2515 5784 comedi
2556 5726 2708 5796 (Gen.
2742 5744 2796 5782 Ill
2818 5768 2832 5794 ,
2868 5729 2972 5799 l2).
3007 5727 3129 5799 llirc
3155 5726 3380 5799 dicendo
3411 5744 3465 5783 se

1891 5796 2090 5872 putavit
2114 5812 2440 5868 excusatum,
2463 5809 2515 5856 et
2531 5802 2832 5855 Creatorem
2853 5796 3088 5851 mulieris
3108 5796 3459 5858 conditorem.
