3996 6454
569 353 706 408 2907

567 469 670 522 deo
705 477 906 538 vestros
935 465 1136 520 animos
1163 473 1217 538 et
1243 463 1306 517 ad
1343 460 1632 538 timendum
1666 458 1950 538 judicium,
1981 467 2034 511 ct
2063 457 2128 511 ad

568 537 970 592 desiderantium
997 533 1266 603 prmmium
1299 533 1557 603 excitare;
1592 539 1648 584 ut
1679 533 1976 603 exceptoria
2011 544 2129 603 san-

567 609 638 659 rti
671 608 892 674 pectoris
935 599 1094 658 vestri
1136 604 1200 656 ad
1239 602 1624 674 recondendam
1664 599 1984 674 spiritualein
2015 600 2128 674 vin-

569 667 826 735 demiam,
874 675 1011 728 sicut
1054 688 1263 739 semper
1306 671 1532 732 fecistis,
1575 669 1860 739 auxiliante
1910 667 2131 739 Domino

571 745 792 798 fideliter
818 745 1139 812 pra-parens.
1166 736 1384 812 Qumies
1405 741 1552 812 vobis
1573 738 1760 812 durum
1781 736 1973 812 aliquid
1998 752 2131 812 pra;-

568 806 834 873 dieamus,
871 806 972 864 non
1016 812 1116 864 hoc
1159 811 1275 864 ideo
1322 810 1577 872 dicimus,
1619 806 1758 876 quod
1789 822 1818 859 a
1855 806 2001 858 vobis
2031 806 2131 858 tale

567 883 762 954 aliquid
785 881 900 954 _licri
921 883 1250 954 suspicemur
1275 879 1416 954 :_sed_
1435 878 1759 954 ideoriternrn
1784 876 1866 928 illa
1887 890 2003 942 qua:
2025 889 2128 954 non

569 946 738 1006 facitis
767 946 1135 1004 denuntiainus
1157 991 1170 1012 ,
1203 959 1257 1001 ιιι
1289 949 1373 1001 illa
1406 949 1456 1000 in
1486 948 1676 1015 quibus
1708 946 1852 1015 forte
1883 946 2129 1015 prtevrnti

570 1023 803 1084 fueritis,
848 1036 1035 1074 sanare
1081 1019 1360 1087 possimus.
1391 1013 1535 1072 Solet
1564 1017 1705 1069 enim
1746 1014 1889 1077 fieri,
1924 1023 1979 1066 ut
2005 1013 2130 1087 dum

570 1091 763 1156 majora
789 1091 1055 1148 timentur.
1079 1084 1278 1142 minora
1299 1087 1523 1141 celerius
1539 1095 1840 1156 caveantur.
1859 1084 2132 1149 Quomodo

567 1153 707 1212 enim
746 1159 972 1213 theriaca
1007 1159 1230 1222 bibitur,
1259 1172 1326 1212 ne
1355 1156 1661 1222 corporibus
1697 1153 1898 1223 possint
1928 1167 2130 1223 prmva-

570 1230 676 1282 lere
704 1244 935 1289 venena;
971 1229 1069 1281 hoc
1095 1221 1303 1281 austera
1334 1221 1712 1294 pratdicatione
1728 1223 1956 1293 geritur,
1994 1221 2132 1276 unde

568 1299 859 1351 animarum
889 1305 1244 1366 przeparentur
1269 1296 1521 1366 antidota.

638 1369 691 1422 5.
724 1363 1084 1433 Beneﬁciorum
1128 1366 1223 1418 Dei
1271 1365 1507 1417 memoria
1550 1363 1802 1414 munimen
1843 1371 1914 1433 est
1951 1372 2132 1433 contra

569 1447 788 1506 percolo.
818 1431 1033 1506 Certum
1062 1447 1162 1498 est,
1196 1435 1382 1506 fratres
1407 1431 1892 1506 chari-‘simitquod
1919 1432 1962 1484 si
1993 1446 2132 1506 sem-

570 1501 663 1574 per
693 1507 943 1560 benelicia
973 1505 1063 1558 Dei
1091 1505 1284 1567 nostri,
1315 1517 1433 1572 qua:
1462 1503 1614 1568 nobis
1644 1501 1799 1574 nullis
1828 1501 2132 1574 pr:pceden-

571 1569 707 1629 tibus
732 1576 933 1628 meritis
960 1577 1152 1627 nostris
1179 1569 1368 1627 collata
1397 1581 1538 1635 sunt,
1569 1571 1778 1624 assidue
1805 1569 2128 1638 cogitamus;

571 1653 779 1712 peccata
809 1654 996 1697 nostra
1017 1643 1167 1697 nobis
1193 1652 1282 1696 aut
1306 1657 1408 1694 non
1435 1643 1792 1712 dominantur,
1819 1651 1905 1692 aut
1929 1640 1973 1693 si
1999 1638 2132 1712 fprto

569 1709 949 1783 subrepserint,
979 1713 1084 1766 cito
1113 1728 1210 1782 per
1237 1711 1605 1783 pmoitrntiamr
1625 1709 1973 1783 corriguntpr.
2002 1709 2132 1783 Quis

569 1784 710 1836 enim
730 1778 833 1836 'vel
875 1791 1049 1835 mente
1077 1778 1355 1850 concipere
1374 1819 1389 1844 ,
1422 1795 1526 1833 non
1555 1779 1725 1850 dicam
1761 1778 1938 1850 verbis
1967 1781 2133 1850 possit

568 1866 856 1919 exponere,
884 1861 1077 1920 quanta
1102 1846 1245 1905 circa
1272 1864 1368 1904 nos
1395 1850 1502 1904 sint
1533 1849 1621 1902 Dei
1650 1848 1812 1900 nostri
1839 1846 2132 1920 beneficia?

572 1917 715 1975 Fecit
753 1917 913 1975 enim'
939 1936 1069 1980 nos,
1109 1936 1228 1972 cum
1272 1935 1373 1972 nou
1418 1932 1687 1975 essemus:
1735 1917 1995 1983 reparavit
2036 1932 2132 1971 nos

571 1999 781 2060 postea,
813 2006 929 2045 enm
962 1988 1551 2060 petissemus._Mortem
1593 1987 1857 2060 suscepit,
1901 1986 2131 2060 pretioso

570 2055 666 2113 nos
695 2055 1240 2128 sanguineliheravit,
1270 2057 1333 2110 ad
1363 2057 1564 2110 inferna
1591 2055 1889 2128 descendit,
1913 2055 1985 2128 de
2017 2055 2131 2128 fau-

568 2130 717 2183 cibus
739 2125 834 2182 nos
853 2139 1065 2181 mternze
1087 2128 1269 2181 mortis
1291 2127 1502 2194 eripuit,
1524 2126 1779 2178 caelorum
1804 2125 1954 2178 nobis
1974 2126 2130 2178 etiam

572 2198 786 2265 praemia
831 2198 1090 2267 promisit.
1134 2197 1256 2250 llmc
1297 2197 1508 2258 omnia,
1556 2195 1745 2249 fratres
1783 2195 2129 2260 dilectissimi,

571 2268 656 2335 pio
684 2277 735 2321 et
764 2268 988 2334 benigno
1011 2267 1186 2320 animo
1211 2267 1522 2334 cogitantes,
1550 2272 1800 2335 quantum
1834 2280 2128 2335 possumus,

570 2332 689 2389 cum
730 2332 900 2405 ipsius
925 2336 1184 2403 adjutorio
1215 2332 1481 2405 beneﬁciis
1510 2335 1619 2386 suis
1642 2332 1810 2405 vicem
1843 2333 2133 2405 rependere

572 2402 901 2460 festinemus.
930 2402 1042 2459 Non
1065 2405 1344 2459 reddamus
1365 2404 1498 2458 mala
1523 2417 1618 2471 pro
1641 2403 1824 2464 bonis;
1851 2402 1942 2455 sed
1967 2417 2132 2470 quan-

573 2486 680 2528 tum
719 2491 1028 2544 possumus,
1067 2475 1315 2528 voluntati
1353 2474 1489 2544 illius
1518 2473 1882 2539 obtemperare
1911 2472 2134 2544 lidrcliter

570 2541 892 2605 studeamus,
923 2546 1046 2598 totis
1069 2545 1263 2598 viribus
1285 2543 1589 2603 innitentes,
1614 2550 1670 2593 ut
1694 2551 1948 2608 praecepta
1973 2541 2133 2608 ipsius

572 2616 738 2682 magis
767 2615 918 2668 nobis
944 2616 1149 2684 pariant
1181 2614 1256 2684 de
1278 2612 1601 2681 sequacitate
1627 2611 1914 2664 remedium
1935 2649 1948 2673 ,
1975 2625 2131 2678 quam

570 2684 636 2737 de
664 2683 1077 2752 transgressione
1103 2683 1373 2749 judirittm.

641 2754 695 2806 4.
730 2746 856 2823 Qud:
882 2751 946 2804 de
971 2753 1031 2804 iis
1059 2746 1262 2823 rartioiin
1285 2751 1468 2823 judirii
1505 2750 1586 2802 die
1611 2747 1894 2823 repetende.
1927 2746 2135 2823 Crucem

573 2817 802 2891 peccator
841 2822 1048 2889 imponit
1085 2817 1301 2875 Cliristo'
1320 2822 1481 2888 prima
1515 2821 1819 2891 graviorpmr
1840 2817 1979 2891 Nam
2008 2817 2134 2891 quid

575 2886 858 2956 faciemus,
894 2886 1220 2955 cliarissimi,
1260 2886 1327 2944 in'
1354 2891 1441 2944 illo
1482 2886 1763 2942 metuendo
1801 2886 1981 2954 judicii
2024 2887 2131 2950 die,

572 2977 691 3013 cum
718 3002 730 3022 ,
763 2969 1017 3015 tremente
1060 2959 1255 3013 mundo
1288 2961 1570 3024 Dominus,
1604 2956 2005 3025 praecinentibus
2029 2957 2138 3008 An-

572 3031 808 3099 gelorum
841 3031 1072 3084 bucciuis
1091 3070 1108 3096 ,
1141 3031 1190 3083 in
1234 3029 1322 3082 illo
1361 3029 1648 3099 majestatis
1677 3041 1785 3099 sua;
1816 3027 2006 3099 throno
2034 3026 2139 3099 cir-

573 3093 850 3154 cumdatus
878 3093 1108 3154 codestis
1146 3099 1344 3153 militiae
1372 3093 1486 3151 luce
1512 3095 1840 3157 consederit;
1873 3095 2047 3163 ibique
2071 3093 2139 3149 de

575 3180 729 3222 terrae
772 3171 973 3238 gremio
1015 3178 1064 3222 el
1109 3167 1592 3238 antiquorpulvere
1616 3165 1867 3238 suscitato
1908 3163 2139 3238 hpmano

573 3232 799 3306 genere:
842 3247 1046 3292 astante
1090 3232 1387 3291 testimonio
1423 3235 1755 3306 conscientia:
1784 3232 2136 3306 _singulorum,

575 3303 759 3376 positis
789 3308 838 3360 in
869 3317 1152 3374 conspectu
1199 3314 1528 3373 peccatorum
1572 3303 1742 3376 pomis
1774 3303 2140 3376 justornmque

578 3373 825 3442 przemiis.
849 3373 1102 3430 rationem
1126 3377 1245 3429 vita:
1267 3376 1485 3442 cmperit
1511 3374 1793 3442 postulare,
1818 3381 1871 3424 et
1893 3373 2008 3440 plus
2027 3373 2136 3440 jam

572 3446 742 3514 justus
766 3462 921 3514 quam
951 3446 1272 3509 misericors,
1305 3445 1583 3498 severitate
1606 3442 2140 3514 judieiscontempta:

577 3511 948 3569 inisericurdia:
988 3531 1106 3569 reos
1137 3515 1355 3581 emperit
1393 3528 1668 3574 accusare,
1702 3519 1756 3564 et
1783 3511 1956 3564 dicere
1983 3529 1998 3565 :
2027 3511 2140 3580 Ego

578 3595 655 3647 te,
688 3600 720 3634 o
751 3585 937 3648 homo,
968 3584 1034 3638 de
1062 3585 1185 3637 limo
1214 3584 1453 3638 manibus
1480 3583 1611 3636 meis
1638 3581 1768 3645 feci,
1797 3595 1894 3649 ego
1919 3585 2140 3634 terrenis

574 3653 792 3706 artubus
824 3653 985 3707 infudi
1016 3655 1256 3722 spiritum
1278 3693 1292 3715 ,
1323 3667 1421 3722 ego
1456 3651 1548 3705 tibi
1586 3651 1864 3720 imaginem
1904 3660 2140 3722 nostram

575 3719 1075 3792 similitudinemque
1099 3722 1341 3776 conferre
1361 3719 1606 3792 dignatus
1633 3719 1770 3792 sum,
1798 3733 1895 3792 ego
1926 3728 1978 3774 te
2003 3719 2142 3772 inter

577 3792 801 3859 paradisi
843 3788 1060 3846 delicias
1100 3792 1386 3854 collocavi;
1428 3788 1488 3844 iu
1528 3790 1700 3843 vitalia
1738 3788 1978 3859 mandata
2013 3804 2141 3859 con-7

578 3858 852 3925 temnens,
899 3862 1231 3928 deceptorem
1280 3861 1427 3928 sequi
1473 3875 1629 3929 quam
1671 3858 2141 3929 Deumrmaluisli?

574 3929 706 3984 Cum
730 3931 979 4000 expulsus
997 3927 1064 3985 de
1087 3930 1326 3998 paradiso
1345 3927 1462 3998 jure
1491 3927 1686 4000 peccati
1714 3927 1896 4000 mortis
1920 3927 2141 4000 vinculis

578 3995 835 4054 tenereri's
855 4041 870 4063 ,
899 3995 1202 4068 virginalem
1234 3995 1439 4054 uterum
1470 3995 1584 4053 sine
1612 3995 1886 4068 dispendio
1924 3995 2139 4068 virgini-

579 4070 700 4122 tatis
749 4066 1028 4137 paricndus
1078 4069 1320 4131 introivi;
1370 4069 1420 4137 in
1469 4067 1724 4136 praesepio
1769 4066 2043 4137 expositus
2089 4073 2143 4118 et

580 4127 763 4206 pannis
791 4139 1068 4193 obvolutus
1106 4139 1245 4206 jacui
1267 4179 1282 4201 ,
1309 4127 1544 4190 infantia:
1581 4127 1933 4206 contumelias
1956 4127 2146 4206 huma-

579 4202 779 4276 nosque
803 4209 1032 4270 dolores,
1063 4202 1250 4277 quibus
1275 4207 1366 4261 libi
1395 4206 1580 4260 similis
1606 4203 1899 4277 lierem,_ad
1922 4202 2142 4277 boc‘sci-

579 4272 706 4331 licet
724 4287 778 4329 ut
807 4288 855 4330 te
880 4278 1005 4331 mihi
1033 4272 1255 4346 similem
1283 4277 1530 4338 facerem,
1561 4274 1747 4346 pertuli
1770 4290 1795 4346 _;_
1814 4272 2140 4346 irridentipm

580 4347 781 4414 palmas
807 4357 858 4400 ct
886 4356 1036 4415 sputa
1066 4341 1302 4415 suscepi,
1333 4356 1539 4398 acetum
1561 4341 1687 4398 cum
1717 4341 1965 4415 lel|e_bibi
1997 4361 2010 4397 :
2042 4342 2139 4415 lla-

578 4411 726 4484 gellis
760 4411 961 4481 exesus,
994 4411 1237 4484 vepribus
1265 4425 1576 4484 coronatus,
1605 4413 1744 4466 cruci
1773 4411 1989 4484 affixus,
2022 4411 2140 4484 vul-

581 4482 706 4538 nere
753 4482 1138 4552 perl’ossus,'ut
1175 4494 1228 4538 tu
1265 4483 1546 4552 eripereris
1584 4484 1771 4545 morti,
1815 4482 2041 4552 animam
2089 4483 2139 4535 iu

580 4551 852 4607 tormentis
877 4554 1070 4609 dimisi.
1096 4553 1174 4607 En
1199 4551 1463 4607 clavorum
1492 4553 1727 4620 vestigia,
1751 4551 1936 4620 quibus
1955 4551 2142 4605 affixus

579 4623 799 4691 pependi
831 4641 843 4674 :
871 4639 935 4677 eu
969 4624 1258 4692 perfossum
1290 4623 1591 4692 vulneribus
1623 4619 1778 4675 latus.
1805 4619 2022 4692 Suscepi
2048 4620 2142 4690 do-

580 4689 717 4747 lores
760 4702 876 4746 tuos
897 4735 911 4756 ,
958 4689 1013 4746 ut
1043 4693 1131 4746 tibi
1161 4692 1382 4761 gloriam
1411 4691 1594 4761 darem
1623 4708 1635 4743 :
1667 4689 1871 4761 suscepi
1894 4689 2138 4761 mortem

579 4773 739 4826 tuam,
765 4772 820 4816 nt
846 4763 894 4815 in
923 4759 1185 4817 aeternum
1207 4763 1427 4815 viveres.
1453 4760 1706 4814 Conditus
1727 4760 1864 4828 jacui
1893 4759 1942 4811 in
1965 4759 2142 4826 sepul-

577 4849 695 4896 cro,
726 4844 780 4885 ut
811 4843 864 4885 tu
896 4847 1143 4902 regulares
1170 4833 1220 4885 in
1248 4831 1402 4886 etelo.
1433 4829 1540 4902 Cur
1567 4829 1721 4902 (μιοιι
1747 4845 1838 4897 pro
1875 4837 1924 4882 te
1954 4828 2139 4896 pertuli

580 4902 884 4969 perddisti?
928 4900 1051 4965 cur,
1101 4903 1331 4971 ingrate,
1379 4900 1754 4968 redemptionis
1795 4908 2139 4971 tummunera

578 4966 829 5024 renuisti?
855 4971 967 5024 Non
991 4982 1042 5026 te
1062 4966 1245 5040 ego'de
1266 4979 1435 5024 morte
1456 4966 1578 5040 mea
1594 4983 1803 5040 quzero;
1828 4966 1988 5040 redde
2012 4967 2138 5040 mihi

578 5040 734 5092 vitam
764 5049 903 5092 tuam
926 5082 940 5104 ,
972 5056 1064 5108 pro
1097 5036 1199 5109 qua
1236 5055 1407 5094 meam
1446 5038 1585 5092 dedi.
1616 5036 1795 5109 Redde
1817 5036 1953 5109 mihi
1981 5038 2140 5089 vitam

579 5118 750 5178 tuam,
769 5124 934 5178 quam
968 5106 1268 5164 vulneribus
1298 5119 1631 5178 peccatorum
1665 5106 2020 5160 indesinenter
2047 5120 2139 5158 oc-

576 5177 724 5230 cidis.
754 5176 862 5229 Cur
888 5178 1238 5247 habitaculum
1257 5218 1273 5243 ,
1299 5176 1437 5247 quod
1465 5177 1588 5230 mihi
1622 5177 1671 5229 in
1707 5186 1757 5230 te
1783 5190 2138 5247 sacraverant,

580 5248 797 5300 luxuriat
826 5246 1068 5301 sordibus
1109 5245 1376 5316 polluisti?
1401 5262 1714 5316 cur_corpus
1744 5260 1917 5298 meum
1958 5245 2138 5316 illece-

581 5318 790 5370 brarum
814 5311 1132 5384 turpitudine
1154 5318 1424 5370 tnacnlasti
1441 5318 1463 5370 ?
1483 5314 1588 5370 Cur
1611 5311 1694 5368 me
1714 5317 1952 5382 graviore
1971 5311 2139 5366 crimi-

579 5401 700 5439 num
731 5397 933 5440 tuormn
957 5401 1132 5454 cruce,
1159 5401 1314 5454 quam
1343 5387 1426 5438 illa
1454 5388 1504 5439 in
1533 5401 1633 5453 qua
1659 5384 1919 5452 quondam
1947 5399 2141 5452 pepen-

577 5458 778 5520 deram,
810 5453 1077 5508 afllixisti?
1106 5453 1326 5510 Gravior
1353 5457 1491 5509 enim
1522 5455 1657 5524 apud
1690 5470 1772 5508 me
1803 5463 2137 5524 peccatorum

581 5536 787 5578 tuorum
814 5540 942 5579 crux
969 5535 1070 5590 cst,
1103 5525 1152 5578 in
1181 5541 1279 5593 qua
1309 5525 1498 5577 invitus
1530 5522 1758 5592 pendeo,
1788 5522 1943 5593 quam
1972 5522 2056 5593 ill_a
2088 5522 2136 5574 in

578 5611 676 5662 qua
700 5597 770 5648 tui
795 5597 1038 5650 misertus
1060 5591 1281 5649 mortem
1307 5603 1446 5646 tuam
1467 5591 1734 5646 occisurus
1752 5592 1984 5646 escendi.
2008 5591 2136 5662 Cum

578 5660 746 5718 me...
780 5665 1138 5732 impassibilis,
1169 5680 1262 5732 pro
1292 5676 1339 5715 te
1367 5665 1470 5733 pati
1501 5663 1740 5730 dignatus
1769 5677 1884 5733 sum
1918 5680 1928 5712 :
1962 5660 2052 5713 sed
2083 5671 2134 5712 tu

578 5731 864 5804 despexiin
909 5735 959 5788 in
998 5731 1206 5788 homine
1236 5731 1426 5800 Deum,
1459 5733 1508 5786 in
1553 5735 1758 5784 inlirmo
1796 5731 2052 5793 salutent,
2083 5733 2133 5785 in

2005 337 2365 395 APPENDIX.

3675 337 3820 395 2508

2241 456 2325 528 via
2352 449 2596 517 reditum,
2627 457 2677 510 in
2699 456 2874 526 judice
2897 459 3122 526 veniam,
3147 459 3199 514 in
3221 474 3378 515 cruce
3397 461 3579 524 vitam,
3605 461 3655 514 in
3683 477 3815 528 sup-

2216 525 2406 598 .pliciis
2437 525 2768 580 medicinam.
2816 529 2878 582 Et
2919 530 3039 598 quia
3088 531 3412 594 post'omnia
3454 533 3590 584 mala
3624 541 3714 584 tua
3748 525 3814 583 ad

2240 595 2617 669 medicamenta
2641 595 2956 669 pmniteutia}
2976 598 3259 669 confugere
3281 601 3514 666 noluisti,
3532 601 3600 655 ab
3621 601 3810 654 auditu

2239 664 2378 716 malo
2413 681 2514 717 non
2547 669 2832 719 mereberis
2863 668 3092 720 liberari.

2307 733 2360 786 5.
2397 734 2757 788 Dumnalorum
2781 738 3100 805 supplicium.
3135 736 3448 797 Paenitentia.
3471 739 3590 792 dum
3613 741 3698 792 hic
3723 755 3812 791 su-

2238 819 2347 856 mus
2375 805 2617 856 obeunda.
2641 807 2738 871 Qui
2765 817 2886 859 tunc
2913 809 3012 860 erit
3035 808 3229 861 stridor
3251 808 3508 871 dentium,
3537 824 3658 862 cum
3685 824 3811 860 sau-

2236 881 2439 926 ctorum
2471 874 2802 929 multitudine
2829 876 2892 929 ad
2922 877 3188 930 dexteram
3223 880 3362 944 regis
3399 891 3451 932 et
3488 879 3552 932 ad
3579 880 3807 944 gloriam

2237 946 2742 1015 segregata._peccati
2767 947 2986 1012 populus
3008 948 3056 999 in
3081 946 3335 1015 profunda
3361 950 3536 1001 tartari
3559 951 3675 1000 sine
3700 950 3807 999 ulla

2238 1012 2587 1082 miserationis
2611 1028 2672 1067 ac
2699 1015 2862 1068 venia:
2889 1030 2983 1082 Spe
3008 1012 3310 1076 demersus,
3337 1019 3542 1072 excludi
3569 1033 3628 1071 se
3653 1028 3808 1070 tene—

2237 1080 2481 1154 bris__snis
2518 1097 2547 1135 a
2577 1083 2726 1154 beata
2755 1080 3055 1154 sanctorum
3089 1088 3202 1140 luce
3232 1087 3450 1153 viderit,
3489 1098 3542 1142 et
3583 1088 3635 1140 in
3679 1103 3807 1154 pro-

2237 1149 2379 1203 fundi
2423 1151 2595 1205 sinum
2635 1153 2750 1207 sine
2789 1153 2891 1226 line
2923 1155 3279 1226 descendens,
3311 1149 3526 1226 urgente
3554 1171 3616 1210 os
3644 1149 3806 1210 suum

2237 1229 2428 1293 puteo,
2477 1230 2672 1275 aeterna
2712 1224 2964 1290 supplicia
3003 1235 3058 1279 et
3095 1224 3400 1293 perpetuam
3442 1237 3661 1279 mortem
3701 1241 3807 1278 mm

2237 1290 2517 1368 moriturus
2543 1293 2844 1368 aspexerit?
2871 1293 3081 1368 Frustra
3098 1290 3282 1368 autem
3310 1311 3336 1346 a
3367 1310 3612 1368 paupere,
3642 1311 3806 1368 quem

2236 1357 2286 1409 iu
2319 1357 2415 1412 hac
2451 1361 2554 1413 vita
2593 1357 2827 1433 despein
2851 1403 2863 1422 .
2895 1364 3304 1417 misericordiam
3336 1357 3616 1433 postulabit
3646 1357 3672 1416 ε’
3693 1366 3807 1416 fru-

2235 1437 2342 1479 stra
2371 1437 2661 1501 extremum
2691 1431 2869 1485 Lazari
2900 1433 3138 1500 digitum,
3170 1450 3274 1501 quo
3301 1431 3493 1487 ardens
3519 1435 3804 1501 refrigere-

2236 1504 2354 1570 tur,
2391 1499 2694 1554 ardentibus
2743 1501 2891 1554 labiis
2931 1499 3136 1570 rogabit
3180 1499 3393 1569 apponi.
3435 1504 3602 1570 Quam
3647 1499 3809 1556 vellet

2237 1568 2415 1629 miser,
2441 1583 2557 1647 cum
2586 1585 2867 1647 pauperum
2890 1568 3112 1647 gloriam
3134 1568 3510 1647 viderit,_du_ris
3533 1573 3807 1647 quondam

2236 1637 2556 1710 paupertatis
2584 1637 2912 1706 subjacuisse'
2934 1641 3228 1705 laboribus,
3270 1651 3322 1694 et
3351 1642 3399 1694 in
3437 1643 3521 1694 illa
3549 1637 3654 1694 vita
3685 1658 3806 1710 qua:

2234 1719 2351 1758 cum
2384 1708 2483 1760 vita
2509 1719 2836 1761 morerentur
2863 1711 2993 1762 mala
3024 1719 3292 1775 portasse;
3320 1727 3385 1764 ne
3409 1712 3473 1765 ad
3497 1712 3580 1766 illa
3603 1708 3806 1764 :rtei-na

2236 1787 2530 1830 mereretur
2554 1779 2803 1850 supplicia
2834 1781 3138 1850 pervenire!
3174 1780 3238 1834 Ut
3257 1795 3383 1850 ergo
3405 1781 3516 1834 haec
3539 1791 3645 1850 tam
3665 1779 3802 1833 dura

2235 1853 2288 1896 et
2331 1855 2433 1897 tam
2478 1848 2724 1900 terribilia
2769 1859 2889 1902 ante
2939 1849 3062 1901 illud
3106 1848 3336 1902 tribunal
3375 1851 3554 1903 aeterni
3599 1849 3806 1903 Judicis

2235 1914 2418 1968 audire
2454 1933 2556 1968 non
2589 1933 2916 1979 mereamur,
2946 1919 3068 1970 dum
3095 1919 3264 1972 adhuc
3295 1919 3443 1980 licet,
3475 1930 3530 1974 et
3556 1935 3677 1972 cum
3710 1919 3803 1972 Dei

2235 1983 2494 2050 adjutorio
2521 1985 2571 2038 in
2603 1995 2858 2054 potestate
2895 1998 3071 2040 nostra
3101 1997 3181 2042 est
3199 2031 3214 2053 ,
3243 1988 3639 2042 consideremus
3667 2004 3802 2040 con-

2236 2054 2482 2126 scieguias
2509 2065 2713 2126 nostras
2743 2074 2754 2107 :
2782 2065 2834 2108 et
2859 2058 2899 2108 si
2927 2057 3095 2126 aliqua
3121 2059 3338 2111 crimina
3366 2061 3447 2112 vel
3475 2067 3685 2126 peccata
3713 2073 3803 2111 ca-

2238 2122 2412 2196 pitalia
2434 2166 2446 2183 ,
2468 2124 2699 2196 ruecdum
2729 2122 3076 2196 eleemosyuis
3102 2137 3155 2181 et
3190 2122 3516 2182 orationibus
3559 2138 3801 2196 purgata,

2237 2193 2387 2266 nobis
2411 2194 2582 2266 adhuc
2605 2195 2860 2248 dominari
2889 2193 3270 2263 cognoscimus,
3299 2207 3505 2266 portum
3534 2193 3802 2265 [militen—

2238 2261 2356 2335 [ἱειι9
2395 2262 2612 2335 devictis
2657 2261 2986 2331 peccatorum
3026 2261 3545 2328 fluctibus,'Christo'
3580 2268 3804 2335 juvante

2239 2327 2541 2386 festinemus
2590 2327 2817 2397 int-rare;
2865 2345 2918 2387 et
2962 2336 3004 2389 si
3051 2337 3173 2403 quid
3221 2327 3290 2389 in
3319 2338 3555 2392 navicula
3580 2327 3804 2390 'auima:

2238 2409 2428 2473 nostrae
2455 2403 2632 2473 multis
2663 2405 3053 2471 tempestatibus
3079 2416 3409 2473 peccatomm
3431 2448 3444 2470 ,
3474 2416 3564 2460 aut
3592 2423 3684 2473 per
3711 2421 3804 2459 su-

2238 2470 2468 2543 perbiam
2500 2472 2716 2525 fractum
2736 2513 2748 2532 .
2775 2470 2869 2526 aut
2895 2489 2986 2540 per
3013 2470 3281 2528 avaritiam
3312 2486 3522 2543 ruptum
3541 2517 3554 2538 ,
3583 2470 3671 2529 aut
3707 2491 3804 2543 per

2241 2535 2495 2612 lusoriam
2542 2543 2825 2612 resolutum
2874 2535 2992 2597 esse
3038 2535 3436 2611 cognoscimus,
3479 2535 3803 2612 componere

2239 2607 2600 2687 .velhreparare
2645 2611 2796 2687 bonis
2833 2613 3080 2687 operibus
3107 2607 3442 2687 festinemus.
3483 2607 3803 2669 Studeamus

2231 2681 2427 2744 jugiter
2446 2681 2686 2733 vitiorum
2711 2681 2988 2736 exhaurire
3007 2685 3285 2736 sentinam.
3310 2683 3420 2738 Non
3442 2687 3581 2738 enim
3608 2693 3806 2737 nocent

2240 2756 2449 2820 peccata
2477 2750 2786 2820 prieterita,
2831 2751 2876 2804 si
2921 2766 3022 2804 non
3067 2753 3271 2820 placent
3317 2755 3612 2820 pra-scotia.
3652 2755 3806 2808 Sicut

2238 2816 2376 2868 enim
2403 2818 2529 2892 nulli
2551 2819 2810 2892 justorum
2847 2820 3039 2892 sufficit
3068 2816 3269 2889 )ustitia
3306 2816 3429 2887 sua,
3459 2825 3501 2875 si
3544 2841 3646 2876 ltltn
3676 2839 3802 2892 per-

2239 2888 2556 2959 severaverit
2582 2903 2747 2959 usque
2771 2891 2822 2942 in
2853 2889 3008 2944 linem
3035 2907 3047 2943 :
3076 2893 3144 2944 ita
3179 2893 3305 2944 nulli
3341 2888 3804 2959 peccatornm'no-

2239 2967 2360 3033 cere
2387 2957 2579 3033 poterit
2598 2957 2841 3033 iniquitas
2860 2975 2972 3024 sua,
2998 2962 3040 3013 si
3060 2957 3432 3033 antequam'de
3454 2978 3677 3033 corpore
3700 2962 3806 3016 isto

2238 3022 2492 3100 discedat,
2517 3025 2581 3080 ad
2606 3022 3054 3100 eleemosynarum
3079 3022 3310 3084 remedia
3341 3033 3420 3085 vel
3444 3031 3508 3084 ad
3537 3022 3804 3100 pauiten-

2242 3093 2336 3166 tia;
2355 3095 2731 3166 medicamenta
2761 3093 3068 3166 confugerit.

2310 3163 2362 3237 (5.
2405 3163 2512 3218 Nec
2539 3166 2631 3237 ulli
2665 3163 3094 3236 procrastinanda.
3142 3169 3412 3237 Religionis
3442 3171 3655 3222 habitus.
3695 3169 3803 3224 Sed

2241 3233 2359 3306 quia
2387 3235 2598 3303 quando
2622 3233 2702 3290 vel
2743 3252 2843 3306 qua
2873 3238 2999 3290 hora
3029 3238 3096 3290 dc
3139 3233 3467 3293 hoc'szeculo
3512 3241 3801 3306 rapiemur,

2242 3305 2379 3374 scire
2413 3319 2517 3358 non
2543 3305 2857 3374 possumus;
2882 3307 2996 3360 sine
3023 3308 3124 3360 ulla
3163 3308 3413 3360 dilatione
3449 3309 3528 3362 vel
3561 3305 3708 3362 mora
3736 3309 3806 3364 de

2241 3371 2450 3425 sinistra
2480 3371 2656 3443 fugere
2684 3375 2990 3430 festinemus
3014 3378 3075 3427 ad
3105 3377 3394 3430 dexteram.
3424 3377 3536 3430 Non
3563 3379 3801 3440 sanitati,

2243 3456 2346 3495 non
2372 3444 2512 3496 :etati
2540 3445 2860 3498 credendum
2903 3456 3003 3500 est.
3052 3445 3163 3500 Non
3205 3448 3256 3499 in
3299 3447 3584 3500 I'Cllll'dillﬂl
3613 3449 3806 3502 salutis

2242 3524 2351 3564 sua:
2379 3527 2590 3584 semper
2627 3514 2911 3568 tardandus
2935 3523 3036 3580 est,
3063 3516 3149 3584 qui
3184 3517 3304 3569 vitae
3347 3532 3456 3569 sua:
3484 3531 3696 3583 semper
3723 3518 3805 3571 in-

2243 3590 2422 3654 c_ertus
2458 3583 2572 3654 est‘
2612 3599 2625 3633 :
2665 3585 2783 3652 quia
2836 3585 2924 3654 qui
2977 3583 3093 3638 nos,
3121 3601 3337 3638 securos
3385 3585 3507 3639 fecit
3549 3586 3800 3653 dicendo,

2248 3649 2486 3721 Peecator
2512 3653 2563 3704 in
2591 3649 2696 3717 qud
2725 3654 2804 3706 die
2827 3649 3088 3707 conversus
3111 3655 3280 3721 fuerit,
3318 3671 3486 3707 omnes
3514 3649 3804 3721 iniquitates

2248 3674 2486 3703 reccuwr
2512 3674 2563 3704 in
2591 3674 2689 3717 qua
2725 3674 2804 3706 ate
2827 3674 3088 3707 conversus
3111 3674 3280 3721 luem,
3318 3674 3486 3707 omnes
3514 3674 3582 3708 mi
3621 3674 3804 3710 uuam

2243 3719 2377 3773 illius
2405 3723 2638 3796 oblivioni
2671 3723 2938 3776 traduntur
2965 3722 3347 3796 (Exeo/exvit],
3373 3724 3436 3796 ξι
3461 3735 3509 3796 et
3532 3674 3656 3796 22's;
3688 3727 3804 3792 ipse

2244 3803 2340 3841 nos
2368 3791 2524 3844 etiam
2555 3801 2735 3845 cautos
2776 3808 2894 3845 esse
2938 3791 3102 3845 voluit
3141 3794 3342 3856 dicens,
3390 3792 3562 3847 Nolite
3598 3791 3805 3848 tardare

2243 3862 2458 3928 converti
2505 3861 2571 3912 ad
2602 3860 2892 3926 Dominum,
2940 3878 3030 3915 nec
3057 3863 3302 3928 di/feratis
3349 3863 3409 3916 de
3453 3863 3534 3916 die
3573 3865 3624 3916 in
3668 3864 3803 3917 diem

2246 3927 2429 4001 (Eccli.
2460 3946 2514 4001 v,
2559 3931 2639 3998 8).
2665 3931 2716 3985 Si
2751 3933 2882 3986 forte
2913 3927 3133 4001 quando
3160 3933 3479 3999 genteraliter
3516 3948 3706 3988 omnes
3735 3934 3800 3986 ad

2245 3999 2619 4072 [penitentiam
2653 3999 3029 4072 provocamus,
3075 4002 3450 4072 aliquisiintra
3501 4019 3559 4055 se
3606 4003 3805 4072 cogitet

2243 4067 2442 4131 dicens,
2473 4069 2582 4137 Ego
2602 4067 2810 4141 juvenis
2835 4070 2994 4124 homo
3021 4067 3237 4125 uxorem
3283 4071 3500 4135 habens,
3534 4067 3804 4141 quomodo

2245 4151 2457 4205 possum
2501 4148 2590 4210 aut
2619 4140 2836 4207 capillos
2862 4141 3116 4210 minuere,
3149 4150 3238 4194 aut
3265 4141 3495 4210 habitum
3514 4140 3805 4210 religionis

2244 4208 2548 4262 assumere?
2595 4223 2693 4261 nec
2719 4222 2814 4261 nos
2859 4209 2959 4262 hoc
2993 4209 3235 4273 dicimus,
3269 4209 3454 4264 fratres
3479 4208 3801 4274 charissimi,

2246 4290 2350 4347 npn
2382 4277 2479 4329 hoc
2498 4277 2863 4347 praedicamus,
2897 4279 3188 4347 utjnvenes
3207 4279 3294 4347 qui
3326 4280 3568 4347 conjugia
3606 4280 3806 4334 habere

2248 4344 2779 4426 videnturihna‘bitum
2807 4344 2980 4426 magis
2994 4363 3149 4426 quam
3189 4344 3622 4426 niores_habeaut
3657 4364 3805 4426 com:

2247 4424 2469 4469 mutare.
2493 4415 2626 4482 Quid
2657 4417 2795 4470 enim
2836 4415 3032 4470 homini
3063 4433 3282 4471 nitorem
3312 4417 3522 4471 habenti
3551 4429 3728 4482 nocet,
3759 4419 3804 4472 si

2245 4499 2421 4539 mores
2464 4485 2694 4552 perditos
2734 4485 2957 4538 voluerit
2995 4486 3060 4539 ad
3090 4502 3248 4554 Opera
3297 4486 3430 4540 bona
3471 4488 3552 4541 vel
3582 4489 3806 4542 honesta

2245 4563 2574 4616 convertere,
2603 4555 2646 4607 si
2675 4559 3010 4624 peCcatorum
3051 4570 3266 4610 suorum
3312 4559 3528 4610 vulnera
3569 4559 3805 4610 eleemo-

2245 4627 2409 4694 synis,
2434 4624 2646 4692 jejuniis
2675 4633 2728 4676 et
2769 4625 3093 4694 orationibus
3116 4625 3181 4678 ad
3215 4625 3491 4679 sanitatem
3522 4627 3804 4694 pristinam

2245 4693 2451 4746 studeat
2503 4693 2786 4746 revocare?
2822 4693 2952 4747 Vera
2982 4695 3120 4747 enim
3169 4696 3444 4748 conversio
3482 4693 3597 4748 sine
3641 4697 3804 4748 vesti-

2247 4772 2538 4816 tuentorum
2557 4763 2962 4816 commutatione
2983 4763 3172 4817 suflicit
3188 4765 3286 4818 sibi
3312 4781 3324 4816 :
3346 4763 3658 4818 vestimenta
3680 4782 3808 4818 vero

2245 4832 2488 4900 religiosa
2530 4832 2644 4884 sine
2696 4832 2848 4885 bonis
2879 4833 3126 4899 operibus
3156 4847 3258 4886 non
3313 4833 3482 4886 solum
3511 4835 3806 4888 remedium

2245 4900 2572 4971 haberertton
2612 4911 2876 4971 poterunt,
2913 4901 3004 4954 sed
3031 4904 3186 4956 etiam
3213 4902 3412 4970 justum
3438 4901 3806 4971 Deijudicintn

2245 4970 2596 5024 sustinebunt.
2637 4970 3017 5024 Convertamur
3057 4987 3182 5041 ergo
3211 4972 3276 5025 ad
3319 4970 3555 5033 meliora,
3591 4973 3722 5025 dum
3757 4978 3806 5025 in

2246 5049 2424 5094 nostra
2441 5050 2557 5093 sunt
2584 5051 2838 5108 potestate
2860 5041 3089 5094 remedia
3117 5061 3126 5092 :
3153 5043 3237 5096 hic
3255 5043 3650 5110 exstinguamus
3666 5057 3811 5095 mor-

2247 5119 2350 5162 tem
2379 5109 2650 5163 moriendo
2678 5111 2925 5178 peccatis,
2948 5111 3032 5164 hic
3062 5112 3216 5165 vitam
3245 5112 3364 5163 vitm
3395 5109 3596 5180 ineritis
3627 5113 3810 5180 acqui-

2246 5193 2454 5240 ramus;
2497 5188 2776 5247 praestante
2806 5180 3027 5232 Domino
3074 5191 3250 5233 nostro
3280 5180 3405 5234 Jesu
3451 5179 3690 5242 Christo,
3717 5179 3809 5233 cui

2245 5261 2325 5301 est
2355 5249 2523 5301 honor
2572 5257 2624 5300 et
2655 5249 2929 5314 imperium
2957 5266 3073 5302 cum
3109 5251 3260 5305 l‘atre
3291 5259 3342 5304 et
3382 5250 3576 5318 Spiritu
3621 5262 3810 5305 sancto

2246 5318 2297 5370 in
2323 5319 2511 5372 saecula
2535 5319 2869 5372 szeculorum.
2892 5320 3077 5372 Anu-ii.

2309 5557 2324 5588 ι
2349 5561 2484 5617 Forte
2507 5554 2786 5617 legendum,
2808 5564 2860 5605 ut
2879 5554 3017 5606 infra.
3030 5568 3176 5606 serm.
3194 5555 3302 5614 260,
3317 5568 3366 5605 n.
3385 5554 3433 5614 2,
3457 5562 3570 5604 λἀηι
3590 5554 3642 5605 in
3660 5569 3815 5605 reme-

2244 5615 2378 5668 dium
2398 5615 2684 5666 salutis'sua:
2705 5629 2887 5679 semper
2903 5619 3071 5667 tardus
3093 5624 3178 5677 est,
3204 5617 3303 5679 qui,
3332 5627 3424 5666 etc.
3446 5630 3460 5679 ;
3492 5620 3598 5665 sive
3624 5628 3678 5668 ut
3704 5619 3807 5668 illic

2246 5679 2391 5744 habet
2415 5685 2552 5744 nsi.
2575 5690 2591 5744 ε,
2621 5685 2668 5724 m
2693 5678 2956 5729 remedium
3000 5679 3162 5730 salutis
3188 5677 3288 5730 sui:
3310 5692 3400 5729 non
3417 5677 3476 5728 sit
3498 5691 3688 5742 semper
3711 5689 3817 5729 tar-

2247 5740 2355 5800 dus,
2372 5740 2451 5800 qui
2476 5739 2534 5787 dc
2553 5739 2643 5786 rita
2665 5751 2768 5796 sua,
2795 5749 2888 5789 etc.
