3996 6446
164 276 302 333 2‘2”

167 397 448 452 criminum
489 409 704 452 suorum
728 393 884 451 sorde
925 395 1157 464 pollutus
1199 402 1312 460 est.
1344 395 1732 464 exomologesis

167 468 526 521 satisfactione
565 467 883 521 mundetur?
925 465 1032 520 Nec
1059 467 1124 520 ad
1177 465 1300 520 illud
1333 481 1392 520 se
1435 476 1643 530 servet,
1678 475 1734 520 ttt

169 538 220 592 in
247 546 488 592 extremo
516 539 636 591 vita:
678 552 788 591 suae
818 546 1054 606 tempore
1083 546 1207 590 tunc
1243 537 1600 603 pmnitentiam
1638 551 1737 606 pe-

170 615 280 676 tat,
307 607 518 674 quatnlo
535 607 645 676 jam
675 621 833 673 agere
857 623 961 659 non
995 607 1178 676 possit.
1225 606 1425 659 Inutilis
1447 615 1530 659 est
1555 608 1696 660 enini
1717 645 1734 669 ,

167 675 664 738 dilectissimi.ista
701 678 989 744 persuasio.
1027 677 1216 729 Parum
1244 683 1358 739 est,
1405 685 1736 744 peccatorem

171 747 430 815 paenitere
450 787 462 808 ,
493 747 589 798 nisi
610 746 968 812 ptenitentiam
999 747 1278 814 peregerit.
1303 745 1380 798 Ad
1411 744 1738 798 emendanda

167 817 312 868 enim
339 817 556 884 crimina
593 831 693 869 vox
733 815 1036 884 paenitentis
1065 817 1174 867 sola
1203 829 1308 867 non
1336 816 1530 868 sufﬁcit
1569 829 1583 864 :
1619 830 1739 867 nam

170 885 221 938 in
247 883 606 939 satisfactione
631 883 922 954 ingentium
946 893 1282 952 peccatorum
1313 893 1420 954 non
1445 884 1601 938 verba
1626 893 1743 937 tan-

168 963 312 1018 ttnn,
340 955 430 1009 sed
459 970 621 1024 opera
665 953 991 1022 quaeruntur.
1040 954 1203 1007 Datur
1229 953 1440 1024 quidem
1487 955 1646 1024 etiam
1688 955 1740 1024 in

168 1024 421 1078 extremis
466 1023 800 1092 pienitentia,
829 1024 948 1092 quia
993 1037 1096 1076 non
1141 1031 1313 1090 potest
1337 1023 1618 1092 denegari;
1649 1023 1743 1076 sed

167 1103 414 1148 auctores
439 1104 612 1148 tamen
638 1109 758 1147 esse
783 1109 888 1147 non
917 1107 1226 1160 possumus,
1259 1092 1398 1161 quod
1425 1096 1514 1161 qui
1545 1092 1621 1145 sic
1646 1107 1742 1162 pe-

170 1165 343 1225 tierit,
393 1173 658 1218 mereatur
695 1163 916 1218 absolvi.
949 1162 1226 1230 Quomodo
1247 1164 1389 1215 enim
1418 1163 1524 1230 agit
1565 1163 1743 1230 poeni-

170 1235 388 1287 tentiam
417 1233 630 1301 lapsus?
658 1232 936 1298 Quomodo
965 1234 1070 1299 agit
1091 1233 1452 1298 pmnitentiam
1483 1233 1533 1284 in
1565 1243 1740 1286 extre.

168 1305 273 1355 tuis
301 1305 416 1355 vitze
458 1303 647 1356 linibus
685 1302 1036 1356 constitutus?
1065 1302 1342 1367 Quomodo
1380 1301 1743 1370 pmnirtentiatn

166 1388 330 1441 agere
356 1375 538 1440 possit,
569 1373 657 1440 qui
681 1373 822 1426 nulla
844 1372 952 1440 jam
977 1386 1071 1438 pro
1097 1386 1156 1425 se
1184 1386 1344 1440 opera
1373 1369 1747 1441 satisfactionis

169 1440 380 1509 operari
415 1441 624 1510 potest?
665 1443 730 1496 Et
776 1443 897 1496 ideo
929 1442 1233 1507 prenilentia
1263 1457 1382 1510 qua:
1427 1441 1495 1495 ab
1531 1440 1744 1495 inﬁrmo

167 1515 398 1581 petitur,
447 1513 652 1566 inﬁrma
704 1520 805 1565 est.
869 1513 1200 1581 Pmnitentia,
1247 1527 1366 1577 qua;
1411 1526 1438 1563 a
1487 1512 1748 1581 moriente

168 1580 372 1635 tantum
398 1583 624 1650 petitur,
653 1582 814 1636 timeo
838 1596 906 1635 ne
935 1583 1044 1650 ipsa
1072 1580 1348 1634 moriatur.
1384 1581 1448 1634 Et
1478 1581 1596 1634 ideo
1615 1622 1630 1646 ,
1662 1580 1746 1634 di-

167 1649 482 1721 lectissimi,
515 1652 834 1721 quicumque
883 1649 1133 1721 invenire
1163 1651 1272 1703 vult
1328 1649 1747 1721 misericordiam

171 1720 300 1785 Dei,
330 1737 488 1775 sanus
513 1729 632 1790 agat
655 1719 1018 1789 paniitentiam
1046 1720 1096 1773 in
1124 1719 1223 1773 hoc
1248 1720 1445 1774 s'eculo
1464 1759 1478 1784 ,
1503 1729 1559 1773 ut
1588 1734 1749 1774 sanus

167 1806 291 1846 esse
322 1793 488 1846 valeat
517 1789 568 1844 in
599 1789 796 1844 futuro.

661 1879 888 1936 SERMO
924 1877 1120 1934 CCLV!
1165 1879 1264 1950 (α).

167 1969 436 2040 admonitio
456 1978 545 2031 per
563 1981 706 2033 quam
727 1969 994 2040 ostenditur
1024 1968 1138 2040 quid
1157 1965 1346 2017 intersit
1361 1965 1494 2039 inter.
1502 1959 1631 2040 illam

233 2026 481 2081 nitentiam
497 2026 736 2092 quicum
767 2026 1156 2092 bonisAOperibus
1190 2041 1388 2092 semper
1418 2029 1594 2091 agitur,
1621 2026 1674 2078 et
1691 2026 1750 2077 il-

233 2091 328 2141 lani
349 2105 458 2156 quze
481 2089 528 2140 in
551 2091 822 2141 inﬁmitate
845 2089 924 2141 vel
941 2089 1038 2140 ﬁne
1057 2091 1172 2140 Vita:
1192 2090 1438 2152 accipitur.

244 2173 299 2226 1.
329 2176 406 2224 An
446 2173 731 2239 paenitentia
769 2180 973 2240 accepta
1013 2171 1228 2224 moriens
1273 2171 1468 2240 veniant
1510 2168 1748 2224 obtineat.

171 2237 476 2310 Obtinetqtii
515 2259 567 2295 se
598 2243 652 2294 in
697 2237 983 2311 ptznitentia
1025 2251 1069 2294 et
1099 2240 1240 2311 bonis
1285 2237 1519 2311 operibus
1557 2239 1752 2311 jugiter

167 2309 412 2365 exercuit.
459 2311 602 2365 Multi
641 2309 709 2366 de
755 2311 1002 2364 fratribus
1033 2310 1111 2364 vel
1141 2310 1260 2363 liliis
1300 2309 1495 2363 nostris
1536 2309 1750 2364 solliciti

169 2391 332 2442 Sunt,
377 2391 550 2434 utrum
597 2384 770 2434 omnis
800 2380 958 2434 homo
1001 2380 1051 2432 in
1094 2379 1396 2433 inﬁrmitate
1439 2377 1678 2448 positus,
1705 2379 1750 2434 si

171 2451 537 2520 paenitentiam
578 2451 796 2518 accipit,
835 2458 889 2504 et
927 2449 1104 2504 statim
1140 2449 1419 2520 delunctus
1442 2447 1656 2520 fuerit,
1682 2448 1749 2503 ad

171 2517 388 2602 plenam
426 2521 592 2602 possit
631 2521 1007 2602 indulgentiam
1041 2519 1318 2602 pervenire
1333 2535 1358 2600 _:
1389 2525 1445 2573 et
1469 2517 1600 2602 dum
1635 2519 1751 2573 hate

171 2583 479 2659 inquirunt.
511 2607 614 2644 non
654 2583 956 2659 sine'parva
995 2583 1131 2643 inter
1168 2604 1227 2644 se
1259 2583 1595 2659 animositate
1621 2603 1752 2659 conf

171 2657 416 2715 tendunt.
448 2662 548 2714 Alii
574 2661 714 2714 enim
758 2657 942 2714 dicunt
986 2675 1106 2712 eum
1136 2659 1223 2728 qui
1253 2659 1331 2712 sic
1357 2658 1653 2727 acceperit,
1681 2657 1750 2712 ad

171 2733 439 2798 integrum
472 2731 713 2792 liberari;
744 2731 830 2784 alii
857 2739 1032 2784 autem
1057 2743 1238 2798 parum
1271 2729 1524 2796 prodesse
1553 2729 1750 2782 contir-

170 2810 339 2852 munt.
375 2801 509 2866 Quid
540 2812 711 2854 tamen
739 2801 804 2855 de
831 2800 927 2852 hac
952 2815 1009 2853 rc
1036 2799 1187 2853 nobis
1213 2798 1508 2852 secundum
1532 2810 1748 2853 sancto-

170 2886 292 2924 rum
343 2882 548 2940 patrum
605 2871 814 2940 regulas
859 2869 1135 2940 videatur,
1202 2867 1434 2923 breviter
1492 2868 1748 2940 Charitati

171 2937 368 2994 veslrze
420 2941 540 2993 thlO
570 2937 870 3008 suggerere.
899 2940 1009 2992 NO'I
1045 2937 1334 3008 incongrue
1383 2947 1556 3006 potest
1603 2938 1751 2993 credi

174 3012 345 3063 tribus
391 3011 561 3062 modis
601 3011 664 3064 ad
696 3011 850 3063 istam
879 3009 1204 3064 subitaneam
1235 3008 1594 3076 ptenitentiam
1622 3023 1747 3076 per-

79 3095 89 3105 °
171 3081 368 3133 veniri.
423 3081 626 3134 Primus
675 3087 730 3133 et
773 3078 1300 3149 prmcipuusmodus
1342 3086 1476 3149 est,
1505 3087 1562 3149 ut
1599 3077 1749 3149 chri-

171 3150 377 3204 stianus
399 3151 616 3204 crimina
644 3147 885 3216 capitalia
911 3163 1014 3202 non
1037 3147 1306 3212 admittat;
1325 3159 1415 3201 aut
1438 3148 1482 3202 si
1511 3147 1754 3203 fortead-

175 3221 412 3285 tniserit,
446 3220 522 3274 sic
555 3235 646 3288 pro
674 3220 777 3272 illis
819 3219 1191 3288 pteniteat._et
1227 3232 1287 3272 ea
1322 3218 1473 3271 bonis
1498 3217 1749 3288 operibus

174 3291 376 3351 diluat,
417 3300 473 3344 ut
514 3286 696 3359 postea
749 3289 813 3359 ad
858 3294 1072 3356 peccata
1112 3286 1221 3359 ipsa
1266 3302 1372 3341 non
1425 3287 1637 3359 redeat;
1681 3287 1752 3342 de

174 3361 422 3413 omnibus
474 3357 727 3413 fructibus
783 3357 1018 3412 decimas
1073 3357 1293 3421 reddat,
1348 3365 1403 3410 et
1447 3357 1515 3412 de
1558 3371 1747 3411 novem

179 3430 421 3497 partihus
463 3429 714 3496 quidquid
780 3429 890 3482 suis
934 3427 1336 3481 necessitatibus
1391 3426 1748 3497 superfuerit,

176 3496 376 3552 minuta
409 3509 620 3567 peccata
649 3513 766 3566 quae
809 3497 1041 3567 quotidie
1069 3497 1362 3563 subrepunt
1408 3496 1665 3567 redimat,
1697 3505 1752 3567 et

176 3569 318 3622 illam
343 3566 648 3621 charitatetn
681 3566 858 3622 teneat
898 3583 1015 3637 qua:
1041 3583 1143 3620 non
1165 3567 1346 3637 solum
1376 3566 1574 3637 amicos
1593 3606 1610 3630 ,
1655 3566 1748 3621 sed

175 3639 320 3706 ipsos
341 3639 510 3708 diligit
549 3638 812 3692 inimicos.
844 3634 946 3703 Qui
992 3637 1104 3690 luce
1147 3636 1371 3708 fideliter
1400 3634 1620 3708 implere
1658 3651 1745 3689 vo-

177 3705 336 3762 luerit
357 3749 369 3767 .
393 3705 596 3762 etiamsi
625 3709 989 3776 paenitentiam
1021 3723 1122 3758 non
1161 3705 1564 3776 aceipiat;quia
1603 3720 1748 3760 sem-

176 3793 274 3848 per
295 3779 436 3831 illam
461 3775 726 3832 fructuose
753 3785 808 3832 et
839 3777 1064 3831 ﬁdeliter
1086 3777 1222 3845 egit,
1255 3775 1390 3830 bene
1418 3775 1541 3829 hinc
1560 3776 1701 3848 exiet
1730 3791 1742 3827 :

175 3846 229 3902 et
254 3849 297 3900 si
321 3863 387 3901 eo
429 3856 665 3915 tempore
703 3864 807 3917 quo
834 3849 1130 3917 moriturus
1151 3855 1266 3910 est,
1299 3859 1415 3917 eam
1442 3846 1706 3912 acceperit
1731 3885 1746 3909 ,

176 3927 229 3971 et
252 3928 455 3986 partem
487 3919 584 3972 sibi
630 3927 682 3972 et
709 3915 922 3972 Christo
946 3917 1012 3969 ad
1054 3915 1405 3970 substantiam
1447 3929 1600 3968 suam
1629 3929 1749 3968 cum

177 3987 300 4041 ﬁliis
351 3989 559 4052 fecerit;
588 3988 691 4042 non
718 3988 887 4042 solum
914 4001 1036 4042 eum
1063 3987 1267 4040 veniam
1298 3993 1751 4053 peccatorumcre-

175 4058 354 4112 ditnus
382 4059 655 4122 obtinere,
678 4058 769 4112 sed
798 4060 954 4112 etiam
986 4057 1198 4125 prrcmia
1234 4065 1429 4109 interna
1459 4056 1749 4125 percipere.

245 4128 300 4180 2.
340 4125 538 4181 Obtinet
573 4139 618 4181 et
643 4129 727 4196 qui
752 4129 872 4181 vixit
913 4129 966 4180 in
988 4124 1234 4194 peccatis;
1263 4125 1351 4178 sed
1371 4141 1469 4194 qua
1502 4124 1627 4196 lege.
1652 4126 1748 4179 Se-

177 4199 386 4250 cundus
408 4198 592 4252 modus
621 4195 702 4251 est
722 4213 880 4266 supra
905 4198 1056 4252 dieue
1081 4196 1402 4266 pcenitentite
1419 4233 1435 4259 ,
1460 4204 1517 4248 ut
1543 4195 1749 4266 etiamsi

178 4268 390 4336 aliquis,
415 4269 664 4337 quamdiu
690 4264 896 4329 vixerit,
941 4283 1043 4320 non
1069 4264 1240 4319 solum
1270 4279 1426 4334 parva
1447 4301 1463 4328 ,
1496 4264 1589 4318 sed
1616 4265 1752 4337 forte

179 4335 338 4390 etiam
385 4335 624 4406 capitalia
668 4339 962 4392 committat
1004 4344 1248 4404 peccata;
1295 4343 1345 4388 et
1393 4343 1565 4388 tamen
1615 4335 1751 4406 mala

181 4408 290 4475 ipsa
339 4404 605 4476 ignoretur
631 4423 731 4476 qua
777 4423 870 4476 spe
912 4408 1232 4476 poenitentia:
1274 4406 1458 4476 agat},
1492 4419 1590 4458 nec
1633 4404 1752 4476 ideo

179 4473 410 4530 animant
443 4493 591 4531 suam
619 4473 685 4531 ad
714 4473 922 4547 peccata
945 4477 1176 4540 relaxet,
1207 4483 1264 4530 ut
1289 4473 1352 4547 ad
1381 4473 1750 4547 illam‘subita-

180 4562 332 4601 neam
381 4544 738 4615 pmuilentiam
793 4563 849 4601 se
877 4556 1142 4608 reservet;
1189 4556 1241 4600 et
1286 4546 1335 4598 in
1384 4544 1604 4598 transitu
1652 4559 1752 4598 suo

179 4633 300 4671 cum
322 4619 504 4684 grandi
534 4619 824 4672 lnnnilitate
845 4626 896 4671 et
917 4617 1093 4671 cordis
1121 4616 1468 4679 contritione,
1505 4629 1624 4667 cum
1655 4630 1749 4668 ru-

179 4689 286 4758 gitu
319 4688 397 4740 vel
423 4689 620 4758 gemitu
649 4689 811 4754 ipsam
840 4688 1199 4758 ptenitetitiam
1227 4694 1403 4756 petat;
1435 4693 1499 4758 Aet
1523 4685 1622 4736 hoc
1650 4684 1748 4758 de-

181 4755 476 4812 linitissinie
516 4759 569 4811 in
615 4758 776 4812 corde
818 4755 915 4811 s'uo
965 4755 1253 4820 deliberet,
1301 4764 1359 4808 ut
1403 4755 1447 4811 si
1491 4756 1744 4820 evaserit,

179 4827 429 4896 quamdiu
458 4829 645 4882 vixerit
664 4870 678 4890 ,
707 4835 817 4881 toto
843 4827 1002 4881 corde
1031 4838 1083 4880 et
1120 4826 1243 4896 totis
1266 4825 1472 4896 viribus
1494 4823 1750 4896 fructuo-

181 4893 291 4952 sam
340 4900 697 4968 pmnitentiam
746 4909 892 4966 agat;
937 4904 990 4950 et
1020 4895 1278 4968 quidquid
1319 4911 1377 4948 se
1405 4893 1539 4968 male
1565 4893 1748 4968 tulisse

179 4963 485 5037 cognoscit,
531 4969 596 5021 ad
640 4963 896 5035 integrum
942 4963 1264 5037 reddat,_’_ut
1303 4963 1592 5037 secundum
1621 4964 1746 5037 illud

184 5033 544 5108 propheticum
591 5033 828 5105 rapinam
864 5034 1544 5108 restituat(Ezech._xx\nt
1570 5074 1585 5098 ,
1615 5033 1744 5108 ibi,

181 5102 233 5164 et
260 5102 508 5164 omnibus
534 5102 758 5162 inimicis
795 5107 904 5160 suis
931 5114 1041 5160 toto
1079 5102 1238 5159 corde
1281 5103 1542 5171 indulgeat
1565 5143 1579 5164 ,
1603 5113 1653 5157 et
1680 5102 1748 5158 de

180 5180 471 5233 subSIantia
519 5191 611 5232 sua
658 5193 814 5232 unam
843 5176 1133 5245 portionem
1159 5174 1371 5228 Christo
1394 5183 1451 5226 et
1492 5173 1588 5225 sibi
1627 5189 1747 5226 eunt

184 5250 302 5305 filiis
328 5251 438 5302 suis
477 5249 664 5310 faciat,
696 5257 750 5303 et
780 5248 829 5300 in
862 5250 972 5315 ipsa
1007 5245 1310 5300 inﬁrmitate
1337 5258 1462 5307 sua,
1495 5251 1747 5312 quantum

241 5341 256 5370 '
280 5341 355 5410 sic
376 5337 697 5410 taudunensis
711 5335 886 5387 codex.
917 5341 972 5386 At
992 5337 1191 5398 Regius,
1210 5333 1483 5399 ignoranter
1505 5330 1644 5396 quasi
1665 5345 1749 5396 spe

182 5405 799 5572 Wﬁagcgaﬂams
821 5472 884 5510 ex
899 5457 1047 5570 mlo
1060 5457 1225 5508 codice
1245 5468 1360 5507 cura
1382 5462 1434 5530 ιζ.
1453 5460 1503 5504 c.
1522 5453 1748 5528 Stephani

260 5537 348 5572 uzn
379 5522 598 5572 vulaaws
627 5528 870 5572 reperitur
989 5533 1068 5569 ine
1085 5523 1342 5571 secundus.
1368 5516 1528 5567 Eidem
1549 5523 1748 5566 casamo

183 5516 348 5573 minii
379 5522 598 5586 vulgatu
627 5521 870 5584 reperitur
899 5516 1068 5570 Otdine
1085 5523 1342 5571 secundus.
1368 5516 1528 5567 Eidem
1549 5516 1750 5566 Césario

183 5587 398 5645 tribuunt
427 5584 575 5645 nostri
598 5582 924 5645 mgnsaipti.
958 5586 1026 5645 De
1059 5594 1202 5645 num,
1246 5580 1278 5628 5
1295 5580 1413 5645 vide
1434 5589 1576 5645 supra
1598 5590 1746 5645 serra.

183 5641 262 5705 ⁷7,
285 5660 331 5694 n.
359 5648 379 5696 i
402 5680 418 5704 ,
439 5654 490 5693 et
509 5643 734 5705 78,,n._3,
754 5650 808 5694 et
826 5638 1072 5705 tiugusdui
1101 5638 1250 5692 scrin.
1294 5641 1388 5692 595
1410 5654 1422 5690 :
1447 5638 1510 5690 de
1533 5651 1665 5689 num.
1699 5638 1748 5699 4,

189 5678 695 5770 miseratam:

421 5777 675 5835 PATROL
734 5772 1030 5837 XXXIX.

1537 274 1764 334 SERMO
1800 273 2015 332 CCLVl.

3286 277 3426 339 κιο

1850 401 2061 466 potest.
2114 392 2302 466 largas
2362 391 2729 466 eleemosynas
2791 405 3010 466 erogare
3071 394 3345 466 praecipiat
3405 417 3423 454 :

1847 466 1890 516 si
1917 464 2060 534 hinc
2106 463 2331 518 ﬁdeliter
2387 463 2572 517 humili
2602 463 2673 516 ‘et
2717 463 2946 534 contrito
2985 463 3146 518 corde
3206 463 3428 534 implere

1846 532 2112 597 voluerit,
2162 541 2217 588 et
2270 546 2564 603 possumus
2603 542 2658 586 et
2701 532 2958 586 debemus
3002 535 3225 588 credere
3284 532 3424 603 quoa

1847 603 1896 656 ei
1965 603 2222 656 Dominus
2276 602 2452 655 omnia
2517 601 2759 670 dignetur
2810 612 3047 670 peccata
3113 601 3424 662 dimittere.

1847 672 2139 726 secundum
2181 672 2310 725 illud
2354 669 2755 740 prepheticum,
2801 669 3044 724 Peccator
3088 674 3138 725 in
3185 690 3428 741 σκιαί-πυρα

1847 749 1941 808 que
1977 741 2058 795 die
2093 757 2359 795 conversus
2389 742 2572 809 fuerit,
2624 756 2794 793 omnes
2831 741 3114 808 iniquitates
3151 744 3259 809 eius
3301 746 3427 797 oblr

1847 812 1976 864 t-ioni
2005 810 2477 882 tradentur(Esec/t.
2499 825 2622 862 xvnt
2640 851 2654 872 ,
2677 811 2738 882 2i
2759 809 2938 882 er”);
2968 821 3020 864 et
3037 812 3182 882 illud.
3213 811 3278 866 In
3293 830 3429 882 qua-

1847 897 2057 950 rumque
2080 882 2162 935 die
2180 895 2442 940 cormersns
2465 881 2781 950 ingemueris,
2804 881 2970 934 salvus
2989 881 3087 936 eris
3109 879 3220 950 (Id.
3241 879 3424 944 xxxiii,

1997 1019 2061 1072 Id
2087 1035 2220 1092 aegre
2253 1019 2497 1092 sentiatur
2524 1019 2588 1073 de
2613 1035 2673 1092 eo
2703 1019 2790 1087 qui
2825 1019 3054 1092 operibus
3083 1022 3425 1092 paenitentiam

1851 1104 1951 1142 non
2005 1091 2238 1162 ostendit.
2294 1090 2504 1162 Tertius
2554 1090 2746 1142 modus
2788 1090 3114 1162 poenitentia:
3160 1092 3425 1162 aliquihus

1849 1173 1970 1214 esse
1996 1159 2232 1223 videtur,
2264 1159 2307 1214 si
2339 1159 2528 1226 aliquis
2573 1173 2778 1226 semper
2804 1160 2939 1212 male
2967 1160 3186 1223 vivens,
3229 1159 3279 1216 iit
3310 1165 3425 1218 exi-

1851 1237 1906 1281 tu
1933 1229 2134 1300 vittesc
2162 1239 2399 1300 reservet
2421 1228 2485 1280 ad
2514 1228 2899 1300 paenitentiam,
2927 1239 2980 1282 et
3004 1244 3064 1282 ea
3095 1244 3190 1298 spe
3219 1243 3422 1300 peccet,

1852 1309 1908 1350 ut
1936 1313 2032 1367 per
2055 1299 2220 1367 ipsam
2259 1299 2586 1352 subitaneam
2615 1298 2973 1364 pmnitentiam
3001 1306 3056 1352 et
3079 1298 3268 1354 cuncta
3291 1317 3422 1355 con-

1846 1367 2028 1435 juncta
2076 1369 2302 1422 testimet
2329 1377 2539 1439 peccata
2571 1367 2791 1439 dimitti;
2825 1376 2885 1439 et
2925 1377 3098 1422 tamen
3146 1379 3422 1439 postquam

1851 1451 1970 1491 eam
1996 1439 2290 1504 acceperit,
2320 1447 2373 1490 et
2413 1437 2537 1490 illud
2564 1435 2704 1506 quod
2736 1436 2873 1489 male
2902 1439 3076 1506 rapuit
3097 1435 3193 1492 nec
3221 1435 3427 1494 iusim-

1854 1507 1942 1575 plo
1970 1507 2184 1578 reddat,
2231 1521 2329 1560 nec
2357 1506 2584 1578 inimicis
2625 1505 2736 1558 suis
2775 1514 2885 1578 toto
2927 1505 3089 1578 corde
3115 1508 3423 1578 indulgeat,

1853 1577 2024 1630 necin
2052 1575 2214 1630 corde
2247 1591 2346 1630 suo
2389 1575 2684 1639 deliberet,
2713 1577 2839 1628 utsi
2879 1577 3136 1640 evaserit,
3175 1575 3424 1646 quamdiu

1854 1646 1980 1717 vivit
2002 1681 2037 1717 ,γ
2066 1661 2185 1700 cum
2216 1646 2397 1715 grandi
2439 1645 2944 1717 compunctioneet
2989 1645 3283 1717 humilitate
3313 1665 3426 1717 pm-

1854 1716 2130 1786 nitentiam
2169 1714 2322 1786 agat,
2365 1729 2461 1769 nec
2489 1714 2922 1786 portionemsibi
2970 1724 3024 1769 et
3062 1716 3274 1770 Christo
3314 1714 3423 1786 pro

1854 1783 2223 1854 redemptione
2245 1795 2579 1854 peccatorum
2614 1783 2684 1836 de
2710 1784 3010 1854 substantia
3039 1799 3131 1838 sua
3158 1801 3277 1840 cum
3303 1783 3428 1844 ﬁliis

1855 1854 1965 1908 suis
1995 1853 2168 1908 faciat.
2211 1854 2298 1910 Sic
2323 1864 2537 1922 accepta
2579 1853 2886 1922 paenitentia
2907 1894 2922 1918 ,
2963 1854 3008 1907 si
3037 1855 3151 1908 sine
3180 1855 3296 1910 istis
3335 1873 3428 1913 re-

1856 1923 2048 1978 mediis
2075 1939 2194 2047 qua:
2230 1939 2394 1992 supra
2427 1923 2837 1976 memoravimus
2860 1963 2874 1984 .
2902 1925 3094 1977 exierit
3120 1923 3188 1979 de
3216 1927 3314 1980 hac
3343 1929 3426 1980 vi-

1857 2002 1942 2047 ta:
1987 1993 2075 2047 aui
2139 1992 2206 2047 de
2246 2009 2312 2047 eo
2353 1992 2582 2046 futurum
2625 1994 2728 2047 sit.
2763 1993 2884 2046 licet
2921 2008 3021 2046 nos
3055 1993 3233 2047 dicere
3279 1996 3425 2047 dubii

1857 2002 1942 2064 to;
1987 1992 2206 2064 quidde
2246 2009 2312 2047 eo
2353 1992 2582 2046 futurum
2625 1993 2884 2064 sit._llcet
2921 2008 3021 2064 nos
3055 1993 3233 2064 dicere
3279 1996 3425 2052 dubii

1855 2062 2056 2126 simus,
2103 2063 2355 2117 Dominus
2401 2071 2577 2117 tamen
2624 2063 2676 2114 in
2730 2062 3014 2129 Evangelio
3061 2063 3428 2122 delinitissime

1855 2132 1987 2187 dixit
2017 2149 2030 2185 :
2062 2131 2154 2196 Si,
2187 2131 2386 2202 inquit,
2418 2147 2519 2185 non
2561 2131 2848 2202 dimiseritis
2901 2133 3184 2188 hominibus
3225 2147 3428 2202 peccata

1856 2216 2057 2262 eorum.
2088 2217 2178 2255 nec
2219 2201 2376 2255 Pater
2397 2202 2609 2255 dimittet
2636 2201 2770 2254 vobis
2789 2210 2992 2270 peccata
3021 2212 3184 2256 vestra
3215 2201 3424 2270 (Matth.

1854 2285 1909 2342 vi
1928 2313 1943 2336 ,
1974 2272 2104 2342 715);
2139 2282 2192 2327 et
2221 2271 2371 2342 illud,
2406 2271 2553 2334 Date,
2583 2271 3057 2342 etAdabiturAvobis,’
3085 2271 3350 2338 dimittite,
3377 2284 3428 2330 et

1856 2339 2129 2413 dimittetur
2142 2342 2282 2413 nobis
2310 2341 2457 2413 (Luc.
2488 2356 2541 2413 vt
2558 2383 2571 2402 .
2592 2339 2697 2413 £58.
2721 2341 2830 2408 37).
2860 2339 3136 2413 Quomodo
3164 2347 3425 2410 peccaturi

1856 2409 1932 2481 illi
1961 2409 2152 2481 dimitti
2181 2409 2376 2481 poterit
2394 2447 2410 2475 ,
2454 2411 2543 2479 qui
2560 2410 2837 2481 dimittere
2863 2411 3068 2481 noluit?
3092 2409 3184 2466 aut
3203 2428 3428 2481 quomo-

1854 2479 1925 2550 do
1947 2482 1995 2534 ei
2024 2479 2262 2544 dabitur,
2288 2481 2375 2550 qui
2407 2495 2511 2533 noti
2540 2479 2718 2550 dedit?
2745 2479 2813 2532 Et
2846 2480 2966 2548 quia
2995 2479 3246 2538 Dominus
3271 2483 3339 2550 de
3358 2483 3426 2538 il-

1856 2549 1922 2606 lis
1949 2551 2039 2618 qui
2077 2549 2444 2618 eleemosynas
2473 2565 2576 2602 non
2605 2549 2860 2603 dederunt
2891 2549 3127 2605 dicturus
3150 2561 3265 2618 est,
3307 2549 3430 2606 Dis-

1859 2619 2017 2684 cedite
2039 2636 2071 2672 a
2092 2637 2201 2693 nte,
2227 2619 2480 2693 maledicti
2499 2660 2513 2684 ,
2541 2621 2606 2693 in
2622 2619 2784 2693 ignem
2805 2628 3045 2693 internum
3061 2661 3075 2682 ,
3104 2622 3197 2693 qui
3225 2637 3430 2693 ρνωρα-

1857 2699 2000 2743 ratus
2038 2699 2110 2743 est
2134 2689 2333 2744 diabolo
2360 2699 2405 2744 et
2443 2689 2634 2760 angelis
2661 2689 2766 2760 ejus
2785 2703 2804 2752 ;
2830 2689 2958 2760 quia
2982 2691 3191 2757 esuritn',
3225 2689 3286 2745 et
3330 2689 3433 2747 non

1857 2760 2067 2834 dedistis
2119 2761 2242 2834 inihi
2293 2757 2618 2834 manducare,
2651 2757 2755 2834 etc.
2797 2757 3008 2834 (Manli.
3041 2776 3176 2834 xxv,
3200 2763 3428 2834 41,42),

1855 2829 1901 2882 si
1933 2831 2020 2884 ille
2045 2831 2096 2884 in
2127 2830 2299 2900 ignem
2323 2831 2567 2894 mittitur,
2593 2829 2681 2898 qui
2701 2829 2779 2900 de
2807 2829 3015 2900 propria
3042 2827 3292 2886 facultate
3321 2827 3428 2886 non

1855 2901 2123 2972 erogavit;
2157 2899 2291 2972 quid
2334 2900 2402 2954 de
2441 2900 2541 2972 isto
2569 2899 2860 2972 pgenitente
2896 2899 3127 2953 facturus
3172 2911 3282 2964 est,
3338 2904 3430 2972 qui

1858 2967 1975 3024 non'
1993 2971 2164 3024 solum
2188 2967 2258 3025 de
2303 2968 2516 3039 proprio
2554 2967 2684 3021 nihil
2721 2967 2896 3030 dedit,
2943 2983 3126 3023 verum
3152 2971 3308 3025 etiam
3345 2967 3432 3028 res

1859 3039 2089 3104 alienas,
2135 3055 2263 3109 quas
2293 3039 2431 3092 male
2473 3039 2690 3109 tulerat,
2734 3052 2834 3092 nec
2879 3039 2931 3109 in
2971 3039 3164 3107 simplo
3207 3041 3432 3097 reddere

1857 3110 2061 3163 voluit?
2088 3106 2188 3176 Qui
2233 3111 2351 3163 talis
2389 3116 2471 3162 est
2490 3149 2506 3172 ,
2535 3106 2579 3162 si
2605 3121 2646 3178 _a
2675 3121 2760 3178 me
2789 3106 3153 3177 ptenitentiam
3185 3111 3428 3178 petierit.

1855 3182 1910 3234 et
1935 3189 2018 3236 est
2059 3179 2130 3252 illi
2162 3178 2412 3252 :etas__cni
2451 3186 2541 3231 aut
2585 3176 2698 3232 dari
2746 3176 2915 3252 possit
2953 3186 3048 3231 aut
3094 3176 3284 3252 debeat
3309 3181 3430 3252 (a);

1857 3250 2219 3318 paenitentiam
2252 3249 2323 3303 illi
2351 3247 2724 3318 dareipossum
2746 3287 2759 3310 ,
2807 3247 3062 3316 integram
3091 3247 3430 3305 securitatem

1856 3319 1984 3374 dare
2026 3334 2128 3373 non
2160 3333 2374 3388 possum
2424 3335 2437 3371 :
2484 3317 2624 3371 Deus
2663 3324 2869 3382 tamen,
2901 3318 2988 3387 qui
3019 3318 3256 3374 omnium
3296 3335 3430 3375 con-

1855 3388 2103 3443 scientias
2149 3387 2327 3448 novit;
2371 3395 2426 3440 et
2469 3396 2896 3456 unumquemque
2932 3389 3226 3456 secundum
3273 3405 3428 3446 suum

1856 3458 2102 3512 meritum
2140 3457 2427 3526 judicahit,
2477 3456 2591 3525 ipse
2619 3455 2719 3527 scit
2741 3455 2842 3527 qua
2875 3455 2977 3510 ﬁde
2999 3465 3092 3510 aut
3131 3471 3231 3527 qua
3259 3459 3431 3514 inten-

1857 3525 2170 3606 tioneanimi
2185 3527 2544 3606 pte-gritentiam
2568 3525 2735 3606 petiit.
2761 3525 2871 3606 Ego
2889 3541 3012 3606 vero
3030 3525 3190 3606 timeo
3207 3544 3272 3606 ne
3295 3527 3432 3606 forte

1856 3597 1957 3652 iste
1995 3597 2113 3666 talis
2139 3595 2401 3666 paenitens
2427 3609 2524 3649 nec
2567 3595 2618 3649 in
2653 3595 2975 3666 conscientia
3010 3609 3103 3650 sua
3143 3595 3382 3652 habuerit
3411 3642 3426 3662 ,

1856 3667 1995 3734 quod
2039 3665 2090 3720 in
2124 3665 2372 3736 cperibus
2397 3680 2501 3718 non
2532 3665 2803 3736 ostendit_:
2833 3665 2957 3734 quia
2987 3666 3085 3720 etsi
3131 3680 3225 3720 cor
3249 3668 3430 3724 videre

1857 3733 1962 3790 non
2009 3733 2321 3804 possumus,
2382 3743 2555 3806 tamen
2594 3733 2883 3788 secundum
2923 3736 3276 3806 evangelicum
3302 3751 3428 3792 sen-

1857 3803 2074 3877 tentiam
2097 3845 2111 3868 .
2153 3822 2217 3860 ex
2254 3803 2495 3876 fructibus
2535 3817 2706 3858 eorum
2743 3803 3299 3877 cognoscetisjeostld.
3333 3823 3426 3874 vti,

1859 3876 1983 3944 t6),
2031 3875 2156 3930 dum
2202 3873 2264 3930 ea
2307 3890 2426 3945 quae
2462 3887 2628 3946 supra
2658 3873 3016 3946 scriptasunt
3056 3873 3280 3944 implere
3329 3893 3426 3946 pe-

1858 3943 1999 4000 nitus
2029 3961 2132 4016 non
2162 3943 2418 3999 vident—us.
2447 3944 2576 3999 Cum
2607 3943 2719 4016 ltzec
2745 3945 2814 3998 ita
2841 3944 2969 4010 sint,
2997 3946 3113 4016 quis
3138 3943 3246 3999 non
3280 3943 3429 4015 pote-

1856 4017 1926 4070 rit
1953 4015 2250 4084 prohibere,
2280 4025 2335 4070 ut
2360 4029 2480 4070 eum
2504 4013 2781 4069 credamus
2799 4030 2901 4068 non
2929 4013 3063 4070 bene
3082 4016 3150 4069 de
3177 4013 3290 4072 hac
3313 4018 3430 4073 luce

1856 4086 1928 4140 mi
1970 4100 2143 4152 rasse,
2175 4101 2331 4156 quem
2376 4085 2510 4139 bona
2538 4099 2699 4154 cpera
2727 4085 3094 4153 cognoscimus
3137 4101 3242 4140 non
3275 4086 3429 4141 fecis-

1856 4102 2133 4209 segEcce.
2163 4155 2288 4209 ouid
2321 4153 2448 4209 mihi
2470 4155 2536 4208 de
2561 4151 2834 4208 subitanea
2864 4156 3169 4209 nmnitentia
3199 4155 3425 4209 videtur.

1856 4151 1957 4210 se?
1978 4151 2136 4221 Ecce,
2163 4151 2288 4225 quid
2321 4153 2448 4209 mihi
2470 4155 2536 4208 de
2561 4151 2834 4225 subitanea
2863 4156 3169 4223 pmnitentia
3199 4155 3425 4225 videtur,

1856 4226 2115 4280 Charitati
2145 4224 2335 4280 vestra:
2361 4224 2598 4293 exposui.
2630 4224 2685 4278 Si
2711 4225 2831 4292 quis
2853 4232 2964 4287 est,
2997 4225 3080 4278 cui
3106 4241 3170 4278 ex
3199 4224 3283 4279 his
3307 4243 3427 4294 qnze

1857 4295 2086 4351 diximus
2110 4295 2282 4365 aliqua
2311 4294 2570 4365 dubitatio
2598 4302 2880 4365 nascatur;
2904 4299 2959 4348 et
2985 4303 3225 4364 optamus
3263 4305 3316 4349 et
3334 4297 3429 4349 de.

1856 4366 2151 4420 sideramus
2168 4407 2183 4430 ,
2202 4362 2266 4418 'ut
2289 4365 2402 4418 dari
2431 4364 2528 4418 sibi
2553 4377 2584 4418 a
2612 4362 2766 4419 nobis
2788 4362 3044 4418 rationem
3071 4378 3189 4420 cum
3217 4366 3425 4434 perfec-

1858 4444 1906 4489 ta
1937 4434 2193 4490 cltaritate
2222 4436 2472 4504 requirat.

1925 4505 1978 4559 ὁ.
2023 4504 2198 4558 Tutius
2223 4503 2311 4576 est
2321 4503 2658 4576 paenitentiam
2675 4503 2870 4576 jugiler
2891 4517 3054 4572 agerc.
3085 4503 3267 4560 Mortis
3294 4508 3424 4562 enim

1855 4574 1981 4646 [rora
2005 4576 2211 4629 incerta.
2236 4573 2522 4646 [aquibus
2549 4573 2784 4646 consistat
2817 4573 2959 4644 jugis
2997 4576 3088 4629 illa
3115 4577 3422 4646 paenitentia.

1854 4645 1960 4700 Nos
1989 4654 2198 4707 tamen,
2230 4642 2423 4698 fratres
2449 4642 2743 4712 charissimi
2765 4684 2779 4708 ,
2811 4642 3032 4712 ea'qua:
3061 4642 3184 4698 sunt
3225 4647 3423 4700 incerta

1854 4715 1936 4770 vel
1976 4715 2130 4768 dubia
2177 4715 2564 4783 relinquentes,
2610 4709 2731 4766 tntis
2776 4709 2973 4767 viribus
3009 4714 3076 4767 de
3118 4715 3203 4768 illa
3250 4716 3424 4782 paeni-

1854 4785 2047 4851 tentia,
2079 4797 2196 4853 qua:
2239 4799 2332 4853 per
2371 4797 2582 4853 omnem
2624 4783 2783 4835 vitam
2827 4798 2858 4837 a
2908 4783 3059 4836 bonis
3104 4784 3425 4840 Christianis

1853 4854 2043 4925 agitur,
2070 4852 2164 4922 per
2189 4852 2341 4924 quam
2365 4852 2540 4906 omnia
2559 4859 2622 4925 get
2646 4853 2886 4925 capitalia
2915 4853 3136 4908 crimina
3161 4853 3422 4909 damnan-

1855 4922 1970 4986 tur,
2002 4933 2056 4977 et
2083 4922 2285 4977 minora
2317 4930 2526 4991 peccata
2548 4922 2744 5046 jugiter
2772 4922 3136 4983 redimuntur,
3167 4927 3423 4980 attentius

1855 4995 2172 5046 cogitemus:
2205 5008 2345 5046 ante.
2375 4993 2419 5046 si
2449 5007 2603 5046 uuam
2647 4993 2698 5045 iu
2721 4991 2946 5046 vivimus
2973 5007 3092 5046 cum
3119 4993 3271 5046 bonis
3296 5010 3423 5046 oue-

1853 4995 2172 5065 Cogitcmus;
2205 5008 2345 5065 quis,
2375 4993 2419 5046 si
2449 4991 2698 5065 quamdiu
2721 4991 2946 5065 vivimus
2973 5007 3092 5065 cum
3119 4993 3271 5065 bonis
3296 5010 3424 5063 ope-
3493 4994 3496 4998 ’

1853 5062 1998 5121 ribus
2019 5062 2241 5134 agimus,
2273 5064 2478 5134 plenam
2507 5062 3021 5134 nobis‘securitatetn
3049 5063 3116 5118 de
3145 5063 3236 5119 Dei
3265 5062 3428 5122 mise-

1853 5130 2080 5190 ricordia
2107 5130 2403 5204 pollicetur.
2431 5130 2564 5187 Cum
2594 5131 2735 5186 enim
2759 5145 2946 5187 Omnes
2971 5131 3214 5189 homines
3252 5139 3425 5206 pinni-

1914 5268 1997 5332 (τι)
2016 5273 2113 5318 Non
2132 5268 2262 5332 enim
2276 5267 2404 5332 omni
2441 5265 2571 5332 aetati
2593 5265 2949 5332 concedebatur
2971 5267 3271 5332 pcenltentla.
3310 5271 3428 5320 tunc

1853 5328 2062 5404 synodus
2083 5330 2382 5402 Agatbensis,
2401 5331 2477 5401 cui
2499 5328 2954 5438 Caesariuspr'efuit,
3111 5329 3204 5380 i5:
3238 5348 3261 5377 ι
3281 5337 3426 5381 Juve-

1859 5410 1880 5437 ι
1903 5393 2209 5438 mbus‘euam
2233 5398 2510 5438 paenitentia
2533 5401 2629 5438 non
2659 5389 2746 5438 fac;
2768 5401 2797 5438 e
2818 5391 3157 5438 committent'a
3182 5397 3286 5438 est.
3313 5404 3424 5438 nro-

1859 5389 2209 5442 c'nibus'etiam
2233 5391 2510 5454 pretiitentia
2533 5401 2629 5439 non
2659 5389 2797 5439 facile
2818 5391 3157 5454 committed;
3182 5397 3286 5448 est,
3311 5404 3424 5454 pro.

1859 5470 1882 5498 ι
1905 5461 2014 5516 pter
2071 5449 2245 5502 aetatis
2268 5451 2592 5514 fragilitatem.
2623 5466 2648 5497 δ
2696 5449 2950 5500 Concilium
2995 5449 3339 5506 surelianeuse
3360 5451 3423 5514 5,

1849 5527 1956 5564 can.
1981 5512 2072 5565 Ωιτ
2107 5530 2130 5560 ι
2153 5520 2208 5564 L't
2243 5525 2308 5564 ne
2343 5514 2452 5565 auis
2488 5512 2880 5563 benedictionem
2912 5512 3208 5565 penitentite
3239 5513 3424 5565 iuvent-

1859 5527 1956 5564 ειη.
1981 5519 2072 5565 Ξιε
2107 5530 2130 5560 ι
2153 5520 2208 5564 L't
2243 5525 2308 5564 ne
2343 5519 2452 5577 quis
2488 5519 2880 5563 benedictionem
2912 5519 3208 5574 penitentite
3239 5519 3424 5571 iuvent

1859 5595 1882 5622 s
1903 5578 1996 5624 bus
2027 5576 2249 5638 personis
2285 5574 2493 5638 credere
2528 5580 2802 5638 W1.
2837 5579 2979 5638 certe
3008 5573 3296 5638 conjugatis,
3333 5574 3426 5623 nisi

1859 5655 1881 5682 ι
1907 5649 1970 5684 ex
1985 5633 2234 5698 consensu
2260 5637 2460 5698 partium
2483 5633 2543 5686 et'
2567 5641 2711 5686 aetate
2728 5635 2828 5698 jam
2857 5633 3000 5696 plena
3018 5666 3032 5693 ,
3057 5645 3165 5682 eam
3185 5634 3303 5683 dare
3328 5648 3425 5688 una

1860 5718 1885 5750 s
1905 5697 2095 5750 sulcat.
2120 5713 2142 5742 ι

2710 5774 3242 5854 (Soixante-dis.)
