3996 6442
534 394 661 451 2231
699 398 714 411 ‘

532 532 638 569 non
670 515 865 577 licebit,
908 515 1043 569 sicut
1083 514 1207 568 dicit
1236 527 1411 568 sermo
1438 514 1677 578 divinus,
1713 513 1965 578 Quoniam
2004 531 2104 566 non

532 596 604 639 est
649 586 702 637 in
730 594 884 637 morte
908 585 991 654 qui
1024 600 1211 637 memor
1253 584 1315 637 sit
1364 583 1436 654 tui
1479 584 1497 654 (
1527 582 1668 637 Psal.
1701 598 1777 645 vr,
1808 582 1841 638 6
1873 584 1912 654 ).
1960 583 2106 636 Sicut

532 669 660 724 ergo
691 655 758 708 ibi
781 651 928 708 nulla
960 654 1228 709 timebitur
1255 651 1562 707 meritorum
1587 654 1836 724 amissio;
1872 651 1943 706 ita
1966 653 2105 705 nulla

535 723 852 778 retribuetur
882 725 1123 778 remissio
1142 732 1507 791 peccatorum;
1538 724 1680 777 nulla
1721 724 1788 776 ibi
1814 723 1925 792 jam
1957 737 2109 792 exer-

533 794 685 847 cendi
743 793 864 872 boni
892 795 1068 872 operis
1103 793 1313 872 licentia
1342 793 1678 872 concedetur.
1715 791 1977 872 Numquid
2004 791 2110 845 illic

536 878 750 931 pascere
775 863 965 933 aliquis
990 864 1308 918 esurientem
1338 863 1550 932 poterit,
1583 863 1669 916 ubi
1698 862 1889 933 edendi
1918 876 2105 933 neces-

534 934 662 986 sitas
691 948 793 986 non
835 931 965 999 erit,
998 934 1082 987 ubi
1110 934 1229 987 cibo
1256 941 1309 986 et
1343 931 1472 1001 potu
1508 947 1605 985 nec
1630 932 1822 1000 impius
1859 932 1997 985 inter
2027 931 2110 1001 in-

537 1002 667 1055 frrni
694 1002 964 1068 flammas,
999 1017 1096 1057 nec
1134 1003 1252 1070 pius
1287 1000 1423 1056 inter
1453 1002 1679 1070 paradisi
1712 1001 1931 1056 delicias
1972 1000 2109 1053 indi-

533 1073 677 1139 gcbit
706 1073 729 1125 ?
760 1072 1024 1141 Numquid
1063 1073 1132 1127 ibi
1162 1073 1426 1141 algentem
1458 1073 1651 1126 vestire
1676 1072 1983 1141 continget,
2022 1070 2109 1123 ubi

534 1143 751 1212 omnino
792 1140 997 1212 tegendi
1036 1140 1275 1211 corporis
1300 1156 1426 1196 cura
1457 1142 1713 1203 cessabit,
1752 1141 1841 1212 ubi
1888 1140 1989 1212 sub
2020 1141 2112 1212 illo

537 1210 753 1281 frigore,
793 1210 863 1267 de
905 1227 1010 1280 quo
1040 1210 1293 1281 propheta
1342 1212 1487 1274 dicit,
1518 1211 1647 1281 Ante
1690 1211 1871 1279 faciem
1909 1211 2113 1280 frigoris

535 1278 644 1348 eius
674 1283 785 1350 quis
807 1278 1087 1351 subsistet—(
1113 1278 1252 1347 Rsal.
1282 1296 1455 1335 CXLVII
1480 1320 1495 1345 ,
1534 1278 1639 1350 l7)
1668 1278 1697 1333 'l
1730 1281 1817 1334 ubi
1847 1278 2116 1348 in'perpe»

538 1350 887 1422 tttnmruudus
924 1353 1057 1417 erit,
1080 1350 1183 1422 qui
1212 1351 1688 1422 iiicrindumentum
1718 1350 2111 1422 nuptialeeper-

537 1420 730 1475 diderit
763 1437 777 1485 ;
812 1421 898 1475 ubi
936 1418 1429 1477 malus'maculosze
1468 1418 1806 1475 conscientiaé
1842 1418 2108 1483 tenebris,

539 1492 710 1544 bonus
745 1506 871 1545 vero
916 1492 1073 1559 pallio
1101 1490 1508 1544 immortalitatis
1542 1499 1595 1544 et
1621 1489 1955 1544 beatitudinis
1990 1504 2109 1542 ves-

541 1561 700 1613 tietur
728 1578 743 1627 ;
776 1560 865 1614 ubi
901 1558 1205 1615 indumenta
1238 1561 1421 1614 merita
1457 1570 1613 1613 erunt
1653 1578 1665 1613 :
1697 1562 1833 1613 sicut
1862 1558 2111 1612 Dominus

540 1629 705 1700 dicit,
753 1629 888 1700 Justi
919 1629 1178 1700 fulgebunt
1206 1630 1333 1683 sicut
1372 1630 1448 1683 sol
1481 1630 1646 1699 (Sap.
1675 1630 1836 1700 m,‘7)
1866 1645 1878 1679 :
1906 1637 1959 1682 ct
1989 1643 2111 1695 pro-

540 1699 718 1768 pheta,
748 1697 1045 1754 Sacerdotes
1074 1701 1144 1753 tui
1166 1700 1442 1753 induantur
1449 1697 1697 1768 justitiam
1719 1699 1739 1768 (
1749 1697 1888 1752 Psal.
1917 1713 2107 1761 cxxxr,

542 1769 617 1837 9)
647 1786 661 1834 ;
706 1770 789 1823 vel
823 1770 991 1839 illud,
1030 1770 1196 1823 Astitit
1229 1771 1459 1839 reginara
1493 1768 1680 1821 dextris
1705 1768 1805 1821 tuis
1845 1769 1897 1820 in
1936 1768 2112 1820 vestitu

542 1839 782 1892 deaurato
805 1838 973 1910 (Psal.
1006 1856 1146 1905 κων,
1182 1839 1248 1910 if)
1276 1838 1293 1910 )
1317 1839 1341 1892 ?
1361 1838 1479 1910 Ubi
1518 1854 1644 1903 ergo
1674 1847 2110 1910 pro__s_anctorum

540 1907 820 1975 corporum
863 1910 1038 1965 tunica
1083 1911 1171 1963 lux
1215 1907 1435 1979 fulgebit
1480 1917 1675 1962 {eterna
1707 1949 1722 1973 ,
1770 1908 1840 1961 ibi
1892 1907 2111 1979 vestitus

543 1979 702 2033 nullis
730 1995 957 2048 unquam
993 1981 1202 2034 sacculis
1230 1976 1502 2032 exuendus
1527 1986 1866 2048 convertetur
1910 1976 2115 2048 incor-

545 2064 640 2114 pus
669 2066 683 2114 ;
708 2050 774 2102 ibi
809 2045 1173 2104 indumentum
1205 2049 1447 2102 transibit
1477 2048 1527 2100 in
1558 2046 1832 2115 praemium
1864 2061 1878 2109 ;
1916 2045 1985 2098 ibi
2012 2060 2109 2097 an-

540 2118 705 2187 gelica
734 2119 820 2171 illa
860 2120 993 2173 stola
1020 2134 1122 2173 non
1157 2119 1264 2188 jam
1290 2118 1395 2188 erit
1416 2118 1675 2188 amictus,
1717 2130 1823 2170 non
1857 2116 1965 2185 jam
2013 2115 2115 2168 crit

544 2188 785 2251 habitus,
816 2189 907 2244 sed
945 2187 1435 2257 natura.’Numquid
1464 2188 1532 2240 ibi
1557 2187 1666 2255 jam
1697 2201 1886 2240 avarus
1910 2194 2000 2257 aut
2038 2194 2114 2257 te:

543 2274 647 2312 nax
673 2258 739 2313 de
763 2258 1080 2314 abundantia
1105 2274 1198 2313 sua
1224 2254 1361 2312 bene
1385 2254 1568 2312 facere
1582 2256 1732 2311 alteri
1770 2256 1995 2324 poterit,
2024 2254 2113 2308 ubi

545 2342 644 2400 nec
671 2328 771 2400 sibi
802 2344 960 2400 unam
998 2338 1199 2400 guttam
1232 2328 1282 2400 in
1310 2327 1487 2382 medio
1518 2328 1700 2400 stagni
1722 2326 1992 2379 :estuanlis
2017 2338 2115 2400 vo-

543 2398 717 2454 luntas
737 2398 966 2454 inveniet
979 2394 1163 2453 9'Nihil
1189 2397 1328 2453 cnim
1359 2412 1539 2452 secum
1562 2394 1626 2451 de
1654 2397 1734 2449 bis
1757 2412 1875 2467 qiue
1904 2394 2112 2463 propria

541 2467 739 2539 habere
780 2484 838 2539 se
865 2469 1120 2533 credidit,
1170 2476 1474 2539 portaturus
1501 2476 1618 2539 est,
1643 2466 1792 2539 esicut
1814 2466 1954 2539 dixit
1990 2479 2113 2533 pro-

443 2560 447 2565 θ
541 2537 699 2609 pheta
730 2557 743 2593 :
778 2537 1056 2609 Nomenim
1076 2536 1191 2592 cum
1212 2538 1468 2609 morietur,
1492 2536 1700 2609 accipiet
1720 2537 1889 2609 olunia
1911 2576 1927 2600 ,
1956 2550 2116 2603 neque

542 2604 694 2662 simul
716 2604 975 2663 descendet
995 2626 1107 2662 cum
1132 2626 1189 2662 eo
1206 2606 1565 2678 gloriaidomus
1591 2605 1738 2678 ejusl
1752 2604 2113 2678 APsal._x1.vn_t,

545 2678 651 2745 18)
684 2694 699 2739 ;
730 2679 1004 2732 auditurus
1047 2679 1183 2732 inter
1206 2673 1497 2731 'indefessa
1541 2673 1795 2744 supplicia
1817 2716 1831 2741 ,
1876 2673 2079 2745 Esurivi
2096 2713 2111 2737 ,

545 2757 591 2801 et
612 2744 712 2801 non
755 2747 961 2802 dedistis
986 2749 1109 2802 mihi
1139 2751 1443 2801 manducare
1470 2760 1489 2810 ,°
1515 2746 1669 2810 sitivi,
1698 2756 1743 2799 et
1781 2760 1880 2797 non
1910 2744 2116 2796 dedistis

544 2817 670 2889 mihi
695 2818 857 2889 bibere
880 2818 1091 2886 (Matth.
1122 2833 1254 2881 xxv,
1286 2815 1397 2889 42).
1429 2816 1787 2885 lntelligamus
1817 2814 1941 2882 quid
1968 2814 2117 2889 dam-

543 2887 774 2943 nationis
795 2883 897 2943 erit
915 2888 1172 2958 spoliasse
1202 2883 1505 2958 pauperem,
1530 2883 1687 2958 quem
1722 2899 1982 2938 summum
2009 2883 2118 2937 cri-

542 2972 668 3013 men
696 2966 778 3013 est
816 2974 921 3013 non
946 2956 1191 3028 pavisse.
1231 2957 1537 3028 Huic__ergo
1574 2956 1666 3028 qui
1688 2964 1918 3028 tenuem
1961 2961 2118 3022 atque

543 3042 769 3097 egenum
814 3029 929 3083 sine
964 3024 1066 3083 ulla
1109 3026 1266 3082 futuri
1302 3024 1491 3096 judicii
1521 3024 1945 3097 consideratione
1978 3037 2120 3097 nunc

545 3093 825 3177 opprimit;
856 3098 999 3163 huic,
1023 3099 1259 3167 inquam,
1289 3093 1425 3177 sicut
1448 3095 1660 3177 quidam
1681 3094 1839 3177 dixit,
1865 3093 2121 3177 adveniet

545 3162 755 3235 tempus
780 3162 1025 3238 magnum
1044 3209 1058 3234 ,
1089 3162 1224 3238 cum
1247 3162 1506 3238 optaverit
1537 3179 1567 3218 a
1592 3180 1651 3219 se
1679 3163 1841 3238 fuisse
1865 3162 2119 3238 intactum

548 3232 943 3359 raiiperemfet
970 3232 1073 3292 non
1096 3232 1398 3306 spoliatum,
1423 3234 1670 3305 diemque
1714 3233 1858 3287 illam
1887 3232 2059 3286 oderit
2077 3233 2116 3284 ι.

576 3307 900 3359 ntolcrabiiis
926 3308 1081 3359 dolor
1104 3307 1207 3359 erit
1228 3345 1245 3359 .
1273 3306 1319 3359 si
1348 3305 1569 3359 nuisaue
1610 3318 1799 3358 causas
1826 3302 2012 3356 mortis
2039 3301 2116 3355 in-

576 3301 900 3361 ntolcrabiiis
926 3308 1081 3363 dolor
1104 3301 1207 3361 erit
1228 3345 1245 3370 ,
1273 3306 1319 3359 si
1348 3301 1799 3376 quisque'causas
1826 3301 2121 3376 mortisuin:

547 3386 763 3439 currat,
793 3376 933 3432 unde
971 3378 1093 3431 vitm
1122 3371 1660 3447 gaudiaecompa‘rare
1698 3373 1972 3447 potuisset:
2004 3371 2120 3426 Noli

548 3462 685 3519 ergo
696 3446 970 3519 despicere
990 3441 1221 3519 inOpém,
1244 3445 1333 3519 qui
1349 3441 1591 3499 cum’sibi
1622 3441 1818 3519 pauper
1836 3444 1923 3506 sit,
1949 3441 2122 3519 facere

551 3512 634 3600 te:
654 3512 869 3600 digitém
908 3512 1110 3600 potest.
1125 3512 1448 3600 JRap'iamus‘
1483 3512 1629 3600 ergo
1647 3512 1735 3567 de
1753 3512 1997 3600 prfecti-li
2023 3526 2124 3600 δεξε-

548 3586 692 3650 culo,
722 3580 940 3642 ferventi
980 3580 1283 3649 devotione,
1310 3583 1453 3655 quod
1477 3580 1774 3653 possumus.
1802 3580 1919 3655 Cito
1946 3592 2121 3655 trans-

548 3666 673 3711 eunt
718 3657 833 3713 dies
870 3658 1033 3712 nostri
1068 3674 1081 3722 ;
1111 3659 1309 3710 utinam
1330 3653 1475 3710 bene
1521 3662 1809 3717 transeant,
1840 3653 2124 3721 Rapiamns

550 3742 677 3796 ergo
704 3727 844 3796 quod
882 3742 1164 3795 possumus
1191 3727 1257 3780 de
1288 3727 1389 3781 hoc
1416 3724 1614 3796 szecnlo
1638 3764 1652 3786 ,
1684 3724 2124 3796 gratiasagentcs

549 3795 626 3849 illi
657 3794 743 3868 qui
784 3797 854 3851 ita
880 3794 1517 3868 dispensaviteutramqne
1549 3795 1712 3868 vitam
1733 3833 1747 3854 ,
1791 3800 1849 3845 ut
1883 3794 2122 3847 laborum

550 3874 604 3920 et
628 3862 854 3935 agonum
897 3862 1134 3936 tempora
1180 3866 1286 3936 cito
1335 3862 1655 3936 (inirentur;
1699 3862 1961 3917 honorum
1999 3877 2126 3916 vero

549 3943 603 3991 et
634 3932 968 4004 prtemiorum
995 3932 1184 4006 gaudia
1224 3935 1338 3991 sine
1368 3936 1471 3987 line
1498 3932 1769 3986 durarent.

1011 4024 1243 4081 SERMO
1279 4023 1529 4079 CCLXIII
1581 4022 1679 4094 (a).

555 4115 818 4186 Δόητορῇἰο
839 4118 900 4167 ad
915 4118 1139 4186 _eos_qui
1171 4114 1487 4186 putantquod
1524 4113 1620 4186 illis
1641 4113 1701 4162 ad
1724 4113 1869 4186 vitam
1895 4119 2126 4186 agtcrpam

614 4182 861 4293 ἶςιιιὶῐὶεἰεξι.ι
887 4182 929 4232 si
951 4173 1090 4230 male'
1123 4173 1221 4229 non
1262 4173 1502 4238 iecerint,
1549 4175 1738 4225 etiamsi
1773 4175 1898 4224 bona
1924 4173 2127 4237 implere

651 4257 678 4291 ο
700 4256 838 4291 uerm
866 4277 878 4289 .
1863 4262 1868 4269 -

627 4327 678 4380 1.
708 4325 750 4377 Α
776 4325 909 4378 malo
936 4325 1182 4378 abstinere
1210 4339 1310 4376 non
1337 4320 1532 4391 suﬂicit.
1570 4319 1712 4374 Multi
1760 4328 1901 4383 sunt,
1925 4317 2129 4391 fratres

557 4396 878 4456 cliarissimi,
920 4395 1009 4462 qui
1054 4402 1239 4461 putant
1276 4389 1418 4461 quod
1446 4392 1523 4462 eis
1554 4390 1652 4444 hoc
1677 4391 1847 4462 solum
1873 4389 1938 4462 ad
1969 4391 2127 4462 vitam

558 4474 812 4519 aeternam
843 4460 1097 4529 sufficiat,
1129 4464 1174 4516 si
1214 4460 1375 4530 opera
1422 4461 1560 4514 mala
1610 4474 1713 4512 non
1769 4460 2008 4512 fecerint.
2066 4461 2131 4512 iit

561 4536 681 4589 ideo
734 4535 777 4588 si
814 4533 901 4603 qui
955 4532 1089 4587 forte
1139 4532 1397 4600 sunt,qui
1437 4544 1495 4583 se
1542 4531 1637 4583 ista
1676 4530 1805 4603 falsa
1850 4532 2131 4603 securitate

560 4598 1269 4675 decipiunt-gidefinitiSsime
1320 4598 1641 4675 cognoscant
1684 4600 1804 4667 quia
1837 4598 1963 4675 nul_li
1992 4598 2134 4675 chri-

560 4668 732 4729 stiano
773 4672 970 4728 sufficit
1009 4674 1052 4727 si
1105 4669 1468 4726 tantummodo
1525 4669 1720 4723 malum
1760 4684 1863 4722 non
1911 4668 2129 4732 fecerit,
2193 4716 2195 4720 Α

563 4747 662 4800 nisi
694 4753 947 4815 quantum
994 4744 1259 4815 potuerit,
1325 4740 1611 4815 etiain_il|a
1654 4754 1772 4815 qua:
1822 4747 1942 4792 sunt
1997 4738 2132 4815 bona

564 4810 915 4885 compleverit
957 4810 1138 4885 {quia
1187 4813 1273 4865 ille
1306 4810 1406 4885 qui
1436 4810 1616 4885 dixit,
1665 4810 1873 4885 Diaei-te
1900 4825 1931 4861 a
1977 4810 2134 4885 malo;

566 4877 849 4953 ipse'dixit,
882 4884 944 4937 Et
974 4877 1054 4953 fac
1080 4883 1263 4953 bonum
1296 4877 1463 4951 (Psal.
1485 4895 1653 4953 _xxx1u
1676 4918 1689 4940 ,
1853 4877 2133 4953 Ipscnenim

566 4946 619 5010 in
666 4946 946 5024 Evangelia
974 4946 1285 5024 terribiliter
1304 4946 1410 5003 'nos
1436 4949 1685 5024 admonet
1712 4948 1893 5024 dicens
1911 4989 1925 5010 ,
1961 4946 2138 5024 Omnis

566 5025 717 5078 arbor
744 5017 855 5091 qut'e
881 5040 982 5077 non
1029 5023 1149 5093 facit
1186 5019 1659 5093 fructumebonum,
1689 5018 1963 5093 _ex_cidetur
1998 5028 2043 5093 e_t
2085 5017 2138 5093 in

565 5095 732 5166 ignem
757 5087 987 5166 mittetur
1017 5087 1226 5166 (Matth.
1259 5106 1335 5152 ιιι,
1380 5089 1491 5158 10).
1530 5088 1643 5166 Non
1671 5087 1821 5166 dixit,
1855 5103 1972 5166 qua;
2015 5087 2137 5142 facit

564 5157 761 5218 malum
789 5157 1053 5225 fructum;
1093 5162 1217 5224 sed,
1249 5175 1363 5229 qua:
1405 5175 1505 5212 non
1536 5158 1656 5227 facit
1686 5160 1905 5227 fructum
1930 5157 2134 5229 bonum.

566 5234 704 5288 Hinc
745 5232 887 5287 enim
932 5231 1152 5299 p0testis
1197 5226 1486 5299 agnoscere
1514 5226 1693 5299 quam
1738 5241 1885 5299 spem
1943 5226 2139 5281 habere

567 5302 764 5372 poterit
800 5297 1065 5372 quiinala
1106 5297 1321 5372 fecerit,
1353 5297 1565 5372 quando
1602 5298 1691 5352 ille
1723 5298 1811 5372 qgi
1853 5297 1987 5372 bona
2030 5312 2137 5372 non

480 5406 485 5411 ι
567 5365 773 5439 fecerit,
803 5365 1075 5426 éxcidetur
1097 5378 1153 5425 et
1182 5368 1234 5423 iu
1273 5365 1447 5439 ignem
1483 5368 1739 5423 mittetur.
1768 5365 1920 5424 Unde
1948 5376 2004 5421 et
2028 5366 2141 5435 ipse

628 5481 1137 5545 tu,,ouemoderat.
1291 5540 1301 5545 _
1360 5541 1370 5545 ,
1486 5539 1512 5545 __
1568 5539 1593 5545 ,ν
1803 5537 1863 5545 Α.

628 5536 933 5609 (αλιξαέδειι-ἰρ
973 5544 1024 5609 in
1068 5540 1399 5609 manuscriptis
1438 5539 1694 5609 tribuitur,
1713 5599 1723 5609 .
1742 5537 1914 5609 estque
1952 5536 2143 5585 bomilia

566 5599 727 5667 eius"
760 5620 824 5655 ex
849 5604 1054 5667 vulgatis
1073 5615 1101 5653 a
1124 5599 1320 5667 ealuziol
1348 5608 1416 5667 De
1449 5612 1593 5667 num._
1624 5601 1663 5667 1A
1680 5599 1790 5667 vide
1826 5610 1969 5659 supra
1991 5610 2141 5645 serm.

631 5701 649 5729 ,
672 5682 720 5718 n.
758 5668 820 5727 5;
864 5660 1083 5729 debui).
1107 5663 1183 5729 #2,
1212 5662 1409 5729 _C:esarii
1449 5660 1613 5729 bomil.
1635 5660 1742 5729 24,
1762 5667 1813 5709 et
1835 5671 1976 5729 supra
1994 5670 2141 5729 ser_n_i.

566 5720 660 5787 77',
692 5742 741 5778 n.
765 5720 817 5791 δέ
839 5735 890 5778 et
910 5727 996 5790 78,
1030 5742 1075 5777 n.
1106 5720 1177 5788 τις
1194 5724 1257 5774 de
1282 5735 1411 5773 num.
1440 5722 1484 5785 4,
1510 5735 1657 5771 serm.
1691 5720 1774 5779 t6,
1823 5720 1944 5780 n.1,
1973 5727 2023 5768 et
2062 5720 2139 5779 37,

564 5804 614 5845 η.
647 5792 699 5845 8.

1960 395 2318 451 APPENDIX.

3669 403 3813 457 ΜΞ

2220 511 2474 566 Dominus
2503 511 2649 576 dicit,
2680 511 2777 581 Qui
2804 512 2947 568 habet
2977 512 3217 568 mandata
3246 530 3356 569 mea
3383 525 3431 570 et
3455 518 3585 581 facit
3614 535 3697 581 ea,
3731 521 3819 573 ille

2185 604 2190 609 ε
2217 591 2289 635 est
2307 582 2393 656 qui
2410 582 2574 656 diligit
2601 580 3002 656 me_(.lean.exnv.
3020 582 3113 656 ξι)
3137 593 3233 656 ζει
3258 585 3408 652 illud,
3436 580 3579 651 Quid
3608 580 3817 656 prodest

2215 652 2350 729 quod
2365 652 2549 729 dicitis
2578 652 2984 729 mihikDomine,
3018 652 3261 719 Domine,
3296 664 3344 708 et
3370 673 3471 710 non
3499 652 3673 727 facitis
3700 676 3818 729 qua

2216 720 2329 792 dico
2357 721 2567 791 (Matth.
2595 738 2687 783 vn.
2718 723 2849 792 si)?

2384 792 2481 865 ita
2502 793 2558 865 in
2585 791 3027 865 judicioeseatrus
3062 795 3261 865 futurus
3288 794 3354 848 sit
3378 798 3463 865 qui
3498 794 3675 851 aliena
3708 814 3813 853 non

2215 862 2348 913 tulit.
2380 860 2484 915 Sed
2509 862 2637 933 dicit
2656 861 2846 931 aliquis
2876 880 2888 915 :
2914 862 3025 933 Etsi
3054 860 3121 917 de
3161 864 3319 919 rebus
3346 860 3480 920 meis
3504 883 3613 920 non
3639 867 3767 921 dedi
3793 908 3809 933 ,

2218 938 2391 1005 tamen
2418 946 2519 1005 res
2539 932 2739 1005 alienas
2764 947 2867 985 non
2894 932 3115 1005 abstuli;
3141 948 3361 989 securus
3386 952 3506 991 esse
3529 946 3725 1005 potero
3757 940 3810 992 in

2215 999 2302 1053 die
2340 1000 2543 1069 judicii.
2593 1001 2876 1071 Diligenter
2910 1003 3203 1068 attendite,
3245 1013 3299 1059 et
3335 1006 3505 1060 nolite
3532 999 3633 1060 vos
3673 1008 3809 1062 falsa

2216 1072 2498 1143 securitate
2525 1071 2788 1143 decipere.
2817 1071 2953 1138 Quid
2979 1082 3060 1126 est
3089 1073 3229 1128 enim
3264 1075 3405 1143 quod
3436 1076 3704 1132 Dominus
3725 1079 3800 1132 di-

2215 1140 2328 1192 cit?
2355 1139 2480 1193 Cum
2504 1142 2687 1194 venerit
2717 1138 2883 1195 Filius
2921 1142 3137 1196 hominis
3174 1144 3227 1196 in
3256 1138 3487 1198 claritate
3513 1164 3610 1200 sua
3635 1187 3650 1211 ,
3681 1163 3810 1201 con-

2215 1211 2554 1287 gregabantur
2580 1220 2696 1264 ante
2723 1227 2837 1287 eum
2864 1228 3045 1287 omnes
3071 1223 3238 1283 gentes
3261 1255 3275 1277 ,
3317 1225 3366 1269 et
3389 1216 3677 1287 segregabit
3720 1236 3807 1274 eos

2215 1277 2276 1352 tib
2298 1277 2523 1352 invicem,
2541 1280 2960 1352 quemadmodum
2977 1277 3202 1352 segfegat
3216 1294 3385 1351 pastor
3401 1277 3515 1339 oues
3530 1277 3593 1339 ab
3615 1287 3805 1342 laedis.

2219 1347 2358 1420 7_'unc
2386 1350 2512 1402 dicet
2552 1347 2629 1402 his
2668 1353 2753 1420 qui
2798 1367 2832 1404 a
2864 1347 3053 1405 dextris
3094 1347 3236 1406 erant
3268 1369 3287 1408 :
3332 1354 3524 1419 Venite,
3554 1358 3810 1411 benedicti

2216 1416 2391 1491 Patris
2420 1420 2516 1491 mei
2538 1461 2552 1481 ,
2586 1416 2822 1491 percipite
2850 1436 3088 1491 regnum;
3116 1423 3235 1491 quia
3261 1425 3442 1477 esurivi
3456 1467 3470 1489 ,
3501 1416 3546 1478 et
3588 1426 3807 1481 dedistis

2215 1489 2340 1540 milii
2364 1489 2699 1552 manducare;
2725 1489 2879 1554 silici,
2907 1489 2951 1542 et
2976 1489 3179 1545 dedistis
3201 1493 3322 1545 mihi
3349 1494 3530 1547 bibere.
3559 1496 3812 1551 Sinistris

2215 1568 2381 1610 autem
2410 1559 2537 1633 dieet
2565 1576 2583 1612 :
2615 1559 2865 1633 Discedite
2891 1575 2923 1611 a
2952 1576 3067 1633 me,
3078 1560 3348 1633 maledicti.
3373 1564 3425 1616 in
3454 1566 3621 1633 ignem
3648 1577 3807 1617 teter--

2215 1644 2331 1680 num
2351 1643 2369 1691 ;
2393 1630 2513 1691 quia
2537 1628 2737 1693 esurivi,
2778 1639 2823 1682 et
2848 1645 2949 1682 non
2969 1630 3175 1684 dedistis
3204 1632 3327 1684 milii
3356 1628 3705 1697 manducare;
3733 1638 3808 1689 si-

2216 1697 2320 1769 tivi,
2349 1708 2394 1750 ct
2421 1714 2520 1750 non
2552 1699 2758 1769 dedistis
2785 1699 2905 1769 mihi
2936 1700 3098 1769 bibere
3131 1698 3239 1769 (Id.
3274 1717 3401 1768 xxv,
3425 1703 3517 1767 3i,
3549 1701 3669 1769 42).
3701 1704 3803 1759 Di-

2215 1766 2718 1839 ligenterattendite
2760 1768 2885 1837 quid
2932 1768 3081 1823 dixit.
3123 1766 3237 1824 Non
3268 1766 3410 1825 enim
3446 1766 3542 1839 ait,
3581 1766 3802 1839 Venite,

2215 1834 2745 1907 benedicti,ipercipite
2774 1834 3012 1907 regnum,
3055 1839 3177 1907 quia
3218 1854 3306 1895 res
3339 1834 3541 1896 alienas
3572 1857 3682 1896 non
3716 1834 3805 1898 tu;

2215 1905 2379 1969 listis;
2406 1905 2540 1971 sed,
2587 1905 2708 1975 quia
2749 1905 3012 1961 de'rebus
3051 1905 3239 1977 vestris
3276 1910 3648 1977 elcemosynas
3676 1927 3808 1966 ero-

2226 1980 2412 2050 gastis.
2431 1977 2577 2050 Sicut
2600 1988 2656 2032 et
2681 1980 2813 2046 ipsis
2834 1993 2862 2031 a
2880 1976 3330 2050 sinistrisposilis
3351 1994 3459 2033 non
3483 1976 3591 2034 erit
3618 1980 3815 2035 dictu-

2223 2047 2339 2113 rus,
2360 2048 2622 2101 Discedite
2637 2066 2669 2101 a
2689 2065 2788 2110 me,
2810 2047 3094 2109 maledicti,
3114 2047 3167 2099 in
3188 2048 3357 2115 ignem
3377 2059 3657 2111 alternum,
3682 2050 3814 2114 quia

2223 2118 2468 2173 fraudem
2493 2118 2725 2181 fecistis;
2751 2119 2867 2182 sed,
2904 2117 3039 2181 Quia
3064 2117 3130 2171 de
3153 2116 3451 2171 substantia
3470 2127 3654 2170 vestra
3684 2133 3818 2184 pau-

2206 2189 2440 2256 peribus
2471 2204 2581 2242 non
2620 2188 2866 2242 dedistis.
2910 2188 3060 2256 Rogo
3104 2202 3221 2251 vos,
3261 2186 3478 2248 fratres,
3510 2186 3816 2256 diligenter

2224 2255 2551 2312 Sententiam
2585 2259 2742 2312 iatam
2783 2255 3080 2320 attendite;
3126 2266 3177 2310 et
3221 2256 3362 2311 sicut
3391 2270 3487 2309 vos
3517 2255 3813 2317 admonui,

2223 2328 2385 2381 etiam
2411 2328 2727 2382 memoriter
2752 2329 3001 2381 retinete.
3042 2326 3096 2380 Si
3138 2326 3191 2379 in
3226 2327 3407 2395 ignem,
3446 2326 3684 2379 mittitur
3713 2326 3812 2394 qui

2223 2398 2556 2467 pauperibus
2581 2397 2943 2451 substantiam
2974 2412 3128 2467 suam
3158 2394 3265 2467 non
3290 2394 3469 2467 dedit,
3502 2405 3688 2467 putas,
3715 2396 3810 2448 ubi

2222 2464 2523 2547 findendus
2549 2467 2662 2547 erit
2693 2467 2782 2536 qui
2814 2481 2911 2547 per
2938 2466 3208 2547 quaslibet
3236 2464 3461 2544 fraudes
3480 2479 3566 2545 res
3596 2465 3813 2547 alienas

2221 2536 2451 2608 invasit?
2470 2536 2523 2591 Si
2548 2536 2601 2608 iu
2632 2534 3062 2608 ign‘em’mitlitur
3081 2534 3171 2608 qui
3199 2549 3308 2588 non
3330 2534 3547 2608 vestivit
3568 2536 3809 2608 nudum,

2222 2622 2318 2661 vos
2333 2607 2510 2661 videte
2528 2607 2616 2660 ubi
2634 2604 2929 2660 mittendus
2943 2606 3045 2660 erit
3059 2605 3149 2674 qui
3165 2604 3487 2673 exspoliavit
3506 2604 3814 2667 vestitum?

2222 2675 2314 2730 ille
2339 2692 2467 2747 ergo
2496 2677 2591 2747 qui
2621 2676 2794 2730 credit
2827 2676 2968 2747 quod
3000 2675 3072 2727 illi
3097 2674 3330 2747 sufficiat
3354 2673 3714 2747 malumnon
3736 2675 3813 2729 fe-

2222 2747 2383 2811 cisse,
2404 2743 2619 2801 etiainsi
2644 2747 2782 2800 bona
2803 2743 2913 2800 non
2941 2745 3149 2810 fecerit,
3177 2745 3369 2798 vellem
3399 2755 3459 2796 ut
3490 2743 3627 2797 milii
3664 2745 3813 2798 dice-

2220 2824 2323 2879 ret,
2361 2817 2407 2870 si
2459 2817 2562 2871 sibi
2598 2817 2703 2871 hoc
2734 2816 2912 2869 vulta
2952 2830 3111 2869 servo
3156 2829 3277 2879 suo,
3321 2812 3466 2882 quod
3513 2813 3633 2882 ipse
3672 2812 3810 2869 facit

2222 2884 2453 2939 Domino
2481 2901 2601 2940 suo.
2637 2885 2910 2953 Numquid
2942 2885 3089 2938 enim
3122 2883 3240 2939 vult
3273 2892 3331 2936 ut
3360 2883 3410 2937 ei
3440 2899 3637 2953 servus
3668 2899 3810 2938 suus

2219 2969 2322 3010 nec
2346 2956 2548 3010 bonum
2576 2955 2742 3010 faciat
2763 2952 2988 3010 omnino
3019 2969 3121 3008 nec
3153 2953 3393 3008 malum?
3422 2952 3630 3007 Omnes
3651 2954 3805 3006 enim

2221 3024 2327 3079 hoc
2365 3025 2640 3087 volumus,
2667 3035 2728 3079 ut
2754 3026 2894 3080 servi
2918 3024 3093 3079 nostri
3123 3039 3234 3077 non
3257 3022 3432 3077 solum
3457 3038 3567 3076 non
3596 3022 3810 3077 faciant

2220 3096 2361 3147 mala
2379 3110 2499 3165 qua:
2514 3096 2887 3165 prohibemus,
2906 3095 3001 3148 sed
3019 3093 3179 3147 etiam
3202 3092 3462 3162 impleant
3483 3107 3653 3165 opera
3680 3109 3813 3159 qua:

2218 3163 2590 3234 eisjubcmus.
2609 3165 2869 3229 Quamvis
2885 3165 3027 3217 enim
3048 3179 3239 3234 servus
3260 3173 3392 3234 tuus
3406 3163 3650 3232 graviter
3673 3178 3816 3234 rebus

2218 3233 2320 3295 sit,
2345 3234 2389 3288 si
2415 3235 2669 3289 animalia
2702 3242 2790 3287 tua
2834 3234 2979 3288 furto
3014 3233 3333 3295 abstulerit,
3370 3242 3554 3285 tamen
3582 3248 3689 3286 nec
3712 3233 3809 3286 ille

2222 3314 2336 3359 Sine
2354 3302 2505 3368 culpa
2534 3302 2654 3367 erit,
2682 3301 2768 3368 qui
2798 3298 3043 3352 animalia
3066 3300 3174 3369 illa
3212 3300 3545 3369 negligenter
3581 3313 3809 3369 servare

2224 3367 2465 3425 voluerit.
2495 3369 2609 3423 Non
2640 3367 2720 3423 est
2738 3369 2938 3437 justum
2965 3376 3023 3421 ut
3053 3367 3309 3423 faciamus
3333 3367 3557 3423 Domino
3582 3367 3802 3435 nostro,

2222 3440 2364 3511 quod
2408 3439 2519 3493 fieri
2558 3439 2802 3511 nolumus
2830 3453 2861 3492 a
2890 3452 3044 3492 servo
3070 3449 3271 3511 nostro.
3302 3438 3497 3493 Servos
3526 3440 3671 3511 enim
3703 3454 3809 3511 no-

2224 3508 2363 3565 stros
2408 3523 2507 3563 nec
2557 3508 2817 3572 fecimus,
2859 3522 2958 3562 nec
2987 3509 3134 3577 quasi
3174 3508 3241 3563 de
3281 3516 3458 3562 u0stra
3499 3508 3805 3563 substantia

2225 3580 2525 3649 pascimus;
2569 3587 2623 3632 ct
2652 3593 2747 3631 nos
2772 3578 2914 3632 enim
2954 3588 3008 3632 et
3036 3579 3180 3647 ipsos
3208 3578 3348 3649 Deus
3379 3588 3561 3649 noster
3594 3579 3810 3631 creavit

2224 3647 2279 3706 et
2308 3650 2472 3719 pascit
2500 3665 2513 3701 :
2545 3655 2599 3702 et
2629 3656 2803 3719 tamen
2835 3654 3010 3719 servi,
3040 3662 3174 3716 quos
3204 3648 3305 3718 ipsi
3335 3664 3438 3701 nou
3467 3647 3713 3719 fecimus,
3751 3658 3813 3719 ut

2227 3717 2378 3777 nobis
2403 3734 2523 3774 cum
2553 3717 2735 3788 grandi
2776 3717 3316 3788 diligentiaserviant
3342 3718 3604 3771 volumus.
3651 3717 3810 3771 Unde

2222 3790 2420 3861 justum
2458 3797 2540 3843 est
2565 3787 2631 3841 fut
2677 3802 3025 3861 agnoscamus
3054 3787 3343 3861 legitimum
3373 3788 3682 3861 Dominum,
3713 3788 3809 3857 qui

2227 3856 2304 3915 sic
2345 3872 2653 3915 exercemus
2700 3856 2752 3910 in
2796 3856 3018 3911 subditis
3066 3856 3413 3912 dominatum.
3461 3856 3571 3911 lloc
3611 3856 3806 3921 totum,

2230 3932 2440 3994 fratres,
2466 3930 2585 3982 ideo
2609 3927 2857 3993 diximus,
2888 3935 2945 3980 ut
2972 3926 3038 3981 de
3061 3927 3189 3996 ipsis
3213 3928 3381 3981 servis
3408 3928 3607 3981 nostris
3633 3926 3811 3996 possi-

2230 4016 2348 4054 mus
2372 4013 2658 4069 agnoscere
2685 3997 2836 4069 quod
2852 3998 3005 4069 nobis
3039 4012 3142 4069 non
3170 3996 3398 4052 sufﬁciat
3421 3997 3562 4051 mala
3588 4014 3694 4049 non
3733 3999 3814 4050 fa-

2229 4086 2372 4135 cere,
2401 4067 2444 4123 si
2475 4068 2612 4122 bona
2640 4067 2965 4122 uoluerimus
2990 4067 3231 4136 implere.

2300 4163 2353 4218 3.
2386 4162 2464 4215 Au
2476 4162 2617 4230 juste
2640 4176 2693 4214 se
2716 4160 2826 4228 quis
2856 4167 2988 4230 optet
3019 4159 3168 4212 talem
3196 4160 3247 4212 in
3285 4159 3366 4213 die
3404 4159 3578 4230 mortis
3597 4199 3611 4219 ,
3640 4158 3814 4228 qualis

2231 4244 2337 4288 erat
2375 4233 2428 4285 in
2466 4228 2547 4285 die
2588 4230 2854 4298 Baptismi.
2892 4228 3162 4298 Exemplis
3198 4230 3499 4282 illustratur.
3537 4228 3616 4281 Illi
3664 4230 3815 4282 enim

2232 4305 2319 4373 qui
2347 4302 2444 4357 sibi
2463 4309 2659 4373 putant
2684 4300 2929 4373 sufficere
2954 4301 3007 4373 Δεἰ
3049 4300 3186 4373 mala
3221 4314 3325 4352 non
3365 4299 3603 4373 fecerint,
3632 4299 3817 4351 solent

2232 4367 2287 4427 et
2316 4375 2417 4427 hoc
2444 4367 2622 4426 dicere
2655 4387 2667 4421 :
2700 4369 2912 4426 Utinam
2952 4367 3003 4422 in
3039 4369 3178 4423 diem
3226 4369 3411 4421 mortis
3439 4369 3557 4421 talis
3597 4383 3817 4421 merear

2234 4442 2455 4521 inveniri
2481 4482 2496 4507 ,
2543 4440 2711 4521 qualis
2751 4439 2817 4492 de
2858 4438 3112 4507 Baptismi
3163 4440 3813 4521 sacramentouprocqssi:

2234 4514 2437 4569 Bmmm
2485 4506 2695 4580 quidem
2736 4518 2818 4562 est
2873 4506 2949 4580 uti
2991 4508 3445 4580 unusquisqueuiu
3490 4506 3817 4580 die_jndicii

2237 4592 2487 4652 purgatus
2505 4577 2817 4652 'inveniatut'
2863 4579 2930 4632 ab
2976 4578 3468 4652 omnibus_mal_is,;_
3511 4577 3606 4630 sed
3649 4593 3821 4652 grave

2235 4647 2431 4707 malum
2476 4661 2557 4703 cst
2597 4649 2640 4702 si
2689 4648 2977 4717 profectum
3024 4647 3417 4718 nonliabuerit
3455 4648 3507 4700 in
3546 4648 3821 4718 cperibus

2235 4722 2409 4792 bonis.
2445 4720 2545 4788 Ipsi
2573 4716 2712 4773 enim
2744 4719 2842 4771 soli
2870 4718 3065 4792 sufficit
3090 4717 3245 4792 talem
3273 4731 3390 4792 esse
3419 4716 3683 4784 qnalis‘dc
3710 4717 3819 4770 Ba-

2277 4791 2416 4847 tismi
2445 4786 2773 4844 sacramento
2799 4787 3175 4856 processit,qui
3200 4786 3375 4839 statim
3399 4793 3517 4856 post
3536 4797 3819 4855 acceptum

2277 4808 2416 4847 llb'ml
2445 4808 2773 4844 sacramento
2799 4808 3175 4856 ρῐυϐθδδιι,(ιιιι
3200 4808 3375 4839 διδιιῐη
3400 4808 3517 4854 pum
3536 4808 3819 4855 ῖιυυῡιὶιιιιη

2238 4808 2563 4931 gaptismum
2591 4858 2658 4912 de
2688 4857 2785 4931 hac
2815 4858 2930 4931 lucc
2956 4856 3288 4931 migraverit;
3335 4870 3438 4909 nou
3480 4854 3659 4931 habuit
3695 4872 3822 4924 spa~

2239 4925 2368 4987 tium
2414 4931 2468 4985 in
2514 4944 2618 4996 quo
2660 4942 2719 4982 se
2760 4928 2912 4981 bonis
2940 4925 3188 4996 Ope’ribus
3216 4932 3488 4979 exerceret
3521 4943 3533 4978 :
3569 4925 3658 4979 ille
3686 4942 3821 4979 vero

2238 5003 2327 5072 qui
2355 5009 2410 5056 et
2439 4995 2649 5072 longum
2669 5009 2885 5072 tempus
2911 4995 3143 5072 vivendi.
3172 5004 3455 5072 et_:etatem
3493 5010 3649 5062 posse
3682 4996 3823 5072 fietu:

2241 5065 2494 5141 operandi
2526 5065 2729 5141 liabuil,
2746 5065 2848 5141 non
2876 5067 2931 5141 ei
2953 5066 3143 5118 sufficit
3170 5065 3542 5141 otiosum-esse
3572 5080 3601 5116 a
3634 5066 3817 5141 malis!

2241 5132 2292 5195 si
2315 5143 2472 5196 etiam
2498 5154 2527 5191 a
2559 5132 2721 5191 bonis,
2737 5137 2959 5191 voluerit
2985 5151 3104 5190 csse
3131 5135 3353 5188 otiosus.
3373 5132 3574 5187 Vellem
3600 5144 3657 5186 ut
3686 5136 3816 5187 mth

2242 5212 2441 5266 diceret
2470 5209 2557 5262 ille
2584 5209 2670 5276 qui
2712 5207 2830 5260 talis
2873 5206 2985 5258 vult
3026 5205 3078 5257 in
3105 5205 3347 5276 transitu
3390 5217 3487 5256 suo
3538 5204 3769 5276 inveniri
3805 5246 3819 5262 ,

2243 5281 2413 5352 qualis
2463 5271 2665 5352 fuit‘eo
2707 5286 2941 5352 tempore
2966 5290 3071 5343 quo
3100 5274 3350 5352 Baptismi
3380 5271 3591 5352 _meruit
3637 5289 3819 5325 sacra-

2244 5342 2422 5406 menta
2452 5348 2719 5416 suscipere
2750 5342 2895 5416 (licet
2924 5342 3123 5416 bonum
3158 5351 3240 5395 est
3266 5350 3323 5416 ut
3349 5342 3414 5396 sit
3445 5356 3664 5416 semper
3690 5358 3819 5416 pur-

2243 5433 2395 5490 gatus
2419 5435 2450 5474 a
2479 5411 2661 5490 malis,
2691 5411 2789 5490 sed
2822 5413 3218 5490 gravc__malu_m
3259 5413 3303 5465 si
3342 5426 3446 5464 non
3485 5411 3727 5490 proficiat
3770 5415 3823 5467 in

2245 5482 2453 5559 Bonis).
2486 5482 3121 5559 siplantavit'nevellam
3169 5483 3219 5535 in
3258 5497 3387 5559 agro
3432 5496 3528 5534 suo
3560 5482 3824 5559 vincant.

2246 5552 2422 5613 utrum
2453 5552 2578 5612 velit
2601 5571 2717 5610 eam
2745 5564 2862 5624 post
2889 5554 3071 5607 decem
3102 5566 3269 5624 anngs
3297 5552 3450 5624 talem
3479 5565 3620 5624 esse,
3654 5554 3828 5620 qualis

2246 5628 2346 5683 fuit
2374 5629 2463 5683 illa
2490 5626 2575 5680 die
2596 5621 2804 5693 quando
2825 5626 3053 5694 plantata
3080 5621 3261 5694 esnSi
3295 5621 3513 5674 inseruit
3541 5621 3825 5694 olivetum,

2248 5700 2521 5753 videamus
2551 5696 2592 5749 si
2616 5692 2666 5749 ei
2695 5692 2896 5764 placeat
2923 5703 2978 5747 ut
3007 5702 3124 5762 post
3156 5692 3331 5764 plures
3356 5704 3522 5743 annos
3564 5693 3787 5764 laicusit
3810 5730 3827 5755 ,

2251 5772 2402 5841 quale
2424 5769 2517 5822 fuit
2535 5760 2745 5837 quando
2773 5760 3024 5819 insertum
3052 5771 3151 5817 est.
3175 5762 3228 5817 Si
3256 5761 3329 5816 illi
3357 5768 3511 5814 natus
3539 5768 3624 5815 est
3655 5760 3800 5816 ﬁlius
