3996 6520
287 469 432 524 2333

289 584 594 640 consideret
631 581 674 635 si
715 581 816 634 hoc
841 580 948 634 vult
975 624 988 646 ,
1036 589 1092 633 ut
1133 591 1248 648 post
1275 594 1442 634 annos
1462 578 1694 650 quinque
1721 581 1772 636 in
1801 597 1862 637 ea

327 671 394 708 ua
441 664 594 706 natus
623 661 704 706 est
741 651 1045 706 modicitate
1081 652 1312 704 infantia:
1353 662 1509 719 atque
1551 661 1705 705 aetate
1749 669 1870 720 per-

287 671 468 778 duret.
513 725 642 778 Cum
671 737 797 778 ergo
824 721 1000 776 nullus
1030 723 1100 774 sit
1137 723 1220 774 cui
1253 721 1351 774 hoc
1379 721 1586 778 placeat
1609 721 1676 775 de
1707 725 1866 777 rebus

329 735 468 779 uret.
513 725 642 778 Cum
671 737 797 791 ergo
824 721 1000 776 nullus
1030 723 1100 774 sit
1137 723 1220 774 cui
1253 721 1351 774 hoc
1379 721 1586 789 placeat
1609 721 1676 775 de
1707 725 1866 777 rebus

286 797 439 856 suis;
473 791 736 862 quomodo
781 791 925 846 dolet
964 791 1165 862 aliquis
1185 791 1250 844 de
1283 792 1433 846 vinea
1453 801 1518 862 et
1543 792 1740 862 oliveto
1783 793 1864 848 vel

289 865 405 920 ﬁlio
427 865 470 918 si
491 860 694 916 nullum
717 869 1054 928 augmentum
1089 861 1386 924 habuerint,
1419 861 1494 913 sic
1522 860 1700 914 doleat
1729 862 1772 914 si
1804 877 1862 917 se

288 936 483 1004 ipsum,
532 949 595 1004 ex
638 947 703 1004 eo
747 941 988 1000 tempore
1021 945 1126 1004 quo
1167 933 1218 1004 in
1249 931 1460 1004 Christo
1497 940 1714 1004 renatus
1741 941 1860 996 est,

287 1001 422 1058 nihil
477 1001 762 1072 profecisse
804 1001 1128 1072 Cognoverit.
1171 1001 1658 1072 Certissimeenim
1706 1017 1865 1072 nosse

283 1069 548 1128 debemus
576 1073 696 1140 quia
726 1069 991 1140 quomodo
1023 1071 1268 1124 volumus
1305 1082 1364 1124 ut
1388 1069 1642 1140 quidquid
1668 1070 1734 1124 ad
1767 1087 1864 1126 nos

285 1145 536 1213 pertinet,
589 1139 794 1213 Sivediu
835 1141 1128 1213 gregibus.
1169 1141 1280 1194 sive
1332 1141 1382 1192 in
1445 1139 1864 1209 quibuscumque

281 1210 534 1280 agrorum
565 1210 840 1275 frttctibus,
860 1211 921 1280 in
947 1211 1091 1264 oumi
1119 1211 1256 1262 bono
1294 1217 1713 1280 crescautatque
1744 1226 1864 1278 pro-

281 1278 505 1344 ficiant;
555 1283 654 1336 hoc
689 1281 805 1334 sine
841 1279 1004 1334 dubio
1046 1288 1100 1332 et
1140 1280 1278 1333 Deus
1315 1287 1496 1332 noster
1521 1278 1588 1332 de
1631 1279 1782 1333 nobis
1811 1289 1864 1334 et

285 1353 562 1408 desiderat
589 1360 640 1404 et
664 1358 953 1416 exspectat.
977 1349 1206 1416 Populus
1231 1363 1356 1417 ergo
1376 1349 1696 1403 christianus
1711 1351 1860 1415 quasi

283 1423 502 1492 propria
549 1431 604 1475 et
645 1421 927 1492 peculiaris
955 1419 1162 1492 novella
1189 1435 1280 1492 sua
1314 1434 1444 1492 uvas
1477 1417 1863 1492 potius_iifl‘erat

279 1485 447 1562 quain
475 1485 698 1562 spinas:
732 1505 807 1562 ne
819 1489 890 1562 de
914 1504 974 1544 ea
1003 1489 1206 1562 dicatur
1233 1489 1302 1562 ita
1322 1529 1337 1554 ,
1366 1485 1504 1562 sicut
1551 1488 1603 1541 in
1641 1485 1860 1562 Cantico

205 1573 216 1582 '
280 1558 432 1630 sirpe
457 1558 728 1624 (-anfastis,
772 1558 994 1630 Vineam,
1027 1559 1214 1630 inquit,
1242 1559 1484 1630 plantapi,
1508 1567 1559 1630 et
1581 1561 1861 1630 exspectavi

281 1641 346 1685 ut
371 1627 552 1700 faceret
580 1645 737 1700 uvas;
765 1629 880 1699 fecit
911 1639 1076 1700 autem
1101 1627 1358 1681 labruscas
1385 1628 1618 1700 (Isaiav,
1646 1628 1723 1700 2).
1754 1628 1858 1684 Sed

279 1697 442 1770 quia,
471 1701 606 1756 sicut
625 1697 1082 1770 dricit‘Apostolus,
1106 1712 1226 1770 cum
1253 1697 1746 1770 essemusoleastri,
1781 1701 1860 1752 in-

281 1767 417 1848 serti
443 1769 924 1848 s_t_tmus_in_b0t_tam
947 1769 1141 1848 oliyam
1165 1767 1340 1848 (Rern.
1377 1783 1452 1833 xt,
1479 1767 1604 1848 3i);
1639 1768 1707 1824 ita
1737 1784 1858 1823 cum

287 1841 387 1896 Dei
416 1839 680 1910 adjutorio
705 1838 869 1910 bonis
885 1838 1135 1910 operibus
1172 1837 1418 1910 insistere
1467 1837 1862 1910 debemus,_rut

281 1927 410 1964 cum
437 1905 690 1978 propheta
734 1905 996 1978 possimus
1023 1905 1358 1978 dicere,iEgo
1391 1916 1556 1960 autem
1578 1907 1704 1978 sicut
1730 1908 1862 1978 oliva

281 1975 567 2050 fructi—[era
590 1979 642 2032 in
685 1975 835 2050 domo
879 1975 1004 2044 Dei,
1042 1977 1238 2046 speravi
1283 1975 1336 2030 in
1386 1977 1728 2030 misericordia
1766 1975 1862 2031 Dei

283 2046 388 2104 inci
421 2046 587 2120 (Paul.
619 2063 688 2113 ιι,
709 2046 832 2120 Δία).

364 2115 848 2186 L'Recapitutatio.
872 2116 936 2170 Et
961 2115 1079 2171 ideo
1103 2130 1201 2184 per
1225 2131 1284 2170 ea
1317 2131 1434 2186 qua:
1461 2131 1619 2185 supra
1645 2131 1862 2186 sugges-

282 2189 476 2252 simus,
507 2185 634 2256 rogo
669 2202 796 2252 vos,
829 2185 1047 2248 fratres,
1099 2197 1152 2240 ut
1195 2185 1368 2240 nullus
1405 2202 1472 2241 ex
1507 2185 1862 2256 vobiscrcdat

282 2259 428 2328 quod
456 2261 503 2314 ei
524 2255 694 2312 Solum
720 2259 820 2310 hoc
845 2257 1068 2328 sufficiat
1095 2257 1139 2328 si
1167 2271 1328 2328 opera
1356 2257 1494 2311 mala
1517 2271 1618 2310 non
1651 2255 1856 2328 fecerit;

283 2325 384 2382 sed
421 2328 632 2395 quantis
661 2335 832 2396 potest
860 2327 1056 2380 viribus
1099 2327 1176 2380 sic
1227 2325 1456 2396 divertat
1498 2341 1526 2378 a
1576 2326 1715 2380 malo
1740 2367 1754 2390 ,
1805 2337 1862 2382 ut

285 2399 447 2452 faciat
473 2395 686 2459 bonum,
711 2407 765 2452 et
787 2397 964 2450 audiat
994 2396 1274 2449 Dominum
1306 2395 1570 2450 dicentem
1604 2397 1656 2450 in
1689 2397 1862 2452 Evan-

285 2469 448 2538 gelia,
485 2468 616 2530 Quid
639 2466 1172 2538 prodestquoddicitis
1201 2466 1341 2538 mihi,
1363 2464 1601 2538 Domine,
1623 2465 1858 2538 Dgntine,

285 2534 335 2591 ἐι
361 2555 460 2591 non
483 2534 650 2608 facitis
678 2552 790 2608 qua:
813 2534 924 2588 dico
955 2535 1102 2606 (Luc.
1134 2551 1218 2597 τι,
1248 2535 1338 2608 te)
1359 2536 1382 2588 ξι
1401 2543 1455 2590 ει
1481 2535 1624 2608 illud,
1640 2534 1722 2608 θΣὶ
1744 2537 1863 2608 dili-

285 2609 406 2677 gitis
445 2605 542 2673 me,
588 2606 844 2677 mandata,
873 2605 982 2658 mea
1020 2615 1209 2677 servate
1251 2605 1429 2677 (Joan.
1457 2621 1562 2677 μιν,
1597 2606 1705 2670 16).
1733 2607 1860 2677 Quae

287 2674 466 2731 autem
511 2687 632 2731 sunt
673 2692 792 2746 quae
837 2676 906 2746 in
939 2675 1218 2746 Evangelio
1261 2674 1504 2746 'faciepda
1551 2675 1863 2744 praeceperit

285 2747 551 2810 Christus,
585 2744 948 2814 Deo'pr0pitio
991 2745 1126 2799 bene
1171 2745 1357 2800 nostis.
1386 2744 1612 2813 Diligite,
1645 2746 1814 2814 inquit
1841 2785 1858 2810 ,

285 2817 518 2870 inimicos
541 2826 744 2878 vestros,
775 2815 1043 2884 benefacite
1064 2815 1135 2868 eis
1159 2816 1244 2884 qui
1271 2831 1356 2868 vos
1392 2815 1638 2880 oderunt,
1671 2823 1726 2868 ut
1752 2816 1861 2884 sitis

290 2887 388 2953 ﬁlii
418 2885 586 2940 Patris
613 2886 760 2939 vestri
802 2882 1010 2955 (Matth.
1051 2899 1104 2949 ν,
1141 2882 1226 2949 tt,
1259 2884 1350 2955 ιε)
1387 2901 1400 2936 ε
1431 2893 1485 2955 ει
1514 2885 1724 2955 iterum,
1761 2882 1861 2938 Ve-

286 2967 566 3009 nontamen
591 2955 706 3008 date
729 2954 1106 3024 eleemosynam,
1136 2965 1182 3008 et
1210 2954 1510 3008 ecceoutnia
1533 2954 1722 3006 munda
1745 2964 1863 3024 sunt

289 3025 584 3095 nobis(an.
615 3039 690 3089 xi,
716 3025 828 3094 Μ).
855 3024 928 3095 De
943 3023 1054 3092 qua
1085 3039 1141 3078 re
1165 3024 1438 3095 audiamus
1465 3033 1518 3078 et
1541 3024 1750 3079 beatum
1776 3023 1864 3077 Ja-

286 3094 480 3150 cobum
507 3095 670 3148 libera
694 3109 824 3148 voce
851 3094 1190 3158 clamantem,
1224 3094 1366 3148 Sicut
1390 3095 1524 3148 enim
1548 3109 1730 3163 corpus
1757 3095 1865 3148 sine

286 3165 461 3218 anima
503 3174 754 3233 mortuum
789 3173 896 3233 est,
929 3164 1000 3215 ita
1029 3173 1076 3215 et
1105 3165 1230 3231 fides
1266 3164 1372 3217 sine
1409 3163 1640 3233 operibus
1665 3174 1864 3217 mortua

285 3244 360 3315 ρει
391 3234 598 3316 (Jacobi
617 3249 674 3316 It,
702 3232 814 3301 26).
843 3232 992 3316 Totis
1019 3247 1147 3302 ergo
1173 3233 1401 3299 viribus,
1443 3232 1634 3316 fratres
1663 3233 1864 3316 charis:-

287 3301 434 3366 simi,
461 3303 600 3374 quod
638 3304 833 3357 bonum
863 3311 946 3374 est
974 3301 1289 3374 operemur;
1321 3317 1421 3357 nec
1459 3303 1612 3357 nobis
1636 3301 1866 3374 sufﬁciat

285 3375 333 3428 si
367 3373 497 3429 tales
531 3389 736 3439 sumus,
780 3373 963 3442 quales
1009 3373 1202 3426 fuimus
1238 3387 1316 3442 eo
1361 3380 1600 3442 tempore
1629 3387 1735 3442 quo
1762 3373 1864 3426 Ba—

287 3444 490 3514 ptismi
511 3441 838 3514 sacramenta
867 3441 1330 3514 accepimus._Per
1367 3441 1692 3514 Baptismuin
1721 3443 1863 3514 enim

284 3511 498 3568 vacuati
527 3527 705 3569 sumus
735 3513 802 3567 ab
824 3511 1071 3566 omnibus
1094 3511 1276 3582 malis;
1303 3511 1397 3582 sed
1422 3511 1514 3582 Dei
1537 3512 1705 3582 gratia
1730 3512 1866 3568 bene

285 3583 494 3652 agendo
523 3583 778 3637 debemus
823 3582 1016 3652 repleri
1053 3581 1300 3652 omnibus
1331 3581 1483 3652 bonis
1511 3599 1525 3636 :
1551 3581 1629 3636 ne
1658 3581 1796 3636 forte
1819 3581 1866 3636 si

285 3650 408 3708 sine
449 3653 697 3722 epes-ibus
739 3650 898 3705 bonis
918 3650 988 3706 de
1029 3652 1192 3722 solius
1235 3651 1488 3722 Baptismi
1527 3659 1866 3722 sacramento

284 3720 622 3787 conﬁdimus,
655 3722 872 3791 spiritus
898 3721 1220 3788 immundus,
1245 3720 1334 3790 qui
1362 3721 1429 3774 de
1453 3720 1605 3776 nobis
1631 3736 1724 3791 per
1748 3735 1871 3790 gra-

287 3794 422 3848 tiam
451 3793 648 3846 Christi
677 3791 932 3859 expulsus
956 3799 1058 3854 est,
1081 3800 1395 3854 revertatur,
1415 3791 1526 3845 etsi
1547 3806 1646 3845 nos
1665 3805 1696 3844 a
1711 3791 1868 3846 bonis

285 3863 541 3928 cperibus
584 3861 844 3915 invenerit
888 3874 1121 3924 vacuos,
1163 3859 1390 3914 adducat
1441 3873 1621 3914 secum
1663 3867 1866 3929 septem

285 3933 511 4001 spiritus
533 3931 814 4000 nequiores
833 3944 912 3994 se,
935 3937 988 4001 et
1017 3930 1144 3983 ﬁant
1163 3929 1455 4001 novissima
1481 3939 1660 4001 nostra
1689 3930 1866 4000 pejora

290 3999 573 4072 prioribus.
610 3999 734 4062 llaec
753 4015 901 4069 ergo,
929 3999 1123 4072 fratres
1143 3999 1440 4072 charissimi
1462 4043 1479 4065 ,
1505 4000 1550 4054 si
1578 3999 1867 4072 secundum

289 4069 534 4126 sanctam
563 4081 789 4125 vestram
819 4069 1273 4140 consuetudinem
1298 4069 1523 4140 libenter
1552 4071 1790 4140 accipitis
1815 4079 1870 4125 et

290 4143 550 4195 attentius
579 4141 824 4210 cogitatis
844 4155 992 4210 .non
1017 4138 1084 4193 tle
1112 4140 1224 4194 sola
1253 4139 1378 4210 ﬁde,
1409 4139 1504 4193 sed
1535 4138 1695 4193 etiam
1724 4151 1778 4195 et
1802 4140 1869 4194 de

295 4211 452 4265 bonis
479 4212 728 4279 cperibus
749 4209 1100 4274 conﬁdentes,
1127 4225 1156 4262 a
1179 4209 1346 4263 ‘malis
1374 4211 1578 4264 actibus
1607 4212 1678 4264 ita
1707 4210 1871 4264 absti-

275 4296 427 4335 ~nere
454 4281 711 4349 poteritis,
735 4289 790 4332 ut
810 4279 1021 4334 Christo
1041 4279 1327 4333 auxiliante
1349 4280 1398 4333 in
1427 4280 1677 4348 operibus
1717 4279 1870 4334 bouis

291 4365 392 4420 vos
433 4351 627 4420 jugiter
653 4354 946 4404 exerceatis
973 4366 985 4400 :
1019 4349 1258 4420 utiillam
1291 4353 1496 4420 beatam
1523 4358 1577 4420 et
1603 4349 1874 4404 desidera-

293 4418 458 4475 bilem
492 4418 675 4476 vocem
703 4434 823 4473 cum
855 4419 1207 4474 exsultatione
1231 4427 1284 4472 et
1309 4419 1498 4486 gaudio
1525 4418 1750 4474 feliciter
1773 4435 1870 4474 au-

291 4489 412 4544 dire
454 4490 795 4554 mereautini,
848 4489 1052 4548 Venite,
1094 4488 1355 4552 benedicti,
1398 4490 1638 4610 percipite
1665 4505 1874 4560 regnum

291 4559 430 4610 anod
465 4561 600 4610 vobis
643 4568 874 4610 paratum
898 4567 970 4610 est
994 4557 1056 4610 ab
1085 4559 1278 4610 oriaine
1303 4559 1477 4610 mundi
1506 4559 1523 4610 l
1557 4557 1716 4610 Iatth.
1743 4575 1871 4610 xxv.

291 4559 430 4630 quod
465 4561 606 4630 vobis
643 4568 874 4628 paratum
898 4567 970 4611 est
994 4557 1278 4630 abiorigine
1303 4557 1871 4630 ntundi(Matth.'xxv,

295 4629 389 4700 βό)
421 4645 434 4681 :
473 4629 610 4700 quod
635 4631 747 4698 ipse
773 4639 1026 4698 praestare
1049 4629 1314 4698 dignetur,
1337 4629 1427 4698 qui
1457 4629 1584 4683 virit
1611 4639 1666 4684 et
1688 4637 1876 4700 regnat

295 4698 351 4755 in
380 4699 593 4764 anicula,
619 4709 724 4754 etc.

755 4833 980 4888 suane
1015 4832 1266 4888 CCLXIV
1298 4833 1395 4905 (α).

470 4945 710 5006 Expositio
732 4943 878 5002 ﬁdei,
905 4951 956 4993 et
977 4943 1319 5006 interpretatio
1342 4945 1548 4996 nominis
1572 4944 1696 5008 ejus.

369 5048 419 5101 i.
457 5046 601 5100 Fidei
627 5047 801 5100 laudes
830 5047 891 5100 ab
915 5047 1144 5100 omnibus
1169 5047 1511 5101 celebrantur.
1547 5047 1702 5102 Fides
1729 5064 1760 5102 a
1789 5049 1876 5103 Fit

295 5127 634 5186 nuncupatur.
676 5117 732 5172 In
769 5117 1014 5172 omnibus
1053 5116 1246 5170 divinis
1284 5117 1600 5172 lectionibus
1625 5159 1638 5183 ,
1685 5119 1875 5174 fratres

293 5187 612 5258 charissimi,
640 5187 772 5258 fides
797 5187 976 5258 multis
1001 5187 1285 5258 praeconiis
1321 5187 1690 5253 collaudatur;
1714 5203 1872 5258 quam

297 5271 402 5310 non
429 5257 598 5311 solum
623 5257 815 5311 divinae
844 5256 1130 5325 Scriptura:
1149 5297 1163 5320 ,
1193 5255 1288 5311 sed
1321 5257 1480 5311 etiam
1513 5268 1680 5312 totum
1709 5255 1875 5326 genus

297 5327 584 5397 humanum
615 5326 827 5397 laudare
853 5341 960 5380 non
980 5335 1172 5397 cessat.
1196 5328 1368 5395 Atque
1390 5327 1591 5382 utinam
1608 5329 1876 5397 quomodo

297 5395 539 5452 laudatur
569 5397 764 5463 lingua,
787 5396 864 5466 sic
893 5396 1196 5451 laudaretur
1215 5403 1270 5450 et
1289 5397 1430 5458 vita;
1455 5395 1722 5466 quomOdo
1743 5415 1876 5466 pra:-

295 5466 502 5522 dicatur
529 5481 594 5521 ex
622 5481 736 5533 ore,
768 5465 847 5522 sic
872 5473 926 5520 et
953 5474 1194 5522 teneatur
1211 5481 1276 5522 ex
1297 5465 1494 5532 corde;
1527 5477 1582 5522 et
1607 5465 1874 5537 quomodo

357 5661 662 5726 (αὶ-καθεθεὶς»
679 5663 724 5726 in
743 5661 958 5726 pluribus
981 5663 1313 5726 manuscriptis
1335 5663 1561 5726 tribuitur
1575 5700 1589 5722 ,
1617 5671 1791 5726 estque
1811 5677 1875 5716 ex

295 5723 507 5797 nominis
528 5737 555 5772 a
573 5723 816 5797 Stephano
839 5724 1034 5797 _Baluzio
1055 5726 1205 5797 ipsius
1220 5723 1424 5797 nomipe
1451 5725 1658 5797 vulgatis
1690 5723 1875 5797 duode-

294 5789 433 5833 cima.
460 5791 528 5848 pe
559 5785 688 5833 num.
715 5787 747 5836 5
773 5786 882 5835 vide
904 5785 1088 5848 (zzesarii
1126 5785 1374 5848 epist._ad
1419 5785 1648 5848 quosdam
1687 5794 1878 5837 Germa-

297 5845 661 5958 gpszgeunum.
688 5848 748 5908 5,
775 5847 1059 5910 Appendicis
1080 5843 1230 5896 scrin.
1277 5843 1356 5907 39,
1393 5843 1450 5897 ni
1487 5847 1552 5910 ὃς
1577 5845 1696 5910 257,
1740 5861 1789 5899 ιι.
1817 5851 1874 5912 4;

461 5939 482 5958 ι
535 5940 548 5954 ο
579 5925 621 5957 ι.

295 5913 348 5962 οι
367 5908 482 5960 279.
500 5919 548 5958 tt.
574 5908 621 5957 7.

1700 461 1930 519 SERMO
1967 461 2234 519 CCLXIV.

3419 469 3564 530 2275b

1979 583 2134 661 labiis
2161 583 2506 661 promittitur,
2533 587 2608 661 sic
2639 589 2887 661 operibus
2908 590 3208 661 impleatur.
3229 593 3393 652 Tanta
3417 607 3556 656 enim

1977 665 2062 733 est
2089 654 2252 708 virtus
2284 654 2426 718 ﬁdei,
2457 667 2517 735 ut
2538 654 2706 735 etiam
2724 659 2794 713 illi
2821 677 2937 735 eam
2964 654 3177 720 laudare
3206 654 3551 735 prmsutnaut.

1975 727 2063 844 Fui
2091 739 2207 778 eam
2233 740 2448 780 servare
2467 727 2822 782 dissimulant.
2857 731 2922 784 Et
2945 749 3066 786 vcre
3097 727 3284 790 merito
3309 727 3556 792 laudatur

1995 794 2128 844 ides.
2156 795 2271 844 siue
2295 810 2398 844 una
2441 797 2568 844 nihil
2613 815 2838 844 nnnnnm
2883 802 3000 844 Iitmi
3051 805 3227 844 minui:
3274 807 3552 844 ἰιιριιησιιιη-

1995 794 2128 858 ides,
2156 795 2398 870 siuequa
2441 797 2570 850 nihil
2613 815 2839 870 unquam
2883 802 3002 855 boui
3051 805 3227 870 Operis
3274 807 3552 862 inchoatur

1972 866 2430 944 atqueperiicitur
2441 883 2470 944 _;_
2489 869 2780 944 secundum
2827 871 2954 924 illttd
2989 866 3128 944 quod
3169 877 3419 944 scriptum
3443 891 3546 938 εει.

1972 931 2222 1014 Sinehﬁd‘e
2245 935 2548 1014 impossibile
2570 947 2640 990 est
2669 931 3196 1014 quemquamjlacere
3227 931 3330 998 Deo
3360 931 3546 1014 (Hebr:

1970 1003 2149 1077 sub).
2178 1003 2392 1077 Deipsa
2427 1005 2568 1077 enim
2605 1003 2922 1077 ex'persona
2957 1003 3154 1065 Christi
3199 1024 3252 1068 et
3291 1003 3544 1070 Ecclesia:

1967 1071 2367 1152 dieiltir‘Llfeni,
2402 1071 2772 1152 proximam-ea,
2799 1079 2859 1132 ab
2889 1081 3030 1150 initio
3056 1082 3173 1148 [idei
3201 1083 3368 1152 (Cant.
3396 1103 3464 1150 tv,
3489 1087 3542 1144 8.

1967 1157 2066 1220 sec.
2105 1141 2286 1220 LXX).
2313 1142 2482 1220 Ipsam
2513 1146 2672 1199 etiam
2705 1148 2888 1202 beatus
2914 1141 3183 1218 apostolus
3206 1141 3414 1210 ‘Paulus
3433 1141 3464 1220 ,’
3489 1141 3542 1210 in

1967 1210 2058 1264 illo
2086 1213 2323 1286 catalogo
2339 1210 2437 1266 tibi
2464 1229 2651 1286 omnes
2675 1220 2918 1286 antiquos
2945 1210 3156 1276 sanctos
3181 1210 3492 1278 εοιιῃυιιειζοίι
3525 1267 3537 1280 ,

1963 1293 2062 1356 per
2104 1281 2343 1356 singulos
2353 1285 2766 1356 commendavit
2805 1281 3028 1342 dicens:
3073 1289 3198 1345 Fide
3241 1295 3392 1356 Abel,
3439 1295 3542 1348 ﬁde

1968 1347 2171 1432 hpocli,
2193 1347 2300 1432 ﬁde
2325 1351 2457 1432 Noe,
2483 1351 2589 1432 ﬁde
2611 1355 2872 1432 Abraham
2891 1359 3206 1432 placuerunt
3231 1347 3537 1432 Deoillebr.

1968 1373 2171 1412 ILIIUUII,
2199 1373 2300 1404 nuc
2325 1373 2457 1417 nee,
2483 1373 2588 1407 uue
2611 1373 2872 1410 nnranatn
2891 1373 3206 1478 placuerunt
3231 1373 3336 1416 Deo
3355 1373 3537 1432 (Hebr.

1965 1416 2339 1502 1"!)LetptlDe
2379 1421 2474 1502 hac
2522 1424 2680 1502 etiam
2730 1426 2898 1502 ipse”
2935 1430 3144 1482 ominus
3173 1431 3225 1502 in
3255 1431 3544 1502 Evangelia

1965 1488 2120 1566 dixit,
2139 1489 2306 1566 Fides
2323 1499 2410 1566 tua
2429 1500 2476 1566 te
2501 1493 2692 1566 saluam
2714 1488 2827 1564 fecit
2847 1495 2993 1566 (Luc.
3019 1515 3142 1558 xvtt,
3172 1501 3282 1562 l9);
3311 1511 3362 1554 ει
3385 1488 3534 1562 illud,

1967 1557 2042 1635 Si
2063 1559 2332 1635 habueritis
2375 1561 2536 1635 ﬁderit
2561 1563 2686 1615 sicut
2714 1557 2938 1632 'granum
2974 1557 3183 1635 sinapis,
3219 1557 3391 1624 dicetis
3422 1557 3540 1623 huic

1964 1627 2143 1706 afbori
2175 1645 2335 1693 moro,
2377 1629 2652 1706 lii-adigere
2687 1627 2745 1686 εἰ
2777 1627 3180 1703 ιναηεριαηιάνεξ
3209 1647 3252 1690 et
3283 1640 3366 1706 ﬁet
3404 1641 3542 1696 vobis

1966 1697 2176 1819 ἓΜαιιΙι.
2223 1714 2348 1764 xvn,
2383 1699 2492 1769 l9).
2522 1701 2650 1755 Cum
2687 1719 2814 1772 ergo
2860 1697 3016 1760 tantis
3052 1697 3294 1760 laudibus
3341 1709 3534 1762 bonum

1985 1766 2084 1819 idei
2128 1767 2482 1819 prtedicetur.
2513 1784 2542 1819 a
2572 1772 2755 1819 multis
2783 1783 2956 1819 tamen
3001 1777 3230 1819 nnminis
3265 1781 3378 1819 nine
3415 1795 3534 1819 τιν-η-

1985 1766 2093 1847 idei
2128 1766 2482 1847 praedicetur,
2513 1766 3230 1847 a_multis'tamciL_nominis
3265 1781 3379 1846 ejus
3415 1795 3537 1847 pro-

1964 1838 2164 1912 prietas
2195 1838 2482 1906 ignoratur.
2519 1839 2674 1912 Fides
2716 1844 2854 1895 enim
2885 1859 2914 1898 a
2943 1843 3064 1909 Fit,
3111 1845 3162 1899 id
3209 1838 3326 1912 est',
3370 1838 3437 1901 ab
3471 1864 3539 1902 eo

1964 1905 2106 1983 quod
2139 1905 2246 1983 fiat.
2267 1921 2470 1983 nomen
2500 1911 2725 1983 accepit,
2763 1912 2884 1983 quia
2931 1915 2982 1966 in
3025 1905 3138 1983 ipsa
3166 1905 3401 1970 omnium
3429 1933 3536 1972 non

1963 1977 2136 2030 solum
2177 1976 2470 2030 divinarum
2493 2018 2507 2040 ,
2541 1976 2816 2034 scdetiam
2849 1976 3195 2037 humanarum
3227 2001 3403 2039 rerum
3440 1988 3532 2040 ﬁr-

1965 2046 2120 2100 mitas
2165 2047 2486 2116 continetur.
2537 2046 2688 2102 Unde
2736 2051 3056 2116 quibuslibet
3103 2055 3278 2110 verbis
3327 2057 3535 2110 etiamsi

1964 2129 2082 2192 cum
2137 2115 2316 2192 multis
2349 2117 2666 2192 juramentis
2719 2115 2860 2192 dicat
2899 2136 2957 2174 se
2995 2121 3184 2192 aliquis
3229 2123 3382 2176 fidem
3435 2126 3529 2178 ha-

1964 2184 2108 2261 bere,
2141 2185 2184 2261 si
2216 2185 2268 2261 id
2301 2185 2440 2253 quod
2473 2201 2532 2240 se
2556 2187 2684 2261 dicit
2709 2189 2924 2261 credere
2953 2184 3151 2261 verbis,
3186 2193 3404 2261 implere
3433 2212 3532 2247 no-

1965 2254 2122 2308 luerit
2145 2253 2318 2318 factis,
2345 2269 2450 2336 non
2469 2265 2553 2310 est
2571 2256 2727 2324 fides;
2755 2259 2897 2328 quia,
2920 2260 3055 2315 sicut
3082 2253 3209 2328 dixi,
3241 2253 3373 2318 fides
3397 2280 3426 2318 a
3448 2263 3533 2320 Fit

1965 2338 2158 2378 nomen
2185 2335 2407 2392 accepit.

2033 2393 2085 2472 2.
2131 2393 2196 2448 Ut
2224 2395 2796 2472 iptegra-sit,_credatnr
2819 2407 2864 2452 et
2883 2400 3016 2472 quod
3053 2402 3294 2470 promittit
3327 2413 3372 2454 et
3397 2403 3531 2472 quod

1965 2463 2183 2516 minatur
2225 2463 2382 2537 Deus.
2417 2463 2484 2518 Ut
2522 2467 2586 2537 sit
2619 2483 2768 2537 vera,
2805 2463 3064 2537 agendum
3097 2472 3230 2525 unde
3255 2481 3297 2524 et
3327 2463 3420 2525 hoc
3443 2489 3530 2524 ca-

1965 2542 2154 2610 peatur,
2177 2543 2221 2587 et
2241 2534 2366 2586 illud
2390 2535 2693 2610 nequir-amr.
2721 2534 3001 2610 Videamus
3025 2539 3148 2607 quid
3181 2541 3246 2593 sit
3273 2543 3410 2610 quod
3439 2543 3532 2596 de-

1965 2601 2088 2676 beat
2112 2603 2322 2676 facere,
2357 2604 2444 2670 qui
2464 2601 2627 2676 ﬁdem
2653 2606 2762 2658 vult
2791 2601 3055 2676 integram
3073 2601 3337 2663 custodire
3371 2628 3381 2662 :
3431 2612 3530 2666 hoc

1965 2672 2268 2746 sinedubio
2295 2673 2346 2725 in
2372 2688 2476 2746 quo
2507 2672 3230 2732 fundamentum'christiante
3261 2681 3531 2746 religionis

1965 2741 2268 2816 ﬁrmissime
2295 2741 2627 2806 entitiuetur;
2660 2754 2716 2816 ut
2757 2755 2809 2799 et
2855 2747 2994 2814 quod
3025 2749 3284 2816 promittit
3311 2741 3448 2803 Deus
3477 2761 3532 2804 et

1965 2811 2105 2883 quod
2127 2814 2375 2878 minatur,
2409 2821 2519 2883 toto
2547 2813 2708 2868 corde
2745 2811 2927 2883 verum
2956 2811 3074 2870 esse
3103 2819 3350 2871 confidat.
3384 2819 3532 2871 Tunc

1964 2881 2106 2956 enim
2133 2889 2187 2935 et
2211 2896 2400 2956 nomen
2429 2881 2548 2936 ﬁdei
2577 2881 2902 2956 intelligere,
2933 2895 2987 2956 et
3012 2887 3254 2941 virtutem
3286 2888 3401 2955 ejus
3423 2890 3532 2956 ple-

1965 2951 2084 3006 nius
2113 2949 2306 3019 poterit
2331 2965 2616 3020 agnoscere
2638 2993 2655 3018 ,
2703 2949 2768 3011 si'
2795 2949 2895 3007 ista
2923 2955 3027 3008 duo
3070 2956 3170 3010 sibi
3200 2949 3330 3010 ante
3349 2949 3532 3012 oculos

1965 3029 2411 3092 suosproponat,
2463 3021 2514 3074 id
2557 3030 2670 3084 est,
2719 3025 2993 3090 praemium
3033 3026 3156 3078 vita:
3199 3037 3446 3092 auorum,
3479 3039 3534 3083 et

1966 3089 2484 3162 suppliciumpuente
2513 3089 2810 3162 perpetem.
2833 3093 2898 3146 Et
2927 3095 3046 3162 quia
3077 3111 3236 3148 unum
3268 3089 3488 3162 credere
3512 3137 3528 3162 ,

1966 3158 2242 3245 etdeal‘io
2270 3158 2660 3245 dubitare-nihil
2691 3161 2900 3245 prodest
2919 3158 3081 3226 {cum
3103 3165 3284 3245 grandi
3311 3158 3534 3245 diligepl

1967 3229 2428 3304 t_ia__unusqui_sque
2453 3229 2742 3304 interroget
2760 3247 2852 3304 cor
2867 3247 3051 3304 suum,
3083 3229 3129 3288 si
3157 3229 3438 3304 utrumque
3471 3237 3532 3288 fi-

1965 3297 2158 3352 deliter
2175 3297 2379 3353 credit:
2403 3309 2456 3354 et
2475 3300 2518 3354 si
2549 3300 2602 3353 in
2631 3297 2744 3354 istis
2763 3301 2966 3356 duabus
2986 3297 3143 3357 rebus
3167 3297 3532 3360 veram'fidem

1967 3381 2026 3422 se
2087 3367 2284 3438 habere
2329 3371 2666 3438 cognoverit,
2715 3370 2874 3425 corde
2938 3371 3240 3427 ﬁrmissimo
3301 3376 3536 3428 retinens

1967 3436 2120 3514 quod
2134 3446 2188 3491 et
2207 3438 2338 3514 justi
2365 3436 2644 3514 postbona
2669 3454 2829 3508 Opera
2855 3443 3120 3514 accepturi
3149 3443 3254 3514 sint
3280 3443 3500 3514 gloriatn
3517 3485 3532 3506 ,

1968 3505 2023 3562 et
2050 3505 2232 3576 injusti
2257 3515 2372 3629 post
2403 3508 2540 3561 mala
2581 3505 2888 3629 perpetuam
2922 3505 3124 3580 passuri
3154 3513 3260 3566 sint
3281 3505 3490 3582 poenam
3517 3505 3534 3578 ;

1968 3589 2088 3629 cum
2117 3577 2230 3629 haec
2275 3575 2480 3629 ideliter
2504 3578 2648 3629 credi
2689 3579 2828 3629 erit.
2855 3581 2899 3629 si
2929 3590 3039 3629 toto
3068 3581 3244 3629 animo
3268 3583 3534 3629 ηοιιιριιιίἱι

1967 3589 2088 3630 cum
2106 3575 2230 3631 haec
2257 3575 2480 3632 ﬁdeliter
2504 3575 2790 3632 crediderit
2812 3620 2828 3645 ,
2855 3581 2899 3634 si
2923 3575 3039 3636 toto
3068 3581 3244 3636 animo
3268 3575 3540 3637 contendit

1968 3645 2104 3719 bona
2135 3661 2296 3715 opera
2337 3645 2514 3719 facere
2553 3663 2645 3715 per
2674 3663 2792 3715 qua:
2820 3651 2989 3718 possit
3017 3651 3082 3704 ad
3112 3652 3382 3718 praemium
3413 3669 3538 3719 pcr-

1968 3714 2186 3789 venire,
2213 3723 2268 3769 et
2297 3717 2431 3770 mala
2461 3714 2566 3770 non
2594 3714 2752 3785 agere
2780 3714 2838 3770 ui
2860 3734 3068 3788 poenam
3099 3714 3263 3789 possit
3288 3714 3536 3785 evadere,

1969 3784 2128 3838 ﬁdem
2175 3793 2390 3860 rectam
2421 3801 2479 3860 se
2522 3784 2703 3860 tenere
2740 3784 3182 3860 congaudcat,'et
3212 3791 3319 3844 Deo
3343 3784 3540 3860 gratias

1947 3863 2122 3924 ,agat,
2149 3863 2347 3928 etcum
2379 3856 2543 3928 ipsius
2568 3855 2830 3928 adjutorio
2849 3855 2908 3911 in
2953 3859 3068 3928 ipso
3097 3875 3256 3928 opere
3289 3855 3537 3928 perseve-

1970 3939 2090 3978 rare
2113 3925 2416 3999 contendat.
2447 3925 2572 3980 Hazc
2589 3942 2744 3999 ergo,
2773 3925 2986 3999 fratres,
3013 3929 3057 3982 si
3084 3925 3358 3999 diligenter
3383 3932 3542 3984 vultis

1929 4015 1942 4030 ι
1970 3993 2278 4070 attendere,
2325 4001 2380 4048 et
2425 4011 2617 4070 numep
2666 3995 2785 4070 fidei
2816 4000 3146 4070 etvirtutem
3176 3993 3291 4066 éjus
3335 4001 3543 4070 plenius

1972 4065 2212 4138 poteritis
2237 4079 2543 4134 agnoscere.
2578 4065 2642 4118 Et
2667 4067 2788 4138 quia
2821 4067 2950 4123 fides
2975 4083 3002 4121 a
3039 4069 3158 4134 Fit,
3201 4065 3348 4124 sicut
3383 4085 3542 4138 supe-

1972 4134 2082 4205 rius
2107 4134 2254 4199 dixi,
2296 4149 2488 4205 nomen
2519 4135 2742 4205 accepit,
2775 4138 2818 4190 si
2850 4147 2901 4192 te
2943 4140 3133 4192 melius
3171 4141 3186 4171 ¹
3215 4139 3360 4192 dicas
3387 4134 3544 4194 fidem

1973 4201 2178 4279 habere
2191 4245 2205 4267 ,
2234 4212 2288 4259 et
2319 4203 2463 4279 quod
2487 4201 2666 4259 verbis
2709 4201 3001 4279 promittis,
3039 4209 3287 4278 operibus
3325 4211 3546 4279 implere

1975 4273 2212 4328 nolueris
2229 4313 2247 4336 ,
2286 4276 2495 4342 penitus
2517 4291 2624 4328 non
2645 4273 2728 4329 est
2753 4276 2906 4332 ﬁdes.
2937 4277 3006 4330 Et
3041 4273 3091 4332 si
3113 4288 3162 4331 te
3189 4273 3544 4332 asseras'cre-

1975 4343 2407 4417 derepraamium
2434 4345 2576 4412 quod
2620 4347 2878 4412 promittit
2922 4347 3095 4410 Deus,
3139 4356 3194 4402 et
3231 4349 3544 4417 supplicium

1975 4413 2116 4482 quod
2146 4413 2410 4485 minatur;
2437 4423 2491 4468 et
2527 4422 2703 4468 tamen
2729 4455 2744 4479 ,
2773 4426 2830 4470 ut
2865 4431 3006 4485 serpe
3044 4417 3152 4485 jam
3183 4413 3378 4471 dictum
3429 4427 3542 4481 est,

1976 4497 2137 4556 agere
2160 4483 2392 4556 nolueris
2417 4491 2473 4536 ut
2497 4499 2704 4552 ptenam
2739 4483 3059 4556 perpetuam
3079 4487 3250 4556 possis
3282 4488 3504 4542 evadere
3527 4527 3543 4548 ,

1977 4562 2032 4606 et
2063 4552 2142 4624 ad
2189 4554 2403 4621 praemia
2433 4563 2630 4624 aeterna
2667 4552 2945 4624 pervenire
2964 4598 2979 4620 ,
3008 4552 3224 4611 omnino
3249 4573 3353 4612 non
3383 4567 3463 4611 est
3494 4559 3545 4609 in

1981 4622 2183 4696 tpﬁdes
2212 4640 2224 4676 :
2253 4633 2308 4696 et
2326 4639 2438 4696 non
2463 4623 2634 4696 solum
2658 4622 2710 4680 te
2735 4627 2864 4680 nihil
2891 4627 3102 4694 adjuvat
3125 4626 3262 4696 quod
3293 4637 3343 4682 te
3373 4627 3547 4680 verbis

1977 4690 2191 4764 ﬁdelem
2237 4692 2404 4764 dicis,
2440 4694 2534 4747 sed
2558 4704 2614 4748 et
2641 4697 2862 4749 multum
2892 4690 2984 4751 tibi
3021 4690 3178 4751 etiam
3211 4703 3393 4760 uocet;
3424 4698 3546 4764 quia

1978 4762 2170 4835 melius
2197 4770 2280 4835 est
2308 4763 2553 4835 cuiquam
2579 4778 2684 4818 non
2711 4765 3020 4835 promittere
3039 4806 3054 4830 ,
3085 4780 3242 4832 quam
3272 4781 3390 4835 qua:
3420 4762 3546 4832 pro-

1977 4830 2183 4902 miserit
2209 4830 2431 4902 itnplere
2473 4847 2578 4886 non
2617 4830 2776 4902 velle.
2807 4835 2990 4889 Solum
3020 4830 3158 4888 enim
3199 4830 3393 4890 nomen
3422 4830 3546 4889 fidei

1979 4909 2033 4955 te
2059 4900 2414 4973 liberare'non
2463 4901 2695 4973 poterit:
2736 4905 2862 4971 quin
2905 4905 3110 4973 potius,
3142 4904 3279 4958 sicut
3316 4905 3424 4973 jam
3463 4904 3548 4958 di-

1977 4979 2122 5042 ctum
2150 4979 2265 5042 est,
2292 4970 2431 5042 inde
2459 4971 2739 5039 dupliciter
2759 4970 2886 5028 reus
2905 4970 3055 5036 ’cris;
3087 4975 3208 5042 quia
3239 4970 3380 5042 quod
3427 4991 3550 5028 ver-

1977 5039 2061 5114 bis
2089 5040 2376 5114 promisisti
2401 5041 2622 5109 implere
2643 5043 2889 5114 noluisti;
2918 5053 2971 5114 et
2995 5039 3192 5114 clamat
3221 5039 3314 5098 tibi
3341 5061 3435 5114 per
3459 5045 3550 5098 .la-
3584 5044 3587 5047 ’

1979 5109 2170 5163 cobum
2190 5109 2417 5178 Spiritus
2441 5120 2674 5177 sanctus,
2705 5111 2859 5166 Fides
2882 5113 2989 5167 sine
3012 5113 3242 5183 operibus
3263 5109 3459 5168 moi-tua
3479 5124 3552 5168 est

1985 5178 2214 5234 (Jacobi.
2246 5195 2284 5233 ll
2305 5221 2322 5234 .
2349 5180 2464 5234 26L

2043 5195 2182 5232 acati:
2199 5220 2214 5243 ,
2246 5195 2284 5233 ιι
2305 5221 2322 5246 ,
2349 5195 2464 5246 zu).

1985 5178 2214 5251 (Jacobi,
2246 5195 2284 5233 ll
2305 5221 2322 5246 ,
2349 5180 2464 5250 26).
3044 5178 3054 5183 ”

1987 5319 2000 5324 _
2051 5250 2105 5324 ὅτ
2145 5247 2270 5324 Ideo
2298 5265 2420 5324 qua:
2461 5251 2736 5324 prtesertim
2765 5253 2818 5306 in
2863 5252 3124 5324 Baptismo
3155 5255 3400 5324 promissa
3437 5265 3554 5307 sunt

2051 5267 2103 5304 ο.
2145 5267 2270 5303 meo
2287 5267 2420 5373 [qua
2461 5267 2736 5318 prteserum
2765 5269 2818 5306 m
2863 5267 3124 5322 Baptismo
3155 5271 3400 5324 pronnssa
3437 5267 3554 5307 sunt

1979 5319 2256 5390 implenda.
2344 5321 2388 5373 ic
2413 5337 2556 5374 nemo
2585 5323 2649 5374 sit
2678 5339 2898 5377 securus.
2943 5323 3098 5378 Fides
3125 5327 3275 5377 etiam
3311 5325 3372 5377 de
3397 5330 3554 5378 otioso

1980 5405 2204 5462 sermone
2230 5391 2559 5462 periclitatur.
2613 5391 2680 5445 Et
2717 5393 2843 5446 licet
2883 5403 3048 5448 totum
3095 5393 3348 5462 quidquid
3395 5395 3556 5446 homo

1981 5461 2318 5540 pfomiserit,
2370 5461 2414 5514 si
2459 5469 2668 5540 potest,
2720 5462 2914 5540 debeat
2943 5461 3191 5533 operibus
3221 5461 3552 5540 adimplere;

1981 5529 2127 5582 illam
2172 5537 2348 5584 tamen
2393 5529 2618 5599 primam
2660 5540 2714 5586 et
2760 5529 3065 5600 pra-claram
3111 5529 3554 5600 promissionem,

1981 5613 2138 5667 quam
2166 5614 2232 5652 eo
2257 5609 2495 5669 tempore
2519 5617 2622 5669 quo
2647 5601 2699 5656 iu
2727 5603 2996 5670 Baptismo
3038 5603 3384 5660 renascimur,
3441 5603 3554 5656 Deo

1983 5670 2372 5741 promittimus,
2420 5671 2720 5740 specialiter
2761 5689 2882 5728 cum
2931 5672 3094 5741 ipsius
3131 5670 3395 5741 adjutorio
3435 5685 3550 5724 ser-

1985 5751 2112 5793 vare
2161 5738 2464 5794 debetnus.’
2496 5741 2882 5812 luterrogmnur
2946 5738 3085 5796 enim
3146 5738 3210 5796 ini
3249 5740 3552 5809 Baptismo,

2047 5912 2064 5945 ¹
2089 5917 2242 5973 forte,
2269 5911 2468 5968 milites.
