3996 6458
506 311 644 368 2247

508 444 610 499 qua
629 424 971 499 continentur
987 416 1162 499 omnia
1179 416 1336 478 bona,
1358 408 1704 499 ni'liil‘poteri‘t
1719 410 2078 499 prietepdere,

508 482 650 567 quod
678 497 786 565 jam
810 509 912 567 non
937 489 1100 567 possit
1128 487 1233 539 Deo
1261 483 1546 567 auxiliante
1577 483 1850 567 perlicere.
1873 482 1936 562 Et
1963 482 2082 567 ideo

516 551 604 636 qui
634 551 814 619 veram
843 551 1154 636 cha'ritatem
1203 553 1433 636 noluerit
1477 560 1695 636 tenere,
1735 567 1840 636 non
1886 551 2084 636 invenit

513 621 654 706 (ξιιοά
687 635 740 706 in
761 633 980 706 veritate
1007 627 1142 706 aliis,
1174 623 1266 706 sed
1291 621 1430 692 quod
1443 621 1557 706 sibi
1581 621 1770 706 debeat
1789 621 2078 706 imp'utare.

584 708 636 760 ι.
681 703 804 758 Sine
839 699 932 752 illa
969 695 1162 750 nullum
1203 690 1405 746 bonum.
1443 690 1642 745 Tenete
1685 705 1849 758 ergo,
1895 690 2086 744 fratres

513 772 834 835 charissimi,
860 769 1014 823 dulce
1041 781 1103 819 ac
1127 764 1335 817 salubre
1363 761 1626 815 vinculum
1651 760 1940 835 charitatis,
1972 761 2085 814 sine

513 860 614 912 qua
645 843 793 897 dives
820 830 1018 912 pauper
1048 844 1146 897 est,
1187 842 1246 912 et_
1267 847 1385 912 etim
1415 845 1526 912 qua.
1550 830 1940 912 paiiperndives
1980 837 2082 910 est:

517 899 672 968 Dives
696 913 739 966 si
767 899 1077 980 cliariiatem
1103 920 1205 980 non
1233 899 1787 980 habet,_quid_liabet?
1815 899 2084 980 Paupersi

511 983 822 1036 charitatem
856 979 1030 1035 habet,
1057 973 1180 1043 quid
1214 987 1315 1024 non
1349 971 1536 1043 habet?
1563 971 1627 1043 βε
1653 971 1797 1043 quia,
1829 969 1966 1043 s_icut
2000 969 2086 1022 di-

513 1055 588 1105 cit
636 1054 820 1105 beatus
866 1038 1096 1103 Joannes
1146 1040 1462 1109 evangelista
1489 1080 1504 1102 ,
1551 1039 1783 1094 Charitas
1829 1038 1967 1091 Deus
2015 1049 2086 1092 est

516 1122 534 1192 (
560 1123 574 1175 l
613 1120 768 1192 Joan.
800 1134 884 1192 tv,_
904 1118 994 1181 16)
1016 1132 1029 1177 ;
1055 1113 1184 1192 _qu_id
1218 1111 1434 1181 pauperi
1464 1109 1664 1192 deesse,
1683 1109 1891 1192 poterit,
1921 1109 1964 1162 si
1995 1123 2087 1192 per

513 1178 826 1243 i-haritatem
859 1178 1022 1241 Deum
1055 1178 1247 1235 habere
1274 1180 1562 1232 meruerit?
1587 1189 1639 1233 et
1659 1178 1694 1231 'e
1719 1189 1922 1242 contra,
1960 1178 2084 1244 quid

513 1261 660 1313 diviti
693 1270 898 1313 terrena
933 1255 1154 1307 facultas
1181 1249 1437 1320 proderit,
1476 1250 1715 1320 siDenm
1758 1248 1952 1320 habere
1983 1263 2085 1300 non

516 1329 802 1384 inaruerit?
833 1330 1016 1380 Amate
1047 1317 1255 1390 ergoet
1299 1329 1472 1373 tenete
1502 1319 1814 1373 charitatem
1839 1359 1853 1382 ,
1899 1317 2087 1390 fratres

513 1398 812 1454 charissimi
835 1437 849 1460 ,
878 1397 992 1448 sine
1021 1386 1130 1460 qua
1164 1390 1342 1460 nullus
1382 1405 1611 1460 unquam
1656 1389 1840 1460 Deum
1867 1386 2082 1460 videbit.

517 1471 689 1523 Nolite
717 1455 867 1520 vobis
894 1465 1009 1518 sine
1036 1455 1295 1515 charilate
1334 1455 1556 1512 blandiri
1577 1498 1592 1516 ,
1637 1457 1843 1511 etiamsi
1885 1455 2086 1524 reliqua

517 1540 654 1593 bona
673 1552 832 1608 opera
849 1532 1175 1608 perleccritis
1191 1547 1204 1583 :
1223 1529 1314 1582 sed
1336 1529 1520 1608 timete
1533 1527 1816 1608 illttdquod
1834 1527 2086 1608 scriptum

517 1620 619 1674 est,
655 1596 754 1674 Qui
783 1596 1061 1674 universam
1090 1605 1247 1669 legem
1279 1600 1560 1674 servaverit,
1594 1596 1816 1674 egentia!
1845 1605 2009 1674 dutem
2034 1597 2087 1649 in

516 1665 638 1738 uno,
657 1665 816 1746 ﬂictus
835 1684 907 1728 est
924 1665 1273 1746 omninnireus
1299 1666 1574 1746 (Jacobin,
1593 1667 1701 1746 l0)_.
1721 1665 1872 1732 Quod
1891 1665 2087 1746 esthoc

518 1736 706 1812 uinnn,
736 1746 835 1800 nisi
871 1758 993 1796 vera
1034 1748 1085 1812 et
1112 1736 1629 1812 perlectacharitas;
1661 1737 1727 1790 de
1767 1750 1866 1812 qua
1899 1736 2085 1812 iterum

517 1803 804 1886 Apostolus
835 1813 989 1886 dixit,
1023 1803 1199 1886 Uni-nis
1228 1807 1317 1886 (ex,
1342 1808 1393 1858 in
1423 1823 1524 1886 uno
1552 1803 2088 1886 sermoneintpllebitur

515 1873 579 1940 in.
596 1888 750 1950 vobis,
778 1873 1277 1952 Diligesiproximum
1304 1885 1445 1952 tuum
1468 1877 1594 1929 sicut
1622 1887 1668 1929 te
1690 1874 1902 1952 ipsum_(
1917 1873 2085 1952 Galat.

516 1973 568 2017 v,
613 1944 754 2025 tt)?
797 1944 924 2007 Nam
954 1944 1006 2004 in
1037 1959 1235 2025 tantum
1267 1946 1657 2025 reliqua_opera
1689 1947 1803 2025 sine
1829 1944 2088 2025 eliaritate

518 2013 649 2080 nihil
689 2013 940 2092 prosunt,
975 2029 1032 2092 ut
1071 2019 1232 2071 libera
1275 2029 1406 2068 voce
1443 2015 1984 2092 clamet‘Apostolus,
2026 2013 2089 2067 Si

520 2084 816 2149 distribuere
852 2092 906 2144 in
939 2089 1071 2142 cibos
1113 2101 1389 2156 pauperum
1425 2100 1594 2156 omnes
1633 2084 1898 2156 facultates
1931 2099 2084 2149 meas,

517 2176 564 2219 et
587 2166 630 2220 si
671 2162 924 2218 tradidero
953 2154 1134 2227 corpus
1163 2163 1404 2227 uicuiuut
1429 2154 1972 2227 ardeam,_charitatem
1990 2169 2090 2227 ριξ-

517 2244 614 2287 tem
649 2251 749 2287 non
794 2221 1051 2294 habuero,"
1074 2226 1199 2278 nihil
1229 2225 1349 2276 mihi
1379 2223 1580 2292 prodest
1608 2221 1628 2290 (
1650 2225 1667 2277 l
1692 2222 1810 2278 Cor.
1841 2224 1957 2294 Xlit,
1988 2224 2023 2278 ὅ
2045 2223 2085 2294 ).

518 2304 586 2358 Et
617 2305 734 2357 ideo
763 2302 883 2371 quia
915 2293 1025 2366 ipsa
1053 2305 1135 2350 est
1160 2310 1281 2348 vera
1304 2295 1538 2371 _char_itas
1560 2307 1889 2371 quieomncs
1916 2293 2086 2371 homi-

517 2390 614 2428 nes
645 2361 843 2440 diligit;
871 2361 956 2438 qui
987 2382 1044 2420 se
1071 2363 1342 2440 cognoscit
1365 2364 1456 2440 ve|_
1476 2379 1637 2440 unum
1674 2363 1938 2416 hominem
1965 2361 2088 2440 o_di_o

519 2431 975 2505 habereft'estiiiet
999 2431 1402 2489 amaritudinem
1433 2432 1569 2486 fellis
1595 2448 1863 2505 evomere,
1893 2441 1949 2505 ut
1974 2431 2090 2505 dul-

516 2502 756 2568 cedinem
785 2511 836 2563 in
863 2524 920 2562 se
945 2505 1216 2562 charitatis
1241 2514 1509 2557 mereatur
1530 2503 1809 2571 excipere:
1833 2502 1951 2570 quia
1975 2503 2090 2558 sine

518 2585 604 2635 illa
637 2597 734 2636 nec
759 2579 1110 2649 jejunia,_nee
1139 2573 1351 2649 vigilim,
1385 2587 1488 2649 nec
1509 2574 1794 2649 orationes,
1823 2585 1922 2649 nec
1950 2572 2089 2649 elec-

518 2641 776 2723 mosynm,
808 2641 906 2723 nec
937 2647 1066 2723 fides
1106 2641 1264 2723 atque
1294 2642 1576 2723 virginitas
1615 2643 1776 2694 ulhnn
1823 2641 2088 2723 hominem

518 2711 773 2790 adju’vare
797 2719 989 2790 valent.
1012 2715 1087 2790 _Et
1113 2714 1233 2790 quid
1274 2712 1340 2765 de
1371 2713 1627 2790 charitate
1669 2711 2089 2790 nosadmpnens

518 2779 806 2860 Apostolus
827 2787 978 2860 dixit,
1002 2783 1064 2836 In
1087 2779 1330 2860 charitate
1349 2783 1562 2834 radicati
1587 2792 1630 2833 et
1659 2782 1853 2860 fundati
1873 2779 2085 2860 {Ephes.

518 2851 598 2924 ni,
629 2861 754 2928 17),
784 2869 838 2913 et
865 2856 1012 2912 radis
1039 2853 1273 2928 omnium
1303 2853 1557 2928 honorum
1585 2851 1668 2906 est
1689 2851 1951 2928 Charitas;
1975 2853 2090 2928 evi-
2123 2894 2132 2902 .

517 2922 833 2984 detulissime
886 2933 1091 2980 constat
1135 2922 1273 2991 quod
1321 2925 1586 2991 quomodo
1641 2922 1889 2990 qumlibet
1931 2924 2090 2977 arbor

520 3001 740 3070 pulchra
779 3006 838 3070 et
864 3009 1091 3070 amoena,
1126 2990 1422 3070 etnlloribus
1449 3007 1510 3046 ac
1525 2990 1791 3070 fructibus
1830 2991 2015 3070 plena,
2041 2993 2090 3070 _si

521 3061 576 3124 in
605 3086 665 3124 ea
702 3068 850 3122 radix
891 3067 1006 3119 viva
1038 3080 1140 3117 non
1174 3061 1352 3122 fuerit,
1397 3063 1567 3114 omnis
1598 3062 1713 3128 ejus
1758 3061 2091 3130 pulchritudo

519 3139 832 3195 marcescit:
865 3139 934 3189 ita
963 3143 1015 3188 et
1043 3133 1263 3202 quilibet
1287 3131 1622 3202 christianus,
1651 3131 1694 3183 si
1724 3132 1926 3202 reliqua
1955 3130 2089 3185 bona

518 3226 678 3280 opera
709 3219 952 3280 tanquam
982 3204 1032 3280 in
1072 3202 1230 3280 ramis
1272 3214 1331 3254 se
1362 3201 1556 3254 habere
1584 3201 1957 3280 monstraverit
1980 3209 2093 3280 ,βτί

519 3269 588 3334 de
617 3279 746 3347 ipsis
793 3269 908 3347 sine
950 3273 1204 3347 charitate
1233 3284 1561 3347 prtesumens
1584 3311 1599 3334 ,
1624 3269 1878 3347 Aradicem
1924 3271 2091 3347 ipsius

525 3338 797 3403 charitatis
823 3345 1023 3398 habere
1054 3341 1303 3408 noluerit,
1331 3341 1445 3394 sine
1474 3341 1592 3394 ullis
1621 3338 1875 3394 fructibus
1898 3338 2091 3397 sterilis

519 3417 833 3473 remanebit.

591 3489 644 3542 5.
686 3485 954 3540 Charitatis
997 3482 1294 3537 encomium.
1329 3480 1460 3535 Vera
1492 3481 1632 3535 enim
1662 3480 1893 3535 charitas
1921 3480 1972 3535 in
2000 3481 2094 3536 ad-

519 3557 858 3612 versitatihus
888 3555 1103 3613 tolerat.
1148 3553 1198 3605 in
1239 3553 1673 3620 prosperitatibus
1717 3560 2008 3618 temperat,
2038 3552 2091 3604 in

519 3629 666 3681 duris
691 3625 1018 3696 passionibus
1046 3621 1222 3696 fortis,
1257 3623 1308 3674 in
1337 3623 1489 3678 bonis
1515 3621 1775 3696 operibus
1788 3621 1970 3696 hilaris
1990 3663 2005 3688 ,
2037 3623 2090 3675 in

523 3691 808 3752 tentatione
838 3695 1093 3749 tutissima
1116 3734 1130 3755 ,
1161 3692 1296 3745 inter
1334 3707 1489 3746 veros
1531 3693 1718 3746 fratres
1745 3691 2046 3746 dulcissima
2072 3732 2088 3756 ,

523 3769 662 3823 inter
683 3767 842 3820 falsos
872 3763 1272 3834 patientissima,
1307 3762 1444 3815 inter
1464 3762 1680 3834 insidias
1710 3761 1981 3825 innocens,
2013 3763 2093 3834 in-

522 3848 603 3892 ter
629 3832 927 3905 iniquitates
950 3847 1188 3905 gemens,
1218 3832 1268 3884 in
1299 3834 1520 3905 veritate
1545 3833 1810 3905 respirans
1829 3849 1844 3896 ;
1866 3840 2010 3905 casta
2038 3832 2088 3884 in

520 3901 758 3963 Susanna
787 3909 837 3958 in
861 3901 1051 3965 virum,
1072 3903 1122 3955 in
1145 3905 1294 3954 Anna
1322 3910 1439 3969 post
1464 3901 1630 3955 virum
1655 3917 1670 3966 ;
1697 3901 1748 3971 in
1765 3901 1925 3954 Maria
1956 3917 2093 3971 pra:-

524 3988 605 4030 ter
632 3982 837 4037 virum;
871 3973 1082 4025 humilis
1106 3973 1156 4025 in
1185 3971 1340 4024 Petro
1363 3971 1427 4023 ad
1457 3970 1828 4034 obediendum,
1855 3970 2015 4024 libera
2038 3971 2091 4025 in

523 4046 687 4102 Paulo
712 4045 776 4099 ad
803 4042 1123 4112 argnendum
1147 4041 1417 4112 ,thmana
1446 4039 1498 4112 in
1516 4039 1834 4112 Christianis
1861 4039 1926 4093 ad
1956 4055 2090 4112 con-

523 4116 808 4180 litendum,
838 4109 1011 4168 divina
1061 4112 1111 4163 in
1151 4110 1362 4180 Christo
1405 4109 1487 4180 add
1515 4109 1910 4178 ignoscendum.
1956 4110 2090 4165 Vera

521 4189 662 4240 enim
684 4178 941 4248 charitas,
975 4180 1164 4234 fratres
1192 4178 1523 4244 charissimi,
1547 4181 1718 4231 anima
1746 4190 1826 4233 est
1855 4181 2088 4234 omniutn

522 4257 910 4325 Seripturarum
931 4295 946 4318 ,
972 4251 1262 4325 prophetia;
1287 4250 1473 4313 virtus,
1504 4250 1754 4325 scientiae
1772 4251 2088 4325 solidanien-

523 4320 664 4392 tum,
699 4326 818 4378 ﬁdei
859 4320 1086 4384 fructus,
1114 4320 1308 4392 divitia:
1353 4334 1663 4392 pauperum,
1708 4321 1811 4372 vita
1859 4321 2090 4392 morien-

523 4388 674 4449 tium.
707 4395 853 4449 lianc
877 4409 1001 4461 crgo
1029 4391 1254 4461 lidelitcr
1278 4392 1499 4461 retinete
1517 4430 1532 4454 ,
1562 4388 1695 4461 hanc
1723 4399 1830 4443 toto
1853 4391 2016 4461 corde
2039 4400 2093 4445 et

522 4476 629 4519 tota
677 4466 835 4518 animi
881 4458 1071 4514 virtute
1117 4460 1351 4527 diligite,
1401 4459 1524 4511 huic
1561 4458 1757 4527 jugiter
1801 4460 2088 4516 adlimrcte.

521 4536 710 4592 Suavis
742 4535 880 4586 enim
919 4541 1001 4584 est
1030 4531 1276 4583 Dominus
1301 4540 1351 4581 et
1380 4529 1521 4583 omni
1549 4529 1824 4582 dulcedine
1863 4529 2088 4584 dulcior.

525 4607 764 4661 Societas
808 4602 971 4672 ipsius
999 4600 1296 4672 non_hahet
1312 4597 1716 4672 amaritudinem
1741 4638 1757 4663 ,
1809 4614 2093 4672 conversa-

525 4677 598 4729 tio
661 4668 841 4743 ipsius'
881 4688 991 4743 non
1041 4670 1198 4724 habet
1267 4669 1492 4743 dolnm._
1526 4668 1581 4723 Si
1637 4670 1777 4743 illam
1824 4670 2093 4743 volueritis

523 4761 590 4800 ex
631 4739 835 4814 integro
871 4741 1030 4814 corde
1075 4751 1287 4801 tenere;
1320 4749 1373 4792 et
1401 4740 1449 4814 in
1479 4739 1578 4793 hoc
1604 4740 1796 4814 satculo
1821 4755 1913 4814 vos
1939 4741 2094 4814 faciet

521 4830 641 4870 cum
684 4809 872 4882 gaudio
905 4813 993 4867 Dei
1023 4819 1283 4882 praecepta
1312 4809 1599 4882 perlicere,
1631 4819 1683 4863 et
1728 4810 1777 4862 in
1822 4811 1992 4882 futuro
2025 4813 2092 4865 ad

526 4880 739 4953 pneuiia
768 4894 964 4938 mterna
991 4880 1460 4953 pervenire._Quod
1494 4880 1604 4947 ipse
1633 4888 1883 4953 praestare
1911 4880 2094 4949 digne-

525 4950 629 5016 tur,
658 4954 745 5022 qui
770 4969 888 5007 cum
919 4953 1076 5006 Patre
1103 4959 1157 5004 et
1171 4950 1366 5018 Spiritu
1401 4960 1585 5003 sancto
1613 4950 1735 5002 vivit
1762 4958 1816 5004 et
1836 4962 2019 5021 regnat
2040 4952 2091 5007 in

525 5023 718 5078 satcula
743 5023 1076 5078 saeculorum.
1111 5025 1298 5073 Amen.

968 5109 1195 5166 sanae
1231 5108 1457 5166 CCLXX
1529 5109 1627 5182 (a).

524 5210 595 5255 De
610 5201 869 5253 dilectione
891 5201 1206 5264 eharitatiset
1224 5201 1332 5251 odio
1350 5200 1647 5263 cupiditatis;
1668 5206 1727 5264 et
1745 5201 1874 5264 quod
1888 5213 2098 5264 regnum

584 5265 816 5316 calorum
839 5276 933 5313 non
955 5260 1109 5312 solum
1123 5263 1311 5312 duobus
1334 5260 1554 5321 minutis,
1591 5263 1677 5312 sed
1701 5260 1844 5312 etiam
1865 5260 1991 5312 bon'a
2015 5277 2099 5312 vo-

586 5324 892 5448 )emi
915 5328 1094 5388 possit;
1132 5331 1185 5374 et
1213 5324 1278 5374 de
1302 5325 1609 5374 tribulatione
1651 5337 1848 5374 uvarum
1873 5333 1924 5374 et
1949 5325 2100 5374 oliva-

603 5471 659 5526 Ι.
694 5468 923 5524 Charitas
951 5477 998 5522 et
1020 5467 1270 5538 cupiditas
1298 5468 1448 5523 simul
1474 5485 1580 5523 esse
1607 5479 1872 5539 nequeunt.
1908 5467 2103 5524 Beatus

737 5583 804 5604 :Aa
845 5580 876 5604 ο
899 5593 959 5604 Α-
989 5580 1198 5604 ..Μιῖίῖῗι-
1221 5580 1250 5604 ,Ξ

607 5583 659 5644 a)
685 5579 822 5640 Alias,
845 5580 876 5630 8
897 5593 959 5631 ex
989 5579 1200 5629 Homiliis
1219 5579 1296 5629 50.

555 5582 662 5757 ἐξ)
687 5651 737 5692 tn
762 5643 1035 5712 Appendice
1060 5655 1188 5712 nunc
1210 5645 1413 5712 Iiriunnn
1430 5641 1711 5712 collocatur.
1725 5643 2106 5693 loveniensihus

637 5709 794 5757 unus.
831 5717 1022 5757 spurius
1036 5703 1226 5754 νει-ιιηο
1245 5711 1296 5754 et
1312 5702 1542 5757 vitulinae
1561 5715 1680 5756 erat.
1706 5715 1873 5756 auctor
1888 5716 2103 5757 aususn-

525 5702 811 5769 ambiguus,‘
831 5702 1022 5768 spurius
1036 5703 1226 5754 Vestino
1245 5711 1296 5754 et
1312 5702 1542 5768 \‘indingo
1561 5715 1680 5756 erat.
1706 5715 1873 5756 auctor
1888 5716 2103 5768 augusti-

1947 288 2309 350 APPENDIX.

3643 291 3806 348 ω

2191 405 2462 475 apostolus
2489 402 2680 459 Paulus
2702 447 2716 466 .
2750 403 2942 459 fratres
2983 402 3312 467 charissimi,
3345 420 3402 459 ut
3441 403 3598 459 nobis
3643 421 3807 460 vet-:2

2191 492 2254 530 ac
2283 475 2526 544 perfecta:
2550 475 2820 530 eharitatis
2841 475 3172 528 dulcedinem
3194 475 3619 536 commendaret,
3646 491 3806 528 ama-

2191 547 2473 600 ritudinem
2517 545 2814 613 cupiditatis
2863 545 3015 614 nobis
3061 546 3339 611 exposuit:
3375 554 3429 598 et
3457 545 3605 598 velut
3634 545 3761 614 peri

2197 617 2433 669 tissimus
2471 629 2533 668 ac
2575 614 2858 683 spiritualis
2901 613 3167 677 medicus,
3195 615 3318 681 quid
3352 614 3538 682 fugere
3567 613 3802 682 etquid

2193 696 2440 756 expetere
2467 683 2783 756 debeamus.
2814 684 3077 756 ostendit.
3097 683 3161 736 Et
3189 686 3306 756 quia
3351 685 3501 756 radix
3531 685 3800 739 omnium

2193 754 2452 809 malorum
2481 763 2562 807 est
2583 754 2863 820 cupiditas,
2889 763 2944 808 et
2973 754 3116 806 radix
3143 755 3376 808 omnium
3399 755 3673 809 bonorum
3703 765 3799 809 est

2191 824 2440 889 charitas,
2465 833 2519 878 et
2547 823 2699 877 simul
2731 823 2901 876 amba:
2945 838 3062 876 esse
3096 837 3200 876 non
3245 835 3494 890 possunt;
3528 825 3632 878 nisi
3679 839 3798 877 una

2194 895 2448 948 radicitus
2473 892 2862 964 evulsafuerit,
2893 893 2992 945 alia
3018 893 3241 964 plantari
3270 910 3373 964 non
3403 895 3616 961 poterit.
3651 895 3798 948 Sine

2191 979 2349 1018 causa
2372 977 2500 1031 ergo
2519 963 2709 1031 aliquis
2734 973 2952 1016 conatur
2981 979 3157 1016 ramos
3187 963 3441 1024 incidere,
3465 965 3508 1015 si
3539 965 3795 1018 radicem

2193 1050 2296 1085 non
2327 1032 2595 1088 Contendit
2617 1033 2870 1087 evellere.
2909 1033 2999 1086 Sic
3027 1032 3165 1085 enim
3190 1032 3326 1086 idem
3349 1034 3422 1086 ait
3447 1035 3735 1101 apostolus
3771 1050 3789 1086 :

2194 1103 2364 1156 Radix
2383 1103 2603 1155 omnium
2629 1102 2875 1155 malorum
2904 1112 2974 1174 est
2995 1102 3265 1169 cupiditas,
3286 1119 3437 1172 quam
3451 1105 3664 1174 quidam
3681 1121 3793 1168 apo

2193 1181 2407 1242 petentes
2427 1175 2850 1242 naufragaveruitt
2879 1188 2907 1222 a
2930 1173 3056 1242 ﬁde,
3080 1181 3126 1225 et
3154 1175 3469 1225 inseruerunt
3498 1190 3553 1226 se
3579 1173 3761 1226 dolori
3771 1202 3796 1215 ο

2193 1241 2285 1296 bus
2305 1242 2473 1296 multis
2495 1257 2517 1312 :7
2537 1251 2590 1293 tu
2617 1241 2816 1312 autem,
2846 1241 2994 1312 homo
3027 1241 3121 1295 Dei
3133 1242 3281 1312 ,htec
3310 1246 3446 1312 fuge.
3479 1243 3789 1298 Audiamus

2191 1328 2318 1379 ergo
2359 1311 2634 1365 consilium
2685 1311 2856 1374 illius,
2891 1311 2941 1362 in
2981 1328 3086 1378 quo
3112 1311 3348 1365 Christus
3389 1313 3649 1366 Dominus
3696 1314 3790 1366 lo-

2192 1383 2450 1449 quebatur
2475 1400 2485 1432 :
2510 1392 2565 1435 et
2583 1391 2833 1450 quantum
2855 1395 3153 1448 possumus,
3184 1381 3489 1435 studeamus
3507 1384 3750 1436 amaritu
3764 1413 3788 1423 ο

2191 1451 2368 1505 dinem
2399 1450 2630 1504 avaritiae
2667 1450 2878 1519 fugere,
2909 1451 2952 1504 si
2985 1450 3230 1505 volumus
3254 1452 3320 1505 ad
3349 1452 3624 1506 charitatis
3651 1454 3790 1507 dul—

2139 1549 2147 1560 -
2192 1522 2430 1576 cedinem
2461 1522 2757 1587 pervenire.

2261 1591 2315 1644 2.
2356 1590 2510 1642 Diviti
2546 1592 2666 1662 quid
2703 1590 2953 1659 agendum
2995 1591 3056 1642 de
3091 1590 3431 1662 divitiis‘suis.
3466 1591 3789 1645 Patrimonii

2191 1670 2514 1730 augmentum
2535 1660 2720 1730 injuste
2743 1670 2964 1729 optatur.
2997 1661 3100 1714 Sed
3131 1660 3343 1730 quando
3371 1660 3438 1714 de
3458 1672 3784 1730 contemptu

2191 1731 2490 1783 divitiarum
2536 1730 2818 1799 loquimur,
2851 1730 3138 1798 respondet
3185 1730 3313 1783 mihi
3344 1730 3534 1800 aliquis
3570 1732 3732 1786 dives
3764 1749 3782 1784 :

2193 1801 2359 1854 Didici
2387 1815 2491 1853 non
2521 1815 2737 1867 sperare
2765 1801 2816 1852 in
2848 1801 3050 1854 incerto
3092 1800 3390 1854 divitiarum
3413 1841 3426 1862 ,
3467 1802 3591 1856 nolo
3615 1802 3787 1857 dives

2190 1883 2436 1940 esse,ne
2473 1869 2698 1923 incidam
2729 1869 2784 1940 in
2808 1871 3178 1940 tentationem;
3207 1871 3298 1924 sed
3327 1872 3448 1939 quia
3473 1871 3582 1940 jam
3612 1887 3741 1926 sum
3761 1911 3782 1936 .

2190 1939 2313 2008 quid
2345 1937 2572 1992 facturus
2599 1954 2714 1992 sum
2757 1939 2825 1992 de
2861 1940 2942 1993 his
2970 1955 3088 2008 (pia:
3115 1939 3313 2008 habere
3340 1937 3488 1994 inihi'
3493 1943 3602 2008 jam
3632 1957 3782 1996 con-

2194 2007 2341 2076 tigit?
2371 2008 2618 2074 Sequitur
2643 2009 2927 2075 Apostolus
2945 2051 2959 2069 ,
2994 2007 3170 2062 Facile
3205 2009 3457 2074 tribuant,
3484 2007 3781 2065 conumtnio

2191 2090 2299 2149 cunt
2330 2079 2372 2147 (I
2403 2076 2534 2131 Tim.
2565 2093 2650 2143 v1,
2679 2079 2768 2142 10,
2793 2081 2888 2149 il,
2917 2079 3029 2149 18).
3059 2078 3192 2145 Quid
3209 2089 3312 2134 .est
3335 2081 3784 2135 communicare?

2192 2147 2538 2219 Qommunem
2562 2163 2672 2200 rem
2697 2158 2838 2201 tuam
2870 2147 3043 2202 lacere
3067 2163 3186 2202 cum
3219 2149 3311 2203 illo
3336 2149 3425 2219 qui
3452 2167 3554 2204 non
3587 2152 3779 2206 habet.

2191 2216 2243 2288 Si
2273 2233 2400 2286 ergo
2427 2219 2816 2272 communicare
2839 2219 3097 2288 coeperis,
3129 2232 3231 2272 non
3261 2216 3369 2273 eris
3395 2220 3482 2275 ille
3507 2221 3690 2288 przedo
3721 2232 3784 2276 et

2193 2287 2280 2370 il_l_e
2307 2295 2506 2367 raptor,
2534 2289 2624 2370 qui
2666 2287 2980 2370 necessariis
3012 2303 3301 2370 pauperum
3330 2287 3574 2370 tanquam
3605 2291 3782 2346 rebus

2189 2357 2381 2411 alienis
2409 2356 2639 2410 incubat.
2667 2355 2876 2411 Etenim
2911 2355 3246 2412 communem
3278 2355 3446 2413 fecisti
3484 2376 3595 2413 rem
3624 2371 3779 2414 tuam

2191 2441 2314 2502 cum
2359 2425 2442 2481 his
2489 2427 2576 2494 qui
2621 2441 2723 2481 non
2771 2427 2999 2495 habent,
3025 2435 3080 2502 et
3117 2428 3640 2502 amplius_pr:estas,
3679 2433 3779 2502 qui

2191 2497 2352 2550 etiam
2384 2505 2705 2569 pra-rogator
2729 2513 3017 2569 pauperum
3048 2499 3216 2553 lactus
3235 2515 3312 2552 es.
3336 2499 3412 2552 Tu
3441 2497 3776 2569 aliquantam

2193 2580 2373 2640 curam
2404 2565 2566 2640 geris,
2595 2577 2654 2620 ut
2675 2565 2743 2640 ad
2779 2565 3024 2640 scaurum
3053 2583 3344 2640 pauperem
3377 2565 3544 2624 victus
3577 2587 3779 2639 perve-

2192 2635 2322 2708 niat,
2353 2635 2482 2708 etin
2511 2635 2613 2708 hoc
2633 2635 3344 2708 misericordiam'prterogas
3367 2657 3379 2689 :
3405 2651 3458 2694 et
3485 2635 3775 2708 propterea

2191 2705 2364 2760 defert
2392 2705 2483 2760 tibi
2514 2706 2649 2759 Deus
2674 2706 2950 2773 honorem,
2975 2717 3030 2761 et
3056 2705 3206 2775 quasi
3236 2705 3324 2761 tibi
3355 2705 3498 2772 dicit,
3523 2705 3680 2764 Prior
3704 2714 3778 2766 de

2192 2791 2252 2830 re
2277 2777 2544 2831 communi
2573 2777 2696 2830 tolle
2725 2776 2864 2845 quod
2907 2777 3105 2831 sufiieit
3145 2780 3547 2836 necessitatibus
3576 2782 3778 2838 domus

2191 2854 2334 2918 tute;
2362 2846 2503 2918 quod
2529 2847 2786 2918 reliquum
2813 2857 2897 2918 est
2915 2889 2930 2909 ,
2954 2849 3019 2902 da
3045 2845 3280 2902 Christo.
3311 2848 3444 2903 Para
3473 2859 3524 2904 te
3545 2851 3774 2918 audire,

2206 2913 2398 2990 Venite,
2421 2913 2663 2968 benedicti
2678 2916 2869 2990 Patris
2896 2919 3012 2982 mei,
3031 2919 3277 2990 percipite
3295 2936 3504 2990 regnum
3528 2922 3663 2989 quod
3686 2913 3778 2976 eo;

2189 2985 2268 3041 bis
2291 2995 2523 3054 paratum
2549 2995 2618 3039 est
2638 2986 2698 3039 ab
2719 2987 2862 3039 initio
2883 2988 3057 3041 mundi
3078 3003 3096 3041 .'
3121 2985 3302 3040 esitrivi
3319 2985 3467 3055 enim,
3493 2985 3778 3048 et'dcdistis

2191 3058 2317 3127 mihi
2338 3056 2642 3127 manducare
2659 3056 2866 3127 (Matth.
2889 3073 3014 3119 xxv,
3036 3058 3124 3123 δι,
3149 3059 3238 3127 55)
3250 3097 3263 3110 .
3283 3057 3441 3115 Forte
3459 3069 3777 3121 contemne-

2193 3126 2288 3207 has
2329 3126 2527 3207 nescio.
2555 3126 2711 3207 quem
2760 3143 3041 3207 pauperem
3083 3137 3172 3207 aut
3208 3126 3470 3207 egenum:
3499 3131 3605 3184 noli
3635 3147 3775 3187 con-

2195 3205 2434 3251 temnere
2470 3195 2737 3270 _Christnm
2768 3195 2987 3270 incestu
3014 3195 3287 3252 sedentem
3307 3241 3323 3264 ,
3354 3199 3406 3253 in
3437 3209 3575 3254 terra
3601 3217 3775 3270 egen-

2195 3275 2335 3332 tem;
2367 3267 2542 3341 veniet
2569 3280 2686 3320 cum
2715 3267 3081 3341 retributione,
3107 3277 3157 3320 et
3187 3271 3288 3322 vita
3315 3279 3544 3336 mter-na,
3567 3281 3622 3325 et
3640 3267 3777 3341 igne

2193 3345 2413 3409 aeterno.
2434 3336 2692 3409 Ποσει-ευ
2711 3339 2949 3409 cogitans
2969 3349 3123 3409 potes
3137 3353 3270 3409 cum
3292 3341 3464 3408 aliqua
3492 3355 3587 3409 spe
3607 3336 3774 3397 etiam

2193 3405 2341 3460 dives
2369 3421 2506 3460 esse.
2539 3405 2596 3460 Si
2619 3405 2796 3459 autem
2823 3405 2996 3460 adhuc
3022 3407 3098 3460 vis
3126 3406 3239 3463 ﬁeri
3269 3405 3447 3471 dives,
3476 3405 3656 3465 etnon
3685 3429 3779 3467 so-

2193 3476 2301 3551 lum
2349 3490 2575 3551 eaquae
2616 3476 2881 3551 superflua
2911 3477 3000 3529 tibi
3034 3477 3246 3551 jacent,
3280 3496 3382 3532 non
3418 3480 3498 3534 vis
3544 3496 3775 3551 erogare

2195 3546 2568 3618 indigentibus,
2590 3546 2681 3618 sed
2705 3547 2862 3618 etiam
2879 3562 3072 3616 augere
3093 3547 3168 3600 vis
3191 3551 3564 3618 patrimonium
3589 3546 3773 3616 tuitui;

2195 3616 2331 3686 forte
2352 3625 2405 3670 et
2429 3615 2496 3668 de
2512 3615 2708 3686 rapinis
2738 3615 2966 3686 aliquam
2992 3631 3139 3684 spem
3171 3615 3351 3673 habes.
3376 3619 3484 3672 Nisi
3508 3621 3644 3675 forte
3670 3615 3778 3676 hoe

2195 3685 2340 3760 dicas
2365 3685 2510 3760 :_Scit
2539 3685 2675 3738 Deus
2702 3685 2956 3760 quianon
2973 3686 3051 3760 _de
3077 3688 3279 3760 rapinis
3311 3689 3429 3760 volo
3451 3705 3647 3760 augere
3674 3708 3776 3760 pa-

2195 3756 2717 3826 trin‘ioniumimeum.
2748 3754 2895 3810 Unde
2935 3756 3018 3808 vis
3051 3759 3284 3826 augere?
3314 3754 3571 3813 Emendo.
3615 3754 3777 3815 Inito-

2195 3839 2323 3879 cens
2350 3826 2440 3879 tibi
2470 3825 2694 3900 videris,
2723 3827 2856 3900 _quia
2901 3825 3138 3900 eluendo
3172 3829 3520 3900 visidaugere?
3566 3831 3774 3900 Rapina

2194 3911 2301 3966 non
2325 3910 2386 3966 es
2414 3895 2613 3956 malus,
2646 3893 2739 3948 sed
2760 3904 2892 3966 voto
2923 3895 3092 3950 malus
3117 3911 3197 3950 es.
3232 3898 3289 3951 Si
3327 3893 3444 3966 quis
3474 3901 3564 3953 tibi
3593 3893 3773 3966 dicat,

2198 3965 2380 4019 Vende
2405 3979 2491 4019 res
2517 3973 2662 4027 tuas;
2690 3965 3041 4029 exhorrescis,
3071 3965 3399 4035 expavescis.
3430 3965 3774 4027 maledictum

2197 4046 2366 4103 putas.
2395 4035 2538 4107 Cum
2573 4049 2702 4107 ergo
2741 4050 2918 4107 emere
2953 4035 3132 4103 cupis,
3165 4053 3339 4092 nonne
3365 4039 3468 4092 hoc
3492 4051 3678 4107 optas,
3717 4053 3776 4097 ut

2196 4119 2282 4179 res
2303 4119 2433 4179 suas
2455 4103 2541 4156 alii
2568 4105 2834 4179 vendant?
2858 4105 3005 4179 Nam
3029 4108 3295 4173 quomodo
3325 4103 3768 4179 poteris-emere,

2195 4175 2238 4228 si
2269 4175 2400 4226 alius
2429 4188 2530 4227 non
2553 4175 2854 4243 compulsus
2882 4176 3034 4228 luerit
3059 4175 3396 4231 venundare?

2265 4243 2510 4319 5._Min_or
2534 4245 2600 4296 ad
2638 4245 2819 4319 bonum
2847 4261 2994 4319 quam
3024 4246 3090 4297 ad
3121 4249 3306 4300 malum
3336 4249 3496 4319 labor.
3538 4249 3775 4319 Pretium

2195 4315 2342 4386 regni
2359 4313 2616 4386 malorum.
2650 4312 2890 4386 Omnibus
2915 4317 2967 4367 in
2995 4326 3227 4386 promptu
3254 4327 3344 4372 est.
3378 4317 3520 4372 Bona
3539 4312 3776 4376 voluntas

2195 4384 2532 4456 estcharitas.
2556 4384 2621 4436 Et
2652 4386 2750 4456 hoc
2769 4384 2944 4438 videte
2961 4424 2976 4449 ,
3003 4384 3190 4439 l'ratres
3209 4428 3224 4451 ,
3263 4400 3516 4456 quantum
3567 4391 3779 4447 laboret

2197 4455 2285 4526 qui
2319 4454 2616 4526 exspoliare
2644 4454 2754 4507 vult
2780 4456 3056 4526 vestitum:
3086 4465 3140 4509 et
3163 4454 3318 4526 quam
3349 4461 3466 4512 sine
3491 4460 3673 4515 labore
3702 4465 3779 4517 sit

2197 4523 2286 4597 ille
2305 4529 2398 4597 qui
2419 4525 2611 4597 vestire
2639 4526 2749 4597 vult
2779 4525 2995 4597 nudum.
3023 4526 3078 4578 Si
3101 4523 3246 4597 enim
3275 4527 3452 4591 habet,
3483 4530 3688 4597 profert
3714 4543 3771 4587 et

2196 4591 2400 4657 dat;'si
2445 4609 2548 4646 non
2595 4591 2786 4660 habet,
2831 4595 3020 4648 sullicit
3063 4596 3110 4649 ei
3157 4612 3333 4651 coram
3378 4591 3498 4653 Deo
3527 4603 3778 4658 voluntas

2197 4663 2354 4736 bona.
2386 4663 2524 4736 Ecce
2551 4678 2654 4736 non
2686 4664 2890 4718 laborat
2919 4665 2960 4718 si
2991 4665 3149 4718 habet
3174 4685 3187 4718 :
3217 4669 3262 4721 si
3290 4683 3414 4722 vero
3443 4686 3546 4722 non
3577 4670 3774 4736 habet;

2197 4734 2318 4801 quia
2345 4733 2485 4805 quod
2511 4733 2663 4805 valde
2688 4736 3042 4805 necessarium
3069 4744 3153 4789 est
3177 4736 3355 4802 habet,
3385 4755 3584 4805 pauper
3609 4753 3692 4795 est
3721 4733 3776 4796 in

2198 4818 2320 4856 arca
2340 4802 2477 4877 ,sed
2502 4803 2650 4877 dives
2675 4814 2756 4857 est
2791 4804 2842 4877 in
2872 4807 3192 4859 conscientia
3215 4825 3228 4870 ;
3263 4802 3461 4877 pauper
3487 4802 3570 4863 est
3595 4811 3649 4864 in
3679 4813 3779 4866 do-

2199 4888 2308 4945 mo,
2357 4873 2449 4945 sed
2498 4873 2645 4926 dives
2674 4883 2772 4945 est
2817 4875 2867 4927 in
2913 4877 3110 4928 animo.
3141 4878 3221 4930 An
3251 4873 3382 4933 forte
3408 4880 3539 4932 nihil
3573 4882 3739 4936 habes
3759 4924 3774 4945 ,

2199 4944 2320 5013 quia
2365 4943 2556 4998 bonam
2601 4943 2923 4998 voluntatem
2955 4946 3152 5000 habes?
3195 4949 3330 5002 Audi
3377 4959 3499 5003 nato
3543 4943 3774 5009 Domino

2199 5110 2316 5163 num
2346 5096 2556 5163 imitatur
2587 5099 2922 5163 antiexsu'ihit
2943 5113 2957 5149 :
2981 5100 3200 5163 quaedam
3229 5114 3348 5152 vero
3381 5104 3683 5158 intermiscet
3715 5112 3781 5160 ab

2201 5160 2307 5221 ipso
2321 5158 2496 5228 aliena,
2513 5158 2658 5228 quale
2675 5159 2790 5228 illud
2797 5169 2879 5228 est
2900 5163 2964 5210 de
2983 5158 3217 5228 charitate
3241 5171 3292 5228 et
3311 5166 3574 5228 cupiditate
3593 5158 3780 5221 dictum

2202 5233 2337 5291 num.
2363 5223 2456 5291 1,}
2479 5221 2574 5291 nisi
2592 5233 2688 5291 una
2708 5222 3118 5291 radicitusevulsa
3139 5224 3302 5291 fuerit,
3325 5221 3419 5276 alia
3453 5228 3656 5291 plantari
3683 5247 3781 5282 non

2211 5297 2236 5327 ι
2258 5282 2507 5347 poteritp
2533 5288 2585 5347 et
2621 5282 2716 5332 iste
2738 5281 2965 5346 loquendi
2998 5284 3167 5347 modus
3205 5281 3402 5347 ibidem,
3444 5281 3470 5335 ἱ
3501 5292 3612 5340 sine
3635 5281 3781 5343 causa

2213 5317 2236 5327 -
2259 5317 2437 5344 μην...
2487 5317 2505 5326 -
2533 5317 2585 5330 ν.
2621 5317 2716 5332 ..ην
2738 5317 2965 5346 aqum-ul
2998 5317 3167 5334 ιι-νυιιο
3205 5317 3402 5347 autumn,
3444 5317 3467 5335 ι
3501 5317 3612 5340 mut:
3635 5317 3781 5343 caua

2213 5359 2237 5387 ι
2260 5355 2380 5414 ergo
2410 5317 2806 5414 afiquis_eonatur
2837 5357 2994 5414 ramos
3022 5345 3264 5414 incidere;
3296 5365 3320 5394 ι
3350 5358 3401 5400 et
3433 5364 3568 5401 num.
3592 5354 3641 5413 5,
3672 5373 3693 5399 ι
3729 5365 3782 5404 ut

2215 5403 2425 5476 :_vinum
2444 5403 2509 5476 _et
2550 5403 2714 5474 oleum
2755 5413 3018 5476 reponatur
3050 5407 3099 5476 in
3129 5403 3390 5476 canavanga
3419 5426 3531 5476 gnte
3554 5403 3704 5464 verba
3730 5403 3783 5466 et

2208 5465 2411 5527 phrases
2439 5466 2626 5527 ca-sarii
2655 5476 2767 5527 esse
2806 5465 2871 5514 ex
2901 5465 3009 5517 aliis
3039 5469 3146 5526 ejus
3181 5469 3388 5520 homiliis
3406 5465 3676 5526 didicimus.
3712 5484 3783 5527 De

2210 5525 2342 5596 dum.
2370 5527 2393 5575 i
2416 5525 2526 5596 vide
2562 5526 2848 5596 Appendicis
2859 5541 3009 5596 scrin.
3166 5545 3236 5596 _n.
3263 5533 3284 5580 t
3307 5533 3403 5596 :de
3414 5548 3545 5583 num.
3561 5537 3611 5596 5,
3627 5525 3780 5588 Serm;

2212 5585 2321 5654 iis,
2346 5600 2396 5635 ιι.
2404 5585 2472 5654 _2;
2503 5585 2920 5654 iumentum.
2941 5585 3240 5654 iuratae,
3267 5607 3317 5642 n.
3353 5595 3434 5654 ιδ,
3482 5606 3535 5647 et
3567 5585 3782 5650 iussi;

2215 5648 2322 5701 tit.
2339 5649 2436 5721 n55
2460 5659 2472 5696 :
2495 5647 2559 5717 de
2577 5647 2712 5722 num.
2735 5649 2785 5710 δ,
2809 5651 3059 5714 Attgttstini
3079 5647 3241 5704 enarr'.
3263 5655 3314 5705 in
3337 5647 3450 5706 Psai.
3473 5660 3554 5719 83,
3581 5661 3669 5710 n.t
3691 5647 3783 5724 5;:

2215 5717 2398 5758 Casam
2426 5708 2593 5758 bomd.
2615 5708 2691 5758 oi.

2212 5713 2398 5760 uesani
2426 5710 2568 5758 homil
2579 5743 2593 5756 .
2615 5710 2691 5758 32.
