3996 6486
177 353 208 408 Ξ

215 353 260 406 ΞΣ

255 352 317 403 35

644 477 768 531 SER
779 477 868 532 MU
913 477 1182 532 CCLXXII

626 573 694 616 De
716 567 975 630 diligendis
996 568 1219 628 inimicis,
1243 567 1364 632 ιω).

268 655 318 706 1.
365 650 444 725 1ηΔ
457 650 739 725 Scripturis
768 662 814 704 et
839 660 1130 725 ornamenta
1157 654 1294 725 sanis
1322 663 1367 725 et
1390 652 1540 725 aegris
1560 655 1776 710 met-lica-

199 733 386 776 meuta.
423 721 838 774 Medicamentum
870 722 1198 790 prcccipuum,
1222 721 1540 776 inimicorum
1555 725 1776 780 dilectio.

201 809 252 844 ιιι
283 792 874 863 divinisvoluminibus,
901 791 1089 846 fratres
1117 791 1437 858 charissinii,
1467 795 1536 848 ita
1563 795 1750 863 dispeu

197 863 328 916 sarit
347 861 574 930 Spiritus
601 871 835 932 sanctus,
861 871 917 916 ut
940 871 994 915 et
1014 863 1158 932 sanis
1178 872 1510 928 ornamenta,
1533 873 1586 916 et
1607 861 1776 932 aegro-

197 933 264 986 tis
293 932 582 1001 spiritualia
603 931 982 986 medicamenta
1007 931 1198 987 deesse
1228 948 1330 986 non
1363 934 1584 1001 possint.
1608 931 1776 1000 Quam

199 1017 309 1056 rem
327 1017 444 1070 ego,
471 1003 696 1056 Domino
715 1001 968 1068 donante,
991 1016 1336 1069 cognoscens,
1361 1004 1572 1058 unicum
1588 1019 1650 1056 ac
1670 1005 1778 1058 sin-

198 1072 384 1142 gulare
412 1073 708 1125 animarum
731 1072 1045 1142 remedium,
1072 1081 1318 1140 tanquam
1345 1073 1616 1140 spirituale
1643 1076 1778 1128 anti-

198 1141 380 1196 dotum
410 1142 584 1195 studui
609 1142 911 1212 providere.
937 1141 1170 1212 Primum
1195 1157 1256 1196 ac
1289 1142 1576 1210 principale
1607 1144 1776 1197 Inedi-

197 1221 498 1266 camentum
524 1211 819 1266 cst’anima:
840 1211 1135 1276 aegrotanti,
1157 1212 1226 1264 ita
1247 1213 1520 1267 cliaritatis
1537 1213 1778 1268 dulcedi-

201 1297 320 1335 nem
343 1283 591 1346 retinere,
620 1292 677 1334 ut
705 1296 808 1334 non
836 1283 1006 1333 solum
1033 1281 1234 1334 amicos
1253 1323 1267 1346 ,
1298 1281 1390 1335 sed
1413 1283 1572 1336 etiam
1601 1284 1778 1337 inimi»

197 1367 290 1406 cos
317 1353 442 1406 velit
481 1359 591 1422 toto
617 1352 778 1404 corde
809 1351 1025 1422 diligere
1049 1359 1303 1422 :dpmptcr
1329 1352 1454 1405 illud
1483 1353 1620 1422 quod
1647 1355 1781 1408 scri-

200 1431 346 1489 ptum
364 1431 464 1485 est,
487 1421 546 1475 Si
568 1422 852 1474 dimiseritis
879 1420 1160 1472 hominibus
1176 1432 1378 1490 peccata
1396 1420 1590 1484 eorum,
1610 1423 1780 1476 dimit-

199 1493 428 1564 tetvohis
455 1490 611 1544 Pater
637 1501 795 1544 vester
824 1492 1034 1564 cazlestis
1059 1501 1258 1564 peccata
1287 1501 1444 1544 vestra
1467 1491 1677 1564 (Matth.
1703 1509 1776 1559 vr,

203 1561 314 1632 l-l).
341 1562 412 1617 Ut
435 1577 562 1630 ergo
591 1571 696 1614 tam
730 1562 1033 1632 praeclaram
1063 1560 1399 1632 dilectionem
1439 1560 1494 1616 et
1531 1565 1782 1617 memori-

201 1630 284 1684 ter
317 1641 516 1697 tcnere,
539 1641 594 1686 et
617 1631 878 1703 operibus
897 1631 1130 1703 possitis,
1155 1630 1267 1703 Deo
1291 1633 1598 1696 auxiliante,
1626 1635 1782 1703 perli-

199 1716 358 1766 cere;
393 1716 556 1770 pauca
595 1701 822 1770 capitula
849 1700 916 1754 de
942 1701 1229 1768 Scripturis
1270 1703 1468 1755 sanctis
1506 1700 1778 1771 excerpsi-

201 1787 462 1840 mus,qu:e
479 1773 838 1840 unusquisque
853 1772 895 1826 si
917 1787 1018 1823 non
1035 1771 1384 1834 discutiendo,
1401 1772 1492 1826 sed
1511 1773 1778 1828 credendo

199 1839 515 1911 susceperit,
539 1850 592 1896 et
619 1839 952 1909 peccaturum
983 1855 1199 1894 suorum
1231 1839 1607 1911 indulgentiam
1635 1845 1778 1898 acci-

201 1913 330 1983 piet,
358 1921 412 1966 et
440 1913 504 1964 ad
545 1919 758 1966 interna:
797 1913 916 1965 vitae
949 1911 1331 1966 beatitudinem
1360 1913 1472 1967 Deo
1493 1914 1778 1968 auxiliante

207 1983 490 2050 perveniet.

271 2052 326 2106 9..
361 2051 510 2104 lIanc
534 2052 729 2105 coluere
753 2051 942 2114 sancti,
964 2049 1179 2120 Joseph,
1211 2049 1430 2121 Moyses,
1450 2049 1571 2106 Iob.
1595 2051 1650 2106 In
1672 2052 1780 2121 pri-

203 2119 304 2175 mis
325 2122 706 2176 consideranda
730 2131 810 2176 est
835 2131 890 2175 et
913 2123 1036 2174 totis
1055 2119 1254 2175 viribus
1277 2119 1528 2175 imitanda
1551 2119 1778 2192 benigna

201 2193 362 2245 etiam
392 2207 516 2262 erga
555 2193 798 2246 inimicos
834 2192 1168 2260 antiquorum
1198 2201 1499 2245 sanctorum
1526 2193 1777 2248 charitas.

204 2263 334 2315 Nam
379 2261 564 2316 beatus
599 2262 794 2331 Joseph
833 2275 929 2332 pro
961 2262 1224 2329 parricidii
1253 2261 1476 2317 crimine
1517 2263 1694 2332 impiis
1728 2272 1784 2317 et

205 2333 432 2386 inimicis
477 2332 727 2386 fratribus
769 2333 880 2386 suis
927 2347 1030 2386 non
1077 2331 1184 2385 odii
1233 2331 1661 2398 amaritudinem,
1686 2333 1781 2388 sed

203 2403 478 2456 charitatis
539 2401 872 2456 dulcedinem
936 2404 1378 2470 recompensavit.
1433 2402 1782 2457 Oseulabatur

204 2475 350 2526 enim
379 2472 632 2542 singulos,
663 2483 712 2524 et
749 2487 840 2540 per
866 2471 1100 2542 singulos
1127 2471 1304 2525 flebat.
1328 2471 1531 2539 Quibus
1559 2489 1662 2528 non
1689 2487 1780 2527 so-

207 2543 316 2596 Ιιιιιι
367 2541 494 2596 nihil
541 2543 664 2595 mali
707 2541 1004 2608 rependens
1033 2544 1072 2608 ί,
1101 2541 1194 2596 sed
1235 2542 1394 2595 etiam
1437 2543 1614 2598 omnia
1643 2543 1781 2596 bona

207 2613 528 2678 retribuens,
571 2623 675 2664 tam
709 2613 841 2683 ivivo
885 2628 1040 2683 quam
1085 2621 1296 2666 mortuo
1339 2622 1486 2680 patre
1527 2627 1783 2683 germano

205 2699 421 2754 semper
465 2697 646 2736 amore
689 2682 892 2754 dilexit.
935 2682 1126 2754 Beatus
1163 2696 1374 2752 quoque
1406 2682 1620 2754 Moyses
1661 2699 1780 2738 cum

205 2753 516 2821 frequenter
543 2767 662 2806 eum
689 2753 914 2822 populus
943 2753 1156 2806 rebellis
1195 2767 1300 2806 non
1339 2753 1510 2807 solum
1541 2763 1784 2808 contem-

209 2839 358 2888 nere,
384 2823 478 2876 sed
519 2824 676 2876 etiam
719 2823 949 2891 lapidare
973 2823 1246 2888 voluisset,
1281 2823 1474 2879 divinae
1510 2824 1785 2880 charitatis

209 2907 416 2946 memor
442 2894 510 2946 ita
541 2907 640 2963 pro
669 2892 774 2946 illis
801 2893 1022 2946 Doinino
1051 2892 1399 2961 supplicabat,
1432 2905 1486 2948 ut
1529 2895 1784 2948 clamaret

207 2971 264 3016 ct
297 2963 518 3034 diceret,
555 2963 616 3016 Si
651 2979 752 3015 non
790 2963 1050 3034 dimiseris
1065 2973 1326 3034 peccatum
1355 2965 1530 3034 papuii
1555 2965 1646 3026 tui,
1675 2965 1785 3019 dele

211 3049 295 3108 me
315 3033 702 3108 de_t_ibro_qu_em
733 3033 975 3102 scripsisti
1002 3032 1196 3108 (hired.
1227 3032 1399 3108 xxxii,
1422 3032 1540 3108 32).
1571 3035 1626 3108 In
1651 3035 1786 3108 ipso

209 3103 354 3156 enim
387 3103 563 3174 Veteri
607 3102 948 3174 Testamento
1001 3102 1220 3174 legimus
1267 3102 1544 3174 scriptum,
1592 3102 1786 3158 Itinera

209 3189 388 3226 eorum
426 3174 512 3243 qui
550 3173 786 3242 injuriam
829 3175 1038 3226 retinent
1068 3173 1342 3242 malefacti,
1371 3173 1424 3228 in
1451 3187 1660 3230 mortem
1685 3191 1706 3228 :
1733 3186 1789 3229 et

211 3242 446 3316 iterum,
471 3242 554 3296 Ne
584 3259 821 3316 memor,
847 3243 1034 3311 inquit,
1068 3243 1148 3316 _sis
1183 3243 1396 3316 injuriae
1443 3247 1662 3316 proximi
1713 3245 1787 3299 tui

211 3311 396 3384 (Leuit.
429 3329 542 3376 xui,
577 3313 704 3384 l8):
733 3324 787 3368 et
811 3313 1024 3375 iterum,
1057 3311 1119 3367 Si
1147 3313 1328 3384 videris
1363 3311 1560 3368 asinum
1597 3317 1788 3370 inimici

212 3385 284 3436 tui
327 3384 528 3455 in_lnto_
555 3383 830 3454 jacentem,
859 3399 958 3455 non
987 3383 1262 3455 prteteribis
1297 3385 1396 3439 nisi
1433 3386 1574 3455 prius
1607 3387 1788 3440 alleves

211 3469 330 3506 eum
357 3451 732 3526 (Exod,'xsin,
753 3455 830 3524 5).
856 3453 974 3526 Quo
999 3455 1114 3526 loco
1134 3453 1411 3526 diligenter
1433 3451 1790 3526 unusquisque

214 3533 453 3578 vestrum
479 3524 802 3588 consideret,
833 3525 972 3593 quod
997 3525 1040 3578 si
1069 3525 1276 3578 asinum
1303 3525 1502 3581 inimici
1531 3524 1638 3580 non
1669 3524 1790 3580 licet

213 3595 264 3666 in
296 3595 411 3648 luto
440 3593 630 3666 dimitti
655 3611 668 3658 ;
691 3603 890 3666 quanto
921 3597 1088 3664 magis
1115 3595 1278 3650 homo
1301 3596 1366 3650 ad
1394 3597 1674 3666 imaginem
1699 3597 1788 3650 Dei

213 3663 390 3736 lactus
408 3679 524 3736 iuon
551 3665 708 3718 debet
728 3665 850 3718 odio
875 3663 1056 3719 habei-i
1079 3681 1186 3736 nec,
1203 3667 1429 3736 negligi?
1451 3663 1641 3721 Béatns
1660 3681 1792 3736 quo—

212 3749 320 3802 que
336 3734 436 3788 Joh
459 3735 524 3787 ita
555 3749 733 3788 veram
763 3743 816 3788 et
837 3737 1118 3802 perfectam
1145 3734 1454 3792 eharitaiem
1481 3738 1642 3792 etiam
1669 3734 1788 3791 cum

215 3803 446 3858 inimicis
486 3805 712 3858 lidcliter
747 3805 1025 3868 retinebat,
1054 3813 1107 3858 ut
1132 3805 1370 3874 gaudens
1392 3815 1447 3860 et
1475 3807 1636 3862 libera
1663 3821 1792 3861 con—

215 3875 449 3946 scientia
465 3874 530 3946 ad
559 3873 838 3946 Dominum
869 3875 1068 3946 diceret
1092 3893 1113 3946 7:
1143 3873 1202 3930 Si
1228 3878 1428 3946 gavisus
1453 3894 1562 3930 sum
1590 3877 1658 3930 ad
1681 3878 1792 3930 rui-

215 3961 338 3996 nam
380 3943 570 3997 inimici
609 3944 740 4006 mei,
771 3953 818 3996 et
856 3944 1100 3998 exsultavi
1128 3961 1186 3998 eo
1214 3943 1348 4014 quod
1378 3947 1642 4001 invenisset
1680 3963 1794 4000 eum

213 4015 430 4086 malum,
458 4015 533 4068 vel
560 4014 602 4086 si
630 4014 682 4066 in
708 4015 858 4086 corde
883 4031 991 4086 meo
1019 4016 1146 4080 dixi,
1175 4015 1308 4069 Bene
1335 4015 1456 4084 (Job
1493 4033 1645 4082 XXXI,
1675 4017 1790 4086 ί29).

288 4083 516 4158 5:11am
539 4085 686 4136 etiam
707 4083 858 4158 coluit
885 4083 1068 4158 David,
1089 4095 1132 4138 et
1162 4103 1310 4158 quens
1333 4083 1448 4142 inde
1475 4091 1690 4158 fructum
1713 4083 1796 4141 ce-

215 4155 312 4224 pit.
339 4155 532 4210 Beatus
556 4169 766 4222 quoque
797 4155 982 4218 David,
1001 4155 1120 4210 licet
1139 4157 1418 4212 virtutibus
1437 4155 1617 4212 multis
1639 4159 1796 4212 fuerit

215 4233 526 4288 exm'natus,
571 4225 712 4278 nulla
765 4233 938 4280 tamen
995 4241 1114 4280 eum
1161 4228 1300 4281 actio
1348 4227 1657 4282 familiarius
1687 4229 1796 4282 Deo

215 4295 516 4372 conjunxit,
541 4310 697 4372 quam
729 4295 940 4372 dilectio
970 4296 1305 4372 inimicorum
1329 4313 1544 4372 suorum
1577 4298 1638 4372 (_l
1663 4297 1793 4372 Reg.

217 4365 358 4436 xvr).
383 4365 480 4419 Cui
522 4381 641 4420 cum
683 4365 924 4420 inimicus
959 4379 1086 4420 suus
1121 4368 1170 4420 in
1211 4368 1394 4422 faciem
1433 4365 1794 4434 malediceret,

217 4435 408 4516 maluit
437 4445 610 4520 tamen
643 4451 864 4520 parcere
890 4445 944 4490 et
973 4437 1066 4520 Dei
1087 4436 1287 4518 judicio
1316 4454 1620 4520 reservare:
1639 4455 1796 4520 quam

213 4521 333 4558 sua:
361 4505 648 4558 iracundia:
683 4506 1008 4560 satisfacere.
1031 4508 1093 4560 Et
1121 4509 1172 4560 in
1205 4519 1406 4564 tantum
1449 4525 1557 4563 non
1599 4505 1694 4563 fuit
1727 4509 1798 4562 si-

219 4576 420 4629 mulata
450 4591 549 4630 nec
571 4575 702 4647 falsa
731 4592 822 4630 sua
851 4577 1086 4642 dilectio,
1125 4587 1180 4631 ut
1219 4579 1366 4647 ipsos
1404 4581 1562 4634 etiam
1607 4580 1794 4634 advera

218 4647 396 4699 sarius
417 4659 540 4720 suos
563 4644 730 4720 fleret,
753 4647 886 4720 etin
906 4647 1016 4720 illis
1040 4644 1254 4720 quieos
1277 4650 1522 4704 occidere
1545 4665 1800 4720 praesumo

219 4725 460 4787 pscrant,
485 4715 772 4787 vindicaret
795 4714 857 4787 (ll
893 4717 1018 4786 Reg.
1044 4714 1103 4787 ι).
1129 4718 1253 4773 Ideo
1278 4735 1498 4774 securus
1517 4714 1724 4774 dicebat
1749 4721 1800 4774 in

221 4785 452 4840 Psalmis
491 4785 640 4848 illud,
669 4785 812 4853 quod
848 4785 1034 4840 omnes
1064 4785 1310 4844 homines
1343 4791 1471 4844 satis
1513 4799 1715 4844 attento
1749 4799 1804 4844 et

219 4857 474 4928 trementi
507 4855 915 4928 anitnoudicere
957 4857 1153 4928 debent
1183 4876 1196 4910 :
1226 4859 1285 4914 Si
1328 4860 1559 4920 reddidi,
1612 4861 1800 4928 inquit,

219 4925 609 4979 retribuentibus
649 4925 770 4977 mihi
816 4927 966 4989 mala,
1009 4927 1236 4980 decidant
1275 4931 1451 4983 merito
1488 4930 1550 4981 ab
1587 4925 1804 4984 inimicis

219 4996 349 5051 meis
391 4996 597 5060 inanis;
625 5007 948 5066 persequatur
995 4998 1225 5052 inimicus
1271 5001 1492 5052 animam
1545 5017 1726 5066 meam,
1758 5011 1802 5053 et

287 5154 304 5217 ξ
337 5158 502 5217 ιιεηι..
525 5153 898 5217 reprehendens.

285 5213 362 5278 (ιι)
389 5213 527 5274 Alias,
570 5213 896 5278 dei‘t‘empore
925 5214 1026 5278 168.

285 5272 361 5338 (ὸ)
387 5281 434 5321 tn
450 5272 729 5338 appendice
749 5272 874 5325 nime
889 5277 1092 5338 primum
1115 5272 1388 5338 collocatur.
1411 5281 1516 5325 Erat
1531 5275 1707 5325 dubius
1725 5281 1806 5324 Lo-

222 5337 552 5402 y'aniensibus,
571 5337 982 5402 v'eriinospurius,
998 5345 1057 5402 et
1077 5337 1323 5402 \‘Aindingo,
1343 5339 1424 5400 qui
1439 5339 1607 5386 observ
1618 5346 1668 5386 at
1687 5339 1808 5386 hanc

222 5399 253 5458 il
271 5410 377 5446 sam
403 5410 514 5447 esse
539 5399 705 5447 bomil.
727 5397 980 5448 llCatsarii
997 5400 1044 5447 in
1058 5397 1346 5448 Bibliotheca
1361 5397 1563 5448 Patrum.
1583 5405 1648 5447 De
1673 5413 1803 5446 num.

225 5459 242 5506 1
302 5459 665 5522 νίαενγΛιιιιριιιι.
701 5473 853 5510 serm.
899 5460 984 5520 40,
1033 5475 1082 5508 ιι.
1120 5460 1176 5522 ii;
1214 5460 1299 5516 66,
1335 5474 1383 5508 ιι.
1407 5461 1473 5509 5:
1501 5461 1719 5508 denum.
1746 5459 1805 5518 ‘2,

219 5533 376 5568 εει-ιιι.
409 5519 556 5580 15,ῖιι.
585 5525 628 5578 6,
657 5529 944 5582 excerptum
968 5535 1030 5570 ex
1059 5519 1374 5582 Pelagtipist.
1399 5522 1458 5570 ad
1483 5522 1806 5570 Demetriad:

221 5583 286 5629 de
331 5595 462 5629 num.
505 5583 576 5642 4,
615 5595 764 5631 serm.
802 5582 911 5642 271,
952 5597 1001 5631 ιι.
1049 5585 1104 5642 4;
1145 5582 1270 5642 259,
1311 5597 1359 5630 ιι.
1385 5583 1542 5632 ἓεαε
1589 5597 1718 5630 ιιιιιιι.
1759 5584 1807 5640 5,

221 5655 381 5706 scrin.
401 5642 510 5706 273,
537 5644 738 5706 ηὔλει
759 5657 902 5706 supra
925 5659 1073 5706 scrin.
1099 5643 1176 5704 '29,
1209 5659 1257 5692 ιι.
1275 5643 1332 5704 9.;
1365 5645 1444 5704 41,
1477 5659 1525 5694 ιι.
1549 5645 1604 5704 1;
1629 5643 1732 5704 HO,
1758 5657 1808 5692 ιι.

221 5705 284 5762 1;
330 5704 448 5764 174,
483 5718 532 5752 ιι.
569 5705 632 5753 5:
658 5705 722 5754 de
756 5704 884 5756 num.
912 5705 959 5766 6,
985 5719 1134 5754 serm.
1169 5707 1294 5766 271,
1329 5721 1377 5755 ιι.
1403 5707 1435 5754 6
1461 5707 1556 5756 :de
1580 5717 1710 5754 num.
1759 5707 1810 5764 7,

403 5766 612 5830 ιλιι-ἓ,
639 5775 690 5818 et
721 5767 833 5830 274,
876 5783 927 5830 ιι.
953 5768 984 5816 Ξ
1009 5769 1106 5830 :de
1132 5782 1260 5817 num.
1289 5769 1342 5828 8,
1363 5781 1507 5819 scrin.
1539 5769 1645 5830 273,
1671 5783 1718 5817 ιι.
1749 5769 1766 5816 1
1795 5781 1810 5828 ;

223 5827 416 5886 295,n.
441 5827 502 5887 7;
530 5827 707 5890 30l,n.
737 5829 921 5888 1:273,
945 5843 994 5879 ιι.
1021 5829 1068 5878 6.

1549 367 1780 426 SERMO
1816 369 2110 426 CCLXXII.

3321 374 3458 430 225$

1882 483 2268 560 conlprehendut
2293 491 2338 534 et
2363 479 2615 560 canonice!
2643 481 2692 560 in
2723 487 3032 560 (emeritam
3069 501 3247 560 rufam,
3273 499 3320 542 et
3347 493 3452 560 glo-

1881 553 2015 624 riam
2039 569 2198 624 meam
2224 553 2276 624 in
2303 553 2552 624 pulverem
2577 553 2788 606 deducat
2811 553 2980 624 (l’sal.
3000 553 3284 624 \‘It.5etli).
3323 553 3456 614 Ecce

1882 623 2020 694 quali
2063 622 2343 694 maledicto
2373 637 2432 676 se
2461 623 2626 690 ipsum
2656 622 2992 688 condemnat,
3016 627 3102 694 qui
3133 628 3200 681 de
3231 623 3455 685 ihitttiCli

1883 691 2162 759 diligendis
2191 693 2282 746 Dei
2321 703 2579 762 prteccpta
2610 703 2977 759 contemnens,
3005 691 3184 751 odium
3218 700 3268 752 in
3297 703 3458 756 corde

1882 775 2094 840 scrvare
2143 778 2248 840 non
2287 763 2493 816 metuit.
2520 763 2689 840 _Unde
2737 765 3178 840 considerandum
3226 781 3328 836 est,
3355 787 3458 840 qua

1885 830 2056 900 fronte
2085 833 2168 886 vel
2211 847 2314 900 qua
2355 834 2676 887 cmiscientia
2704 835 3018 888 versiculum
3067 837 3222 892 istum
3263 830 3328 894 ei
3367 830 3462 898 ore

1883 916 1978 955 suo
2003 901 2240 1026 proferre
2268 903 2480 972 poterit,
2508 905 2598 972 qui
2627 904 2850 958 inimicis
2876 905 2985 958 suis
3015 907 3150 975 mala
3183 923 3278 977 pro
3306 913 3456 964 malis

1883 973 2007 1024 relri
2051 973 2142 1026 uit.
2169 973 2269 1026 Per
2290 973 2625 1026 Salomonem
2644 990 2850 1026 alteque
2865 973 3092 1026 Suiritus
3113 987 3330 1026 sanctus
3349 981 3456 1026 cla.

1883 973 2142 1043 retribuit.
2169 973 2269 1043 Per
2290 973 2625 1043 Salomonem
2644 990 2850 1042 quoque
2865 973 3092 1043 Spiritus
3113 973 3330 1033 sanctus
3349 981 3456 1034 cla.

1885 1051 2000 1117 mat_
2020 1051 2074 1096 et
2093 1041 2223 1117 dicit.
2248 1060 2261 1096 :
2288 1041 2414 1117 Qum
2439 1041 2671 1117 ceciderit
2695 1041 2927 1117 inimicus
2951 1054 3085 1112 tuus,
3115 1063 3176 1100 ne
3202 1049 3458 1117 gaudeas:

1883 1127 1946 1184 ne
1973 1114 2101 1180 forte
2117 1112 2278 1184 videat
2299 1111 2471 1184 Deus:
2478 1123 2524 1166 et
2551 1114 2811 1184 displiceat
2839 1114 2936 1178 illi,
2967 1125 3012 1168 et
3041 1111 3230 1170 avertat
3258 1119 3458 1173 iracun-

1883 1180 2020 1234 diam
2047 1199 2190 1235 suam
2218 1181 2279 1236 ab
2309 1199 2384 1237 eo.
2409 1181 2590 1306 SProv.
2618 1180 2762 1246 sxw,
2787 1185 2874 1248 l7,
2904 1184 3014 1254 18).
3043 1187 3109 1240 Ει
3137 1188 3318 1258 utique
3339 1203 3460 1241 cum

1883 1251 1950 1304 ab
1975 1267 2041 1306 eo
2068 1253 2343 1306 averterit.
2375 1269 2404 1306 a
2473 1253 2618 1306 illum
2645 1255 2826 1306 dirigit
2854 1255 2942 1306 aui
2973 1255 3038 1306 de
3065 1257 3264 1306 inimici
3305 1261 3456 1306 ruina

1882 1251 1950 1336 ab
1975 1267 2041 1306 eo
2068 1253 2344 1336 averterit,
2375 1251 2440 1336 ad
2473 1253 2618 1336 illum
2645 1255 2942 1336 dirigit_qtii
2973 1251 3038 1336 de
3065 1251 3264 1336 inimici
3305 1261 3456 1336 ruina

1882 1321 2200 1390 congaudet,
2223 1323 2510 1376 secundum
2540 1323 2667 1376 illud
2697 1341 2708 1376 :
2742 1321 2842 1388 Qui
2867 1321 2918 1376 in
2949 1325 3094 1379 ruina
3119 1327 3316 1380 (tutatur
3335 1330 3460 1382 alte-

1881 1391 2130 1464 rius,_non
2155 1393 2246 1444 erit
2271 1393 2547 1464 impunitus
2572 1391 2677 1464 (Id.
2703 1409 2830 1459 χιιι,
2861 1393 2936 1464 5).
2963 1395 3091 1450 Ιιειιι
3119 1397 3266 1464 inibi,
3293 1397 3462 1452 Homo

1884 1460 2072 1514 homini
2099 1460 2466 1540 [eset-vatim":
2488 1460 2630 1540 ;_et'a
2650 1460 2965 1540 Deoguwrit
2981 1466 3232 1540 medelam
3297 1467 3458 1522 Ereti.

1887 1545 2078 1594 xxvttt,
2101 1532 2180 1600 5)!
2206 1541 2280 1596 et,
2304 1531 2332 1586 Ι
2339 1551 2370 1586 ιι
2392 1533 2642 1588 hominem
2667 1531 2876 1586 similem
2903 1535 2997 1587 sibi
3024 1553 3124 1589 non
3147 1531 3292 1590 habet
3318 1540 3464 1593 mise-

1882 1599 2156 1678 ricordiam
2175 1617 2194 1655 :
2215 1603 2321 1678 ipse
2341 1619 2454 1678 cum
2476 1619 2593 1678 caro
2617 1605 2700 1678 sit,
2723 1614 2940 1678 reserauit
2963 1604 3091 1657 iram
3110 1623 3126 1678 ;
3148 1617 3195 1678 et
3217 1609 3462 1678 propitia-

1884 1670 2069 1811 ξῗιὲιὲηι
2301 1689 2334 1726 a
2357 1673 2465 1728 Deo
2483 1673 2504 1725 !
2532 1672 2656 1738 Quis
2693 1675 2919 1746 esorabit
2958 1690 3049 1742 pro
3083 1670 3277 1730 delictis
3305 1670 3462 1748 ipsius

1974 1758 1988 1792 ι
2031 1781 2070 1806 ο,
2131 1783 2147 1807 ,

1974 1758 2070 1806 1a.,
2092 1758 2147 1807 4,

1953 1811 2006 1864 4.
2039 1811 2150 1875 Quo
2163 1811 2309 1866 sensu
2330 1812 2548 1879 dicatur,
2577 1811 2708 1867 Odia
2727 1812 2927 1868 habebis
2951 1813 3226 1870 mimicum.
3255 1816 3456 1873 Dicitur

1882 1879 2162 1953 quidemin
2177 1881 2350 1938 Veteri
2365 1883 2723 1953 Testamento,
2741 1882 2928 1953 Diliges
2939 1885 3220 1953 proximum
3236 1895 3394 1953 tuum,
3411 1900 3458 1942 et

1885 1951 2007 2027 odio
2015 1951 2218 2027 habebig
2228 1954 2484 2027 inimicum
2500 1963 2638 2027 tuum
2653 1951 2833 2024 (Leuit.
2846 1951 2960 2018 six,
2979 1953 3086 2022 l8).
3101 1955 3203 2010 Sed
3221 1957 3310 2027 qui
3325 1951 3457 2012 sano

1885 2021 2156 2097 intellectu
2187 2023 2473 2097 Scriptura:
2500 2021 2696 2097 divinae
2721 2038 2935 2097 sensum
2971 2021 3258 2097 agnoscere
3296 2031 3460 2097 cupit,

1883 2094 2201 2165 sententiam
2221 2094 2376 2148 istam
2396 2093 2496 2148 hoc
2511 2093 2668 2148 modo
2685 2093 2960 2165 intelligat,
2977 2093 3036 2165 ιιι
3050 2095 3233 2165 diligat
3247 2093 3460 2152 omnem

1887 2161 2156 2233 hominem
2189 2165 2486 2233 proximum
2516 2179 2668 2218 suum
2690 2205 2706 2228 ,
2742 2171 2799 2218 et
2823 2161 2946 2218 odio
2976 2161 3169 2220 habeai
3192 2165 3461 2222 diabolum

1885 2229 2156 2286 inimicum
2182 2229 2358 2288 suum.
2380 2233 2531 2300 Quod
2558 2234 2716 2288 etiam
2747 2235 2798 2288 in
2828 2249 2934 2288 uno
2963 2233 3176 2290 homine
3203 2237 3344 2291 malo
3366 2239 3466 2293 im-

1885 2302 2019 2370 pleri
2049 2311 2240 2378 potest.
2267 2305 2319 2358 In
2330 2303 2471 2378 ipso
2485 2305 2624 2358 enim
2645 2319 2752 2378 uno
2773 2305 2861 2373 qui
2887 2304 3056 2378 maius
3081 2315 3182 2372 est,
3206 2317 3260 2362 et
3285 2311 3464 2378 proxi-

1885 2387 2027 2425 mum
2059 2371 2222 2428 habes
2247 2384 2300 2430 et
2328 2371 2622 2447 inimicum:
2643 2373 2774 2428 Nam
2792 2371 2939 2442 ‘quod
2970 2375 3128 2447 homo
3153 2371 3254 2444 est,
3285 2371 3462 2447 proxi-

1885 2457 2004 2514 mus
2042 2452 2160 2496 tuus
2200 2454 2317 2506 est;
2349 2444 2489 2514 quod
2521 2444 2822 2514 malusest,
2855 2459 2960 2498 non
2992 2445 3162 2499 solum
3194 2444 3334 2514 tuus,
3367 2449 3460 2504 sed

1885 2513 2044 2584 etiam
2080 2527 2208 2568 suus
2245 2513 2486 2568 inimicus
2513 2521 2612 2584 est.
2640 2513 2802 2584 Dilige
2831 2529 2958 2584 ergo
2987 2515 3037 2568 in
3068 2530 3134 2570 eo
3161 2531 3378 2572 carnem
3408 2529 3462 2574 et

1885 2583 2139 2654 animant,
2171 2584 2272 2640 hoc
2298 2595 2398 2650 cst,
2432 2583 2728 2653 proximum
2752 2583 2910 2638 tuum
2931 2599 3088 2654 quem
3123 2586 3264 2641 Deus
3303 2587 3461 2652 fecit;

1885 2661 1942 2724 et
1962 2653 2091 2724 fodio
2129 2653 2265 2709 habe
2295 2655 2572 2724 malitiam,
2602 2669 2760 2724 quam
2803 2654 2920 2723 ipso
2951 2653 3324 2712 consentiente
3352 2657 3466 2712 dia.

1885 2722 2042 2778 belus
2068 2723 2370 2779 intromisit.
2392 2723 2542 2791 Quod
2569 2722 2688 2779 cum
2716 2722 2901 2778 sancto
2925 2735 2980 2779 et
3003 2726 3088 2794 pio
3114 2727 3292 2780 animo
3317 2727 3462 2784 fece-

1886 2794 1994 2866 ris,_
2006 2794 2151 2866 vices
2177 2797 2411 2851 caelestis
2437 2794 2622 2850 Medici
2650 2795 2784 2866 agis,
2815 2795 2938 2849 odio
2968 2794 3170 2852 habens
3192 2799 3458 2866 morbum,

1885 2873 1941 2918 et
1965 2863 2188 2936 diligens
2213 2875 2490 2936 a‘grotuin.
2663 2863 2706 2936 ξ
2752 2935 2759 2936 7
2875 2902 2894 2918 .-

2059 2937 2124 2991 Ει
2161 2934 2323 3010 illud,
2369 2935 2618 3010 Carbones
2657 2934 2790 3010 ignis_
2827 2951 3064 3010 congeries
3113 2951 3267 3010 super
3315 2951 3468 3010 caput

1889 3007 2104 3062 inimici.
2155 3007 2276 3060 Non
2324 3022 2520 3074 semper
2565 3006 2728 3077 littera
2771 3005 2823 3058 in
2851 3005 3150 3077 βίῃ-ἱρηιώ
3178 3005 3466 3077 sequenda.

1891 3077 2019 3132 Item
2062 3094 2156 3149 per
2189 3078 2527 3132 Salomoncm
2580 3076 2812 3149 loquitur
2846 3074 3346 3149 Spiritussanctus,
3405 3081 3468 3136 Si

1890 3144 2116 3202 esurierit
2149 3149 2382 3202 inimicus
2417 3157 2552 3210 tuus,
2600 3147 2710 3199 ciba
2750 3144 2994 3216 illum;si
3021 3147 3164 3210 sitit,
3202 3159 3375 3216 potum
3403 3152 3470 3205 da

1889 3219 1965 3272 illi
2008 3234 2028 3274 :
2065 3221 2159 3274 hoc
2201 3219 2334 3272 enim
2371 3218 2568 3342 ﬁciens
2599 3257 2616 3282 ,
2658 3215 2896 3270 carbones
2938 3215 3069 3286 ignis
3114 3215 3348 3288 congeries
3381 3235 3470 3275 su-

1893 3305 1980 3342 per
2005 3299 2156 3342 caput
2183 3292 2292 3342 eius
2320 3291 2336 3342 l
2421 3303 2524 3342 νου.
2553 3303 2680 3342 xxv.
2703 3287 2766 3340 21
2807 3295 2852 3339 et
2886 3285 2958 3339 2‘2
2985 3285 3023 3342 1.
3053 3286 3162 3342 lloc
3197 3303 3325 3342 erae
3355 3291 3470 3342 loco

1891 3305 1980 3360 per
2005 3299 2156 3360 caput
2183 3292 2292 3360 ejus
2320 3291 2338 3358 (
2371 3285 2524 3360 Prov.
2553 3303 2680 3360 x_xv,
2703 3287 2766 3340 2|
2807 3295 2852 3360 et
2886 3285 3023 3358 22’).
3053 3286 3162 3342 lloc
3196 3285 3325 3360 ergo
3355 3291 3472 3346 loco

1891 3356 2010 3413 cum
2041 3356 2224 3430 grandi
2247 3356 2933 3430 diligentiaobservandum
2963 3356 3062 3430 est,
3095 3373 3162 3411 ne
3189 3356 3324 3430 [ιιιῖιε
3343 3360 3468 3415 dum

1892 3445 2014 3484 eum
2045 3426 2161 3484 iion
2203 3426 2736 3496 bene—intelligimus,
2774 3427 2840 3480 de
2879 3426 3280 3482 medicamentis
3315 3433 3469 3485 nobis

1891 3501 2110 3556 vulnera
2139 3501 2412 3554 faciamus.
2437 3497 2622 3569 Solent
2639 3499 2785 3569 enim
2817 3496 3055 3550 nonnulli
3085 3499 3184 3569 li_oc
3205 3511 3472 3569 pra-cepto

1894 3571 1989 3634 uti,
2025 3573 2173 3640 quasi
2202 3569 2268 3623 ad
2299 3568 2610 3640 satiandum
2633 3566 2864 3640 furorem
2904 3581 3080 3620 suum.
3111 3567 3300 3640 Dicunt
3325 3566 3470 3626 enim

1893 3637 2132 3709 apud—se
2162 3657 2175 3692 :
2207 3641 2343 3694 Ecce
2385 3639 2504 3694 cibo
2543 3637 2811 3709 inimicum
2855 3651 3054 3709 meum,
3087 3645 3148 3709 ut
3189 3639 3376 3709 ardeat
3417 3643 3470 3696 in

1893 3706 2174 3765 internum.
2207 3713 2425 3764 Avertat
2455 3709 2592 3762 Deus
2631 3706 2928 3778 hujusmodi
2973 3707 3373 3778 intelligentiam
3404 3713 3472 3766 ab

1894 3781 2324 3836 animisnostris.
2349 3779 2586 3846 Qualiter
2609 3791 2737 3846 ergo
2759 3777 2927 3848 accipi
2954 3777 3146 3848 debeat
3175 3779 3322 3834 locus
3347 3781 3470 3848 iste,

1895 3852 2061 3906 sancti
2092 3859 2146 3906 et
2173 3851 2371 3920 antiqui
2405 3859 2600 3918 patres,
2625 3847 2892 3920 revelante
2918 3847 3115 3920 Spiritu
3145 3859 3348 3920 sancto,
3374 3847 3470 3905 de;

1897 3921 2166 3976 finierunt.
2199 3922 2260 3974 Si
2299 3919 2526 3974 esurierit
2566 3919 2796 3988 inimicus
2822 3926 2956 3982 tuus,
2987 3919 3098 3971 ciba
3141 3919 3308 3985 illum,
3341 3931 3471 3988 etc.;

1897 3992 1991 4046 hoc
2018 3993 2172 4058 enim,
2201 3992 2388 4062 inquit.
2408 3987 2886 4062 faciens,_carbones
2911 3989 3040 4059 ignis
3065 4005 3298 4060 congeres
3323 4009 3474 4062 super

1897 4073 2044 4132 caput
2071 4063 2179 4132 ejus
2222 4059 2392 4130 caput
2417 4063 2468 4114 in
2497 4059 2732 4132 homine,
2761 4073 2950 4113 sensus
2979 4059 3248 4132 rationalis
3281 4059 3473 4118 intelli-

1897 4129 2038 4200 gitur
2065 4129 2202 4201 z'qui
2240 4129 2430 4186 sensus
2456 4147 2574 4201 cum
2605 4129 2868 4201 afervore
2906 4131 3184 4201 charitatis
3219 4133 3474 4188 recedens

1899 4199 2065 4258 factus
2096 4199 2253 4256 fuerit
2280 4201 2504 4272 frigidus
2535 4199 2697 4272 (unde
2731 4200 2986 4272 scriptum
3015 4208 3118 4272 est,
3151 4199 3282 4272 Quia
3303 4206 3474 4272 abnu-

1900 4274 2034 4327 davit
2065 4273 2334 4343 iniquitas,
2355 4269 2648 4341 refrigescet
2696 4271 2915 4343 Charitas
2952 4271 3224 4343 multorum
3264 4269 3472 4343 [Matth.

1903 4360 2049 4410 xxw,
2077 4340 2210 4410 12]),
2239 4357 2459 4398 necesse
2486 4340 2570 4396 est
2607 4349 2662 4393 ut
2687 4340 2827 4410 quod
2861 4341 3114 4394 estsalnli
3148 4340 3472 4402 contrarium

1901 4415 2102 4484 sapiat,
2131 4410 2185 4468 et
2203 4415 2296 4484 cui
2325 4412 2555 4484 deberet
2571 4425 2691 4465 esse
2711 4411 2928 4484 amicus
2947 4450 2962 4476 ,
2989 4410 3233 4484 inimicus
3265 4415 3474 4468 existat.

1893 4479 1982 4538 'Ad
2013 4483 2305 4538 sanandum
2334 4496 2462 4552 ergo
2493 4483 2648 4536 laletu
2671 4481 3054 4550 phreneticum.
3081 4481 3320 4552 homines
3349 4499 3474 4537 sau-

1902 4564 2017 4609 ctos
2036 4565 2090 4608 et
2116 4555 2386 4608 charitatis
2403 4551 2534 4622 igne
2563 4565 2816 4606 accensos
2849 4551 3088 4605 hortatur
3108 4551 3335 4621 Spiritus
3355 4571 3474 4607 san-

1903 4635 2039 4689 ctus,
2065 4626 2247 4679 dicens
2271 4641 2284 4678 :
2313 4622 2563 4678 Carbones
2593 4622 2722 4692 ignis
2749 4637 2982 4694 congeres
3009 4638 3165 4694 super
3178 4634 3327 4692 caput
3348 4626 3474 4694 ejus.

1903 4695 2034 4750 Cum
2063 4697 2204 4750 enim
2245 4693 2458 4748 inimico
2489 4701 2578 4747 tuo
2603 4698 2688 4760 pio
2713 4693 2890 4745 animo
2913 4692 3235 4760 frequentius
3262 4692 3472 4747 benefe-

1905 4767 2074 4826 ceris;
2106 4765 2396 4834 quamlibet
2422 4763 2490 4816 sit
2515 4763 2724 4834 impius
2751 4769 2806 4816 et
2830 4763 3086 4834 crudelis,
3127 4761 3384 4834 barbarus
3425 4774 3480 4819 et

1905 4831 2176 4896 cruentus,
2201 4843 2373 4887 tamen
2404 4833 2615 4902 tandem
2639 4831 3204 4902 aliquanduerubescit
3231 4841 3286 4886 et
3312 4833 3478 4902 dolet,

1907 4915 1956 4959 ct
1991 4906 2246 4974 pmnitcre
2278 4903 2459 4970 incipit
2483 4901 2622 4970 quod
2653 4901 2884 4974 admisit.
2911 4901 3026 4974 Jam
3062 4917 3181 4974 cum
3215 4901 3481 4972 ρωιιίιειιὲ

1909 4972 2032 5028 tiain
2064 4975 2286 5044 coeperit
2313 4987 2490 5042 agere.
2520 4987 2708 5044 sensus
2750 4972 3038 5036 rationalis,
3066 4973 3168 5026 hoc
3195 4981 3297 5036 est,
3322 4987 3484 5043 caput

1909 5045 2103 5114 ipsius,
2133 5043 2310 5115 incipit
2339 5043 2610 5115 charitatis
2651 5043 2770 5115 igne
2803 5043 3050 5096 succendi
3085 5059 3098 5095 :
3127 5051 3182 5097 et
3209 5045 3296 5113 qui
3336 5047 3484 5115 prius

1909 5113 2058 5183 quasi
2103 5114 2323 5184 frigidus
2362 5123 2415 5168 et
2452 5113 2786 5184 phreneticus
2828 5121 3010 5184 contra
3049 5122 3098 5166 te
3135 5113 3482 5171 consueverat

1911 5183 2234 5240 iracundiam
2268 5185 2516 5246 retinere,
2541 5183 2799 5251 spirituali
2829 5183 3006 5238 calore
3035 5184 3102 5238 de
3136 5193 3224 5238 tua
3253 5185 3486 5240 bonitate

1910 5271 2195 5336 succensus
2218 5255 2398 5336 incipit
2421 5265 2470 5308 te
2493 5263 2603 5336 toto
2619 5253 2783 5334 corde
2802 5253 3040 5336 diligere.
3063 5255 3486 5336 Eccequomodo

1911 5327 2078 5380 sancti
2119 5326 2300 5379 Patres
2340 5325 2479 5396 hunc
2519 5324 2805 5396 Scriptura:
2859 5325 3030 5379 locum
3085 5324 3484 5396 intelligendtim

1913 5411 2030 5450 esse
2073 5395 2333 5450 dixerunt.
2374 5393 2504 5449 Nam
2552 5395 2688 5449 absit
2729 5412 2755 5446 ιι
2801 5411 2958 5450 sensu
3007 5393 3290 5457 catholico.
3323 5405 3378 5450 ut
3419 5412 3490 5453 eo

1913 5467 2091 5520 animo
2118 5466 2338 5536 quisque
2372 5465 2493 5518 boui
2523 5465 2720 5536 aliquid
2763 5465 2974 5522 inimico
3003 5483 3098 5520 suo
3131 5475 3354 5521 conetur
3381 5467 3484 5523 im-

1915 5536 2166 5605 pendere,
2199 5535 2261 5588 ut
2283 5551 2408 5596 enin
2443 5551 2536 5604 pro
2568 5535 2667 5589 hoc
2708 5537 2964 5590 beneficio
2992 5538 3116 5591 velit
3159 5545 3359 5590 aeterno
3405 5540 3484 5592 in-

1915 5607 2104 5660 cendio
2147 5609 2490 5660 cenet-emori.
2527 5605 2678 5662 Unde
2723 5623 2842 5660 cum
2889 5608 3073 5677 grandi
3115 5607 3318 5660 cautela
3368 5607 3486 5663 fidei

1915 5677 2356 5731 considerandum
2386 5689 2464 5732 est
2491 5687 2544 5732 et
2574 5677 2863 5732 timendum
2885 5721 2897 5740 ,
2933 5695 2996 5730 ne
3025 5691 3310 5747 sequamur
3351 5679 3495 5730 Ιὶιιιι-

1891 5765 2028 5802 -rain
2083 5747 2455 5805 occidntem;
2497 5750 2588 5805 sed
2637 5751 2804 5820 magis
2847 5749 3193 5804 vivificantem
3251 5749 3494 5816 Spiritum

1919 5822 2216 5888 diligamus.
