3962 6464
545 388 686 442 29.67

548 517 656 554 non
687 505 953 553 tuerentur
989 495 1191 548 audiri?
1213 493 1300 548 Sic
1327 492 1466 546 cnim
1496 490 1624 544 dicit
1655 507 1668 540 τ
1707 488 1968 542 Primitias
1989 497 2121 535 area:

549 586 648 622 una
677 577 726 620 et
753 568 1016 622 toreularia
1051 569 1122 618 tui
1155 582 1256 616 non
1297 563 1518 616 tat-dabis
1558 560 1740 625 o/ferre
1763 559 1886 611 mihi
1925 554 2117 624 (Exod.

548 656 678 701 ml,
709 639 821 708 9.9).
863 637 934 708 Si
959 636 1158 708 tardius
1187 635 1314 708 dare
1353 642 1625 708 peceatum
1652 640 1752 708 est,
1803 638 1997 708 quanto
2030 643 2122 708 pe-

545 710 631 776 jns
658 697 738 762 est
760 697 859 759 tum
909 707 1157 778 dedisse?
1187 697 1622 778 [illiterunrdicit
1659 717 1672 752 :
1703 698 1918 778 Honora
1945 697 2122 778 Domi-

551 767 668 830 num
703 778 862 830 Deum
885 786 1022 828 tuum
1045 777 1106 828 de
1129 775 1226 827 tuis
1238 775 1392 844 justis
1419 772 1692 844 laboribus,
1718 779 1760 820 et
1799 769 1962 844 delibo
1993 770 2036 820 ci
2063 767 2124 819 de

551 849 791 918 fructibus
806 847 1018 915 justitiw
1039 856 1159 918 tum;
1181 842 1538 918 iit—repleantur
1557 842 1830 918 horrentia:
1853 843 2124 918 ligamento,

549 907 661 970 bino
682 907 874 985 quoq-ue
898 916 1170 968 toreularia
1193 925 1278 966 tua
1303 907 1580 985 redundent
1599 910 1760 985 (Prov
1801 907 1875 972 III,
1897 909 1929 961 9
1953 919 1996 961 et
2017 907 2122 976 lO).

550 989 662 1042 Non
686 981 904 1056 praestas
926 987 1024 1040 hoc
1045 986 1228 1054 gratis,
1249 983 1386 1056 quod
1407 983 1512 1056 cito
1535 981 1978 1056 recipiasﬂmagno
2005 993 2124 1056 cum

553 1048 752 1111 fenore.
783 1057 990 1124 Qun-ris
1023 1048 1158 1108 lorlc
1187 1048 1278 1106 cui
1311 1049 1730 1124 proﬁciatAqnod
1754 1051 1891 1124 Deus
1936 1048 2128 1111 accipit

549 1119 872 1181 reddituriis.
897 1127 1102 1198 Quatris
1123 1119 1423 1198 iternm'cui
1453 1121 1696 1198 proficiat
1737 1119 1876 1198 quod
1921 1133 2123 1188 p‘iupe-

551 1200 698 1252 ribus
721 1198 894 1252 datur.
925 1191 980 1250 Si
1019 1194 1338 1260 credis,.tibi
1371 1193 1579 1261 prolicit
1611 1210 1622 1244 :
1649 1191 1695 1243 si
1728 1191 1958 1250 dubitas,
2003 1203 2124 1256 per-

550 1268 746 1321 didisti.
775 1268 1004 1320 Decima:
1053 1267 1192 1320 enim
1236 1263 1426 1316 tributa
1471 1271 1594 1315 sunt
1631 1261 1896 1329 egentium
1928 1261 2130 1310 anima-

553 1353 689 1390 rum.
725 1336 906 1391 Redde
945 1353 1072 1404 ergo
1104 1335 1297 1388 tributa
1333 1331 1670 1404 pauperibus,
1697 1330 1832 1404 oll'cr
1881 1329 2127 1382 libamina

551 1407 933 1462 sacerdotibus.
950 1400 1098 1470 Quod
1123 1407 1164 1458 si
1184 1404 1418 1478 decimas
1435 1400 1538 1454 non
1560 1401 1721 1478 habes
1739 1400 2002 1452 fructuum
2023 1409 2127 1478 trr-

555 1493 826 1536 renorum.
855 1476 995 1543 quod
1026 1476 1184 1529 habet
1209 1473 1469 1542 agricola;
1499 1472 1866 1543 quodcumque
1887 1479 1935 1543 te
1963 1472 2128 1543 pascit

557 1549 846 1614 ingenium,
875 1539 972 1600 'Dei
1023 1555 1105 1599 cst
1135 1563 1148 1595 :
1179 1539 1256 1597 ct‘
1279 1543 1400 1596 inde
1455 1541 1687 1614 decimas
1720 1541 1953 1614 expetit,
1993 1539 2129 1614 unde

557 1608 709 1670 viiis.
747 1619 820 1670 De
849 1617 1056 1680 militia,
1085 1615 1152 1668 de
1184 1614 1413 1682 negotio,
1445 1612 1514 1666 de
1549 1610 1769 1682 artilieio
1797 1609 1957 1682 redde
1980 1608 2126 1682 deci-

559 1703 688 1740 mas.
733 1687 886 1740 Aliud
942 1678 1082 1740 enim
1124 1678 1398 1758 prdit-rm
1439 1679 1808 1758 dciwndhnus,
1853 1678 1994 1758 aliud
2034 1693 2129 1758 pro

560 1773 714 1809 iisnra
741 1757 861 1809 vitm
889 1749 1192 1824 pensamus.
1217 1754 1396 1807 llcdtlc
1418 1767 1564 1824 ergo,
1595 1753 1773 1824 inuito,
1804 1749 1922 1824 quia
1944 1749 2126 1824 possi-

556 1827 686 1890 des;
722 1819 906 1892 redde,
936 1827 1056 1892 quia
1087 1826 1231 1878 nasci
1265 1819 1502 1876 meruisti
1529 1839 1540 1874 :
1568 1822 1644 1874 sic
1663 1821 1806 1892 enim
1851 1819 1982 1872 dicit
2021 1819 2128 1870 Do-

557 1899 750 1956 minus,
775 1891 978 1948 Dabunt
992 1896 1177 1964 singuli
1193 1893 1576 1962 redemptionem
1597 1891 1880 1964 animarum
1901 1905 2126 1964 suarum,

557 1977 602 2019 et
629 1984 727 2020 non
757 1977 900 2020 erunt
941 1967 990 2018 in
1013 1959 1091 2018 eis
1105 1965 1258 2017 morbi
1289 1959 1444 2027 neque
1468 1979 1612 2014 casus
1643 1959 1838 2028 (Exod.
1871 1977 1991 2022 xxx,
2015 1959 2126 2024 19.).

560 2037 698 2090 Ecce
727 2037 888 2090 habes
919 2037 968 2088 in
1009 2035 1297 2102 Srripturis
1338 2033 1535 2085 sanctis
1573 2031 1872 2102 cautionem
1927 2029 2130 2102 Domini

559 2107 655 2170 toi,
684 2122 779 2174 per
807 2122 964 2175 quam
997 2107 1086 2158 tibi
1120 2099 1378 2172 promisit,
1407 2102 1544 2175 quod
1595 2102 1636 2154 si
1683 2099 1918 2175 decimas
1964 2099 2128 2175 tlede-_

559 2177 653 2239 ris,
685 2170 792 2229 non
821 2170 990 2229 solum
1025 2170 1396 2228 abundantiam
1441 2173 1700 2226 fructuum
1744 2171 1990 2236 recipies,
2035 2170 2128 2223 sed

557 2247 716 2299 etiam
747 2246 1024 2299 sanitatem
1069 2246 1308 2312 corporis
1355 2241 1714 2310 Conseanris.
1761 2239 2128 2312 Replebtmtur,

559 2317 747 2384 inquit,
773 2333 903 2370 arca:
923 2326 1022 2368 tuo:
1048 2310 1316 2384 frumento,
1351 2313 1462 2384 vino
1501 2327 1699 2384 quoque
1722 2310 2008 2384 toreularia
2045 2320 2132 2364 tua

559 2380 942 2448 redundabant;
985 2380 1057 2438 σι’
1079 2401 1177 2436 non
1207 2392 1352 2436 erunt
1385 2380 1528 2435 ineis
1573 2380 1731 2434 morbi
1763 2397 1919 2445 neque
1960 2397 2127 2433 casas.

556 2456 688 2509 Cum
715 2458 854 2510 enim
881 2456 1116 2510 decimas
1155 2454 1330 2508 damlo
1357 2463 1410 2507 ct
1439 2463 1642 2505 terrena
1673 2452 1978 2505 ctcmlestia
2007 2465 2130 2518 pos-

558 2526 632 2596 sis
657 2543 872 2580 numera
901 2526 1210 2596 promereri;
1239 2540 1403 2596 quare
1433 2539 1524 2591 per
1547 2522 1824 2576 avaritiam
1855 2521 2052 2589 duplici
2079 2531 2132 2574 te

559 2595 924 2650 benedictione
952 2594 1266 2648 deft-audias?

628 2666 681 2718 2.
713 2665 972 2718 Decimum
994 2675 1254 2733 negantem
1304 2663 1438 2715 Deus
1467 2663 1532 2715 ad
1570 2662 1732 2715 solam
1781 2663 2022 2714 decimam
2053 2679 2132 2714 rc-

559 2735 704 2804 digit.
763 2735 1088 2806 Indulgentia
1113 2746 1184 2786 est
1225 2734 1576 2806 qaod_noven_t_
1601 2744 1898 2806 partesuon
1943 2733 2128 2806 exigat.

562 2802 696 2858 Audi
723 2821 870 2875 ergo,
905 2802 1150 2859 iiidcvota
1185 2803 1501 2875 Inortalitas.
1533 2802 1683 2855 Nosti
1714 2804 1834 2870 quia
1855 2803 1956 2875 Dei
2009 2809 2132 2854 sunt

559 2871 878 2944 cunctaqua'.
893 2876 1138 2944 percipis,
1162 2874 1304 2928 etde
1327 2889 1424 2926 suo
1441 2871 1546 2944 non
1561 2872 1931 2944 accommodas
1953 2887 2129 2926 rermn

559 2943 794 2998 omnium
827 2943 1059 2999 Creatori
1079 2945 1101 2997 ἲ
1119 2945 1231 2997 Non
1259 2955 1374 3012 eget
1398 2943 1649 2996 Dominus
1677 2943 1834 3008 Deus,
1860 2957 1966 2996 non
1997 2958 2133 3011 prte-

560 3017 722 3068 mium
757 3018 1002 3084 postulat,
1035 3016 1126 3069 sed
1157 3015 1434 3078 honorem,
1463 3028 1568 3066 non
1596 3013 1662 3066 de
1685 3023 1774 3084 tuo
1797 3013 1994 3084 aliquid
2019 3013 2134 3067 exi-

557 3085 634 3153 git
663 3083 802 3154 quad
831 3086 1100 3140 refundas.
1131 3085 1394 3138 Primitias
1423 3099 1602 3138 rerum
1629 3093 1684 3137 et
1717 3083 1951 3154 decimas
1977 3087 2128 3154 petit,

558 3166 605 3206 et
637 3153 820 3224 negas?
853 3161 1043 3217 Avare,
1066 3155 1190 3224 quid
1224 3156 1445 3219 faceres,
1479 3154 1524 3206 si
1546 3169 1734 3224 novem
1763 3153 2002 3224 partibus
2031 3153 2130 3224 sibi

559 3223 802 3294 smnptis,
853 3228 945 3280 tibi
988 3223 1246 3279 decimam
1285 3223 1623 3294 reliquisset?
1651 3223 1804 3290 Quod
1837 3233 1981 3277 certe
2021 3223 2129 3292 jam

561 3293 754 3348 factum
791 3306 891 3360 est,
914 3311 1038 3356 cum
1069 3295 1258 3348 messis
1303 3303 1388 3346 tua
1433 3293 1726 3362 pluviarum
1765 3293 2132 3348 benedictione

559 3366 832 3419 subtracta
873 3367 1052 3436 jejuna
1115 3365 1328 3436 defecit,
1375 3363 1812 3436 et_viudemiam_
1851 3374 1991 3416 tuam
2039 3373 2133 3436 aut

558 3437 762 3503 grando
785 3433 1062 3504 percussit,
1091 3445 1182 3487 aut
1211 3435 1397 3503 pruina
1420 3433 1650 3487 decoxit.
1681 3433 1814 3502 Quid
1843 3445 1944 3500 est,
1975 3435 2128 3489 avide

558 3509 915 3576 supponitur?
944 3505 1144 3560 Novem
1193 3505 1285 3558 tibi
1323 3513 1499 3576 partes
1529 3514 1773 3576 retractas
1819 3513 1968 3576 sunt,
2005 3506 2130 3573 quia

557 3574 816 3630 decimam
861 3577 990 3632 dare
1036 3577 1270 3630 noluisti.
1321 3574 1541 3628 Constat
1567 3575 1802 3643 quidem,
1835 3575 1974 3644 quod
2018 3575 2131 3643 ipse

559 3663 661 3698 non
689 3648 934 3712 dederis;
970 3648 1062 3702 sed
1092 3657 1264 3701 tamen
1305 3646 1446 3698 Deus
1468 3647 1662 3713 exegit.
1695 3646 1818 3699 llazc
1859 3647 1999 3700 enim
2049 3658 2131 3698 est

558 3716 852 3784 justissima
889 3719 1094 3772 Domini
1126 3716 1473 3776 consuetudo,
1503 3724 1562 3768 ut
1589 3718 1630 3768 si
1657 3725 1712 3769 tu
1746 3715 2006 3770 decimam
2055 3717 2130 3770 illi

561 3802 664 3840 non
691 3789 920 3848 dederis.
953 3797 1008 3841 tu
1039 3788 1101 3840 ad
1133 3789 1394 3840 decimam
1417 3788 1685 3839 revoccris
1719 3804 1732 3839 :
1767 3787 2020 3854 scriptum
2049 3795 2134 3840 est

559 3858 722 3920 cnim,
759 3857 881 3911 "(ac
905 3859 1023 3910 dicit
1050 3858 1315 3917 Dominus,
1347 3857 1480 3926 Quia
1505 3856 1697 3909 decima
1720 3858 1828 3925 agri
1856 3858 1927 3909 tui
1951 3866 1998 3910 et
2022 3858 2128 3926 pri-

558 3927 714 3978 mitia:
754 3937 900 3981 terra:
939 3929 1188 3980 vobiscum
1221 3937 1357 3990 sicut.
1390 3925 1550 3978 Video
1577 3942 1692 3992 vos,
1723 3937 1776 3980 et
1825 3925 2133 3980 fallereilne

559 3996 926 4060 existimastis,
957 3999 1095 4049 intus
1121 3998 1171 4048 in
1205 3997 1468 4048 thesauris
1489 3998 1681 4050 vestris
1711 4006 1764 4049 et
1795 3998 1846 4048 in
1885 3997 2132 4051 domibus

561 4067 751 4119 vestris
773 4069 876 4120 erit
903 4068 1129 4133 direptio
1157 4069 1195 4118 ¹.
1224 4066 1380 4118 Dabis
1427 4066 1592 4133 impio
1637 4066 1810 4131 militi,
1844 4067 1984 4134 quod
2027 4082 2132 4122 non

559 4137 638 4187 Vis
665 4136 792 4190 dare
817 4137 1098 4192 sacerdoti.
1129 4135 1481 4189 Convertimini
1506 4137 1573 4186 ad
1613 4152 1707 4198 uie,
1737 4138 1856 4188 dicit
1886 4137 2135 4191 Dominus

560 4207 872 4276 omnipotens
895 4207 1142 4277 (:llulach.
1177 4223 1254 4266 In,
1285 4207 1445 4277 7),_ut
1487 4207 1717 4277 aperiam
1745 4207 1895 4260 vobis
1924 4216 2134 4260 catara-

559 4285 673 4330 ctas
701 4275 853 4342 ’cteli,
903 4275 963 4332 et
1000 4277 1262 4332 effundam
1311 4275 1459 4328 vobis
1491 4275 1911 4332 benedictionem
1961 4293 2134 4332 meam

559 4346 788 4416 desuper
819 4366 831 4400 :
865 4359 909 4400 ct
931 4365 1038 4401 non
1068 4349 1202 4401 vobis
1231 4355 1611 4414 corrumpentur
1637 4349 1830 4417 fructus
1856 4357 2018 4410 terrm,
2049 4365 2137 4402 ne-

563 4432 658 4484 que
685 4419 934 4487 languebit
961 4420 1071 4470 ritis
1108 4419 1302 4486 inagro
1329 4427 1508 4479 vestro,
1538 4427 1588 4487 et
1633 4419 1800 4471 beatos
1845 4435 1930 4470 vos
1973 4420 2138 4473 dicent

567 4503 736 4541 omnes
753 4486 917 4556 gentes
940 4487 989 4560 (1
998 4489 1123 4570 lii-(1.,
1147 4489 1202 4568 -I_-l
1227 4497 1270 4539 et
1292 4487 1400 4556 1‘2).
1423 4486 1899 4570 [leuefacere'Dens
1927 4505 2139 4570 semper

563 4570 776 4622 paratus
797 4569 896 4621 est;
925 4557 1016 4612 sed
1037 4559 1310 4611 hominum
1351 4557 1548 4610 malitia
1587 4558 1894 4624 prohibetur
1923 4576 1934 4610 :
1963 4557 2084 4627 quia
2106 4577 2136 4614 a

565 4629 786 4681 Domino
818 4630 924 4683 Deo
951 4630 1047 4681 sibi
1071 4630 1181 4681 dari
1211 4629 1320 4680 vnlt
1341 4628 1540 4698 omnia,
1568 4636 1622 4680 et
1646 4644 1748 4680 non
1791 4628 1858 4682 de
1913 4628 1994 4682 his
2020 4645 2137 4698 qme

565 4701 834 4763 possidere
891 4701 1101 4753 videtur
1141 4699 1252 4751 vult
1300 4699 1350 4751 ei
1391 4697 1604 4752 oll'erre.
1645 4699 1802 4766 Quid,
1859 4699 1902 4752 si
1939 4697 2139 4755 diceret

565 4770 722 4832 Deus,
756 4771 954 4840 Nempe
985 4785 1135 4823 meus
1179 4785 1254 4830 es,
1299 4767 1478 4832 homo,
1527 4784 1684 4837 quem
1733 4769 1857 4833 feci,
1911 4785 2026 4824 mea
2057 4781 2137 4826 est

561 4851 699 4893 terra
752 4857 909 4910 quam
967 4841 1117 4903 colis,
1172 4855 1286 4911 mea
1340 4848 1464 4892 sunt
1492 4841 1692 4894 semina
1742 4857 1860 4909 qua:
1907 4841 2134 4911 spargis,

561 4925 676 4962 mea
703 4913 944 4964 animalia
969 4929 1085 4981 qua:
1109 4910 1313 4978 fatigas,
1339 4911 1440 4963 mei
1472 4919 1595 4963 sunt
1625 4911 1822 4966 imbres
1849 4919 1903 4964 ct
1925 4910 2134 4980 pluvizc,

565 4990 839 5034 \entorum
872 4983 1081 5034 ﬂamina
1111 4997 1225 5035 mea
1255 4989 1396 5044 sunt,
1427 4995 1577 5033 mens
1603 4989 1684 5034 est
1701 4982 1830 5035 solis
1860 4983 2006 5035 calor
2041 5001 2052 5036 :
2085 4993 2140 5036 et

563 5065 684 5100 cum
713 5054 888 5104 «nimia
915 5067 1029 5106 mea
1070 5053 1175 5104 sint
1195 5051 1458 5105 elementa
1485 5051 1717 5116 vivendi,
1748 5059 1801 5104 tu
1831 5053 1920 5120 qui
1951 5068 2138 5107 manus

563 5121 954 5186 accommodas,
987 5121 1154 5174 solam
1201 5123 1458 5175 decimam
1511 5121 1836 5175 merebaris?
1879 5123 1983 5176 Sed
2015 5124 2134 5191 quia

566 5191 649 5256 pie
673 5205 767 5241 nos
791 5193 1306 5260 pascitomnipmens
1339 5192 1499 5256 Deus,
1531 5191 1916 5259 amplissimam
1951 5195 2134 5248 tribuit

495 5291 506 5301 -
565 5261 737 5314 minus
762 5261 1016 5312 laboranti
1043 5263 1484 5321 mercedem;sihi
1511 5271 1710 5316 tantum
1731 5263 1991 5316 decimam
2027 5279 2135 5316 vm-

561 5331 769 5394 dicans,
801 5331 952 5384 nobis
979 5331 1154 5382 otunia
1178 5331 1516 5386 condonavit.

630 5403 682 5456 5.
715 5401 788 5453 De
810 5401 948 5453 bonis
995 5401 1074 5452 hic
1115 5400 1236 5453 bene
1278 5402 1550 5469 agendum.
1601 5401 1820 5456 Frustra
1865 5403 1979 5457 aliis
2025 5403 2132 5456 lucc

560 5489 682 5526 cura
710 5481 952 5526 servatur.
990 5469 1218 5522 Decimus
1249 5487 1346 5524 non
1374 5473 1500 5526 dans
1548 5490 1625 5528 res
1681 5473 1873 5528 invadit
1916 5475 2128 5528 alienas.

623 5635 636 5660 ι
667 5638 746 5678 tus.
772 5628 856 5686 ει..
879 5639 970 5677 non
1007 5625 1159 5676 solum
1195 5639 1244 5676 tu
1291 5624 1432 5675 terris
1475 5626 1673 5685 castris,
1705 5629 1790 5678 sed
1814 5631 1959 5680 etiam
1979 5627 2028 5678 in
2049 5629 2134 5676 do-

560 5687 712 5760 mibus
729 5689 820 5739 erit
842 5688 1078 5760 (llrt’llllol;
1102 5697 1196 5760 vat...
1235 5695 1427 5760 autem:
1451 5693 1614 5760 Aunus
1633 5699 1936 5760 ronsuinptus
1974 5697 2042 5760 est
2060 5727 2071 5748 ,
2097 5699 2138 5739 et

562 5750 772 5814 decimas
795 5763 922 5814 mens
937 5749 1158 5814 intulistis
1175 5752 1223 5802 in
1242 5749 1478 5800 thesauris
1503 5749 1682 5800 vestris.
1710 5751 1807 5802 Erit
1831 5749 1958 5802 enim
1981 5751 2144 5814 dirip-

563 5810 624 5860 tio
648 5812 694 5862 in
713 5811 928 5862 domibus
943 5813 1122 5863 vestris.

1993 361 2354 418 AI’PENDIX.

3683 373 3834 428 9.963

2237 480 2466 554 Aliarum
2515 498 2688 554 norem
2739 483 2957 554 partium
3003 500 3140 538 usus.
3191 483 3396 554 Ingrato
3439 485 3724 542 fraudato:-
3767 503 3838 542 ac

2233 551 2454 628 perlidc,
2507 551 2688 628 divina
2715 551 2764 628 te
2805 551 3430 628 voceconveniofAEece
3481 573 3664 612 annus
3713 559 3832 628 jam

2235 621 2408 692 liuilus
2445 632 2547 682 est,
2599 623 2762 678 redde
2812 625 3034 676 Domino
3093 625 3290 692 pluenti
3339 628 3672 682 mercedem.
3713 621 3836 684 lie-

2231 689 2372 744 dime
2401 700 2470 752 te,
2507 695 2684 764 homo,
2719 693 2842 747 dum
2885 696 3050 758 vivis;
3095 689 3300 750 redime
3335 707 3386 750 te
3439 697 3638 764 ipsum,
3695 700 3836 751 dum

2235 769 2417 832 potes;
2454 763 2652 818 redime
2682 774 2752 828 te,
2785 765 2910 818 dum
2943 767 3170 832 pretium
3217 767 3266 818 in
3318 763 3562 822 mauilms
3613 769 3828 830 babes;

2235 831 2437 904 redime
2469 841 2538 892 te,
2569 850 2634 887 ne
2655 835 2780 888 dum
2813 845 2862 888 te
2891 831 3034 888 mors
3061 853 3238 890 amara
3263 841 3604 904 prtcvenerit,
3651 840 3830 892 vitam

2233 901 2468 958 simulet
2507 905 2732 970 pretium
2783 905 2992 972 perdas.
3051 907 3176 960 Sine
3233 901 3390 960 causa
3445 909 3546 962 hoc
3583 901 3834 962 dimittis

2235 972 2410 1035 uxori,
2442 991 2560 1039 qua:
2592 974 2808 1028 forsitan
2833 976 3054 1028 alterum
3107 975 3318 1030 habebit
3361 980 3636 1032 maritum.
3693 980 3834 1032 Sine

2234 1055 2390 1114 causa
2425 1043 2524 1096 hoc
2549 1046 2738 1098 marito
2767 1045 3010 1110 dimittis,
3065 1047 3274 1104 mulier.
3320 1049 3407 1114 qui
3463 1047 3600 1102 forte
3655 1051 3828 1103 aliain

2235 1110 2348 1164 sine
2379 1129 2524 1194 mora
2565 1115 2710 1194 rupit
2751 1115 2946 1169 habere
2969 1133 3208 1194 uxorem.
3230 1110 3466 1194 _Ft'ustra
3501 1122 3830 1186 parentibus

2233 1195 2294 1232 ac
2325 1185 2633 1250 propinquis
2657 1201 2837 1238 curam
2873 1195 3016 1238 tuam
3047 1185 3274 1256 injungis
3302 1204 3314 1238 :
3344 1185 3652 1256 nemoipost
3681 1207 3828 1242 mor-

2237 1261 2340 1302 tem
2369 1261 2507 1324 tuam
2539 1267 2588 1308 te
2628 1255 2855 1310 lideliter
2887 1256 3130 1320 redimet;
3159 1257 3276 1324 quia
3303 1259 3352 1309 in
3379 1261 3481 1312 vita
3509 1255 3566 1313 tu
3594 1269 3648 1313 te
3673 1261 3824 1314 redi-

2235 1335 2380 1394 mere
2403 1323 2640 1378 noluisti.
2675 1326 2891 1392 Depone
2911 1327 3021 1394 jam
3061 1327 3128 1380 de
3157 1323 3448 1382 cervicibus
3485 1331 3590 1382 tuis
3639 1333 3824 1384 avari-

2237 1390 2322 1443 ti:e
2369 1395 2653 1454 sarcinam,
2715 1390 2998 1449 contemne
3045 1397 3464 1452 crudelissimam
3513 1399 3826 1454 dominam:

2235 1463 2502 1536 quzcdnm
2548 1465 2750 1534 tejngo
2794 1465 3079 1520 duriSsimo
3123 1468 3329 1536 premit,
3379 1469 3564 1536 jugum
3611 1471 3830 1524 Christi

2236 1534 2502 1608 suscipere
2539 1551 2640 1587 non
2676 1537 2950 1608 permittit.
2989 1534 3136 1590 Sicut
3169 1538 3310 1608 enim
3349 1534 3532 1608 jugum
3572 1542 3828 1595 avaritia:

2241 1604 2292 1658 in
2317 1604 2575 1656 infermun
2602 1621 2863 1673 premere,
2899 1607 2967 1659 ita
2992 1608 3174 1674 jngmn
3199 1607 3392 1661 Christi
3411 1604 3474 1662 in
3505 1613 3714 1666 cmlum
3741 1615 3820 1666 le-

2235 1690 2359 1728 vare
2385 1679 2684 1750 consuevit.
2720 1676 2948 1750 Det-inite
2976 1679 3210 1750 enimex
3236 1678 3414 1733 debito
3443 1683 3824 1750 requiruntur.

2235 1753 2289 1798 ct
2309 1745 2395 1812 qui
2428 1745 2672 1821 casdare
2690 1747 2949 1821 noluerit,
2973 1763 3058 1821 res
3079 1745 3606 1821 alienasinvasithl
3629 1755 3824 1821 quanti

2237 1829 2495 1881 pauperes
2523 1815 2570 1866 in
2603 1815 2752 1880 locis,
2779 1818 2862 1870 ubi
2899 1817 3010 1884 ipse
3037 1817 3256 1883 habitat,
3287 1820 3376 1872 illo
3417 1815 3666 1874 decimas
3715 1839 3824 1874 non

2235 1886 2394 1938 dante
2418 1884 2554 1938 fame
2583 1887 2774 1940 mortui
2829 1887 3043 1948 fuerint,
3095 1897 3358 1942 tantorqu
3405 1891 3826 1946 lunniciliorum

2237 1971 2357 2029 reus
2383 1965 2504 2029 ante
2535 1957 2963 2029 trilmnala'terni
2985 1957 3184 2011 Judicis
3209 1962 3482 2028 apparebit
3505 1980 3516 2013 :
3543 1963 3670 2029 quia
3709 1979 3824 2016 rem

2235 2041 2264 2078 a
2293 2026 2514 2096 Domino
2561 2027 2880 2094 pauperibus
2913 2027 3208 2096 delegatam
3251 2026 3363 2082 suis
3409 2026 3592 2084 usibus
3631 2049 3824 2086 rescr-

2239 2095 2396 2148 vavit.
2436 2095 2536 2162 Qui
2585 2113 2716 2169 ergo
2743 2097 2842 2150 sibi
2866 2107 2958 2150 aut
3003 2095 3278 2164 prminiom
3331 2113 3670 2169 comparare,
3732 2115 3822 2157 aut

2237 2176 2574 2239 peccalormn
2606 2167 2878 2239 desiderat
2909 2169 3285 2235 indulgentiam
3319 2167 3652 2239 promereri;
3695 2177 3820 2226 red-

2237 2236 2328 2290 dat
2355 2236 2618 2307 decimas,
2653 2247 2706 2292 et
2731 2238 2798 2292 de
2819 2255 3005 2294 novem
3055 2241 3290 2307 partibus
3319 2236 3542 2296 sordeat
3579 2245 3824 2296 ειυς-τηει-

2238 2322 2424 2379 synam
2455 2306 2580 2379 dare
2607 2323 2619 2358 :
2649 2308 2718 2360 ita
2749 2317 2946 2372 tamen,
2977 2319 3034 2362 ιιι
3057 2306 3132 2362 de
3163 2310 3290 2376 ipsis
3340 2329 3526 2364 novem
3578 2317 3828 2379 partibus

2237 2376 2510 2446 quidquid.
2541 2387 2764 2447 excepto
2793 2379 2932 2432 victu
2965 2379 3216 2432 mediocri
3267 2391 3320 2433 et
3351 2383 3542 2436 vestitu
3577 2376 3826 2436 rationa-

2239 2447 2354 2509 bili,
2388 2447 2726 2514 superfuerit,
2751 2463 2854 2502 non
2881 2449 3100 2504 luxuria:
3145 2464 3462 2512 reservetur,
3489 2451 3580 2505 sed
3617 2454 3668 2505 in
3709 2457 3834 2506 the-—

2237 2531 2396 2591 sauro
2423 2518 2624 2591 cmlcsti
2655 2533 2747 2586 per
2768 2521 3160 2591 electilesynam
3187 2536 3472 2588 pauperum
3501 2535 3824 2591 reponatur.

2237 2587 2502 2661 Quidquid
2533 2589 2682 2661 enim
2707 2587 3028 2661 nobisDeus
3059 2591 3174 2657 plus
3199 2607 3354 2658 quam
3401 2607 3536 2661 Opus
3567 2587 3664 2647 est
3725 2596 3827 2648 de-

2237 2657 2398 2722 derit,
2431 2674 2534 2732 n_on
2566 2658 2717 2710 nobis
2743 2660 3046 2732 specialiter
3071 2657 3232 2732 dedit,
3285 2663 3377 2716 sed
3433 2657 3528 2732 per
3573 2681 3676 2718 nos
3707 2667 3830 2718 aliis

2237 2727 2562 2809 erogandum
2594 2731 2886 2784 transmisit
2917 2732 2994 2784 :si
3021 2747 3127 2784 non
3151 2727 3476 2794 dederimus,
3505 2749 3592 2788 res
3613 2736 3830 2790 alienas

2237 2813 2544 2852 tnvasunus.
3161 2861 3166 2864 _

2307 2869 2360 2922 4.
2391 2869 2467 2920 Ad
2487 2869 2754 2942 festuqu.
2781 2870 3000 2942 Joannis
3039 2889 3092 2926 se
3117 2889 3315 2942 parare.
3363 2873 3472 2926 Hoc
3493 2875 3575 2928 die
3619 2877 3826 2928 etlmica

2237 2938 2438 2992 lavacra
2457 2956 2649 3013 cauere.
2679 2941 2746 3013 Et
2763 2943 2882 3010 quia
2909 2941 3094 3013 Natale
3117 2938 3290 2997 sancti
3310 2943 3529 2998 Joatmis
3559 2947 3826 3013 Baptism

2237 3023 2354 3084 cum
2383 3010 2574 3078 gaudio
2598 3011 3154 3084 cupimuscelebrare.
3199 3015 3334 3068 sicut
3363 3015 3580 3084 reliquis
3611 3010 3824 3070 festivi-

2239 3080 2434 3156 tatibus
2450 3081 2942 3156 supervenientibus
2959 3099 2985 3156 ;_
3003 3082 3072 3136 ita
3099 3085 3408 3156 imminente
3429 3080 3526 3139 isia
3550 3096 3656 3140 tam
3677 3103 3828 3156 prte-

2237 3150 2378 3204 clara
2411 3151 2750 3207 solemnitate
2790 3163 2914 3208 ante
2939 3153 3116 3222 plures
3143 3154 3259 3208 dies
3289 3157 3586 3209 castitatem
3631 3150 3694 3210 εί
3731 3158 3830 3212 ho-

2239 3231 2497 3275 nestatem
2521 3236 2708 3276 omnes
2751 3225 2972 3277 omnino
3023 3225 3345 3286 custodiant;
3387 3235 3442 3279 ut
3472 3226 3826 3282 festivitatem

2238 3289 2391 3362 istam
2423 3293 2626 3360 possint
2651 3307 2839 3346 omnes
2869 3309 2988 3346 cum
3028 3295 3218 3362 gaudio
3237 3295 3532 3360 celebrare,
3561 3307 3620 3352 et
3649 3299 3716 3350 ad
3751 3299 3828 3350 al-

2237 3369 2350 3416 tare
2373 3361 2580 3414 Domini
2608 3378 2730 3416 cum
2755 3364 2918 3418 libera
2941 3373 2994 3417 et
3022 3361 3229 3419 Sincera
3277 3367 3598 3421 conscientia
3641 3383 3824 3422 mere-

2237 3432 2836 3506 antur_accedere.f_lloc
2859 3435 3018 3506 etiam
3061 3436 3318 3503 deprecor
3343 3445 3398 3490 ct
3437 3454 3530 3506 per
3585 3447 3828 3494 tremen-

2237 3501 2362 3554 dum
2391 3501 2530 3555 diem
2555 3503 2736 3570 judicii
2765 3520 2859 3558 vos
2903 3505 3112 3572 adjnro,
3134 3501 3210 3558 ut
3251 3501 3450 3561 omnes
3485 3509 3694 3562 vicinos
3735 3526 3828 3562 ve-

2236 3579 2399 3646 stros,
2424 3587 2610 3646 onines
2637 3574 2883 3640 familias,
2912 3583 2966 3628 ct
2989 3586 3210 3630 cunctos
3255 3577 3320 3630 ad
3358 3593 3452 3630 vos
3491 3580 3826 3646 pertinentes

2236 3642 2637 3718 admoneatisf,
2667 3653 2866 3718 etcum
2893 3647 3010 3700 zelo
3039 3647 3127 3718 Dei
3159 3642 3824 3718 severissimecastigetis;

2237 3727 2306 3766 ne
2333 3712 2540 3766 ullusin
2573 3713 2854 3784 festivitate
2891 3717 3058 3769 sancti
3086 3716 3305 3770 Joannis
3329 3727 3419 3771 aut
3459 3719 3512 3771 in
3559 3712 3820 3784 tinnitibus,

2237 3794 2327 3836 aut
2351 3784 2400 3836 in
2429 3783 2726 3850 paludibus,
2759 3795 2848 3839 aut
2869 3787 2920 3839 in
2952 3786 3280 3851 fluminibus,
3305 3791 3578 3842 nocturnis
3593 3799 3689 3842 aut
3719 3783 3826 3842 ma?

2239 3853 2420 3907 tutinis
2461 3853 2608 3928 horis
2638 3870 2698 3928 _s_e
2743 3856 2918 3928 lavare
2957 3865 3243 3928 praesumat
3273 3875 3286 3909 :
3318 3858 3439 3925 quia
3483 3859 3578 3912 ista
3639 3859 3824 3913 infelix

2237 3925 2566 3995 consuetudo
2585 3925 2760 3979 adhuc
2779 3925 2847 3980 de
2871 3925 3198 3995 Paganorum
3221 3929 3588 3982 observatione
3607 3946 3826 3982 reman-

2238 3995 2327 4068 sit.
2351 3993 2484 4047 Cum
2513 3995 2656 4049 enim
2687 4011 2791 4049 non
2811 3993 2985 4068 solum
3005 3999 3216 4058 animte,
3241 3999 3332 4052 sed
3360 3998 3540 4062 etiam,
3570 4001 3713 4068 quod
3733 4017 3827 4067 pc-

2235 4065 2322 4138 jus
2343 4075 2440 4129 est,
2475 4081 2700 4138 corpora
2729 4067 3156 4138 frequentissime
3195 4069 3245 4121 in
3287 4069 3369 4122 illa
3395 4065 3648 4138 sacrilega
3675 4065 3824 4122 lava-

2242 4135 2383 4208 tione
2407 4137 2701 4208 moriantur
2731 4137 2855 4208 :rvel
2889 4139 2956 4191 de
2975 4139 3217 4205 corporis
3251 4151 3422 4208 morte
3463 4135 3708 4206 timeant,
3733 4141 3824 4208 qui

2240 4205 2522 4277 deanima:
2549 4221 2659 4259 sua:
2697 4207 2869 4260 salute
2900 4221 3004 4262 non
3036 4208 3288 4277 cogitant.
3319 4207 3422 4262 Sed
3467 4209 3736 4263 credimus
3755 4205 3827 4264 de

2241 4275 2332 4328 Dei
2362 4277 2753 4348 misericordia,
2779 4278 2917 4345 quod
2936 4275 3316 4347 castigantibus
3342 4280 3488 4332 \obis
3515 4289 3608 4332 aut
3641 4283 3820 4348 pauci,

2240 4355 2328 4398 ant
2355 4347 2489 4400 forte
2519 4347 2694 4400 nullus
2721 4349 2820 4401 hoc
2857 4349 3050 4400 malum
3092 4349 3160 4402 de
3197 4351 3400 4416 reliquo
3451 4347 3678 4404 audebit
3731 4351 3822 4402 ad-

2241 4418 2468 4470 mittere.
2501 4417 2671 4470 Etiam
2709 4427 2758 4470 et
2785 4419 2884 4471 hoc
2904 4417 3208 4482 admonete,
3260 4419 3466 4482 fratres,
3509 4428 3569 4472 ut
3612 4423 3823 4472 cantica

2243 4488 2411 4554 turpia
2451 4496 2508 4540 ct
2549 4487 2837 4551 luxuriosa,
2887 4489 3116 4542 castitati
3161 4499 3214 4542 et
3271 4490 3530 4542 honestati
3581 4491 3818 4552 inimica,

2243 4555 2456 4628 familiar.
2479 4567 2668 4611 vestra:
2707 4575 2768 4612 ex
2801 4573 2896 4612 ore
2931 4574 3033 4610 non
3093 4559 3390 4626 proferant;
3433 4561 3552 4628 quia
3593 4577 3699 4614 non
3745 4571 3828 4614 est

2237 4627 2438 4695 justum
2459 4639 2515 4700 ut
2537 4643 2603 4681 ex
2627 4629 2716 4700 illo
2743 4643 2854 4690 ore,
2887 4629 2973 4682 tibi
3003 4628 3335 4700 Eucharislia
3359 4627 3552 4683 (Zhristi
3583 4632 3824 4700 ingredi-

2243 4707 2348 4768 tur,
2377 4699 2638 4751 canticum
2671 4699 2996 4752 luxuriosum
3031 4699 3112 4750 vel
3141 4703 3454 4752 amatorium
3490 4699 3820 4768 proferatur.

2243 4767 2370 4821 Htcc
2427 4769 2567 4821 enim
2634 4769 2677 4821 si
2731 4769 3024 4823 secundum
3093 4779 3322 4824 vestram
3379 4767 3824 4824 conslietudinem

2243 4837 2477 4910 libenter
2497 4838 2712 4910 auditis,
2753 4847 2807 4893 et
2845 4839 3058 4910 Christo
3093 4841 3380 4894 auxiliante
3427 4841 3649 4910 implere
3698 4857 3822 4894 con-

2245 4908 2492 4972 tenditis;
2532 4917 2587 4962 et
2632 4909 2684 4962 in
2723 4910 2825 4963 hoc
2863 4909 3060 4964 sacculo
3099 4920 3402 4964 sanctorum
3445 4908 3816 4966 solemnitates

2245 4979 2442 5033 mundo
2462 4980 2626 5033 corde
2653 4989 2706 5034 et
2731 4989 2880 5034 casto
2921 4995 3144 5048 corpore
3183 4995 3302 5034 cum
3341 4981 3531 5048 g.indio
3577 4982 3822 5035 celebra-

2243 5049 2386 5114 bitis,
2414 5058 2469 5103 et
2497 5049 2548 5102 in
2573 5049 2753 5104 futuro
2769 5050 2968 5104 saeculo
2989 5050 3054 5103 ad
3084 5054 3314 5118 ipsorum
3339 5053 3664 5104 consortium
3696 5053 3816 5106 feli-

2243 5120 2377 5191 citer
2399 5119 2642 5191 venietis,
2677 5119 2792 5187 ipso
2813 5130 3096 5189 praestante
3122 5121 3205 5174 cui
3235 5131 3318 5176 est
3346 5123 3518 5176 honor
3547 5131 3604 5177 et
3643 5122 3818 5191 gloria

2245 5189 2296 5243 in
2327 5189 2518 5244 smcula
2547 5193 2886 5244 szeculorum.
2918 5191 3110 5246 Amen.

2671 5281 2898 5337 SERMO
2923 5283 3268 5338 CCLxxvut
3297 5285 3395 5354 (τι).

2815 5380 2884 5422 De
2919 5377 3139 5436 Auguriis
3157 5373 3247 5437 (b).

2319 5459 2369 5511 l.
2411 5455 2914 5512 Contentio-auctoris
2943 5469 2996 5511 ut
3035 5475 3066 5511 a
3090 5459 3337 5528 sortilegis
3369 5461 3584 5526 populos
3622 5471 3812 5513 avocet.

2311 5569 2324 5600 ¹
2351 5569 2608 5631 sequentia
2633 5581 2696 5617 et
2719 5569 3052 5630 manuscriptis
3073 5570 3276 5631 primum
3299 5571 3503 5620 edimus.

2309 5631 2380 5694 ((ι)
2413 5630 2550 5694 olim,
2569 5631 2633 5679 de
2649 5638 2884 5694 'l'empore
2907 5631 2990 5679 Elii
3015 5646 3027 5690 ;
3052 5630 3102 5681 et
3117 5639 3232 5694 post.
3249 5669 3262 5692 ,
3293 5633 3338 5680 in
3359 5631 3632 5694 Appendice
3653 5631 3732 5680 68.

2311 5692 2379 5752 (ὁ)
2403 5693 2596 5740 Muttine
2621 5693 2864 5752 Augustini
2889 5694 3051 5743 citavit
3083 5693 3196 5741 olim
3237 5692 3496 5742 militiicius
3525 5698 3820 5752 Moguntinus

2251 5755 2426 5813 ey-iscol
2445 5767 2503 5801 us
2537 5762 2876 5800 nertnanorum
2891 5755 3048 5803 dictus
3071 5755 3316 5814 Apostolus
3333 5789 3348 5814 ,
3373 5757 3420 5803 in
3441 5755 3644 5816 epistola
3665 5757 3722 5804 ad
3747 5765 3818 5804 ta-

2247 5817 2456 5864 chariam
2495 5827 2678 5875 papam.
2707 5816 2834 5863 Itaud
2869 5818 3104 5868 innuento
3127 5824 3288 5866 tamen
3323 5830 3411 5880 per
3435 5818 3756 5868 Lovanieuscs
3775 5818 3816 5867 ii
