3986 6468
881 376 890 386 1
923 368 1046 388 -¢<_-.'"

309 433 458 492 1289

307 564 529 605 servare
576 553 682 602 tota
725 543 1018 601 intentione
1063 540 1408 605 Studeamus;
1457 549 1514 594 ut
1544 541 1643 595 ista
1687 541 1889 596 cmlesti

305 630 369 675 εί
388 615 926 702 ⁸Ρῖτίιυ³¹Ξηί¹¹¹³άΓίξξὲ
941 611 1269 702 ἓάρρὲῗὲίῖἷδί
1281 611 1643 702 libidini?!
1667 613 1888 702 93".???

305 680 606 759 rapiantur.
635 680 832 759 Eamus
862 680 986 738 illuc
1025 680 1234 738 interim
1275 680 1474 745 corde;
1525 689 1578 736 et
1616 696 1735 759 cum
1774 680 1891 759 dies

301 751 492 841 ιυδίρίί
513 756 764 841 renati".
801 759 1442 841 sequerereadem“
1482 751 1686 841 ante
1731 751 1892 841 119'???

306 819 596 901 impleatur
639 819 767 901 illud
807 819 946 901 quod
975 822 1262 901 qusioius
1285 820 1417 874 dixit
1436 819 1692 901 ,Aly‘ostra
1722 831 1890 901 cutem

305 889 624 954 conversatio
671 897 724 949 in
769 889 906 949 caEIis
949 889 1035 947 est
1071 891 1326 960 (Philipp.
1359 905 1434 954 tu,
1465 889 1593 958 90);
1646 899 1699 944 et
1738 889 1886 954 illud,

307 969 441 1024 Cum
469 969 693 1022 Christus
731 965 1025 1031 apparuerit
1062 963 1162 1015 vita
1206 969 1606 1031 t'estra,_et__vos
1644 976 1758 1012 cum
1799 960 1890 1031 illo

305 1037 698 1110 apparebitis__in
728 1028 890 1106 gloria
923 1031 1144 1110 (Coloss.
1176 1047 1260 1094 ιιι,
1288 1030 1378 1097 4).
1417 1028 1791 1110 Nullamhergo.
1823 1029 1890 1084 de

305 1098 430 1162 istis
456 1098 748 1161 virtutibus
771 1098 1000 1173 quatuor
1026 1102 1201 1173 minus
1243 1113 1398 1173 quam
1444 1098 1660 1173 expedit
1691 1099 1889 1173 idiiiga-

308 1193 452 1232 nnis.
493 1177 628 1244 Quid
668 1167 810 1230 enim
842 1173 934 1226 tibi
953 1171 1211 1244 prodest,
1257 1167 1302 1223 si
1339 1167 1652 1244 charitaiem
1691 1167 1889 1244 habere

307 1238 564 1312 videaris,
592 1255 646 1300 ct
668 1244 924 1314 justitiam
952 1238 1148 1314 habere
1179 1255 1282 1314 non
1313 1238 1486 1314 velis}l
1532 1241 1636 1290 Aut
1674 1238 1800 1314 quid
1837 1247 1889 1293 te

305 1307 564 1386 adjuvare
604 1307 816 1384 poterit,
858 1312 906 1386 si
933 1308 1349 1386 misericordiam
1393 1307 1590 1386 habere
1631 1316 1682 1386 te
1719 1308 1884 1386 dicas,

304 1377 702 1441 et'castitat'em
745 1377 851 1436 nOn
895 1379 1157 1442 habendo.
1206 1388 1257 1434 te
1297 1379 1469 1446 ipsum
1503 1377 1627 1430 odio
1667 1377 1884 1440 habeas,

301 1456 602 1511 secundum
630 1453 757 1508 illud
785 1450 924 1520 quod
963 1450 1218 1520 scriptum
1245 1447 1480 1520 est,Qui
1507 1446 1671 1515 diligit
1702 1448 1884 1516 iniqui-

303 1537 484 1589 tatem,
513 1525 618 1579 odit
646 1517 867 1576 animam
893 1536 1038 1575 suam
1065 1517 1231 1586 (Psal.
1265 1534 1322 1582 ι,
1353 1517 1460 1642 6ἐῖ

381 1597 436 1642 2.
470 1595 685 1642 (Iastitas
723 1609 861 1642 rara.
904 1589 1130 1642 Adulteri
1172 1589 1336 1641 mulli.
1421 1603 1460 1642 at

381 1597 436 1650 2.
470 1587 685 1649 Castitas
703 1609 861 1668 _rara.
904 1589 1130 1668 A-dulteri
1172 1589 1342 1668 multi.
1377 1587 1528 1668 Saepe
1563 1587 1886 1668 abepiscopo

300 1667 662 1719 admonentur.
695 1662 800 1718 Sed
828 1659 958 1715 etab
985 1675 1282 1726 unoquoque
1307 1657 1482 1711 debent
1508 1657 1715 1725 corripi.
1745 1657 1886 1710 Alias

305 1745 630 1806 peccatorum
656 1733 728 1806 ﬁt
773 1731 1053 1806 particeps;
1089 1727 1315 1806 Correpti
1355 1738 1400 1781 et
1439 1743 1540 1780 non
1575 1727 1786 1806 correc_ti
1818 1727 1886 1780 ad

303 1797 603 1873 episcopum
631 1797 1064 1873 deferanturLOb
1089 1799 1383 1873 sceleratum
1413 1797 1887 1873 unumquandoque

305 1866 520 1944 punitur
552 1866 876 1944 Respublica.
918 1869 986 1944 Et
1020 1869 1140 1938 quia
1181 1868 1476 1944 casiitatem
1501 1866 1655 1944 valde
1691 1866 1885 1935 pauCos

300 1936 527 1998 servare
565 1936 700 1997 velle
741 1936 1256 2010 cognoscinfustde
1280 1938 1391 2006 ipsa
1422 1937 1672 2010 castitate
1711 1944 1886 1990 atten-

301 2014 417 2067 tius
455 2006 832 2074 admonemus,
872 2018 1090 2078 propter
1132 2006 1258 2078 illud
1298 2007 1437 2075 quod
1480 2006 1739 2078 scriptum
1780 2015 1880 2072 est,

304 2081 490 2148 Neque
548 2081 843 2150 fornicarii,
873 2075 1042 2150 'ncque
1088 2077 1264 2150 molles
1286 2117 1299 2138 ,
1340 2092 1499 2146 neque
1524 2075 1884 2150 Δῃιιιξειιζριίιηι

303 2143 653 2206 concubitores
677 2143 886 2220 regnum
910 2143 1004 2220 Dei
1031 2146 1352 2220 possidebunt
1389 2143 1422 2199 τ’
1440 2145 1669 2220 et_il_lutl,
1697 2143 1885 2220 ‘chque

301 2223 550 2286 adulteri,
593 2213 755 2289 neque
774 2219 954 2289 ebriosi
986 2213 1192 2289 regnum
1219 2215 1314 2268 Dei
1342 2213 1660 2289 possidebunt
1679 2213 1734 2289 _(|
1763 2213 1878 2289 Cor.

301 2307 384 2357 vl,
413 2293 464 2357 9,
496 2291 606 2359 10).
637 2285 744 2346 Sed
767 2287 907 2358 quod
947 2285 1120 2359 pejus,
1145 2294 1227 2339 est
1265 2285 1416 2339 multi
1453 2294 1576 2359 sunt
1603 2285 1880 2359 quinetiam

297 2353 666 2415 cu'm'uxo'res
699 2353 976 2413 videantur
1012 2353 1234 2419 habere,
1278 2354 1628 2423 persuadente
1668 2353 1882 2408 diabolo

297 2433 606 2485 castitatem
633 2429 967 2484 dissimulant
1005 2425 1310 2489 custodire;
1352 2424 1445 2477 sed
1481 2433 1574 2477 aut
1612 2438 1730 2477 cum
1771 2423 1881 2478 suis

297 2509 400 2554 aut
436 2501 622 2554 alienis
655 2498 862 2552 ancillis
885 2537 902 2562 ,
942 2497 1025 2550 vel
1053 2496 1211 2551 etiam
1252 2494 1504 2548 uxoribus
1541 2502 1630 2548 aut
1670 2493 1880 2548 ﬁliabus

297 2571 615 2634 extraneis,
666 2568 899 2623 libidinis
949 2567 1125 2620 furore
1171 2564 1449 2634 succensi,
1498 2563 1569 2617 ita
1619 2562 1879 2617 adulteria

297 2642 643 2694 committere
695 2653 792 2692 nec
835 2645 1079 2691 metuunt
1133 2649 1231 2688 nec
1281 2633 1639 2698 erubescunt,
1681 2643 1739 2686 ut
1780 2647 1880 2688 nec

299 2708 590 2762 Dominum
643 2709 893 2771 timeant,
941 2721 1041 2761 nec
1081 2705 1325 2758 homines
1368 2714 1728 2758 revereantur.
1775 2701 1877 2757 Sed

291 2778 503 2853 justum
544 2787 690 2842 erat,
725 2776 951 2853 fratres,
992 2786 1050 2830 ιιι
1087 2773 1223 2843 apud
1265 2775 1380 2828 illos
1423 2775 1511 2842 qui
1558 2773 1689 2853 taies
1731 2780 1875 2853 sunt,

295 2843 562 2902 deberent
601 2857 706 2901 tam
736 2847 1039 2915 frequentes
1068 2853 1121 2899 et
1162 2853 1538 2915 totiannorum
1564 2843 1879 2915 admonitng

297 2933 402 2971 nes
432 2927 626 2971 nostra:
665 2911 957 2986 proﬁcere;
997 2917 1055 2969 tit
1097 2929 1195 2986 nec
1235 2914 1302 2968 de
1343 2913 1749 2986 medicamentis
1778 2911 1880 2967 sibi

295 2988 523 3042 vulnera
562 2981 832 3052 facerent,
875 3001 976 3040 nec
1019 2985 1139 3039 inde
1176 2999 1234 3038 se
1265 2982 1602 3048 occiderent,
1643 2981 1785 3036 unde
1820 2997 1879 3037 se

294 3057 572 3111 viviticare
611 3065 856 3126 poterant
883 3074 898 3110 :
929 3056 1050 3124 quia
1091 3054 1367 3126 castigatio
1391 3053 1702 3126 sacerdotis,
1737 3053 1880 3126 sicut

295 3121 674 3182 obedientibus
716 3126 783 3180 ad
824 3121 1068 3194 gloriam,
1103 3125 1173 3177 ita
1212 3121 1637 3194 iiiobedientibus
1672 3123 1776 3194 erit
1811 3121 1878 3176 ad

296 3211 538 3266 paruam.
568 3197 634 3250 Et
666 3197 785 3266 quia
813 3193 904 3266 illi,
935 3195 1072 3248 sicut
1098 3193 1207 3264 jam
1233 3193 1376 3258 dixi,
1400 3208 1572 3262 neque
1600 3193 1877 3266 Dominum

294 3260 635 3332 reverentur,
676 3260 774 3320 nec
813 3265 1056 3319 homines
1098 3260 1383 3332 inetuunt;
1419 3260 1512 3316 vos
1549 3263 1637 3332 qui
1664 3260 1877 3316 Christo

293 3335 596 3404 inSpirante
628 3345 680 3390 et
710 3336 870 3390 ﬁdem
899 3342 954 3389 et
978 3333 1289 3404 charitatem
1321 3331 1546 3386 ﬁdeliter
1575 3331 1873 3404 custoditis,

293 3405 350 3460 si
385 3403 593 3474 quando
622 3407 831 3475 aliquos
865 3413 971 3458 tam
1011 3403 1262 3475 sacrilega
1304 3412 1517 3470 peccata
1544 3403 1878 3475 committere

293 3472 676 3544 cognoveritis,
704 3472 758 3529 et
781 3475 942 3529 semel
970 3482 1025 3528 et
1049 3473 1281 3528 secundo
1307 3475 1544 3544 etitertio
1583 3472 1875 3544 castigate:

293 3542 420 3599 etsi
458 3559 553 3598 vos
580 3545 765 3599 audire
803 3544 1072 3598 uoluerint
1095 3584 1109 3609 ,
1147 3557 1245 3596 nec
1281 3543 1598 3612 colloquimn
1636 3557 1755 3595 cum
1797 3542 1876 3596 eis

294 3613 512 3679 habete,
539 3630 638 3670 nec
669 3614 736 3669 ad
759 3623 994 3669 vestrum
1028 3613 1328 3667 convivium
1365 3627 1457 3666 eos
1491 3619 1752 3674 revocate,
1779 3626 1878 3665 nec

295 3684 355 3737 in
398 3684 604 3737 illorum
631 3685 829 3738 mensis
866 3685 1042 3739 cibum
1081 3697 1202 3738 cum
1230 3682 1309 3736 eis
1345 3682 1556 3745 sumite,
1585 3681 1875 3735 secundum

293 3752 430 3807 illud
466 3753 607 3822 quod
645 3755 930 3822 Apostolus
967 3753 1073 3818 ait,
1104 3751 1230 3822 Cum
1270 3750 1559 3822 hujusmodi
1590 3767 1678 3822 nec
1714 3750 1878 3807 cibum

290 3821 496 3876 sumere
537 3823 648 3891 (Id.
675 3821 726 3887 v,
764 3824 823 3876 Η
849 3824 906 3891 );
947 3830 1006 3875 ιιι
1041 3821 1124 3875 vel
1164 3822 1241 3875 sic
1275 3821 1610 3891 erubescant,
1650 3821 1774 3874 dum
1814 3836 1872 3876 se

292 3891 482 3946 vident
522 3890 592 3947 ab
635 3890 870 3946 honestis
918 3901 972 3946 et
1017 3891 1181 3945 Deum
1240 3890 1548 3944 timentibus
1585 3891 1872 3944 exsecrari.

292 3960 355 4032 Si
381 3963 523 4015 enim
557 3963 696 4032 quod
723 3974 947 4031 suggero
971 3975 1076 4016 non
1119 3959 1277 4032 fuerit
1299 3958 1516 4022 factum,
1556 3961 1876 4032 quicumque

292 4031 391 4086 ille
414 4041 494 4085 est
518 4029 607 4101 qui
638 4029 852 4086 fratrem
884 4046 1038 4101 suum
1065 4040 1156 4083 aut
1180 4029 1409 4084 vicinum
1438 4045 1588 4101 suum
1615 4030 1874 4085 adulteria

289 4102 634 4156 committere
670 4101 831 4163 novit,
862 4102 906 4156 si
947 4100 1090 4154 ἱιιιιιιι
1125 4114 1346 4168 arguere
1379 4100 1624 4161 noluerit,
1663 4101 1714 4153 in
1750 4114 1872 4168 pec-

291 4171 435 4241 catis
470 4171 588 4237 ejus
617 4175 876 4241 particeps
913 4170 1054 4241 illius
1087 4171 1208 4231 erit,
1249 4170 1556 4241 secundum
1579 4169 1705 4222 illud
1731 4169 1873 4238 quod

290 4240 553 4308 scriptum
574 4239 674 4303 est,
701 4242 761 4296 Si
789 4239 989 4294 videbas
1015 4243 1195 4310 furem,
1223 4239 1370 4292 simul
1393 4239 1627 4310 currebgs
1653 4255 1767 4292 cum
1793 4255 1870 4306 eo,

291 4318 362 4380 at;
374 4326 487 4362 cum
514 4311 756 4365 adulteris
795 4307 1073 4380 portionem
1103 4318 1240 4361 tuam
1258 4379 1265 4380 ί
1283 4309 1498 4380 ponebas
1525 4307 1695 4380 (Psal.
1725 4318 1869 4376 xux,

292 4378 438 4450 18);
477 4389 530 4434 et
577 4380 705 4435 illud
753 4377 893 4450 quod
938 4380 1012 4433 ait
1053 4377 1376 4450 Apostolus,
1420 4377 1542 4431 Non
1581 4378 1749 4450 solum
1787 4380 1873 4449 qui

291 4449 490 4528 faciunt
516 4465 600 4528 eu,
625 4452 716 4503 sed
740 4448 892 4504 etiam
914 4450 1015 4528 gui
1031 4449 1344 4528 consentiunt
1370 4448 1666 4528 facientibus
1691 4448 1868 4528 (Rom.

294 4538 336 4580 ι,
375 4519 484 4588 52).
523 4518 602 4574 Illi
638 4528 815 4574 autem
841 4518 1339 4589 qui'radulterosnec
1372 4518 1470 4588 ipsi
1500 4527 1747 4587 arguunt,
1773 4533 1872 4574 nec

290 4589 350 4642 in
389 4590 629 4643 notitiam
670 4588 1035 4644 sacerdotibus
1083 4588 1369 4658 sacrilegos
1411 4597 1648 4656 ponunt,
1692 4589 1870 4656 suapi-

185 4677 200 4684 -
287 4658 502 4728 cionem
530 4659 684 4714 nobis
722 4659 938 4721 faciunt,
980 4657 1122 4728 quod
1164 4659 1282 4712 ideo
1317 4657 1435 4728 illos
1478 4673 1582 4710 non
1620 4669 1876 4728 arguunt,

285 4727 414 4796 quia
454 4737 510 4782 et
544 4729 642 4797 ipsi
698 4729 823 4783 talia
872 4738 1086 4797 peccata
1147 4727 1505 4782 committunt.
1551 4727 1676 4781 Mihi
1725 4729 1867 4782 enim

286 4797 486 4852 sufﬁcit
522 4798 663 4864 quod
693 4799 878 4868 grandi
910 4798 1093 4852 dolore
1129 4797 1290 4850 animi
1326 4807 1381 4868 et
1424 4797 1630 4868 inﬁnito
1671 4798 1869 4867 gemitu

283 4868 483 4922 clamo.
528 4867 636 4923 Vos
674 4883 802 4922 vero
839 4869 883 4922 si
925 4883 955 4922 a
981 4869 1172 4921 vestris
1213 4877 1276 4920 et»
1309 4867 1377 4920 ab
1417 4867 1602 4920 alienis
1638 4870 1882 4936 peccatis.

285 4937 441 4992 liberi
473 4952 601 5009 esse
639 4940 834 5004 vultis,
872 4938 1293 5009 noliteparcere
1335 4937 1562 5009 talibus;
1604 4946 1662 5009 et
1694 4939 1737 4991 si
1775 4953 1869 4992 vos

283 5008 548 5078 secretius
568 5017 623 5063 et
651 5009 978 5078 frequentius
999 5005 1345 5064 admonentes
1371 5005 1552 5078 audire
1581 5007 1887 5073 noluerint,,

283 5077 447 5131 facite
478 5079 578 5132 hoc
616 5078 681 5132 ad
726 5075 1038 5132 humilitatis
1067 5086 1262 5129 nostra:
1287 5075 1525 5129 notitiam
1564 5078 1862 5143 pervenire,

282 5146 578 5218 secundum
620 5148 748 5201 illud
788 5148 929 5218 quod
976 5147 1026 5200 in
1062 5145 1352 5218 Evangelio
1393 5145 1616 5218 dicitur,
1656 5145 1867 5218 Corripe

281 5217 430 5269 illum
471 5217 600 5270 inter
628 5227 674 5271 te
706 5227 750 5270 et
779 5215 948 5287 ipsum
970 5218 1132 5271 solum
1161 5231 1179 5268 :
1216 5216 1259 5268 si
1300 5224 1348 5268 te
1378 5215 1866 5287 a_udierit,lucratus

280 5287 384 5339 eris
409 5290 617 5357 fratrem
642 5284 824 5351 tuum,‘
849 5289 892 5341 si
916 5297 1082 5352 autem
1113 5296 1159 5340 te
1184 5301 1284 5337 non
1311 5285 1547 5357 audierit,
1577 5285 1658 5357 dic
1684 5284 1862 5340 Eccle~

279 5357 375 5426 site
403 5354 422 5410 ὲ
451 5357 503 5411 id
546 5367 668 5422 est,
715 5373 852 5426 pone
897 5360 948 5411 in
998 5357 1179 5410 notitia
1229 5355 1538 5408 sacerdotis.
1591 5354 1654 5408 Si
1697 5366 1863 5409 autem

278 5424 568 5481 Ecclesium
611 5424 729 5481 non'
753 5428 1000 5491 audierit,
1048 5431 1113 5482 sit
1151 5425 1238 5478 tibi
1275 5435 1512 5494 tanquam
1550 5426 1774 5478 ethnicus
1818 5436 1890 5484 et

278 5495 581 5563 publicanus
625 5498 839 5562 (Matth.
885 5497 1179 5562 xvut,15,
1217 5496 1281 5550 17
1307 5497 1344 5564 ).
1389 5495 1493 5548 Sed
1533 5495 1671 5564 quod
1713 5495 1863 5564 pejus

276 5577 387 5638 est,
417 5567 544 5620 dum
572 5567 646 5623 illi
683 5569 772 5638 qui
811 5578 1011 5622 tantum
1047 5567 1240 5638 malum
1276 5565 1632 5628 conuuittunt,
1661 5565 1729 5618 ab
1760 5567 1861 5638 ali-

274 5636 475 5703 quibus
521 5653 624 5692 non
667 5636 836 5692 solum
887 5653 990 5692 non
1029 5636 1424 5703 corripiuntur,
1471 5651 1650 5687 verum
1699 5637 1860 5689 etiam

276 5707 562 5775 palpantur
601 5716 656 5764 et
685 5707 876 5764 blande
901 5707 1264 5776 accipiuntur;
1311 5707 1409 5774 ipsi
1437 5704 1555 5759 ideo
1587 5705 1858 5775 sacrilegia

273 5781 335 5828 et
362 5777 583 5831 crimina
627 5778 884 5842 nutriunt,
913 5789 968 5832 et
1006 5777 1122 5831 sine
1151 5776 1260 5830 ullo
1292 5776 1480 5829 timore
1509 5790 1573 5829 ac
1599 5791 1858 5830 verecun-

275 5845 364 5900 dia
394 5845 718 5918 perpetrant.
748 5848 853 5906 Sed
892 5863 991 5904 nos
1037 5849 1222 5903 timere
1254 5845 1382 5901 illud
1414 5845 1670 5904 debemus
1713 5847 1885 5918 quod‘

1551 425 1792 484 SERMO‘
1816 424 2232 482 CCLXXXVIII.

2481 346 2556 358 Mr

3442 426 3592 488 ιω

1997 538 2062 612 de
2110 540 2319 612 Achar,
2362 539 2448 608 qui
2495 537 2564 594 de
2605 537 2820 612 Jericlto
2854 541 3095 612 regulam,
3129 555 3345 612 auream
3379 542 3582 612 iuratus

2001 610 2190 671 fuerat,
2219 609 2470 678 scriptum
2498 619 2609 691 est;
2650 611 2860 694 quando
2890 609 2986 692 pro
3012 611 3168 666 unius
3198 611 3430 666 hominis
3453 627 3579 694 pec-

1998 688 2117 752 cato
2146 694 2305 752 super
2333 693 2520 734 omnes
2534 679 2627 752 ira
2655 679 2747 752 Dei
2775 679 3033 741 deszeviit.
3080 690 3135 736 et
3171 697 3276 736 non
3317 679 3577 752 requievit

2001 751 2147 822 [uror
2178 749 2268 822 Dei
2307 763 2346 822 _a
2389 749 2614 818 populo,
2651 750 2824 806 donec
2861 752 2965 822 ille_
2985 754 3074 822 qui
3114 752 3312 806 malum
3352 749 3576 822 fecerat,

1999 818 2224 894 Do_mino
2246 818 2882 894 iubente,conterereiur
2909 818 3087 891 (Iosue
3115 837 3206 894 vu,
3231 821 3284 886 2,
3318 821 3462 894 11).“
3535 823 3540 828 ’

2067 888 2120 942 5.
2137 887 2400 963 Adulieria
2409 887 2508 963 sibi
2525 899 2702 963 putant
2717 887 2992 963 uiri‘licere
3006 909 3024 945 :
3037 907 3137 963 non
3151 892 3227 963 eis
3245 887 3406 963 magis
3427 892 3574 946 licent

1994 974 2145 1026 quam
2167 959 2383 1028 feminis.
2399 957 2533 1012 Cum
2550 960 2692 1031 enim
2716 960 2789 1014 illi
2805 960 2873 1015 de
2888 960 3078 1030 quibus
3091 957 3355 1031 loquimur
3383 977 3574 1016 uxores

1995 1042 2119 1099 suas
2141 1038 2316 1082 castas
2337 1043 2456 1099 csse
2486 1030 2667 1099 velint,
2699 1045 2800 1099 qua
2826 1030 3403 1086 conscientia’nefanda
3429 1046 3574 1084 com-

1995 1097 2303 1170 mittunt,et
2327 1097 2616 1153 dicuntsibi
2637 1097 2795 1170 licere
2815 1101 2955 1170 quod
2970 1101 3046 1155 eis
3063 1101 3280 1156 omnino
3298 1118 3402 1155 non
3419 1101 3569 1165 licet;

1993 1167 2145 1237 quasi
2174 1167 2276 1221 alia
2302 1176 2568 1237 praecepta
2595 1169 2725 1224 viris
2759 1167 2897 1225 Deus
2922 1170 3164 1236 dederit,
3188 1171 3288 1225 alia
3318 1171 3569 1226 feminis?

1995 1235 2145 1310 Dicat
2167 1235 2592 1310 quicumqueille
2610 1249 2827 1310 est,iqua
2849 1240 2964 1310 lege
2982 1235 3323 1310 permittente
3349 1241 3571 1295 crimina

1993 1305 2442 1380 isiacontmittat;
2469 1323 2588 1362 cum
2614 1318 2670 1380 et
2695 1305 2870 1363 divina
2900 1305 3207 1380 étbumana
3236 1311 3352 1380 lege
3391 1311 3569 1363 omnia

1993 1375 2251 1448 adulteria
2282 1378 2581 1445 puniantur.
2611 1379 2733 1432 Ideo
2757 1389 2932 1434 tamen
2956 1379 3058 1434 hoc
3085 1381 3278 1434 malum
3292 1375 3416 1435 'non
3446 1395 3569 1448 pro-

1993 1443 2225 1519 hibetur,
2248 1443 2368 1519 quia
2387 1462 2415 1500 a
2435 1448 2612 1519 multis
2633 1449 2998 1503 committitur.
3029 1449 3133 1504 Sed
3159 1459 3355 1519 quanto
3374 1443 3571 1504 ab'ho-

1994 1515 2226 1588 minibus
2255 1517 2428 1588 minus
2453 1517 2802 1588 distringitur,
2830 1527 2976 1573 tanto
3003 1515 3191 1573 divino
3207 1519 3407 1588 judicio
3445 1535 3568 1588 gra-

1991 1585 2110 1658 vius
2146 1586 2459 1658 vindicatur.
2493 1587 2624 1641 Nam
2650 1585 2793 1642 illud
2824 1589 2980 1658 quale
3021 1598 3101 1643 est
3122 1631 3137 1654 ,
3161 1585 3301 1658 quod
3339 1589 3390 1643 in
3434 1585 3571 1644 hanc

1993 1653 2366 1726 impudentiam
2399 1667 2768 1726 prorumpunt,
2799 1653 2859 1712 ιιῐ
2879 1659 3057 1713 dicant
3082 1653 3196 1713 luce
3225 1668 3328 1712 tam
3375 1659 3562 1714 crude-

1993 1723 2061 1777 lia
2090 1726 2224 1778 mala
2253 1726 2380 1779 viris
2401 1723 2679 1792 licerefet
2712 1723 2922 1782 feminis
2961 1743 3066 1782 non
3112 1729 3305 1782 licere?
3338 1727 3446 1782 Nec
3489 1738 3569 1782 at-

1991 1795 2212 1867 tendunt
2249 1795 2389 1867 quod
2427 1796 2525 1850 viri
2564 1806 2618 1851 et
2651 1796 2860 1852 feminae
2918 1798 3192 1867 aequaliter
3232 1797 3339 1852 sint
3370 1797 3568 1853 Christi

1989 1865 2245 1934 sanguine
2300 1866 2591 1934 redempti,
2662 1877 2712 1921 et
2762 1867 2918 1921 simul
2960 1865 3300 1923 sacrosancto
3358 1869 3568 1924 lavacro

1990 1933 2097 1988 sint
2123 1933 2305 2008 abluti,
2329 1943 2384 2008 et
2408 1933 2666 2008 adaltare
2697 1936 2902 2008 Domini
2925 1937 3263 2008 accedentes,
3291 1952 3486 2008 corpus
3513 1948 3568 1993 et

1989 2004 2299 2078 sanguinem
2344 2006 2548 2078 Domini
2585 2007 2740 2078 simul
2769 2007 3070 2078 accipiunt,
3102 2018 3157 2063 et
3185 2023 3289 2062 non
3317 2004 3402 2062 est
3424 2010 3563 2078 apud

1991 2072 2154 2127 Deum
2179 2075 2429 2129 discretio
2457 2076 2673 2130 masculi
2703 2087 2756 2130 et
2792 2072 3002 2131 feminae
3025 2118 3040 2144 ,
3057 2072 3178 2132 'nec
3203 2087 3285 2132 est
3315 2072 3567 2144 persona-

1988 2158 2105 2216 rum
2133 2152 2390 2216 acceptor
2406 2145 2542 2199 Deus
2563 2145 2593 2216 ?ﬁ
2614 2147 2750 2214 Ergo
2779 2147 2918 2216 quod
2948 2147 3160 2202 feminis
3188 2164 3290 2201 non
3318 2145 3465 2214 licet,
3495 2149 3566 2201 si-

1988 2213 2264 2288 militerAei
2297 2214 2421 2268 viris
2449 2229 2553 2267 non
2582 2213 2729 2288 licuit
2755 2213 3006 2286 unquam,
3036 2233 3134 2272 nec
3161 2217 3322 2288 licere
3348 2218 3564 2288 poterit.

1986 2280 2090 2336 Sed
2123 2282 2302 2336 infelix
2329 2285 2655 2340 consuetudo
2683 2280 3118 2352 intromissaest,
3154 2296 3208 2341 ut
3238 2287 3282 2342 si
3311 2280 3444 2341 uxor
3474 2289 3561 2341 in-

1986 2361 2142 2406 venta
2172 2352 2329 2426 fuerit
2368 2368 2487 2426 cum
2511 2369 2842 2426 iservosuo,
2870 2356 3145 2426 puniatur;
3183 2357 3226 2412 si
3267 2365 3442 2411 autem
3485 2358 3568 2412 vir

1986 2436 2106 2493 cum
2134 2423 2312 2476 multis
2345 2423 2552 2478 ancillis
2582 2424 2636 2478 in
2663 2423 2897 2481 libidinis
2927 2426 3104 2481 cloaca
3139 2427 3424 2493 volutetur,
3458 2442 3565 2482 non

1985 2492 2156 2562 solum
2180 2507 2282 2546 non
2307 2495 2574 2562 puniatur,
2597 2509 2778 2549 verum
2799 2497 2957 2550 etiam
2983 2512 3015 2550 ει
3042 2495 3152 2550 suis
3171 2492 3432 2551 similibus
3455 2497 3566 2551 colo

1988 2560 2263 2646 Laudatur;
2287 2560 2338 2618 et
2363 2563 2461 2645 sibi
2491 2564 2714 2646 invicem
2727 2567 3040 2646 .loquentes,
3065 2565 3183 2646 quis
3211 2566 3310 2620 hoc
3325 2566 3565 2646 amplius

1986 2629 2194 2690 fecerit.
2225 2646 2345 2686 eum
2378 2634 2486 2688 risu
2515 2642 2568 2688 et
2592 2629 2851 2690 cachinno
2876 2629 3189 2690 stultissimo
3215 2629 3557 2691 conﬁtentur.

1984 2699 2088 2755 Sed
2121 2702 2341 2774 istorum
2369 2704 2508 2757 risus
2533 2703 2688 2758 indie
2709 2704 2894 2774 judicii
2917 2713 3154 2760 vertetur
3181 2706 3233 2760 in
3265 2706 3558 2774 planctum,

1984 2779 2241 2826 eteorum
2269 2773 2388 2840 joca
2415 2773 2793 2829 convertentur
2813 2775 2864 2829 in
2889 2777 3125 2830 vulnera.
3157 2775 3223 2830 Et
3254 2773 3356 2830 hoc
3379 2777 3449 2830 illi
3482 2775 3561 2828 fa-

1983 2839 2150 2906 ciunt,
2203 2839 2292 2912 qui
2323 2843 2557 2898 futurum
2600 2844 2693 2900 Dei
2727 2845 2986 2916 judicium
3032 2860 3131 2900 nec
3173 2846 3398 2902 credunt
3423 2886 3438 2912 ,
3465 2861 3563 2901 nec

1983 2921 2240 2965 metuunt.

1956 2989 1962 2995 ’
2056 2981 2106 3034 4.
2144 2981 2362 3035 Peccata
2397 2991 2511 3036 sunt
2538 2985 2788 3057 mortalia.
2825 2985 3137 3057 Quandoque
3175 2988 3324 3041 etiam
3357 3003 3561 3041 uxorem

1983 3065 2277 3132 cognoscere
2301 3069 2400 3107 non
2429 3064 2500 3107 est
2529 3055 2637 3132 sine
2662 3067 2884 3125 peccato.
2924 3058 3033 3128 Ego
3055 3055 3208 3132 cum
3227 3058 3390 3132 libera
3427 3072 3560 3111 con-

1982 3124 2202 3196 scicntia
2227 3124 2398 3176 clamo
2433 3125 2628 3196 pariter
2664 3124 2719 3196 et
2753 3124 3041 3192 contestor,
3069 3127 3210 3196 quod
3242 3127 3561 3196 quicumque

1983 3189 2185 3266 habens
2212 3189 2448 3266 uxorem,
2475 3195 2729 3266 adulteria
2760 3189 3104 3256 commiserit:
3126 3197 3224 3250 nisi
3248 3189 3559 3266 pienitcn'tia

1982 3261 2185 3335 prolixa
2208 3272 2261 3316 et
2290 3263 2480 3317 uberes
2507 3264 2861 3335 eleemosyna:
2891 3261 3270 3331 subvenerint,
3298 3277 3353 3321 et
3375 3283 3404 3319 a
3432 3283 3556 3335 pec-

1981 3340 2100 3384 cato
2128 3332 2242 3399 ipso
2262 3334 2570 3404 cessaverit,
2599 3342 2653 3389 et
2682 3336 2726 3389 si
2746 3332 3020 3404 quomodo
3044 3338 3180 3392 solet
3205 3337 3316 3391 fieri
3337 3377 3353 3402 ,
3384 3332 3561 3391 subito

1983 3409 2224 3475 mortuus
2261 3401 2439 3466 fuerit,
2469 3403 2528 3475 in
2551 3401 2825 3475 _mternuin
2870 3407 3080 3475 peribit,
3126 3422 3226 3461 nec
3253 3401 3557 3462 illi’nomen

1981 3468 2326 3544 christianum
2351 3473 2588 3544 proderit
2616 3493 2628 3529 :
2660 3476 2780 3543 quia
2803 3468 2906 3530 non
2932 3468 3102 3531 solum
3135 3492 3240 3530 non
3268 3477 3391 3530 fecit
3415 3476 3554 3544 quod

1981 3539 2220 3594 Christus
2243 3539 2424 3614 jussit,
2449 3558 2630 3597 verum
2661 3539 2818 3598 etiam
2842 3545 2982 3614 quod
3004 3546 3247 3601 Christus
3290 3539 3554 3614 prohibuit

1983 3612 2320 3685 perpetravit
2349 3609 2638 3685 Ctunenim
2661 3615 2816 3667 etiam
2843 3609 3060 3670 uxorem
3081 3609 3426 3685 cognoscere,
3463 3631 3558 3670 ex-

1979 3689 2133 3755 cepto
2153 3680 2415 3736 desiderio
2445 3683 2989 3755 ﬁliorum.peccatum
3016 3686 3114 3750 sit;
3137 3680 3260 3755 quid
3286 3686 3352 3740 de
3378 3680 3438 3740 se
3463 3700 3555 3740 co-

1979 3748 2256 3826 gitareaut
2273 3765 2429 3819 quam
2451 3767 2598 3820 spem
2613 3748 3036 3826 sihi'promittere
3062 3748 3302 3826 possunt,
3326 3755 3413 3825 qui
3430 3771 3558 3810 con-

1975 3817 2418 3894 jugialtabentes,
2450 3817 2542 3894 per
2577 3817 2891 3894 adulterium
2932 3825 3034 3878 hoc
3062 3817 3172 3879 'sibi
3214 3817 3517 3894 praeparant
3539 3867 3554 3891 ,

1982 3889 2185 3964 undein
2218 3889 2477 3964 infernum
2508 3891 2849 3964 descendant,
2877 3909 2979 3951 nec
3005 3895 3188 3948 volunt
3211 3889 3395 3949 audi—re
3415 3889 3552 3964 Αροὲ

1979 3959 2173 4034 stolum
2201 3959 2487 4027 dicentem,
2515 3960 2734 4031 Tempus
2764 3963 2906 4034 breve
2920 3973 3040 4034 est;
3068 3975 3290 4032 superest
3316 3973 3368 4034 ut
3392 3974 3438 4018 et
3465 3959 3558 4034 qui

1978 4027 2159 4105 habent
2187 4046 2387 4105 umores,
2413 4027 2668 4105 _t_anquum
2705 4049 2805 4086 non
2841 4027 3076 4105 habentes
3103 4027 3202 4090 sint
3238 4035 3288 4105 (Ι
3307 4032 3428 4090 Cor.
3457 4027 3550 4105 vlt,

1977 4097 2110 4178 :29);
2140 4108 2193 4152 et
2223 4099 2372 4166 illud,
2409 4099 2476 4155 Ut
2493 4097 2988 4178 _sciat_iittusqztisque
3009 4121 3157 4178 suum
3193 4097 3281 4159 vas
3305 4097 3558 4178 possidere

1977 4169 2031 4239 in
2059 4169 2247 4224 honore
2275 4179 2321 4222 et
2344 4171 2769 4239 sanctiﬁcatione;
2790 4169 2976 4228 non'in
3019 4175 3252 4239 passione
3283 4169 3554 4232 desiderii.

1977 4192 2031 4220 ιιι
2059 4192 2247 4224 uonore
2275 4192 2320 4222 et
2344 4192 2769 4239 δαηειιιῑσαιιοηε;
2790 4192 2889 4228 non
2922 4192 2976 4226 ιη
3055 4192 3252 4228 assione
3283 4192 3517 4228 acsiaern
3537 4208 3552 4232 .

1975 4238 2104 4314 sicut
2124 4249 2306 4314 _g_entes
2345 4256 2458 4309 qua:
2480 4258 2745 4314 spemnon
2780 4243 2962 4297 habent
2992 4192 3052 4314 (Γ
3065 4242 3238 4298 Thess.
3269 4258 3346 4308 tv,
3373 4245 3433 4314 4,
3461 4244 3552 4312 5)?

1976 4308 2333 4383 Considerate
2358 4308 2508 4378 quod
2555 4312 2644 4379 qui
2693 4314 2966 4379 uxoribus,
2999 4308 3246 4383 'excepto
3288 4308 3557 4368 desiderio

1979 4377 2234 4438 ﬁliorum.
2267 4377 2521 4446 utuntur,
2552 4377 2595 4435 si
2627 4383 2872 4438 assiduas
2918 4377 3286 4446 eleemos'ynas
3314 4398 3420 4437 non
3459 4383 3553 4438 de-

1976 4447 2170 4523 derint,
2198 4448 2312 4523 sine
2341 4459 2557 4523 peccato
2582 4466 2701 4523 esse
2730 4467 2837 4507 non
2876 4446 3121 4523 possunt.
3152 4446 3217 4507 Et
3257 4454 3303 4508 si
3339 4452 3442 4523 hoc
3489 4452 3556 4506 de

1977 4519 2576 4594 niatrimonioiegitimo
2612 4521 2828 4594 dicitur,
2851 4519 3005 4594 p‘utas
3038 4523 3164 4594 quid
3188 4523 3256 4578 de
3281 4523 3385 4594 illis
3411 4522 3554 4594 futu-

1976 4603 2093 4661 rum
2119 4589 2187 4642 sit
2207 4589 2258 4643 in
2281 4589 2366 4661 die
2387 4589 2589 4661 judicii,
2607 4592 2695 4661 qui
2721 4602 2813 4647 aut
2833 4589 3040 4660 publica
3055 4589 3156 4648 aut
3175 4593 3378 4647 occulta
3403 4591 3555 4646 adulo

1977 4660 2108 4711 teria
2139 4659 2490 4714 committere,
2511 4659 2639 4716 sine
2665 4662 2769 4716 ulla
2796 4659 2958 4716 divini
2997 4663 3202 4717 timoris
3246 4661 3554 4715 considera-

1976 4728 2120 4802 tione
2142 4729 2810 4802 priesumunt;_de_quibus
2837 4733 3090 4802 scriptum
3110 4740 3194 4786 est
3211 4773 3226 4798 ,
3253 4730 3555 4802 Peccatares

1974 4805 2020 4872 et
2048 4797 2302 4872 adulieros
2318 4797 2568 4872 judicabit
2594 4797 2839 4872 Dominus
2864 4797 3050 4869 (Hebr.
3079 4816 3189 4872 xui,
3214 4797 3308 4872 4);
3339 4809 3402 4872 et
3421 4800 3555 4872 illud

1973 4867 2212 4935 Apostoli
2232 4868 2380 4941 quod
2415 4867 2726 4941 jamsupra
2750 4867 2948 4941 dictum
2977 4880 3090 4938 est,
3120 4867 3299 4941 Neque
3336 4870 3554 4941 adulteri

1971 4951 2178 5010 regnum
2222 4935 2316 4990 Dei
2371 4935 2903 5010 possidebuntZQuid
2946 4941 3039 4995 tibi
3075 4935 3328 5010 prodest,
3370 4940 3553 4995 infelix
3615 4943 3619 4947 ’

1972 5007 2292 5082 quicumque
2311 5022 2370 5082 es
2401 5008 2512 5072 ille,
2543 5009 2686 5082 quod
2710 5007 3032 5082 christianus
3057 5007 3285 5075 vocaris,
3327 5011 3373 5066 si
3416 5024 3547 5082 pec-

1972 5084 2091 5148 eato
2117 5077 2361 5148 adulterii
2385 5093 2414 5130 a
2439 5093 2605 5148 regno
2633 5079 2723 5134 Dei
2750 5081 2954 5135 excludi
2975 5082 3270 5135 merueris?

2043 5146 2095 5198 5.
2136 5143 2526 5222 concubinatusi
2544 5149 2688 5202 valde
2717 5153 2964 5220 frequens.
3003 5150 3275 5206 Peccatum
3315 5168 3416 5222 nou
3456 5167 3552 5222 pu—

1972 5223 2127 5288 tatur.
2156 5216 2416 5288 Adulterio
2445 5219 2589 5288 pejus
2615 5216 2870 5288 peccatum
2899 5230 2991 5276 est.
3023 5222 3344 5276 Consuetudo
3375 5216 3552 5278 Roma!

1971 5286 2114 5362 circa
2144 5287 2378 5362 nubentes
2416 5286 2917 5362 n'on_virgines._AEt
2971 5293 3072 5348 hoc
3127 5306 3296 5362 rogo,
3358 5289 3553 5344 fratres

1969 5354 2268 5410 charissimi
2300 5397 2315 5423 ,
2371 5367 2424 5411 et
2473 5354 2735 5413 admoneo
2783 5359 3107 5416 Charitatem
3160 5354 3425 5422 vcstram,
3494 5369 3550 5412 ut

1969 5425 2286 5501 quicumque
2351 5443 2542 5501 uxores
2612 5432 2880 5501 accepturi
2946 5441 3070 5486 sunt
3105 5471 3120 5496 ,
3148 5497 3161 5501 Α
3190 5428 3544 5501 virginitatem
3579 5467 3582 5470 .

1970 5509 2136 5576 usque
2159 5495 2224 5549 ad
2247 5498 2456 5579 nuptias
2476 5508 2690 5584 servent
2717 5495 2754 5554 τ’
2774 5502 2895 5584 quia
2934 5495 3201 5582 quomodo
3238 5495 3412 5580 nullus
3462 5508 3542 5584 est

1967 5565 2354 5639 quisponsam
2403 5567 2649 5623 violatam
2708 5565 2838 5625 velit
2897 5565 3168 5639 accipere,
3224 5568 3303 5639 sic
3367 5567 3545 5622 nudus

1967 5649 2026 5689 se
2063 5634 2221 5690 debet
2269 5646 2392 5708 ante
2444 5640 2656 5708 nuptias
2701 5641 2990 5696 adulterina
3012 5634 3405 5708 commixtione
3433 5653 3542 5691 cor-

1968 5720 2234 5780 rumpere.
2277 5706 2404 5780 Sed,
2454 5706 2595 5780 quod
2640 5710 2792 5779 pejus
2833 5720 2936 5774 est,
2974 5710 3151 5780 plures
3170 5707 3410 5780 suntqui
3439 5709 3541 5761 sibi

1966 5776 2307 5850 concubinas
2331 5776 2607 5850 adhibent,
2633 5776 2913 5850 antequam
2941 5776 3131 5840 u'xores
3159 5777 3421 5850 accipiant
3451 5790 3541 5832 εει
3572 5796 3581 5810 ··

1966 5846 2088 5916 quia
2126 5847 2340 5918 grandis
2370 5849 2650 5906 multitudo
2687 5846 2802 5920 est',
2849 5848 3311 5907 excommunioare
3357 5861 3546 5905 omnes
