3986 6450
173 361 354 422 2293

175 480 377 545 licuit,
409 492 674 548 nunquam
710 476 910 548 licebit.
956 477 1062 534 Sed
1089 475 1226 544 quod
1261 476 1407 548 pejus
1444 486 1544 537 est.
1575 475 1774 548 faciunt

176 549 311 604 hoc
334 549 480 603 multi
513 548 610 601 viri
633 549 753 614 jure
789 547 909 613 fori,
939 564 1040 602 non
1084 548 1202 615 jure
1229 547 1388 609 cmli;
1420 563 1524 600 non
1573 547 1776 614 justitia

177 619 445 687 iubente,
479 618 570 672 sed
611 617 827 673 libidine
863 615 1352 687 dominantepnm
1380 617 1522 670 enim
1550 618 1776 687 Aposto-

202 635 445 676 uuente.
479 635 570 672 seu
612 635 827 673 nomine
863 635 1189 671 dominante.
1219 635 1352 669 unm
1380 635 1522 670 enim
1550 635 1776 687 Aposto-

168 635 279 739 ius
343 688 582 757 eonjngia
631 688 944 742 habentibus
992 687 1154 747 dicat,
1198 685 1415 752 Tempus
1441 687 1582 740 breve
1611 697 1702 757 est,
1731 697 1779 741 et

173 756 456 825 superest,
483 769 535 810 ut
578 759 680 827 qui
699 758 878 812 habent
915 773 1093 827 uxores
1113 796 1128 820 ,
1159 765 1395 827 tanquam
1423 773 1521 827 non
1548 756 1780 811 habentes

173 828 300 879 sint
331 828 370 895 (ι
399 827 513 879 Cor.
539 825 610 881 vti
629 870 644 892 ,
665 826 796 892 29);
826 836 881 882 et
927 826 1078 891 illud,
1106 826 1356 878 Abstinete
1380 825 1446 877 ad
1473 835 1685 894 tempus,
1726 837 1780 880 ut

175 899 389 950 vacetis
411 899 626 950 orationi
656 896 811 966 (Ibid.
841 912 896 961 v,
926 897 979 966 5)
1011 914 1024 951 :
1053 896 1317 966 quomodo
1352 895 1619 948 adulteras
1649 911 1778 950 cou-

176 967 428 1020 culiiuas
458 965 713 1036 permittit
739 965 966 1029 habere,
984 967 1070 1035 qui
1099 966 1398 1036 castitatem,
1423 980 1635 1019 servare
1657 965 1778 1018 etin

175 1035 471 1105 conjugiis
501 1037 684 1104 positis
717 1036 1000 1105 prmeepit?
1033 1036 1134 1089 Pro
1159 1050 1259 1104 qua
1288 1049 1346 1105 re
1389 1035 1577 1105 iterum
1609 1042 1778 1105 atque

175 1103 396 1183 iterum
440 1103 569 1160 voce
616 1103 780 1183 libera
809 1103 1000 1183 clamo,
1033 1103 1187 1183 quia
1222 1103 1310 1172 qui
1357 1112 1480 1157 ante
1514 1103 1779 1183 legitimas

179 1176 416 1241 nuptias
444 1175 789 1228 concubinam
844 1175 942 1230 sibi
984 1171 1251 1226 adhibere
1283 1171 1594 1241 praesumit;
1631 1172 1779 1241 pejus

179 1251 482 1310 peccatum
514 1244 653 1306 facit,
682 1259 837 1313 quam
865 1245 950 1313 qui
978 1243 1289 1313 adulterium
1309 1241 1587 1294 committit
1616 1260 1629 1295 :
1657 1243 1776 1313 quia

175 1313 283 1379 qui
323 1313 604 1372 adulterat.
636 1312 808 1367 adhuc
837 1311 942 1366 tam
980 1325 1138 1382 grave
1181 1311 1376 1382 malum
1425 1319 1631 1382 secrete
1669 1312 1779 1364 vult

177 1397 382 1449 agere,
413 1383 462 1434 in
495 1382 703 1450 publico
726 1392 901 1436 autem
925 1380 1014 1435 aut
1041 1380 1224 1434 ruetuit
1249 1380 1776 1450 auterubescilcom-

179 1452 448 1521 mitti-re;
478 1449 564 1505 ille
596 1468 720 1506 voro
744 1451 832 1520 qui
864 1452 1068 1521 publice
1089 1450 1435 1521 concubinam
1461 1449 1656 1521 habere
1681 1465 1776 1502 vo-

178 1521 383 1581 luerit,
417 1520 588 1575 fronte
620 1517 1074 1586 impudentissima
1109 1535 1218 1572 rem
1240 1517 1645 1584 exsecrabilem,
1667 1528 1777 1574 toto

181 1592 402 1659 populo
432 1591 666 1654 vidi-nte,
692 1591 916 1645 licenter
936 1605 993 1644 se
1027 1597 1174 1658 putat
1197 1589 1493 1659 admittere.

260 1660 320 1714 5.
346 1661 388 1712 A
420 1660 586 1713 multis
602 1661 900 1713 admittitur.
921 1659 983 1711 Et
1011 1657 1120 1711 ideo
1144 1657 1648 1712 excommunicatione
1677 1675 1776 1711 non

179 1731 428 1797 punitur.
457 1728 856 1784 Benedictionem
882 1729 1156 1798 nuptialem
1181 1744 1279 1780 non
1304 1737 1520 1781 uteretur
1535 1728 1618 1795 qui
1639 1728 1776 1796 virgo

124 1847 134 1857 .
179 1816 294 1851 non
319 1809 417 1868 est.
444 1798 545 1852 Sed
578 1799 714 1853 forte
740 1799 813 1852 illi
834 1799 1042 1868 qttiistu
1071 1807 1285 1866 peccato
1312 1812 1417 1850 non
1439 1806 1560 1868 sunt
1589 1812 1772 1850 maeu-

179 1869 311 1932 lati,
348 1867 530 1921 dicunt
559 1885 572 1921 :
604 1867 778 1935 Quare
807 1867 891 1937 qui
920 1867 1021 1921 hoc
1045 1875 1204 1936 agunt
1223 1881 1252 1919 a
1281 1867 1653 1937 communione
1671 1881 1773 1921 non

180 1937 634 2006 suspenduntur?
663 1937 786 1992 Ideo
814 1935 954 1991 cnim
981 1935 1181 1989 tantum
1213 1935 1388 1988 scelus
1421 1950 1452 2006 a
1473 1935 1769 2006 sacerdoti-

178 2005 546 2061 bus’tninime
570 2007 884 2071 vindicatur,
938 2006 1056 2074 quia
1086 2021 1116 2058 a
1144 2005 1324 2074 multis
1377 2005 1687 2058 admittitur.
1718 2005 1773 2060 Si

175 2077 338 2129 enim
374 2091 509 2130 unus
533 2087 624 2130 aut
651 2077 756 2131 duo
782 2085 873 2130 aut
898 2073 1123 2146 quatuor
1149 2073 1234 2129 vel
1257 2075 1488 2146 quinque
1518 2075 1652 2128 mala
1675 2075 1774 2129 ista

181 2147 378 2200 tacere
404 2155 821 2214 praesumerent;
851 2143 1258 2214 ct‘poterantet
1277 2143 1544 2214 debebant
1565 2159 1668 2214 non
1695 2158 1776 2198 so-

185 2216 306 2267 lum
339 2229 370 2266 a
401 2213 774 2269 communione
808 2213 1081 2282 suSpendi,
1111 2213 1205 2268 sed
1234 2213 1393 2266 etiam
1435 2227 1464 2264 a
1493 2213 1774 2282 colloquio

181 2294 243 2337 et
273 2285 820 2353 convivio‘cbristiani
846 2281 1025 2353 populi
1054 2283 1289 2353 Separari
1309 2281 1600 2353 secundum
1645 2281 1772 2338 illud

180 2354 461 2420 Apustoli,
507 2350 636 2408 Cum
689 2350 978 2421 hujusmodi
1023 2350 1308 2405 nec'cibum
1334 2351 1535 2421 quidem
1577 2368 1774 2407 sumere

181 2422 333 2492 (ld.,
362 2423 453 2492 14)
483 2441 497 2476 :
528 2421 804 2477 multitudo
818 2432 992 2476 tamen
1022 2421 1369 2492 peccantium,
1392 2421 1529 2492 sicut
1551 2421 1658 2492 jam
1687 2423 1772 2492 di-

177 2489 342 2546 ctum
373 2489 475 2562 est.
509 2492 753 2562 prohibet
789 2489 1091 2562 sacerdotes
1122 2490 1326 2562 Domini
1359 2490 1410 2544 in
1444 2489 1550 2562 illis
1577 2489 1771 2544 distin-

179 2577 377 2629 guere.
414 2559 636 2616 Faciunt
664 2570 839 2616 tamen
868 2561 992 2616 boni
1033 2559 1336 2615 Sacerdotes
1359 2559 1498 2628 quod
1529 2569 1768 2628 possunt,

178 2640 239 2684 et
267 2646 398 2685 cum
437 2630 666 2698 perfecta
692 2631 950 2686 cbaritate
977 2629 1304 2684 contendunt
1325 2643 1478 2698 orare
1511 2638 1566 2682 et
1591 2631 1769 2698 διιερί-

180 2715 314 2778 rare
341 2696 569 2770 jugiter,
613 2709 667 2756 et
686 2700 930 2778 gemitus
957 2715 1020 2754 ac
1050 2699 1253 2778 rugitus
1290 2696 1598 2763 elfuudunt;
1630 2696 1768 2778 utin

180 2767 390 2838 quibus
409 2767 642 2839 'propter
685 2767 940 2824 inlinitain
987 2767 1374 2839 multitudinem
1405 2783 1512 2820 non
1551 2777 1773 2835 possunt

180 2835 542 2894 severitatem
565 2839 649 2893 vel
685 2839 1015 2908 disciplinam
1055 2835 1465 2908 ecclesiasticam
1493 2851 1766 2908 exercere,

182 2909 466 2963 monendo
492 2910 572 2963 vel
599 2909 799 2962 orando
821 2906 916 2977 pro
935 2908 1012 2961 eis
1038 2907 1241 2976 possint
1265 2919 1360 2959 eos
1378 2906 1462 2960 vel
1487 2906 1771 2977 aliquando

182 2978 252 3031 ad
283 2979 653 3047 [minitantium
676 2976 982 3047 provocare.
1009 2977 1163 3047 Unde
1181 2977 1370 3028 iterum
1395 2983 1553 3043 atque
1574 2976 1767 3030 iterum

183 3045 323 3116 rogo
353 3048 552 3116 pariter
579 3055 633 3102 et
659 3045 954 3112 contestor,
997 3055 1056 3100 ut
1082 3045 1170 3115 qui
1201 3059 1422 3116 uxorem
1456 3053 1604 3116 optat
1627 3048 1768 3100 acci-

186 3112 510 3184 perefsicut
537 3117 676 3170 illam
703 3117 956 3186 virginem
985 3112 1525 3186 inveniredesiderat,
1555 3115 1624 3169 ita
1655 3116 1768 3184 ipse

183 3182 367 3255 iisque
396 3187 462 3239 ad
492 3187 703 3254 nuptias
740 3182 888 3255 virgo
917 3185 984 3238 sit
1013 3203 1025 3238 :
1051 3185 1170 3253 quia
1196 3182 1240 3236 si
1270 3198 1374 3237 non
1397 3182 1573 3250 fuerit,
1593 3182 1768 3255 bene-

185 3254 489 3310 dictionem
517 3257 758 3324 accipere
792 3254 915 3309 cum
953 3270 1145 3324 sponsa
1172 3267 1266 3305 sua
1286 3254 1728 3324 _t_io_nmerebilur
1751 3271 1766 3316 ;

183 3335 240 3379 et
267 3326 523 3394 impletur
552 3327 603 3379 in
625 3320 688 3380 eo
708 3325 846 3394 quod
873 3320 1124 3394 scriptum
1150 3331 1251 3376 εει.
1277 3320 1450 3394 Noluit
1473 3323 1772 3394 benedictio-

184 3412 324 3456 nem,
349 3391 408 3448 ἐι
441 3391 750 3464 elongabitur
782 3394 843 3446 ab
879 3409 937 3445 eo
969 3391 993 3461 (
1009 3393 1026 3446 Ι
1056 3392 1171 3464 Cor.
1220 3406 1312 3457 vn,
1341 3392 1474 3464 29).
1505 3391 1620 3464 iam
1651 3393 1771 3449 vide

185 3467 229 3517 si
263 3461 597 3532 pinuitentia:
621 3465 910 3518 remedium
939 3478 1040 3516 non
1073 3462 1380 3517 subvenerit
1400 3501 1419 3532 ,ί
1439 3461 1563 3532 quid
1591 3462 1655 3517 de
1679 3464 1771 3518 illo

184 3529 313 3595 erit,
346 3534 429 3588 vel
471 3549 573 3601 qua
598 3535 860 3588 sententia
887 3547 1007 3585 eum
1039 3531 1385 3601 necesseerit
1410 3531 1461 3583 in
1488 3529 1662 3585 futuro
1683 3533 1771 3600 ju-

183 3603 332 3657 dicio
377 3599 688 3671 subjacere,
739 3605 827 3682 qui
869 3603 981 3682 jam
1028 3603 1081 3656 in
1125 3599 1320 3680 sicculo
1349 3599 1769 3658 benedictionem

185 3688 312 3726 cum
337 3670 534 3740 sponsa
565 3688 660 3726 sua
687 3670 789 3726 non
815 3670 910 3724 luit
933 3672 1121 3740 dignus
1143 3670 1404 3740 accipere.

259 3741 316 3796 6.
352 3737 608 3795 Adulteris
633 3745 765 3796 deest
792 3741 936 3809 ﬁdes.
977 3737 1040 3793 Et
1069 3737 1195 3792 illud
1225 3737 1479 3792 attendite
1499 3779 1512 3801 ,
1545 3737 1767 3806 fratres,

186 3812 229 3865 si
263 3813 317 3866 in
360 3821 467 3865 tam
502 3813 646 3880 gravi
675 3811 906 3880 periculo
933 3820 1053 3863 sunt
1079 3810 1168 3878 qui
1197 3823 1521 3880 uxoresnon
1553 3809 1768 3880 habent,

187 3891 240 3935 et
271 3891 368 3936 aut
397 3877 716 3935 concubinas
745 3881 843 3934 sibi
874 3877 1144 3941 adhibent,
1176 3888 1266 3930 aut
1293 3877 1547 3931 adulteria
1576 3878 1769 3932 admit—

189 3961 310 4005 tunt
343 3970 356 4004 :
390 3951 516 4020 quid
562 3952 628 4004 de
674 3966 732 4004 se
780 3948 1018 4020 infelices
1062 3948 1137 4002 illi
1179 3948 1406 4020 cegitant
1434 3989 1447 4009 ,
1476 3949 1585 4020 ‘qui
1633 3950 1770 4002 forte

185 4015 439 4090 conjugia
484 4020 737 4075 habentes
783 4019 1114 4090 adulferant,
1147 4026 1202 4090 et
1228 4015 1432 4090 insano
1470 4015 1647 4090 furore
1688 4020 1768 4072 vel

187 4085 398 4145 crudeli
442 4089 742 4144 infelicitate
767 4089 832 4142 de
865 4089 1062 4156 judicio
1093 4087 1183 4141 Dei
1209 4085 1526 4156 desperant;
1555 4087 1641 4154 qui
1670 4104 1769 4142 nec

186 4161 451 4228 supplicia
497 4159 684 4213 inferni
737 4155 1042 4228 formidant,
1075 4171 1173 4210 nec
1211 4155 1515 4228 desiderant
1555 4161 1770 4228 prccmia

189 4225 434 4282 adorna?
461 4228 513 4283 Si
544 4230 684 4282 enim
727 4227 882 4281 lideut
917 4228 1170 4282 haberent
1193 4265 1206 4286 ,
1237 4226 1419 4293 utique
1452 4225 1558 4278 Deo
1586 4227 1770 4281 crede-

191 4308 330 4361 rent,
363 4307 417 4352 et
443 4308 722 4352 venturum
746 4298 1000 4366 judicium
1037 4311 1156 4348 cum
1195 4305 1422 4366 tremore
1449 4303 1764 4366 metuerent.

194 4368 457 4420 l'robzitur
484 4368 624 4422 enim
665 4365 783 4435 quia
816 4367 1114 4419 hominibus
1142 4365 1388 4435 credunt,
1431 4372 1485 4435 et
1519 4365 1625 4435 Deo
1662 4382 1764 4420 non

188 4438 448 4502 credunt;
477 4447 532 4490 ut
563 4433 785 4507 publice,
811 4437 1175 4507 iubi_homines
1196 4434 1390 4495 vident,
1420 4433 1674 4507 adulteria
1706 4437 1767 4489 ti-

190 4516 402 4570 meant;
435 4515 489 4560 et
515 4503 738 4570 secrete,
769 4506 860 4559 ubi
905 4505 1044 4559 Deus
1074 4505 1247 4568 videt,
1298 4503 1513 4555 omnino
1553 4519 1656 4557 non
1701 4507 1763 4560 ti-

190 4585 393 4629 meant.
436 4577 490 4630 Si
530 4576 965 4644 qualemcumque
1002 4574 1279 4628 scintillam
1324 4571 1444 4625 fidei
1476 4570 1761 4644 haberent,

191 4648 330 4699 sicut
378 4661 482 4699 non
527 4642 834 4714 permittunt
879 4658 1062 4698 servos
1099 4644 1303 4714 suosiin
1347 4642 1624 4714 prarscntia
1668 4659 1763 4714 sua

193 4729 451 4781 peccare;
483 4711 552 4767 ita
585 4729 682 4768 nec
720 4715 791 4767 illi
820 4714 871 4766 in
901 4721 1186 4780 conspectu
1218 4711 1424 4765 Domini
1454 4712 1532 4764 sui
1558 4711 1764 4767 adulte-

193 4799 311 4838 rare
331 4795 740 4861 praesumerent.
763 4783 963 4861 Sedde
982 4782 1180 4861 talibus
1193 4783 1386 4861 clamat
1413 4796 1508 4861 per
1538 4783 1767 4861 prophe—

193 4861 298 4906 tam
329 4850 557 4918 Spiritus
579 4863 812 4916 sanctus,
849 4851 1003 4914 Dixit,
1042 4850 1241 4918 inquit,
1275 4850 1512 4918 insipiens
1540 4850 1590 4903 in
1616 4852 1764 4904 corde

193 4938 306 4984 suo,
346 4921 460 4974 Non
490 4933 561 4974 est
588 4921 736 4992 WDeus
761 4920 927 4992 (Psal.
975 4935 1090 4982 xttt,
1132 4918 1206 4992 λι).
1237 4919 1453 4992 Certum
1497 4922 1761 4992 est_cnim

193 4995 313 5056 quia
343 5007 450 5044 non
477 4991 644 5045 credit
679 4987 841 5044 Deum
872 5005 989 5043 esse
1009 5027 1023 5052 ,
1056 4988 1146 5056 qui
1177 4989 1228 5041 in
1256 4987 1485 5056 tenebris
1509 4998 1562 5041 et
1589 4990 1638 5042 in
1669 5005 1760 5044 oc-

194 5055 336 5114 culto
364 5061 451 5114 illa
474 5069 732 5129 praesente
762 5061 870 5113 Deo
893 5058 1032 5120 facit,
1057 5055 1170 5129 qua:
1200 5056 1407 5129 publice
1420 5055 1603 5129 facere
1624 5074 1762 5125 prte-

196 5131 435 5183 sirntibus
475 5124 775 5183 hominibus
818 5128 1138 5197 pertimescit
1163 5143 1184 5197 :_
1205 5127 1372 5179 nescit
1419 5124 1599 5197 infelix
1628 5124 1762 5196 quia

197 5200 362 5251 vultus
387 5197 590 5252 Domini
629 5215 781 5268 super
820 5195 1056 5268 facientes
1083 5195 1236 5268 maia,
1267 5205 1318 5248 ut
1345 5196 1518 5264 perdat
1545 5197 1606 5250 de
1629 5195 1762 5250 terra

202 5269 497 5338 memoriam
522 5265 701 5322 eorum
726 5265 892 5338 (Paul.
917 5282 1103 5338 χχχιιι,
1135 5265 1244 5338 17).

268 5340 320 5394 7.
361 5337 619 5392 Exeusant
656 5354 708 5390 se
734 5333 869 5405 'quos
898 5335 1093 5405 negotia
1139 5333 1316 5405 diuae
1347 5333 1585 5388 uxoribus
1611 5351 1760 5405 sepa-

199 5419 334 5462 rant.
374 5407 503 5463 Inde
528 5423 580 5461 se
605 5404 864 5459 damnum.
910 5404 1014 5461 sed
1056 5405 1190 5459 forte
1217 5404 1343 5458 dicit
1368 5405 1592 5472 aliquis:
1630 5404 1768 5468 Ecce

201 5479 548 5546 compelleute
587 5478 796 5544 negotio
832 5484 922 5530 aut
945 5477 1166 5544 jubente
1213 5489 1336 5541 rege
1379 5475 1447 5546 ab
1489 5489 1656 5529 uxore
1687 5486 1762 5530 tot

203 5543 469 5601 mensibus
510 5556 601 5600 aut
640 5543 793 5599 annis
841 5543 1144 5614 separatus,
1174 5543 1440 5614 quomodo
1467 5546 1760 5600 castitatem

203 5631 413 5671 servare
435 5615 667 5685 possim?
699 5615 794 5669 Cui
822 5613 1102 5685 iustissime
1131 5613 1438 5685 responderi
1472 5623 1676 5681 potest,
1708 5625 1764 5669 ut

207 5687 382 5740 redeat
424 5683 488 5739 ad
533 5699 748 5743 uxorem
780 5701 946 5739 suam.
1000 5683 1104 5739 Sed
1151 5699 1269 5736 cum
1317 5683 1416 5736 hoe
1453 5685 1760 5752 negotiatori

206 5756 403 5822 dixero,
427 5763 599 5826 potest
624 5756 748 5809 mihi
774 5757 946 5810 dicere
967 5756 1089 5824 quia
1117 5754 1161 5809 si
1187 5752 1452 5824 negotium
1482 5755 1756 5820 duniscrit,

1619 361 1845 416 SERMO
1883 361 2080 418 CCXC.

3328 377 3468 435 τῆθᾷ

1892 493 2011 552 non
2040 478 2230 552 habeat
2270 481 2408 552 unde
2438 483 2598 537 vivat.
2631 483 2859 540 Militans
2885 486 3011 542 dicit
3034 529 3049 552 ,
3081 487 3138 544 Si
3169 493 3466 547 exercitum

1887 546 2160 624 dimisero,
2195 549 2516 624 iracundiam
2553 553 2692 624 regis
2734 554 2967 610 incurro.
3000 546 3116 612 Istis
3150 559 3340 615 talibus
3370 577 3462 614 vc-

1888 618 2080 693 racitcr
2109 619 2210 673 dici
2241 631 2430 688 potest,
2465 623 2508 678 si
2544 618 2695 677 timet
2725 640 2901 693 regem
2927 667 2940 690 ,
2967 637 3020 680 et
3051 627 3171 682 ideo
3196 645 3298 683 non
3330 632 3463 686 redit

1884 690 1948 740 ad
1983 703 2201 742 uxorem
2246 706 2394 764 suam
2443 694 2742 764 propriam;
2786 690 2944 749 debet
2971 697 3158 752 timere
3189 699 3379 764 Deum,
3413 712 3468 754 ut

1886 771 1990 836 non
2042 768 2219 837 tangat
2265 761 2514 837 alienam.
2544 761 2693 817 Nam
2723 764 2989 837 quomodo
3037 766 3206 830 illum,
3237 767 3328 837 qui
3360 761 3464 823 non

1880 825 2060 894 jussus
2081 825 2266 902 relicto
2289 832 2524 902 exercitu
2545 825 2824 886 revertiiur
2843 833 2908 887 ad
2928 850 3144 889 uxorem
3172 825 3340 902 suam,
3369 855 3462 894 rex

1884 904 2058 962 potest
2083 897 2360 972 occidere_;
2390 901 2466 953 sic
2494 911 2548 954 et
2576 902 2722 954 illum
2763 903 2851 972 qui
2880 904 3035 972 longe
3067 906 3267 972 positus
3310 897 3461 962 adul-

1885 973 2054 1047 terat_,
2098 976 2284 1047 potest
2333 969 2470 1047 Deus
2498 1039 2508 1047 _
2516 981 2765 1047 perpetua
2782 969 2795 972 ⁷
2808 969 3287 1047 poena—damnare.
3315 975 3464 1047 Rogo

1883 1047 1996 1112 vos,
2013 1033 2200 1112 fratres
2215 1033 2534 1112 charissimi,
2559 1039 2602 1094 si
2615 1033 2837 1112 'prOptei-
2864 1043 3058 1112 negotii
3085 1033 3458 1102 necessitateiii

1881 1109 1936 1178 et
1963 1105 2105 1178 regis
2141 1104 2436 1178 jussionem
2469 1104 2826 1178 unusquisque
2868 1104 2959 1167 ab'
2979 1127 3142 1168 uxore
3170 1129 3264 1168 sua
3293 1114 3458 1169 inter-

1881 1171 2006 1254 dum
2034 1171 2190 1254 etiam
2219 1174 2374 1254 longo
2399 1171 2639 1244 tempore
2674 1171 2980 1254 separatur;
3028 1197 3192 1249 quare
3237 1195 3456 1254 propter

1883 1239 2046 1322 Deum
2090 1251 2143 1296 et
2192 1239 2420 1298 animam
2451 1239 2605 1322 suam
2646 1239 2751 1300 iani
2794 1239 3154 1322 longo'spatlo
3202 1239 3458 1322 témp'uris

1879 1311 2100 1388 castitas
2122 1327 2228 1388 non
2253 1315 2531 1388 servatur?
2561 1316 2792 1388 Meretur
2812 1311 2939 1387 ergo
2966 1311 3250 1388 negotium,
3284 1311 3460 1378 mere-

1882 1387 1966 1431 tur
1994 1380 2131 1456 regis
2153 1381 2343 1450 jussio,
2371 1392 2428 1437 ut
2457 1386 2614 1438 tantis
2639 1386 2823 1440 diebus
2846 1380 2949 1442 non
2978 1380 3292 1456 agitoscatur
3326 1408 3458 1446 uxor

1879 1449 2092 1525 propria
2123 1449 2223 1505 :iet
2261 1467 2364 1525 non
2393 1462 2628 1525 meretur
2660 1468 2810 1525 amor
2835 1449 3076 1525 etjussio
3103 1459 3226 1525 Dei,
3264 1469 3322 1514 ut
3351 1479 3455 1514 non

1878 1518 2214 1597 contingatur
2252 1520 2465 1597 aliena?
2489 1522 2591 1597 sed
2624 1524 2714 1592 qui
2762 1525 2861 1579 hoc
2903 1518 3118 1596 prepter
3157 1518 3454 1597 negotiandi

1880 1585 2083 1640 lucrum
2126 1598 2180 1665 et
2208 1591 2354 1665 regis
2375 1585 2655 1665 imperium
2681 1585 2920 1665 servant,
2950 1585 3016 1648 et'
3044 1585 3258 1665 prmith
3287 1600 3451 1653 Deum

1879 1669 2092 1710 servare
2117 1657 2483 1735 dissimulant;
2507 1663 2676 1735 sciant
2695 1664 2781 1732 qui
2806 1657 2922 1717 talia
2945 1657 3123 1735 agunt,
3143 1657 3287 1734 quod
3309 1670 3350 1722 si
3377 1671 3456 1722 eis

1879 1739 1984 1778 non
2011 1727 2316 1794 pmnitentia
2346 1729 2680 1797 subvenerit,
2710 1727 2828 1786 cum
2855 1727 3225 1788 ante'tribun'al
3251 1736 3450 1792 Christi

1878 1797 2321 1872 stare_t_-(eperin_t_,_
2343 1797 2613 1872 ab_auditu
2637 1801 2772 1853 malo
2803 1802 3012 1856 liberari
3040 1819 3141 1856 non
3171 1815 3450 1872 poterunt:

1877 1862 1970 1946 sed
2013 1862 2223 1946 dicetur
2250 1867 2373 1946 illis,
2397 1867 2644 1946 Discedite
2667 1885 2697 1922 a
2724 1887 2823 1940 me,
2870 1872 3121 1926 maledicti
3139 1914 3152 1939 ,
3172 1862 3246 1927 'in
3287 1876 3453 1946 ignem

1876 1933 2352 2008 ceterttum_(Matth.
2384 1952 2510 2008 xxv,
2540 1939 2653 2008 41).

1947 2002 2001 2082 8.
2043 2001 2262 2082 Militum
2305 2001 2934 2082 pcfu!att_tia_'repritttilur.
2984 2010 3052 2065 Et
3086 2009 3230 2082 illud
3276 2014 3449 2082 quale

1877 2081 1978 2150 est,
2003 2073 2149 2150 quod,
2169 2073 2445 2142 aliquoties
2460 2077 2544 2150 vir
2574 2073 2888 2150 fortissimus
2911 2080 3198 2148 procedens
3223 2081 3288 2134 ad
3309 2073 3448 2150 prte-

1877 2139 2192 2216 lium'forto
2258 2139 2363 2216 non
2403 2145 2576 2216 minus
2627 2147 2810 2201 decem
2864 2139 3105 2204 inimicos
3143 2139 3395 2206 occiderit
3428 2191 3444 2216 ,

1875 2218 1929 2287 et
1963 2225 2039 2287 _ex
2084 2211 2195 2287 ipsa
2248 2213 2479 2287 victoria
2507 2215 2735 2287 aliquam
2770 2218 3014 2287 puellam
3043 2218 3110 2273 de
3141 2219 3316 2287 praeda
3359 2211 3450 2274 ac;

1874 2280 2098 2347 cipiens,
2128 2279 2400 2358 dqm_cum
2430 2283 2516 2358 illa
2543 2279 3244 2358 per_aduli_eriumjungitnr,
3271 2288 3448 2344 anima

1873 2360 1966 2428 sua
1999 2350 2195 2428 peccati
2224 2351 2398 2428 gladio
2427 2350 2760 2428 intetflieitur.
2787 2355 2854 2428 Et
2872 2350 3044 2428 videte
3062 2350 3314 2426 quantum
3335 2373 3448 2428 ma-

1874 2417 1982 2469 lum
2013 2417 2100 2480 sit,
2130 2427 2188 2491 ut
2221 2417 2410 2491 aliquis
2437 2422 2702 2477 crudelior
2725 2424 2916 2479 existat
2941 2426 2997 2480 in
3037 2417 3116 2491 se,
3147 2440 3296 2480 suam
3326 2427 3444 2481 ani-

1874 2501 2013 2565 mam
2043 2488 2332 2565 occidendo
2359 2505 2455 2565 per
2486 2491 2772 2565 luxuriam,
2809 2494 2976 2564 magis
3008 2488 3166 2565 quam
3207 2511 3301 2565 per
3326 2509 3446 2551 car-

1874 2557 2045 2632 nalem
2089 2557 2377 2632 victoriam
2390 2557 2814 2632 adversariorum
2843 2557 3064 2632 eoi-pora
3109 2557 3441 2620 trucidando.

1880 2624 2010 2702 \_"_et_'e
2033 2626 2312 2702 lugendum
2339 2639 2422 2682 est
2439 2628 2834 2702 et‘dolendum,
2847 2641 2903 2686 ut
2933 2624 3022 2688 ille
3045 2634 3155 2702 qui,
3182 2633 3442 2702 sicutjam

1871 2692 2001 2759 dixi,
2030 2692 2214 2749 decem
2231 2696 2571 2772 _adversarios
2599 2699 2763 2772 vicit,_
2787 2692 2856 2772 ab
2888 2716 3000 2772 una
3029 2692 3251 2758 muliere
3283 2692 3443 2772 stipe-

1871 2771 2045 2840 retur;
2075 2772 2130 2840 et
2156 2765 2244 2840 qui
2276 2775 2361 2840 tot
2381 2767 2846 2840 initnieos__occidit
2883 2771 2937 2825 in
2979 2786 3222 2840 corpore,
3245 2773 3314 2828 ab
3339 2765 3442 2828 una

1872 2834 2045 2912 puella
2066 2833 2332 2912 juguletur
2349 2835 2400 2912 in
2420 2836 2599 2892 corde.
2619 2837 2765 2912 vere
2777 2839 2934 2912 nimis
2943 2833 3108 2912 grave
3124 2833 3320 2896 malum
3336 2849 3439 2908 est,

1873 2909 1930 2953 ut
1954 2902 2032 2954 vir
2061 2901 2323 2975 fortisqui
2345 2904 2484 2975 ferro
2500 2922 2604 2960 non
2628 2908 2875 2972 vincitur,
2901 2901 3118 2964 libidine
3135 2901 3437 2975 supereturi

1871 2979 2064 3024 etcum
2091 2973 2268 3027 mollia
2304 2983 2394 3048 aut
2418 2974 2608 3030 blanda
2633 2977 2959 3048 subvertant,
2989 2993 3149 3048 quem
3176 2973 3308 3033 dura
3333 2973 3440 3034 non

1872 3049 2156 3114 superant;
2181 3056 2233 3096 et
2261 3043 2351 3112 qui
2389 3058 2509 3098 esse
2544 3046 2784 3114 captivus
2820 3047 2904 3100 vel
2928 3043 3113 3101 ser'vus
3137 3047 3441 3104 hominibus

1871 3107 2208 3183 dedignatur,
2230 3107 2414 3166 servus
2439 3126 2558 3168 esse
2587 3107 2788 3183 peccati
2822 3124 3120 3181 mereatur;
3149 3130 3270 3170 cum
3300 3117 3441 3171 indi-

1871 3179 2024 3254 gnius
2048 3180 2116 3233 sit
2135 3188 2311 3254 mente
2333 3179 2704 3254 servirequam
2724 3199 2966 3253 corpore,
2989 3179 3277 3240 secundum
3298 3185 3440 3254 quod

1871 3247 2248 3326 scriptumest,
2277 3249 2321 3302 Α
2341 3267 2437 3320 quo
2463 3247 2593 3326 enim
2613 3255 2725 3323 quis
2753 3247 2984 3323 vincitur,
3023 3254 3174 3326 hujus
3198 3265 3245 3309 et
3269 3247 3439 3310 servus

1872 3316 2077 3391 eﬁciiur
2108 3318 2173 3391 (ll
2201 3316 2424 3391 Petgit,
2459 3321 2570 3391 19).

1921 3386 1972 3439 9.
1991 3386 2276 3464 Qoriolusio.
2297 3389 2418 3464 llaec
2429 3386 2574 3459 ergo,
2592 3390 2781 3464 fratres
2790 3391 3108 3464 charissimi,
3123 3393 3167 3464 si
3180 3394 3327 3464 vobis
3341 3409 3442 3464 ego

1875 3470 1977 3532 non
2003 3455 2206 3532 dixero,
2230 3455 2613 3532 rationem_'pro
2635 3461 2912 3515 animabus
2923 3455 3114 3532 vestris
3130 3463 3182 3516 in
3198 3463 3286 3517 die
3301 3455 3439 3532 judi-

1872 3526 1938 3578 cii
1955 3526 2253 3581 redditurus
2267 3540 2380 3600 ero.
2397 3526 2725 3600 Quicumque
2740 3538 2916 3600 autem
2935 3531 3103 3600 magis
3116 3532 3246 3600 mihi
3259 3526 3438 3598 irasci,

1871 3610 2028 3669 quam
2055 3610 2113 3648 se
2137 3595 2421 3669 emendare
2441 3595 2683 3669 voluerit,
2713 3612 2821 3669 non
2841 3598 3002 3654 habet
3024 3595 3163 3669 unde
3183 3615 3276 3668 per
3293 3595 3443 3669 igne-1

1872 3666 2094 3716 rantiam
2135 3679 2194 3718 se
2235 3665 2403 3733 possit
2428 3675 2550 3720 ante
2578 3667 2805 3721 tribunal
2831 3669 3012 3722 aeterni
3053 3665 3254 3724 Judieis
3274 3665 3440 3724 cicu-

1871 3746 2036 3803 sare;
2057 3741 2114 3803 ut
2140 3733 2280 3787 dicat
2305 3748 2364 3788 se
2391 3749 2495 3788 non
2527 3735 2688 3790 fuisse
2717 3735 3064 3803 admonitum,
3105 3753 3204 3792 nec
3229 3753 3258 3792 a
3286 3739 3440 3793 malis

1875 3802 2214 3875 prohibitum,
2251 3803 2437 3875 necad
2467 3819 2526 3875 ea
2556 3819 2675 3874 qua:
2712 3813 2836 3859 sunt
2863 3806 2970 3860 Deo
2996 3802 3182 3875 placita
3211 3808 3439 3875 castiga-

1874 3870 2016 3944 tioue
2037 3880 2092 3924 et
2118 3871 2476 3944 admonitione
2498 3870 2917 3943 frequentissima
2942 3870 3303 3944 provocatum.
3333 3870 3440 3932 Sed

1871 3939 2149 4016 credimus
2165 3941 2231 3996 de
2261 3941 2466 4016 Domini
2493 3939 3040 4016 misericordia,un
3071 3945 3140 3998 ita
3171 3947 3441 4016 negligen-

1873 4009 2013 4085 tibus
2040 4010 2340 4085 quibusque
2376 4011 2639 4081 inspirare
2680 4009 3012 4085 dignabitur,
3059 4023 3117 4068 ut
3143 4009 3442 4085 sibi'magis

1875 4080 1952 4151 vel
1985 4081 2212 4146 peccatis
2249 4080 2358 4134 suis
2397 4080 2554 4151 quam
2590 4080 2991 4137 medicamentis
3027 4080 3443 4140 sacerdotalibus

1872 4146 2197 4220 irascantur:
2221 4158 2278 4203 et
2301 4146 2567 4217 quomodo
2593 4159 2912 4220 aegrotantes
2937 4167 2966 4206 a
2991 4153 3293 4207 carnalibus
3325 4169 3440 4208 me-

1870 4216 2003 4290 dicis
2033 4216 2618 4290 requiruntsanitatem
2639 4216 2942 4290 corporum,
2971 4221 3048 4274 sic
3081 4236 3110 4273 a
3149 4223 3440 4290 spiritualio

1871 4285 1968 4338 bus
1998 4285 2378 4341 medicamenta
2412 4288 2712 4343 desiderent
2734 4285 3052 4343 animarum.
3083 4285 3192 4345 Sed
3214 4292 3440 4344 conlidi-

1871 4369 1989 4429 mus
2011 4357 2130 4429 quia
2157 4357 2547 4429 priestabithoe
2564 4358 2741 4413 divina
2770 4358 3153 4429 misericordia,
3188 4359 3330 4429 quod
3369 4361 3440 4414 ita

1869 4425 2023 4498 nobis
2046 4425 2114 4480 de
2138 4425 2233 4480 sua
2257 4427 2628 4482 emendatione
2655 4428 2941 4483 studebunt
2964 4425 3220 4498 gaudium
3243 4428 3437 4492 facere,

1869 4503 1927 4568 ut
1950 4493 2016 4547 ad
2045 4505 2302 4550 aeternum
2347 4507 2649 4568 mereantur
2683 4493 2991 4566 prtemtum'
3007 4498 3229 4554 feliciter
3252 4513 3441 4568 perve-

1870 4563 2016 4618 nire:
2048 4573 2332 4633 praestante
2361 4565 2585 4620 Domino
2609 4563 2812 4634 nostro,
2843 4576 2948 4623 etc.

2376 4656 2601 4712 SERMO
2637 4657 2812 4712 ccxc
2837 4657 2934 4727 (α).

2398 4752 2466 4794 De
2497 4747 2792 4795 continentia
2815 4746 2906 4808 (ὁ).

1939 4824 2354 4897 l._Contittentite
2386 4839 2633 4897 praecepta
2663 4839 2710 4882 et
2734 4829 3016 4882 necessitas.
3052 4827 3318 4883 Admonet
3339 4843 3442 4885 nos

1867 4893 1952 4965 lex
1982 4895 2156 4949 divina
2180 4906 2231 4965 et
2251 4893 2576 4962 exhortatur,
2609 4897 2798 4952 fratres
2826 4897 3142 4962 charissimi,
3167 4907 3222 4952 ut
3240 4912 3440 4952 concu-
3514 4962 3517 4965 I

1905 4964 2174 5018 iseeutiam
2201 4964 2356 5033 hujus
2392 4966 2568 5020 mundi
2599 4966 2908 5028 devitantes,
2931 4967 3272 5022 continentia:
3299 4967 3442 5021 salu-

1866 4979 2174 5085 Βιδοθιιιιίιηι
2201 4979 2356 5033 nujus
2392 4979 2568 5020 munai
2599 4979 2908 5028 devitantes,
2931 4979 3272 5022 continentia:
3299 4979 3442 5021 satu-

1905 5035 1945 5084 ri
1964 5049 2198 5105 _op_cram
2232 5034 2451 5105 demus;
2480 5050 2547 5088 ne
2587 5049 2682 5088 nos
2711 5036 2953 5090 illecebra
2981 5037 3302 5104 voluptatum
3347 5051 3442 5105 per

1866 5101 2188 5173 varia’ducat
2213 5101 2506 5169 desideria,
2538 5115 2591 5158 et
2627 5105 2814 5173 laqueo
2850 5105 3034 5160 mortis
3074 5101 3306 5160 irretitos
3329 5101 3364 5173 ,ί
3387 5106 3440 5160 in

1869 5172 2226 5244 principibuth
2241 5182 2294 5244 et
2319 5174 2616 5244 voraginem
2631 5172 2815 5244 tradat
2840 5174 3048 5229 inferni.
3073 5175 3325 5244 Loquitur
3344 5172 3442 5228 Sa-

1867 5241 2059 5309 pientia
2091 5241 2311 5312 homini.
2338 5251 2392 5294 et
2419 5241 2546 5295 dicit
2575 5262 2587 5295 :
2620 5241 2744 5296 Post
2766 5241 3188 5312 concupiscendus
3209 5254 3319 5297 tuas
3338 5257 3438 5296 non

1865 5325 1968 5377 sas,
1991 5321 2034 5364 et
2059 5327 2089 5363 α
2105 5311 2354 5364 voluntate
2368 5321 2453 5364 tua
2469 5322 2685 5366 avertere
2698 5313 2774 5366 :si
2786 5311 2994 5384 praestas
3013 5316 3194 5368 anima:
3210 5323 3306 5366 tute
3317 5328 3439 5365 con-

1943 5401 2002 5462 Qa)
2036 5399 2174 5458 Alias,
2193 5401 2256 5450 de
2271 5409 2507 5462 Tempore
2529 5402 2637 5452 248.

1927 5401 2002 5523 fa;
2036 5401 2174 5458 Alias,
2193 5401 2256 5450 de
2271 5409 2507 5472 Tempore
2529 5402 2637 5452 248.
3291 5463 3304 5474 .

1950 5463 2082 5531 orla
2118 5463 2390 5531 Appendtce
2435 5477 2561 5531 nunc
2610 5466 2814 5526 priumm
2859 5463 3133 5531 collocatur.
3157 5463 3437 5531 ambiguus

1867 5530 1972 5571 erat
1996 5522 2395 5585 tovarxiensibus,
2422 5522 2796 5575 \‘erlino'autem
2816 5535 2868 5575 et
2889 5525 3118 5585 vgiudiugo
3153 5522 3434 5585 falsus.i_ln-

1864 5585 1984 5652 certi
2006 5584 2215 5631 auctoris
2255 5591 2360 5642 est,
2386 5591 2433 5632 iu
2458 5588 2763 5652 Benedictina
2785 5581 3254 5652 ltegttlaexércitati.
3271 5581 3437 5652 stilo:

1864 5645 2199 5696 subsequente
2216 5641 2444 5695 sermone
2466 5661 2562 5695 non
2585 5647 2786 5696 multum
2810 5641 3013 5695 r5cedit.
3033 5652 3101 5694 De
3123 5657 3256 5692 num.
3274 5641 3307 5691 3
3322 5643 3432 5690 vide

1863 5713 1998 5812 εἶδεν.
2022 5701 2085 5752 de
2105 5705 2354 5812 Disciplina
2372 5715 2421 5757 et
2443 5710 2610 5757 natatu
2634 5709 2888 5770 virginum,
2916 5714 2968 5757 et
2990 5703 3217 5769 Regulam
3229 5701 3434 5755 Benedi-

1866 5779 1892 5812 C
1916 5780 2066 5812 lliillll.
2087 5779 2189 5812 CJK).
2260 5801 2272 5812 .
3339 5811 3342 5812 ,

1866 5775 2039 5813 ctutum
2054 5800 2066 5824 ,
2087 5779 2189 5826 cap.
2226 5775 2272 5813 4.
3337 5811 3343 5816 ,
