3962 6504
461 353 601 412 2327

463 469 627 540 quirit
653 467 814 526 Deus,
839 475 942 516 non
969 460 1191 540 durum.‘
1213 469 1606 540 nouasperum.
1633 453 1948 540 Clamatltibi
1979 454 2030 506 in

464 524 809 594 conscientia
835 544 921 586 tua
950 541 1145 582 aeterna
1172 527 1371 595 justitia
1406 544 1417 577 :
1450 524 1726 594 Qumuodo
1769 525 2036 595 gubernas

465 623 650 680 agrum
680 617 822 658 tuttnt
845 645 857 666 ,
888 601 1118 680 guberna
1151 594 1215 680 .ct
1251 613 1354 680 cor‘
1385 605 1566 680 tuum;
1598 595 1863 680 quomodo
1895 594 2036 680 coEis

463 662 644 732 villam
673 662 981 736 tuam,’cole
1002 679 1055 723 et
1079 669 1309 722 animam
1342 675 1517 728 tuam;
1551 662 1816 736 quomodo
1844 678 2035 736 super-

465 751 600 803 ﬂuos
619 732 857 815 palmites
879 741 1016 815 tollis
1041 739 1231 815 devito
1259 747 1365 815 tua,
1383 736 1460 788 sic
1488 732 1658 815 malos
1675 732 1893 815 allectus
1914 733 2038 815 tolle

463 819 532 872 de
561 804 732 870 anima
763 824 867 866 tua.
902 809 1151 865 Prmcidis
1183 808 1248 860 de
1277 808 1380 857 vite
1407 815 1492 857 tua
1521 804 1660 871 quod
1691 804 1883 855 malum
1915 811 2033 866 est;

465 887 641 942 incide
667 885 736 939 de
761 883 935 936 anima
966 887 1050 932 tua
1079 892 1116 948 ιι
1140 877 1222 929 1οά
1253 875 1609 948 iniquumest.
1638 872 1924 948 Quomodo
1944 873 2036 941 qtti

462 959 625 1011 vitem
648 968 797 1009 suam
820 965 925 1003 uno
945 965 1085 1002 anno
1097 943 1290 1014 'putare
1311 945 1558 1014 uoluerit,
1582 943 1856 1014 ipsoanno
1878 943 2038 996 abun-

461 1027 676 1080 dantius
701 1023 933 1085 exhibet,
961 1028 1014 1072 et
1041 1012 1218 1086 postea
1232 1016 1355 1086 sine
1378 1012 1548 1066 fructu
1575 1012 1766 1086 sterilis
1795 1027 2039 1086 remane-

463 1097 579 1151 bit:
611 1096 687 1148 sic
721 1103 774 1146 et
798 1091 888 1160 qui
919 1081 1092 1160 malas
1127 1084 1477 1160 cogitationes
1503 1091 1558 1160 et
1596 1081 1737 1160 mala
1773 1081 2036 1160 desideria

461 1149 571 1219 iton
616 1163 751 1218 tollit
778 1149 845 1215 de
873 1159 1048 1212 anima
1079 1169 1170 1209 sua
1188 1149 1219 1218 ,⁷
1233 1153 1442 1206 videtur
1481 1151 1672 1205 aﬂ'erre
1711 1149 1937 1204 fructum
1969 1151 2035 1204 de

463 1235 663 1304 rapinis
689 1242 742 1286 et
765 1229 1034 1304 fraudibus
1059 1227 1111 1279 in
1133 1239 1272 1304 anno
1295 1225 1413 1276 vitm
1439 1235 1676 1304 suarun
1704 1221 1828 1304 vivit
1860 1222 1908 1273 in
1938 1220 2038 1275 hoc

463 1292 691 1367 mundo;
740 1301 1072 1368 sed.postea
1096 1295 1292 1368 sterilis
1333 1292 1628 1368 remanebit
1665 1293 1715 1343 iu
1759 1300 2034 1368 adcr-num.

465 1375 532 1430 Et
571 1361 691 1444 quia
732 1361 934 1444 fruetus
977 1367 1237 1444 legitimos
1279 1379 1380 1416 non
1421 1363 1702 1444 exhibuit_,_
1737 1361 1884 1444 quasi
1928 1377 2040 1414 sar-

465 1431 645 1498 titeiiia
671 1442 932 1496 luxnrio~a
964 1431 1399 1497 et'infructuosa,
1427 1443 1621 1484 aeterni
1655 1432 1797 1482 illum
1829 1431 2038 1486 ﬂamma

465 1517 584 1568 sine
611 1509 968 1566 miseriCnrdia
995 1504 1278 1566 cruciabit;
1309 1503 1442 1555 sicut
1473 1503 1584 1567 ipse
1610 1501 1861 1553 Dominus
1887 1502 2036 1563 dixit,

465 1583 658 1637 Paleas
687 1591 852 1634 autem
874 1577 1124 1630 comburct
1149 1575 1252 1644 igni
1289 1571 1680 1644 inexstinguiliili
1705 1571 1728 1644 _(
1748 1569 1937 1644 Matth.
1961 1587 2036 1627 tn.

465 1653 595 1723 12).
641 1648 919 1723 Quomodo
957 1647 1008 1700 iu
1051 1641 1277 1699 vite'tua
1313 1651 1449 1723 totos
1487 1641 1717 1723 oculos}
1746 1641 2041 1723 superfluos

466 1711 714 1792 amputas
735 1761 748 1782 ,
783 1729 837 1776 et
854 1719 996 1792 ‘duos
1019 1726 1113 1792 aut
1155 1723 1261 1766 tres
1295 1712 1380 1780 qui
1411 1721 1534 1792 sunt
1563 1711 1778 1792 legitimi
1810 1711 2039 1764 derelin-

466 1779 588 1862 qnis
617 1811 631 1847 :
660 1779 745 1844 sic
765 1799 819 1862 et
853 1789 903 1842 in
947 1786 1121 1862 anima
1164 1793 1247 1836 tua
1289 1779 1466 1862 munia
1499 1779 1781 1860 desideria,
1810 1796 2040 1862 quzenres

465 1850 666 1916 a'lienas
689 1861 824 1914 male
849 1858 1137 1926 respiciunt
1160 1863 1214 1906 et
1241 1852 1467 1926 pessime
1494 1851 1892 1926 concupiscunt,
1919 1850 2039 1919 Spi-

465 1933 599 1986 ritus
638 1930 806 1985 sancti
846 1919 1021 1998 gladio
1044 1919 1299 1998 etcrucis
1339 1919 1955 1998 falcedcbesincitlere,
1989 1929 2043 1975 et

466 2004 570 2056 hoc
597 2011 797 2056 tantum
828 1991 966 2053 u'nde
987 1994 1189 2068 justitia
1211 1992 1292 2046 vel
1322 1991 1682 2046 misericordia
1703 1992 1939 2046 cernitur
1959 2005 2043 2045 rc-

466 2087 700 2125 servare.

539 2154 592 2207 7.
619 2151 686 2206 Id
710 2152 761 2204 iu
789 2151 958 2203 aninta
997 2147 1208 2202 colenda
1237 2155 1454 2199 servetur
1473 2148 1607 2214 quod
1626 2146 1677 2198 in
1706 2145 2040 2215 agricultura.

473 2222 688 2275 Fructus
709 2221 892 2290 tripr
920 2229 966 2272 et
996 2229 1092 2290 tres
1113 2217 1460 2287 professiones.
1494 2215 1906 2290 Bona’pirgines.
1961 2217 2045 2272 Vi-

468 2293 604 2344 duw.
653 2286 982 2360 Canjugutw.
1011 2286 1139 2342 Nam
1172 2297 1309 2340 terra
1340 2287 1550 2360 quando
1593 2286 1834 2360 Colitur._
1849 2286 2042 2360 fratres

468 2357 833 2426 dilectissimi,
851 2359 1016 2412 nostis
1032 2373 1149 2426 qua:
1177 2357 1504 2409 Consuetudo
1525 2367 1783 2410 servetur.
1802 2357 2039 2412 Primum

470 2433 774 2486 evelluntur
811 2429 998 2498 spime,
1031 2427 1247 2498 lapides
1275 2428 1658 2492 projieiuntur;
1689 2437 1870 2494 postea
1901 2437 2040 2482 terra

475 2504 585 2567 ipsa
656 2497 1049 2569 proscimlitur,
1115 2497 1488 2569 combiuatur,
1542 2497 2042 2569 tertiaturzdeinde

467 2567 773 2634 quarto—aut
821 2569 1005 2638 quinto
1053 2567 1200 2638 sulco
1230 2567 1414 2638 ordine
1441 2568 2038 2638 legitimoseminatur.

468 2641 582 2694 "nc
611 2656 737 2710 ergo
763 2635 872 2710 ﬁat,
919 2638 1109 2691 fratres
1154 2635 1483 2710 charissimi,
1531 2637 1807 2710 inanima
1838 2648 2037 2710 nostra.

470 2706 702 2764 l’rimum
729 2709 1064 2764 eradicentnr
1088 2706 1274 2775 spinae,
1304 2706 1353 2759 id
1381 2716 1478 2767 est,
1504 2706 1846 2775 cogitationes
1868 2709 2038 2761 make.

469 2781 661 2834 l‘ostca
689 2779 888 2847 lapides
911 2777 1236 2847 auferantur,
1269 2777 1368 2829 hoc
1392 2785 1492 2839 est,
1525 2777 1698 2829 omnis
1723 2777 1918 2830 malitia
1958 2778 2040 2831 vel

469 2850 661 2903 duritia
690 2846 1029 2918 expurgetur.
1073 2846 1271 2899 Deinde
1317 2861 1427 2918 cor_
1453 2853 1692 2918 nostrum
1737 2847 2042 2915 evangelico

469 2929 648 2973 aratro
693 2915 773 2973 et'
798 2915 972 2973 crucis
1018 2931 1232 2969 vomere
1259 2915 1626 2983 proscindatur
1651 2923 1706 2969 et
1755 2924 1954 2981 aretur,
1986 2927 2041 2971 et

469 2989 832 3058 confringatur
860 3003 954 3054 per
977 2987 1361 3058 paenitentiam,
1395 2985 1664 3058 molliatur
1690 3000 1784 3054 per
1809 2986 2041 3040 eleemo-

469 3054 805 3129 synamfper
831 3054 1358 3129 charitatetnsemiui
1380 3054 1650 3129 dominico
1671 3064 2035 3129 pneparetur:

453 3125 531 3182 “ut
559 3137 614 3183 et
637 3125 762 3183 tunc
797 3137 1014 3198 purgata
1061 3136 1115 3181 et
1135 3125 1286 3198 bene
1311 3125 1451 3198 culta
1490 3125 1667 3198 cordis
1705 3125 1871 3178 nostri
1899 3135 2038 3180 terra

469 3215 591 3253 eum
619 3194 813 3268 gaudio
833 3194 1014 3251 semen
1041 3194 1184 3268 verbi
1219 3195 1328 3268 Δι)οῐ
1359 3195 1526 3262 possit
1552 3195 1818 3268 excipere,
1853 3203 1906 3248 et
1933 3211 2038 3250 non

469 3264 643 3324 solum
671 3264 1140 3336 trigesimum,is_ed
1162 3264 1320 3336 etiam
1361 3265 1824 3336 sex_agesitn_ttmet
1856 3273 2036 3319 cente-

470 3341 662 3391 simum
695 3332 920 3392 fructum
952 3334 1195 3388 reddere.
1225 3333 1356 3386 Tres
1376 3333 1515 3387 enim
1538 3332 1896 3402 professiones
1917 3344 2041 3390 sunt

474 3411 524 3461 in
551 3416 731 3462 sancta
765 3405 998 3462 Ecclesia
1043 3403 1338 3472 catholica.
1359 3402 1492 3456 Sunt
1531 3403 1778 3472 virgines,
1809 3414 1934 3458 sunt
1958 3405 2037 3458 vi-

469 3479 610 3540 dum,
638 3487 761 3531 sunt
790 3476 950 3532 etiam
972 3473 1257 3543 conjugati.
1301 3471 1539 3542 Virgines
1567 3471 1818 3527 exhibent
1853 3484 2036 3528 cente-

470 3549 685 3613 simum,
714 3547 883 3600 viduze
913 3545 1319 3615 sexagesimum,
1360 3544 1625 3612 coniugati
1667 3557 1796 3615 vero
1829 3545 2038 3613 trigesi-

472 3634 638 3671 nmm.
668 3612 815 3672 Alius
841 3612 1062 3686 quidem
1077 3612 1298 3686 exhibet
1324 3615 1552 3686 amplius
1577 3615 1619 3679 ⁸,
1666 3613 1800 3666 alius
1828 3612 2035 3680 minus;

469 3687 562 3741 sed
588 3703 774 3742 omnes
805 3683 1088 3740 iu'cmlesti
1121 3685 1312 3738 horreo
1341 3683 1716 3750 reconduntur,
1747 3693 1799 3738 et
1841 3694 2039 3739 teter-na

472 3757 802 3812 beatitudine
852 3755 1076 3811 feliciter
1115 3753 1474 3822 perfruuntur.
1528 3754 1768 3823 Virgines
1794 3768 1920 3823 ergo
1949 3769 2040 3809 co-

471 3829 698 3894 gitantes
731 3826 980 3887 Mariam,
1020 3824 1192 3878 vidua:
1221 3825 1448 3894 Annam,
1482 3824 1741 3877 maritatze
1781 3839 1907 3878 vero
1935 3823 2039 3878 Su-

473 3892 716 3960 sannam,
747 3896 1018 3950 imitentur
1038 3893 1245 3948 illarum
1285 3892 1580 3947 castitatem
1622 3895 1673 3946 iu
1707 3894 1805 3946 hoc
1821 3894 2038 3957 szeculo,

473 3977 531 4019 ut
557 3967 660 4020 illis
690 3965 881 4020 sociari
929 3971 1234 4018 mereantur
1272 3963 1324 4015 itt
1364 3972 1644 4016 :eternum.
1688 3963 1849 4017 Bome
1898 3965 2039 4017 enim

471 4037 726 4106 virgines,
755 4051 872 4104 qnze
900 4049 1002 4088 non
1034 4033 1206 4106 solum
1232 4048 1477 4106 corpore,
1506 4031 1777 4106 sedetiam
1807 4034 1969 4088 corde
1989 4043 2044 4088 et

473 4101 652 4176 lingua
668 4101 900 4175 virgines
921 4119 1040 4176 esse
1068 4101 1350 4176 voluerint,
1382 4111 1577 4176 sancta:
1593 4102 1767 4156 Maria:
1790 4117 1914 4176 cum
1953 4119 2040 4157 re-

476 4173 621 4246 liquo
640 4173 874 4232 exercitu
912 4174 1193 4246 virginum
1215 4173 1504 4246 Sociantnr.
1533 4173 1692 4226 Bome
1717 4173 1905 4246 vidum,
1935 4190 2040 4228 non

473 4241 761 4312 dcliciosat,
783 4262 886 4300 nou
909 4241 1162 4314 linguosze
1175 4241 1217 4314 ἕ,
1234 4256 1345 4314 non,
1358 4243 1602 4305 curiosae,
1619 4257 1724 4314 non
1745 4243 2039 4314 invidiosa),

475 4333 580 4372 non
610 4317 875 4386 superbae,
900 4313 1017 4386 quae
1039 4313 1284 4386 jejuniis,
1303 4313 1659 4386 elecmosyuis
1702 4313 2044 4386 et_orationi-

472 4388 594 4452 bus,
627 4382 762 4442 sicut
798 4382 950 4441 beata
994 4382 1142 4438 Atina
1189 4382 1436 4446 faciebat,
1479 4382 1718 4436 serviunt
1754 4383 1891 4447 Deo,
1921 4399 2041 4437 cum

477 4460 591 4523 ipsa
622 4459 769 4511 Anna
793 4465 973 4510 sancta
1001 4454 1272 4523 sociantur
1293 4453 1473 4505 multis
1495 4453 1726 4506 millibus
1743 4453 2039 4507 viduarum.

474 4522 752 4596 tionjugati
806 4541 932 4580 vero
965 4525 1054 4594 qui
1107 4522 1206 4596 sibi
1237 4524 1458 4596 invicem
1501 4523 1658 4576 fidem
1692 4524 2040 4596 servaverint,

475 4610 529 4652 et
549 4592 697 4653 citra
728 4612 787 4652 se
809 4597 938 4650 nihil
962 4592 1290 4664 agnoverint,
1333 4608 1395 4664 se
1436 4593 1578 4660 ipsos
1601 4602 1802 4664 tantum
1830 4595 2044 4647 nonnisi

477 4685 572 4737 pro
599 4667 866 4723 desiderio
900 4661 1125 4720 lilio'rnm
1149 4662 1481 4733 agnoverint,
1510 4661 1720 4737 assidue
1746 4663 2043 4731 elcemosv-

476 4733 572 4793 itas
593 4738 833 4804 fecerint,
857 4746 910 4792 et
937 4738 986 4790 in
1005 4742 1258 4803 quantum
1288 4743 1508 4804 possunt
1530 4733 1618 4787 Dei
1644 4744 1904 4801 praecepta
1931 4748 2045 4787 ser-

473 4810 734 4875 vaverint,
777 4803 960 4862 sancto
989 4807 1110 4870 Job,
1143 4814 1339 4859 sancta:
1373 4803 1560 4875 Sane,
1582 4805 1666 4857 vel
1692 4812 1901 4875 sancta:
1947 4804 2047 4858 Su—

474 4895 656 4933 saltm:
683 4873 804 4934 cum
847 4878 1044 4932 sanctis
1089 4875 1410 4929 Patriarchis
1452 4884 1505 4928 ct
1546 4873 1828 4944 PrOphetis
1875 4889 2047 4929 mere-

475 4949 670 5003 buntur
697 4949 915 5004 feliciter
940 4947 1151 5002 sociari.

547 5038 600 5092 8.
623 5038 848 5103 Qualiter
858 5039 1030 5091 auditu
1047 5039 1097 5090 in
1114 5037 1350 5091 concione
1366 5037 1570 5089 invicem
1588 5035 1872 5102 repetenda.
1899 5034 2046 5105 Rogo

475 5124 594 5173 vos,
619 5108 809 5162 fratres
839 5109 1154 5169 charissimi,
1201 5122 1414 5176 semper
1444 5106 1676 5162 recolite.
1715 5121 1926 5171 semper
1961 5123 2043 5158 re-

475 5180 641 5233 tinete
663 5178 810 5272 lquod
837 5179 985 5272 vobis
1015 5195 1109 5246 pro
1135 5177 1326 5257 anima:
1373 5188 1562 5256 vestrae
1595 5176 1790 5272 salu'te‘
1811 5176 2048 5272 suggeri-

478 5266 615 5306 mus.
660 5245 832 5302 Nolite
879 5247 978 5301 hoc
1017 5245 1328 5301 transitorie
1378 5247 1639 5313 accipere.
1703 5245 1866 5300 Debet
1906 5247 2045 5299 enim

476 5328 860 5374 sei-monostcr
910 5315 959 5370 in
1005 5319 1164 5371 corde
1197 5328 1373 5370 vestro
1405 5316 1608 5370 radices
1654 5317 1844 5386 figere;
1893 5328 1948 5368 ιιι
1995 5315 2046 5369 in

479 5401 716 5459 tempore
745 5387 1110 5444 retributionis
1141 5387 1306 5456 Possit
1331 5395 1544 5441 :etcrme
1568 5387 1687 5441 vita:
1715 5386 1919 5441 fructus
1972 5388 2051 5440 fc-

541 5592 557 5622 ι
585 5591 657 5640 sic
680 5598 779 5650 δεῖ»,
799 5596 1057 5650 Portarum.
1080 5592 1134 5650 ᾼῑ
1154 5584 1458 5650 (:olbertiuus
1479 5585 1710 5650 surculos.

541 5656 561 5684 ³
583 5653 656 5744 sic
689 5646 872 5774 (Extis.
907 5648 1100 5713 collegii
1130 5646 1493 5754 daroinontaui.
1531 5649 1550 5710 [
1576 5649 1701 5700 alius
1720 5647 2052 5712 quidem/tabat

515 5727 698 5771 mutus.

515 5727 544 5746 ι’
583 5724 606 5754 :1
634 5729 698 5756 t.‘.

481 5724 575 5808 ab?
591 5729 680 5826 iis]:
696 5724 949 5837 genarum,
977 5772 1207 5836 luigtosm.

1907 338 2265 394 APPENL‘IX.

3581 345 3748 400 2328

2152 453 2319 507 licitu'
2341 451 2744 525 esltihere._Qni
2776 463 2948 519 potest
2981 464 3146 509 totum
3179 457 3408 510 retinere
3453 459 3592 525 quod
3642 458 3745 510 di-

2145 525 2333 595 cimus.
2369 523 2474 595 Deo
2500 523 2696 590 gratias
2721 534 2860 591 agat,
2894 533 2947 577 et
2976 525 3093 578 aliis
3115 529 3252 595 quod
3281 523 3483 581 retinet
3500 542 3739 590 semper

2144 593 2405 664 ostendat.
2437 591 2534 659 Qui
2561 602 2727 664 totum
2766 609 2868 664 mon
2898 604 3069 662 potest
3106 591 3358 653 retinere.
3397 598 3478 649 vel
3512 608 3735 664 partem

2145 663 2372 734 aliquam
2416 662 2743 734 recordetur.
2785 663 2848 715 Et
2890 665 2932 715 si
2982 673 3148 718 totum
3202 681 3339 719 unus
3383 683 3486 718 non
3514 662 3730 734 potest,

2146 732 2335 798 singuli
2363 740 2541 784 ternas
2583 733 2661 784 vel
2705 741 2991 798 quaternas
3037 737 3328 789 sententias
3370 732 3593 788 retinéte
3629 755 3644 788 :
3678 749 3740 788 et

2144 803 2268 856 dum
2291 802 2591 855 unusalteri
2617 803 2843 854 insinuat
2863 804 3000 871 quod
3021 805 3242 867 audivit,
3271 816 3435 858 tntttm
3455 806 3604 857 vobis
3644 808 3737 856 iu-

2145 873 2312 924 vieem
2355 871 2634 924 referendo
2673 887 2774 923 non
2798 874 2967 925 solum
2997 877 3302 928 memoriter
3331 876 3575 936 retinere,
3629 876 3737 927 se-l

2145 943 2301 1012 etiam
2322 941 2472 993 bouis
2492 941 2739 1008 Operibtts
2755 941 2968 996 Christo
2982 944 3046 995 ad
3050 946 3168 1008 jnva
3177 955 3264 998 nte
3277 948 3514 1011 poteritis
3535 947 3737 1012 imple-

2146 1029 2224 1066 re.
2249 1011 2393 1064 Dicat
2421 1026 2554 1082 unus
2576 1013 2727 1063 alteri
2751 1031 2765 1064 :
2786 1012 2897 1080 Ego
2913 1013 3087 1067 audivi
3108 1016 3412 1082 episcopum
3446 1011 3626 1066 meum
3661 1016 3739 1067 de

2145 1083 2387 1154 castitate
2411 1081 2700 1154 dicentem.
2734 1083 2880 1154 Alius
2907 1083 3050 1154 dicat
3074 1102 3087 1137 :
3115 1086 3222 1154 ligo
3251 1081 3303 1137 in
3336 1094 3514 1137 mente
3549 1085 3736 1139 habeo

2147 1152 2371 1222 illumet
2393 1150 2460 1204 de
2482 1151 2833 1222 cleemosynis
2855 1150 3190 1220 praedicasse.
3225 1155 3372 1208 Alius
3401 1155 3539 1208 dicat
3567 1173 3580 1208 :
3610 1154 3733 1208 lte-

2145 1221 2337 1275 mansit
2364 1222 2415 1274 in
2437 1222 2687 1274 memoria
2710 1221 2846 1284 mea,
2870 1224 3006 1292 quod
3025 1225 3163 1280 dixit
3185 1225 3332 1278 utsic
3352 1225 3586 1278 colamus
3604 1225 3736 1276 ani-

2145 1308 2283 1344 mam
2302 1300 2555 1352 nostram,
2570 1293 2834 1360 quomodo
2850 1297 3073 1347 colimus
3093 1304 3285 1349 terram
3300 1306 3555 1350 nostram.
3571 1296 3733 1351 Alius

2146 1362 2338 1433 referat
2369 1380 2384 1433 ς
2421 1363 2527 1433 ligo
2571 1363 2774 1415 retineo
2797 1363 2996 1418 dixisse
3033 1366 3338 1433 episcOpum
3396 1383 3570 1419 tueum
3597 1409 3612 1430 ,
3671 1378 3731 1419 ut

2145 1431 2232 1500 qui
2256 1432 2399 1485 novit
2421 1432 2643 1496 litteras,
2670 1433 2993 1501 Scripturam
3021 1431 3250 1488 divinam
3267 1436 3477 1490 studeat
3507 1438 3692 1501 legere
3711 1478 3727 1494 .

2145 1502 2232 1574 qui
2263 1517 2387 1574 vero
2415 1517 2517 1554 non
2551 1503 2689 1556 novit
2713 1543 2728 1566 ,
2754 1515 2956 1572 qtuerat
2985 1505 3086 1558 sibi
3113 1515 3166 1559 et
3202 1515 3350 1574 roget
3377 1508 3464 1573 qui
3515 1506 3586 1560 illi
3617 1508 3727 1559 de-

2151 1572 2268 1643 beat
2295 1572 2384 1643 Dei
2413 1581 2673 1640 praecepta
2721 1573 2977 1640 relegere,
3035 1586 3090 1628 ut
3138 1572 3282 1642 quod
3333 1572 3518 1643 legerit
3550 1577 3729 1642 possit

2150 1641 2258 1693 Deo
2287 1641 2571 1705 adjuvattte
2593 1643 2880 1710 complere.
2915 1643 3060 1698 Dicat
3087 1641 3246 1700 etiam
3273 1641 3410 1698 alius
3443 1663 3457 1699 :
3487 1641 3596 1710 Ego
3620 1661 3727 1698 au-

2147 1711 2250 1784 divi
2279 1713 2582 1784 episeopum
2621 1727 2794 1766 meum
2823 1713 3084 1767 dicentem
3109 1757 3125 1781 ,
3157 1715 3294 1784 quod
3321 1711 3588 1783 quomodo
3617 1731 3724 1769 nc-

2147 1783 2433 1849 gotiatores
2457 1783 2544 1850 qui
2569 1798 2672 1835 non
2716 1793 2975 1838 noverunt
3003 1783 3238 1849 litteras,
3281 1785 3585 1838 conducunt
3613 1786 3724 1838 sibi

2150 1852 2507 1923 mercenarios
2547 1852 2807 1923 litteratos
2855 1862 2912 1906 ut
2955 1856 3228 1923 acquirunt
3273 1857 3583 1922 pecuniam;
3639 1856 3727 1908 sic

2147 1920 2430 1975 Christiani
2479 1921 2672 1976 debent
2717 1923 2815 1976 sibi
2848 1920 3114 1992 requirere
3139 1934 3194 1977 et
3218 1920 3434 1993 rogare,
3465 1935 3517 1977 et
3543 1927 3586 1977 si
3617 1941 3722 1978 ne-

2146 2005 2298 2044 cesse
2335 2000 2450 2051 est.
2499 1993 2656 2045 etiam
2705 2003 2758 2046 et
2803 1994 3103 2047 mercedem
3133 1995 3280 2056 dare,
3311 2005 3365 2047 ut
3394 1995 3499 2048 illis
3523 1994 3725 2048 delicat

2149 2061 2336 2133 aliquis
2365 2060 2688 2133 Scriptorum
2742 2063 2970 2116 divinam
3029 2066 3294 2133 relegere;
3346 2074 3403 2117 ut
3443 2064 3722 2133 quomodo

2149 2131 2443 2201 negotiator
2471 2132 2575 2183 alio
2604 2132 2811 2200 legente
2835 2135 3058 2200 acquirit
3086 2131 3358 2201 pecuniam
3380 2175 3396 2197 ,
3425 2131 3502 2188 sic
3529 2135 3603 2187 illi
3633 2150 3728 2188 ac-

2148 2200 2356 2272 quirant
2385 2201 2542 2272 vitam
2571 2211 2843 2255 :eternam.
2872 2204 2992 2256 llaec
3021 2205 3062 2256 si
3084 2200 3236 2272 agitis
3255 2244 3270 2268 ,
3299 2205 3342 2257 si
3370 2219 3461 2256 vos
3490 2205 3722 2257 invicem

2148 2270 2476 2335 admonetis;
2508 2282 2560 2324 et
2591 2272 2641 2324 in
2665 2272 2765 2325 hoc
2791 2273 2986 2326 sarculo
3012 2270 3235 2328 fideliter
3255 2275 3473 2340 potestis
3497 2274 3682 2326 vivere
3703 2314 3720 2337 ,

2148 2349 2202 2393 et
2233 2349 2410 2408 postea
2441 2341 2505 2393 ad
2551 2351 2763 2395 :eterna:
2813 2344 2933 2394 vita:
2981 2342 3359 2397 beatitudinem
3415 2343 3720 2410 pervenire.

2147 2410 2277 2463 Nam
2309 2411 2350 2462 si
2381 2413 2554 2464 statim
2585 2413 2669 2465 ubi
2700 2411 2766 2465 de
2790 2412 3010 2466 ecclesia
3040 2413 3345 2474 recesseris,
3380 2423 3540 2465 totum
3569 2412 3721 2480 quod

2147 2480 2216 2534 ab
2237 2483 2486 2548 episcopo
2519 2482 2708 2535 audisti
2739 2481 2931 2535 oblitus
2961 2481 3141 2547 fueris,
3180 2484 3295 2536 sine
3321 2483 3490 2536 fructu
3523 2485 3718 2536 venisti

2147 2548 2212 2603 ad
2242 2551 2554 2613 ecclesiam,
2606 2552 2721 2604 sine
2763 2549 2935 2604 fructu
2982 2553 3153 2606 inanis
3202 2552 3343 2606 redis
3393 2552 3457 2604 ad
3494 2552 3719 2605 douunu

2149 2631 2310 2672 tuam.
2338 2619 2441 2674 Sed
2467 2621 2603 2674 absit
2631 2620 2734 2674 hoc
2763 2637 2788 2672 a
2813 2622 2960 2674 vobis
2980 2664 2994 2685 ,
3026 2621 3217 2676 fratres
3245 2641 3257 2674 ε
3284 2623 3448 2690 magis
3480 2623 3532 2675 iu
3562 2623 3719 2675 vobis

2147 2690 2426 2761 impleatur
2451 2690 2575 2744 illud
2619 2691 2758 2760 quod
2797 2691 3048 2759 scriptum
3077 2701 3192 2754 est,
3236 2691 3376 2744 Beati
3416 2693 3500 2761 qui
3542 2701 3716 2744 custo-

2146 2759 2289 2828 diunt
2305 2760 2577 2828 judicium,
2611 2759 2656 2814 et
2686 2761 2878 2828 faciunt
2918 2762 3167 2826 justitiam
3214 2763 3266 2814 in
3315 2759 3447 2814 omni
3493 2772 3720 2826 tempore

2147 2828 2166 2897 (
2194 2827 2333 2882 Psal.
2356 2845 2446 2895 cv,
2479 2831 2570 2897 3);
2600 2844 2653 2884 et
2680 2831 2829 2893 illud,
2860 2829 3207 2884 Misericordia
3233 2843 3398 2883 autem
3429 2829 3632 2883 Domini
3682 2847 3714 2883 a

2145 2899 2328 2952 steculo
2349 2909 2394 2952 et
2418 2917 2570 2969 usque
2594 2901 2643 2953 in
2670 2901 2906 2954 salt-olunt
2923 2918 3074 2968 super
3097 2903 3319 2954 timentes
3336 2919 3445 2954 eum
3463 2918 3481 2954 :
3499 2914 3539 2953 et
3557 2902 3719 2969 justi-

2145 2969 2217 3020 tia
2235 2969 2345 3038 ejus
2366 2985 2515 3037 super
2535 2972 2665 3036 ﬁlios
2689 2971 2906 3036 ﬁliorum
2925 2972 3311 3025 custodientibus
3327 2971 3562 3022 mandatu
3582 2971 3715 3038 ejus,

2143 3047 2192 3111 et
2212 3039 2449 3111 memoria
2470 3041 2788 3093 retinentibus
2811 3051 2863 3093 ut
2881 3042 3066 3111 faciant
3087 3058 3143 3093 ea
3161 3044 3178 3108 (
3191 3041 3328 3093 Psul.
3344 3057 3434 3105 cn,
3453 3043 3514 3094 i't'
3529 3051 3575 3093 et
3605 3040 3716 3104 18).

2145 3107 2225 3161 Ad
2250 3123 2407 3177 quam
2436 3125 2529 3163 vos
2556 3107 2968 3164 misericordiam
2997 3107 3245 3164 Dominus
3275 3127 3370 3177 pro
3393 3129 3483 3163 sua
3521 3111 3718 3174 pietate

2145 3176 2429 3251 perducat,
2459 3179 2548 3249 qui
2570 3181 2696 3236 vivit
2740 3190 2795 3236 et
2839 3191 3022 3251 regnat
3050 3181 3100 3235 in
3139 3176 3328 3236 smeula
3381 3182 3717 3235 SJ‘Culut'ttttt.

2145 3250 2335 3301 Amen.

2627 3321 2856 3378 sentio
2883 3321 3074 3378 cccw
3114 3322 3213 3392 (a).

2471 3417 2538 3460 De
2561 3412 2894 3474 Misericordia,
2918 3420 2969 3463 et
2986 3413 3282 3475 Indulgentia
3306 3412 3394 3474 (b).

2218 3492 2279 3562 l.
2309 3491 2658 3546 Misericordia
2707 3494 2898 3546 homini
2948 3496 3335 3562 pernecessaria.
3399 3494 3549 3546 "unc
3601 3495 3721 3546 aliis

2145 3561 2875 3636 celtibendopronteretur._ln
2904 3561 3078 3636 judice
3116 3565 3456 3617 misericordia
3496 3575 3541 3616 et
3567 3565 3721 3636 disci-

2146 3631 2287 3702 plina
2307 3648 2366 3684 ne
2388 3633 2734 3702 dissocientur.
2758 3631 3103 3688 Misericordia
3125 3637 3286 3702 primo
3312 3636 3364 3686 in
3383 3651 3435 3686 se
3450 3634 3717 3686 servanda.

2147 3701 2289 3754 Inter
2315 3701 2491 3756 omnia
2514 3703 2712 3774 quibus
2735 3704 2961 3758 humana
2992 3701 3189 3774 indiget
3215 3705 3500 3774 fragilitas.
3539 3705 3716 3756 maxi-

2146 3787 2232 3825 me
2259 3773 2558 3826 neeessaria
2585 3783 2665 3826 est
2694 3775 3055 3828 misericordia
3079 3792 3092 3838 ;
3113 3773 3232 3843 quia
3263 3785 3457 3841 quanto
3485 3773 3719 3842 fragilior

2146 3849 2228 3911 est
2251 3849 2498 3911 corrupta
2521 3852 2729 3905 natura,
2761 3853 2905 3896 tanto
2927 3845 3125 3910 majore
3157 3845 3356 3911 indiget
3390 3844 3715 3911 providentia

2147 3910 2422 3964 beneficii.
2443 3913 2505 3964 Et
2536 3912 2654 3967 ideo
2675 3954 2688 3976 ,
2722 3914 2945 3976 fratres,
2978 3916 3096 3982 quia
3129 3915 3243 3967 sine
3277 3915 3374 3967 hac
3393 3910 3504 3966 'vita
3537 3922 3716 3965 nostra

2131 3982 2439 4053 subsistere
2468 3998 2572 4037 non
2605 3992 2808 4051 potest,
2831 3984 3096 4038 diseanms
3120 3985 3384 4053 quomodo
3414 3985 3465 4036 in
3498 3999 3592 4034 nos
3613 3986 3717 4046 pri-

2149 4066 2294 4122 mum
2313 4051 2543 4122 divinam
2573 4069 2922 4122 provocemus
2947 4051 3279 4107 clementiam
3300 4096 3313 4118 ,
3345 4064 3400 4106 ut
3427 4053 3717 4108 Secundum

2149 4121 2538 4174 multitudinem
2576 4121 2972 4177 miserationum
3001 4140 3214 4177 suarum
3246 4137 3440 4176 nosme
3481 4122 3712 4175 miserize

2149 4191 2430 4264 subvenire
2449 4191 2725 4260 dignetur;
2749 4202 3008 4261 quatenus
3032 4195 3080 4246 iu
3108 4195 3385 4264 praesentis
3414 4194 3533 4245 vita:
3551 4207 3718 4264 eiusu

2149 4261 2380 4332 vitemus
2417 4273 2617 4332 nostra:
2647 4265 2829 4316 salutis
2857 4261 3130 4329 damnum,
3164 4274 3215 4318 et
3249 4265 3298 4315 in
3333 4264 3506 4315 futuro
3548 4263 3714 4314 inter-

2152 4331 2281 4384 itum
2315 4331 2574 4403 possunus
2603 4334 2828 4388 evadere
2855 4347 3183 4403 perpetuum.
3213 4335 3289 4386 Ad
3322 4333 3421 4385 hoc
3447 4333 3585 4385 enim
3617 4333 3718 4384 im-

2151 4401 2464 4470 petrandtun
2490 4444 2504 4465 ,
2534 4401 2886 4468 dilectissimi,
2933 4401 3068 4458 sicut
3093 4405 3244 4457 nobis
3275 4403 3547 4469 Scriptura
3573 4417 3717 4454 sacra

2151 4471 2411 4535 ostendit,
2468 4473 2791 4540 przecipuum
2833 4484 2911 4528 est
2966 4473 3344 4528 misericordia:
3395 4473 3622 4533 bonum;
3655 4471 3720 4525 de

2151 4557 2251 4607 qtta
2285 4540 2398 4608 ipse
2447 4542 2688 4596 Salvator
2728 4544 2830 4607 ait,
2881 4544 3019 4596 Beati
3063 4543 3436 4606 misericordes,
3488 4542 3721 4609 quoniam

2152 4611 2250 4679 ipsi
2298 4612 2689 4664 misericordiam
2738 4623 3099 4683 consequentur
3151 4613 3361 4681 (Matth.
3419 4627 3473 4673 v,
3503 4613 3576 4682 7).
3609 4611 3718 4683 Non

2155 4689 2328 4750 potest
2377 4690 2621 4748 peccator
2672 4681 3087 4737 misericordiam
3141 4699 3168 4735 a
3221 4684 3602 4751 Deosperare.
3633 4681 3718 4751 «pii

2153 4751 2570 4805 misericordiam
2604 4770 2705 4804 non
2751 4753 2875 4807 facit
2908 4755 3246 4821 peccantibus
3276 4752 3326 4805 in
3354 4768 3431 4804 se.
3477 4753 3615 4817 Ergo
3643 4750 3720 4804 di-

2155 4823 2324 4876 mittat
2355 4821 2513 4874 homo
2539 4826 2826 4890 temporale
2845 4824 3101 4884 debitmn,
3126 4835 3182 4876 ut
3207 4831 3470 4876 mereatur
3489 4821 3722 4885 recipere

2155 4892 2405 4946 aetcrualc
2437 4892 2652 4947 bonum.
2687 4893 2739 4947 Si
2784 4895 2987 4947 animas
3026 4904 3233 4946 nostras
3273 4893 3514 4959 cupimus
3539 4905 3722 4958 pecca-

2157 4971 2329 5015 torum
2362 4963 2608 5018 sordibus
2634 4963 2927 5026 emundari,
2955 4963 3368 5017 misericordian
3399 4962 3450 5013 in
3483 4975 3580 5014 nos
3600 4975 3720 5029 pec—

2155 5033 2394 5086 cantibus
2443 5049 2545 5087 uott
2593 5049 2874 5100 negemus;
2931 5042 2986 5086 ιιι
3031 5034 3080 5084 iu
3127 5035 3212 5087 die
3260 5032 3618 5085 retributionis
3661 5029 3722 5083 ad

2158 5103 2562 5172 promerendam
2599 5105 2685 5159 liei
2713 5103 3151 5166 misericordiam,
3195 5101 3572 5156 mist'ricordize
3598 5115 3721 5166 ope-

2158 5173 2303 5227 ribus
2333 5173 2663 5240 adjuvemur.
2695 5173 2972 5240 Quomodo
2997 5173 3414 5226 misericordiam
3437 5187 3466 5222 a
3505 5173 3612 5223 Deo
3635 5187 3723 5240 exe

2158 5253 2360 5311 spectat
2387 5239 2462 5297 vel
2493 5254 2689 5311 sperat.
2717 5239 2803 5313 qui
2827 5243 3054 5297 crudelis
3071 5255 3149 5296 est
3177 5244 3226 5296 in
3252 5256 3538 5295 conservos
3567 5239 3725 5292 suos?

2157 5316 2212 5367 Si
2240 5315 2356 5382 quis
2383 5314 2558 5381 cupiat
2587 5315 2747 5368 Deum
2779 5315 2875 5366 sibi
2909 5313 3169 5373 misereri,
3218 5313 3287 5366 ita
3328 5322 3380 5366 et
3421 5315 3725 5364 misereatur

2159 5384 2487 5439 debitoribus
2515 5385 2647 5439 suis.
2673 5385 2984 5439 Cet-tissime
3011 5383 3386 5452 indulgentiam
3417 5383 3725 5447 ex'sticttztre

2223 5517 2786 5586 (a)Alias,de'l_'_empore
2805 5516 2914 5586 £205.
3138 5575 3169 5586 η
3261 5580 3271 5586 _
3329 5585 3334 5586 ν
3387 5581 3415 5586 _
3457 5573 3504 5586 η
3616 5575 3626 5584 _

2223 5575 2296 5642 (lt)
2322 5587 2370 5628 tn
2388 5575 2681 5642 Appendiee'
2697 5593 2824 5628 nunc
2847 5580 3058 5642 trimum,
3079 5575 3354 5642 collocatur.
3387 5575 3590 5625 Dubium
3614 5575 3726 5625 inter

2164 5638 2527 5704 Augustiniatios
2559 5638 2860 5702 reliquerant
2894 5641 3243 5704 Lovanienses;
3265 5638 3583 5704 observamnt
3602 5645 3726 5704 320st:

2163 5697 2354 5754 modum
2378 5703 2458 5752 alii
2481 5717 2600 5764 com;
2619 5697 2791 5751 ositum
2817 5716 2926 5752 esse
2951 5716 3010 5751 ex
3037 5701 3193 5763 capite
3215 5700 3243 5747 7
3266 5698 3358 5748 et8
3375 5699 3537 5763 oreris
3564 5697 3731 5749 Alcuiui

2167 5766 2229 5816 de
2257 5767 2510 5816 Virtutibus
2532 5773 2581 5815 et
2607 5769 2750 5815 uuis.
3321 5765 3335 5780 '
