3986 6456
431 305 571 359 2335

433 415 830 495 tlzutisna_ctibns
866 421 1212 495 occupantur,
1236 408 1481 471 orationi,
1536 406 1770 495 lectioni,
1795 404 2010 495 jejuo'iis

432 496 487 540 et
506 485 694 555 vigiliis
716 485 889 555 minus
915 477 1155 555 insistunt
1191 496 1205 544 ;
1233 494 1452 555 necesse
1479 487 1558 530 est
1588 489 1642 530 ut
1664 479 1861 529 fruetus
1890 477 2009 528 illo-

436 548 594 619 rum',
636 552 906 624 quomodo
958 552 1098 613 vitis,
1130 550 1351 624 interra
1398 548 1626 624 jaceant,
1652 556 1710 624 _et
1759 562 1821 599 ex
1868 556 2014 624 parte

434 615 607 694 aliqua
636 615 971 694 minuantur;
1000 620 1201 694 ac_sibi
1248 615 1446 694 tantum
1497 616 1863 694 suft'iciant,_et
1885 615 2011 694 nihil

435 685 687 746 divitibus
734 693 1038 762 largiantur.
1071 690 1264 762 Beatus
1288 689 1431 742 enim
1483 686 1755 762 apostolus
1792 685 2008 762 Pindus,

435 764 559 817 dum
612 754 1035 816 tlivitcs'mundi
1084 759 1240 828 hujus
1282 756 1780 828 proettstentamlis
1818 754 2012 828 Christi

440 832 755 900 pauperibus
789 830 1129 900 admoneret,
1156 825 1327 898 'quasi
1375 826 1441 880 de
1471 827 1576 900 vi_te
1606 825 1917 900 loquebatur
1943 826 2007 900 ad

438 894 775 969 arborem,id
797 909 896 964 est,
925 915 1019 969 pro
1045 894 1240 969 Chriin
1274 911 1503 969 paupere
1524 897 1838 969 loquebatur
1857 894 2015 969 addi-

437 971 641 1023 vitcm:
686 968 896 1029 Vestra.
927 965 1136 1038 'inqnit,
1186 967 1494 1021 abundantia
1538 967 1745 1038 illorum
1792 965 2013 1038 inopiam

436 1038 708 1108 suppleat;
728 1048 782 1093 ut
804 1049 848 1093 et
868 1036 1071 1093 illorum
1092 1037 1399 1108 abundantia
1419 1045 1593 1088 vestrm
1613 1036 1794 1099 inspia:
1814 1036 1875 1086 sit
1892 1051 2014 1108 sup-

438 1105 742 1178 plementum
770 1111 785 1176 (
811 1109 852 1162 ll
880 1109 996 1162 Cor.
1019 1124 1135 1173 vui,
1159 1108 1223 1161 14
1243 1106 1279 1177 ).
1311 1108 1478 1178 Quam
1507 1121 1616 1159 rem
1641 1113 1697 1158 ut
1716 1120 1900 1158 omnes
1929 1105 2011 1157 in-

440 1176 699 1247 telligant,
727 1180 959 1248 apertius
982 1176 1250 1232 insinuare
1277 1176 1551 1229 debemus.

509 1243 578 1302 δῖ
603 1243 967 1301 Conmiercinm
1014 1250 1188 1300 divites
1213 1249 1340 1299 inter
1378 1255 1424 1297 et
1453 1261 1714 1314 pauperes.
1745 1243 2013 1296 Dumcstici

439 1319 577 1386 ﬁdei.
630 1318 832 1372 Divites
862 1318 1042 1371 mundi
1089 1316 1357 1371 abundant
1402 1317 1451 1368 in
1501 1316 1599 1368 huc
1628 1314 1824 1367 szeculo
1858 1330 2014 1381 pecn-

440 1390 523 1441 nia
554 1404 567 1451 ;
602 1402 862 1456 pauperes
889 1388 1085 1440 Christi
1114 1389 1164 1440 in
1195 1387 1333 1441 cmlo
1353 1426 1366 1447 ,
1394 1386 1496 1437 vita
1528 1394 1724 1456 interna
1757 1392 2014 1456 :erOgent

436 1473 564 1527 ergo
592 1454 781 1512 divites
811 1458 862 1510 in
886 1456 1083 1511 tnundo
1112 1456 1407 1527 pecuniam,
1431 1463 1489 1507 ut
1519 1454 1771 1522 recipiant
1794 1454 1851 1527 _in
1878 1454 2015 1507 caelo

439 1523 601 1579 vit'am
633 1536 906 1580 alternam.
945 1523 1142 1579 Divites
1173 1526 1351 1578 mundi
1380 1523 1724 1586 frumentum,
1759 1523 1934 1576 vinum
1961 1531 2012 1577 et

437 1598 615 1650 oleum
654 1596 705 1650 in
745 1596 938 1650 horreo
974 1597 1053 1649 vel
1109 1597 1159 1649 in
1187 1596 1400 1649 cellario
1443 1594 1657 1661 copiose
1702 1601 1960 1661 reponunt
1995 1610 2009 1657 ;

444 1681 704 1735 pauperes
733 1665 926 1720 Christi
966 1666 1186 1725 orando,
1227 1664 1519 1735 vigilando,
1544 1662 1834 1735 jcjnuando
1860 1663 2015 1735 spirit-

439 1732 610 1789 inales
637 1735 911 1788 thesauros
938 1737 987 1788 in
1011 1736 1146 1788 caelo
1178 1734 1471 1788 rt-cuttdttttl.
1504 1750 1516 1784 :
1545 1732 1738 1785 faciant
1759 1747 1885 1789 ergo
1913 1732 2013 1786 sibi

437 1820 798 1874 quoscumque
828 1820 1009 1859 servos
1052 1806 1141 1859 Dei
1180 1804 1369 1857 di\ites
1400 1802 1554 1869 hujus
1584 1801 1762 1874 mundi
1808 1773 1874 1854 de
1895 1810 2015 1874 ter:

440 1871 565 1928 rena
606 1871 851 1944 facultate
896 1876 1176 1944 pat'lieipes
1204 1891 1217 1935 ;
1248 1883 1301 1926 ut
1336 1873 1407 1926 illi
1450 1886 1543 1926 eos
1580 1871 1771 1944 sibiin
1809 1871 2013 1944 cwlcsi

439 1945 687 1998 thesauro
708 1941 1235 1999 faciant'cobaccedes.
1266 1944 1460 1996 Divites
1482 1941 1661 1994 mundi
1686 1942 1861 2007 hujus,
1886 1941 2011 1993 dum

437 2015 714 2083 aliquoties
742 2015 961 2067 nimitnn
988 2030 1044 2067 se
1071 2015 1295 2067 terrenis
1321 2013 1525 2066 actibus
1552 2012 1783 2078 obligant
1801 2026 2010 2083 ,‘qnan-

440 2080 549 2137 tum
579 2086 697 2138 illos
731 2094 933 2153 Oportet
988 2085 1202 2151 vigilare
1224 2125 1237 2147 ,
1272 2083 1464 2151 legere,
1504 2091 1556 2135 et
1585 2095 1737 2133 orare
1760 2080 1847 2153 vel
1877 2081 2014 2148 jeju-

439 2169 565 2206 ttarc
599 2170 702 2208 non
750 2150 970 2222 possunt
998 2160 1014 2223 (
1046 2150 1183 2206 unde
1220 2150 1509 2206 timendum
1546 2160 1627 2204 est
1661 2165 1726 2204 ttc
1755 2150 1887 2204 forte
1924 2159 2016 2204 aut

442 2238 537 2290 pro
580 2225 810 2292 peccatis
851 2226 1025 2276 minus
1050 2224 1306 2282 oil'eraut,
1354 2232 1445 2274 aut
1475 2236 1577 2273 non
1611 2229 1811 2292 tantum
1842 2235 2012 2289 quan-

440 2304 550 2346 tum
574 2290 816 2362 expedit,
846 2297 896 2347 in
921 2293 1167 2348 thesauro
1197 2293 1398 2346 coalesti
1432 2299 1687 2359 reponant
1717 2290 1734 2362 )
1766 2305 1781 2355 ;
1815 2304 2015 2362 paupe-

439 2377 526 2417 res
550 2359 744 2416 Christi
776 2363 854 2416 his
890 2362 1147 2417 fructibus
1187 2363 1293 2415 Deo
1320 2362 1516 2430 jugiter
1541 2360 1774 2414 vacando
1813 2359 2013 2413 exube-

439 2442 557 2485 rant
586 2450 599 2487 :
627 2448 727 2486 non
751 2447 878 2499 ergo
905 2434 1009 2487 sint
1031 2434 1159 2502 pigri
1182 2433 1369 2486 divites
1397 2431 1459 2483 ad
1486 2430 1748 2499 eroganda
1776 2438 2007 2502 terrena,

439 2502 484 2554 si
513 2504 731 2571 cupiunt
758 2503 951 2556 habere
977 2500 1234 2557 etelestia.
1264 2502 1501 2554 Christus
1546 2501 1685 2553 enim
1716 2500 1803 2568 qui
1839 2501 2012 2552 omni-

439 2573 540 2625 bus
567 2573 867 2627 hominibus
906 2590 1122 2627 munera
1152 2587 1245 2626 sua
1277 2571 1526 2641 largitur,
1573 2572 1622 2622 in
1664 2571 1774 2641 suis
1814 2584 2011 2637 panpe-

439 2642 585 2696 ribus
609 2658 765 2711 egere
790 2652 843 2698 et
868 2644 1073 2697 esurire
1110 2651 1163 2697 et
1192 2639 1378 2711 algere
1404 2642 1665 2708 dignatur.
1693 2639 1861 2711 Nemo
1885 2655 2013 2706 ergo

393 2750 399 2756 -
438 2712 644 2767 dubitet
666 2713 793 2767 dare
822 2714 1138 2781 paitpcribus
1169 2727 1183 2773 ;
1212 2712 1332 2781 quia
1370 2725 1555 2763 manus
1586 2710 1831 2781 pauperis
1860 2723 2015 2781 gazo~

440 2781 740 2853 phylacinm
764 2778 846 2836 est
870 2778 1064 2835 Christi
1082 2800 1106 2853 7:
1133 2778 1273 2849 quod
1303 2783 1353 2833 in
1384 2790 1520 2853 terra
1551 2780 1774 2853 accipit,
1802 2778 1851 2831 in
1878 2779 2015 2853 cutio

438 2846 667 2920 reponit.
713 2853 801 2906 Sic
840 2861 893 2905 et
933 2854 1044 2920 ipse
1075 2846 1326 2904 Dominus
1366 2851 1495 2903 dixit
1520 2848 1791 2920 rziQuando
1832 2846 2016 2920 fecistis

439 2917 525 2973 nni
567 2937 631 2975 ex
671 2923 890 2975 minimis
924 2917 1031 2976 istis
1055 2964 1069 2985 ,
1112 2923 1232 2973 milii
1255 2922 1478 2989 {ecistis(
1508 2919 1690 2972 Matt/1.
1726 2933 1854 2981 xxv,
1884 2917 2011 2986 40).

438 2991 729 3045 Audiamus
771 2994 1081 3060 Apostoltnn
1113 2991 1415 3055 dicentem,
1449 2990 1548 3056 Qui
1589 3005 1737 3057 parce
1779 2989 2011 3060 seminat,

445 3078 595 3133 parce
615 3072 662 3115 et
685 3056 832 3115 metet
854 3063 872 3133 (
900 3063 937 3115 ll
969 3062 1084 3117 Cor.
1120 3078 1192 3133 Ix,
1224 3062 1255 3115 6
1283 3062 1299 3129 )
1334 3078 1346 3112 :
1376 3070 1426 3114 et
1454 3069 1571 3133 post
1590 3056 1788 3127 pauca,
1823 3056 2017 3133 Opera-

438 3127 559 3184 mini
584 3133 718 3200 quod
756 3127 939 3185 bonum
970 3144 1041 3186 est
1075 3131 1141 3183 ad
1168 3127 1338 3183 onmes
1359 3130 1616 3200 ,ntaafiine
1651 3127 1903 3200 autemad
1926 3128 2018 3200 do—

440 3196 665 3254 mesticos
685 3202 803 3269 fidei
825 3204 841 3267 (
860 3201 1027 3255 Galut.
1053 3218 1122 3265 vi,
1156 3202 1278 3266 10).
1304 3199 1400 3266 Qui
1420 3208 1541 3251 sunt
1564 3197 1839 3251 domestici
1873 3196 2015 3269 fidei,

440 3272 651 3335 fratres,
686 3267 790 3325 nisi
817 3272 1014 3335 clerici,
1047 3271 1168 3324 boni
1198 3269 1461 3333 monachi,
1491 3279 1544 3321 et
1578 3269 1892 3335 quicumque
1930 3267 2016 3319 alii

438 3342 578 3394 servi
610 3341 701 3396 Dei
747 3341 1122 3407 impedimenta
1164 3339 1318 3408 lmjns
1360 3336 1539 3390 mundi
1582 3338 1876 3408 fugientes.
1909 3335 2017 3389 Deo

439 3420 707 3473 vacantes,
744 3411 1057 3465 lectionibus
1077 3420 1132 3465 et
1153 3407 1479 3463 orationibus
1507 3409 1807 3460 insistentes
1836 3407 1857 3459 ?
1886 3408 2015 3460 0m-

443 3481 599 3550 nibus
623 3480 835 3550 quidem
871 3481 1197 3549 petentibus,
1226 3479 1523 3550 secundum
1543 3478 1682 3546 quod
1713 3492 2015 3550 possumus,

440 3546 671 3603 dandum
699 3561 781 3606 est
813 3570 825 3605 :
854 3546 1022 3605 Servis
1067 3562 1243 3604 autem
1286 3550 1398 3610 hei,
1439 3549 1528 3616 qtti
1576 3558 1753 3616 petere
1795 3562 1824 3600 a
1866 3546 2019 3600 nobis

438 3621 761 3675 erubescunt
789 3663 802 3683 ,
844 3622 1183 3676 etiamsinon
1235 3619 1484 3689 petierint
1527 3617 1869 3689 ingerendum
1915 3628 2015 3689 est.

442 3689 515 3743 Ita
555 3705 682 3760 ergo
707 3707 865 3757 agere
908 3687 1249 3756 Studeamus,
1286 3691 1475 3743 fratres
1502 3688 1797 3760 charissitni
1826 3702 1840 3750 ;
1871 3698 1926 3760 ut
1951 3687 2019 3739 ab

438 3756 639 3814 auditu'
666 3756 806 3814 malo
848 3762 1021 3816 securi
1066 3775 1185 3815 esse
1224 3760 1504 3828 possimus.
1535 3758 1634 3825 Qui
1662 3758 1763 3811 erit
1806 3756 2018 3809 auditus

441 3829 611 3883 malus
636 3830 659 3882 ?
688 3829 937 3885 Discedite
967 3848 1000 3884 α
1032 3848 1128 3895 me,
1172 3829 1444 3891 maledicti,
1480 3829 1531 3880 in
1558 3830 1721 3894 ignem
1754 3835 2015 3890 teter-num,

439 3900 524 3967 qui
545 3911 857 3969 prwparatus
879 3911 947 3953 est
973 3901 1171 3954 diabolo
1192 3910 1236 3952 et
1273 3898 1464 3969 angelis
1498 3898 1608 3967 ejus
1632 3913 1651 3960 ;
1671 3896 2015 3969 quiaAesnrivi.

439 3966 593 4021 etnon
605 3966 809 4023 dedistis
822 3971 943 4023 mihi
958 3972 1259 4022 manducare
1274 3967 1481 4038 (Matth.
1494 3966 1620 4031 xxv,
1638 3966 1697 4021 41
1711 4006 1727 4031 ,
1742 3966 1850 4034 42).
1874 3966 2021 4038 llogo

444 4053 559 4102 vos,
591 4038 798 4102 fratres,
827 4040 988 4093 nolite
1018 4040 1118 4094 hoc
1148 4036 1317 4093 otiose
1346 4047 1405 4092 et
1437 4038 1761 4105 negligenter
1788 4036 1971 4090 audire
2003 4053 2016 4088 :

441 4107 533 4161 sed
567 4109 687 4163 totis
716 4109 915 4163 viribus
956 4111 1062 4163 Deo
1102 4110 1387 4162 auxiliante
1434 4107 1775 4166 contendite.
1816 4116 1874 4159 ut
1921 4122 2021 4159 nec

440 4177 611 4249 aliena
660 4181 877 4247 rapiatis
906 4221 920 4243 ,
964 4189 1018 4234 et
1060 4179 1126 4234 de
1177 4179 1404 4249 propriis
1450 4176 2019 4249 Christipauperibus

440 4248 791 4304 abundantius
821 4251 1050 4319 erogetis
1090 4266 1104 4313 ;
1133 4246 1295 4303 corde
1321 4256 1635 4319 compuncto
1654 4246 1850 4315 jugitcr
1879 4246 2023 4319 cogi-

443 4326 649 4381 tantes,
682 4329 736 4373 et
782 4316 1172 4388 vobisinetipsis
1202 4319 1425 4372 invicem
1460 4317 1845 4388 colloquentes,
1866 4316 1933 4388 ASi
1967 4317 2018 4368 in

444 4388 616 4457 ignem
645 4390 870 4443 mittitur
904 4391 991 4459 qui
1022 4386 1125 4443 non
1157 4390 1301 4443 dedit
1329 4403 1422 4441 sua
1450 4403 1465 4449 ;
1498 4396 1647 4459 putas
1678 4386 1765 4438 ubi
1808 4386 2021 4438 mitten-

440 4456 541 4511 dus
569 4468 649 4511 est
690 4460 777 4528 qui
825 4456 941 4513 tulii
985 4460 1151 4512 aliena
1188 4460 1211 4512 ?
1256 4459 1368 4512 Non
1412 4456 1633 4528 ergonad
1664 4471 1765 4528 nos
1805 4464 2021 4528 propter

440 4526 720 4582 avaritiam
748 4530 829 4582 illa
868 4545 963 4582 vox
1012 4529 1280 4582 tremenda
1328 4537 1380 4581 et
1422 4526 1671 4579 terribilis
1718 4526 1973 4593 dirigatur
2002 4567 2017 4589 ,

443 4597 696 4651 Discedite
718 4617 749 4652 a
775 4617 871 4663 me,
904 4599 1176 4663 maledicti,
1206 4605 1257 4656 in
1283 4600 1446 4668 ignem
1473 4608 1712 4668 (vternum
1741 4612 1758 4647 :
1787 4596 1877 4649 sed
1912 4612 2021 4647 ma-

439 4668 521 4736 gis
551 4680 762 4737 pr0pter
791 4672 1205 4739 eleetnosynam,
1229 4666 1803 4739 illamdesiderabilem
1836 4680 2018 4718 vocem

441 4740 624 4793 audire
654 4757 971 4803 mereamur,
1018 4737 1206 4802 Venite,
1232 4738 1494 4800 benedicti,
1544 4737 1781 4805 percipitc
1808 4751 2020 4805 regnum

440 4812 574 4874 quod
598 4812 733 4864 vobis
763 4821 992 4879 paratum
1014 4821 1083 4864 est
1109 4810 1171 4862 ab
1198 4810 1388 4879 origine
1418 4807 1590 4860 mundi
1621 4805 1784 4879 .V'rqnia
1815 4806 2016 4879 esttrivi,

440 4889 486 4929 et
516 4880 718 4933 dedistis
760 4877 881 4933 ini/ti
911 4884 1213 4933 manducare
1239 4877 1440 4943 ;Vsitit'i,
1468 4888 1511 4929 et
1539 4877 1745 4929 dedistis
1789 4877 1910 4928 milii
1936 4877 2016 4927 bi-

440 4948 551 5021 bere
578 4949 771 5021 (Ibid,
800 4953 867 5005 Si
897 4962 940 5003 et
974 4952 1065 5021 55)
1098 4968 1109 5002 :
1154 4966 1357 5004 necnon
1376 4949 1549 5021 etilla
1575 4947 1740 5021 magis
1762 4947 2016 4998 mittentis

445 5018 649 5072 llumini
698 5015 796 5073 vox
843 5022 906 5074 ad
953 5015 1056 5075 nos
1097 5021 1321 5074 feliciter
1355 5019 1640 5087 dirigatur,
1687 5015 1844 5087 Euge,
1884 5031 2021 5087 serve

442 5089 564 5141 bone
592 5100 637 5141 et
668 5090 849 5155 fidelis,
872 5092 1004 5144 intra
1029 5093 1077 5144 in
1103 5091 1346 5160 gaudium
1375 5085 1576 5140 Domini
1598 5087 1669 5138 tui
1696 5085 1876 5160 (l_bid.,
1898 5085 2012 5160 9.3),

441 5167 723 5226 praestante
766 5161 985 5213 Domino
1016 5155 1195 5213 nostro
1225 5161 1351 5214 Jesu
1395 5159 1625 5216 Christo.
1676 5157 1758 5208 cui
1810 5166 1889 5209 cst
1921 5155 2016 5208 ho—

441 5244 538 5281 nor
570 5239 623 5283 ct
649 5229 814 5298 gloria
844 5230 891 5281 in
924 5233 1113 5283 sarcula
1143 5232 1478 5284 smcnlm‘um.
1510 5230 1698 5280 Amen.

902 5322 1130 5376 SEltMO
1168 5321 1407 5376 ceevut
1462 5318 1558 5389 tu).

439 5410 701 5460 Admonitio
724 5424 813 5473 per
834 5425 977 5474 quam
1011 5410 1330 5474 ostenduntur
1355 5411 1443 5474 tria
1467 5420 1652 5474 genera
1670 5471 1676 5474 _
1693 5404 2021 5468 cleemosyna-

532 5486 668 5533 rum,
692 5471 869 5537 quibus
894 5479 1088 5534 pcecata
1111 5473 1295 5533 absque
1320 5471 1485 5520 labore
1508 5471 1679 5518 redi.ni
1708 5476 1921 5529 possunt.

513 5558 559 5609 l.
604 5555 803 5609 Facilia
839 5556 967 5610 Dens
1011 5555 1227 5624 providit
1275 5563 1586 5623 peccatorum
1627 5552 1864 5604 remedia.
1898 5548 2018 5602 Ideo

501 5691 571 5747 in)
606 5698 652 5738 In
672 5689 960 5741 Bibliotheca
986 5698 1171 5738 Patrum
1196 5686 1385 5735 homilia
1409 5692 1486 5734 est
1503 5684 1688 5731 Cmsarii
1710 5696 1849 5736 nom,
1869 5682 2018 5747 irsitts

439 5744 632 5803 nonnae
652 5754 699 5802 iu
719 5761 895 5803 nostra
916 5762 1060 5817 etiam
1089 5750 1422 5813 manuset'ijrtis
1444 5752 1718 5812 μιεειοιιιιιι.
1744 5752 1809 5795 De
1836 5757 1898 5791 uu
1920 5757 1963 5792 a.
1990 5744 2005 5784 ί

1879 288 2239 347 APPL’NDIX.

3610 295 3726 348 :36

2124 414 2262 471 egent
2287 404 2399 461 alii.
2427 404 2513 456 alii
2534 403 2807 458 abundant.
2838 402 2905 459 Ut
2931 405 2982 457 lii
3006 406 3316 459 misericordi
3336 426 3371 470 ι,
3394 408 3471 459 illi
3525 408 3727 474 patim-

2125 478 2193 525 tiu
2214 483 2475 525 sanantur.
2511 475 2631 526 Pius
2651 484 2703 526 et
2724 476 3027 528 misericors
3058 476 3332 542 Dominus,
3366 476 3561 529 fratres
3589 480 3722 531 clla.

2122 543 2338 615 rissi-ni,
2370 544 2546 615 multis
2592 544 2762 597 modis
2800 545 3109 615 occasiones
3150 547 3227 600 vel
3277 547 3723 615 opportunitates

2125 614 2405 685 providere
2431 613 2721 685 ingratum,
2750 614 2941 683 quibus
2967 616 3230 683 possimus
3256 613 3372 669 sine
3406 616 3599 685 grandi
3637 617 3723 669 la-

2122 683 2250 736 bore
2300 698 2361 734 ac
2407 683 2717 737 difficultate
2761 694 2973 752 peccata
3021 692 3199 738 nostra
3246 683 3532 738 redimere.
3575 686 3721 740 Nam

2120 768 2251 822 quos
2270 752 2419 824 nvidet
2446 768 2541 821 pro
2567 758 2794 821 peccatis
2819 755 2930 808 suis
2971 755 3037 809 ad
3072 754 3421 824 jejunantlutn
3453 758 3720 811 virtutem

2122 838 2225 875 non
2268 823 2482 886 habere,
2508 832 2560 875 et
2595 839 2623 876 a
2654 823 2900 877 carnilms
2943 825 3021 877 vel
3070 841 3099 875 a
3138 825 3257 877 vino
3281 826 3552 879 abstinere
3600 841 3720 879 non

2124 907 2294 959 posse,
2328 894 2555 962 vendere
2585 893 2741 946 etiam
2769 895 3119 948 substantiam
3148 910 3295 948 suam
3318 938 3330 955 ,
3364 904 3418 949 et
3458 890 3720 962 pauperi-

2122 956 2219 1015 bus
2258 977 2495 1029 erogare.
2534 956 2827 1031 l’anpernm
2874 965 3100 1033 inopiam
3135 965 3401 1032 providet,
3448 956 3500 1019 et
3529 956 3718 1019 abnu-

2120 1033 2389 1104 dantiores
2418 1034 2615 1085 fructus
2640 1034 2817 1087 tribuit
2860 1051 2871 1085 :
2905 1044 2961 1086 ttt
2990 1033 3114 1086 dum
3144 1038 3406 1101 superﬂua
3438 1052 3532 1088 sua
3575 1053 3719 1104 pau-

2124 1103 2333 1169 peribus
2361 1104 2672 1169 largiuntur,
2711 1113 3048 1170 peccatorum
3095 1104 3473 1172 indulgentiam
3502 1103 3715 1160 conse-

2119 1181 2367 1239 qumtur.
2400 1172 2534 1236 Quid
2573 1182 2677 1225 tam
2726 1174 2868 1241 pium
2911 1189 2975 1227 ac
3012 1173 3307 1241 delegatum
3335 1177 3350 1205 ί
3377 1216 3390 1236 ,
3422 1176 3552 1242 quid
3598 1186 3716 1229 tam

2122 1242 2271 1293 facile
2300 1251 2353 1294 et
2384 1243 2432 1293 in
2467 1244 2963 1311 promptu‘positum
2994 1253 3164 1310 potest
3189 1259 3329 1306 esse,
3356 1244 3548 1299 fratres
3577 1246 3720 1298 cha-

2121 1312 2312 1383 ri~sinti
2336 1352 2350 1376 ,
2386 1327 2543 1383 quam
2583 1312 2651 1364 de
2683 1311 2782 1365 hoc
2809 1312 2949 1383 quod
2987 1312 3217 1382 amplius
3250 1329 3407 1383 quam
3438 1330 3574 1382 opus
3621 1324 3722 1368 est.

2122 1380 2382 1453 tibi‘Deus
2407 1381 2651 1446 dignatus
2690 1382 2848 1453 fuerit
2894 1382 3043 1444 dare,
3080 1380 3488 1453 :eleetnosynani
3526 1384 3721 1439 dando

2119 1450 2336 1505 studeas
2378 1462 2587 1517 peccata
2625 1461 2709 1503 tua
2741 1451 3001 1506 redimere
3027 1456 3050 1503 Υ
3077 1452 3189 1505 Non
3224 1450 3495 1519 boc'jnbet
3526 1455 3675 1507 Deus
3696 1496 3717 1519 ,

2123 1529 2178 1574 ut
2214 1536 2275 1574 ea
2304 1536 2422 1587 qua:
2453 1521 2544 1574 tibi
2574 1521 2655 1575 vel
2689 1522 2791 1575 tuis
2832 1524 3126 1577 necessaria
3177 1533 3300 1576 sunt
3343 1523 3542 1577 debeas
3584 1540 3719 1579 ero-

2118 1605 2244 1657 gare
2273 1605 2285 1641 :
2312 1591 2379 1644 de
2407 1591 2597 1659 quibus
2618 1591 2774 1644 etiam
2799 1592 3081 1659 Apostolus
3108 1592 3255 1656 dicit,
3289 1591 3406 1645 Non
3427 1603 3479 1645 ut
3499 1594 3615 1646 aliis
3637 1596 3715 1646 sit

2119 1662 2453 1729 refrigerium,
2483 1660 2617 1713 vobis
2660 1672 2822 1714 autent
2847 1660 3098 1714 tribulatio
3146 1662 3163 1729 (
3194 1661 3230 1713 ll
3260 1662 3377 1715 Cor.
3410 1679 3495 1716 vttt
3521 1704 3535 1725 ,
3573 1665 3637 1716 13
3663 1666 3715 1729 ).

2120 1730 2393 1795 Snperllua
2439 1745 2541 1784 non
2596 1731 2682 1783 ille
2717 1731 2814 1784 sibi
2864 1732 3060 1799 indiget
3102 1732 3431 1799 expendere,
3481 1734 3575 1786 Sed
3610 1730 3718 1786 tibi

2120 1800 2232 1852 vult
2266 1800 2315 1853 in
2355 1810 2550 1853 :etcrna
2583 1800 2904 1854 beatitudine
2946 1817 3283 1855 conservare.
3316 1802 3446 1855 Nam
3478 1812 3534 1855 et
3572 1817 3719 1868 pau-

2122 1884 2275 1935 peres
2321 1870 2438 1923 ideo
2471 1885 2588 1923 esse
2616 1869 2810 1931 voluit,
2846 1880 2900 1923 nt
2937 1872 3129 1924 divites
3159 1872 3411 1925 haberent
3435 1872 3719 1940 quomodo

2123 1951 2332 2003 peccata
2385 1953 2477 1993 sna
2532 1940 2872 1993 reilisnerent.
2926 1941 3098 1994 Potuit
3144 1942 3285 1994 enim
3333 1942 3467 1993 licus
3514 1957 3719 1997 omnes

2122 2008 2361 2062 homines
2405 2009 2595 2063 divites
2640 2009 2856 2073 facere;
2895 2011 2985 2063 sed
3026 2010 3275 2063 divitibus
3318 2010 3483 2064 voluit
3526 2012 3717 2065 locum

2121 2077 2496 2131 misericonlbe
2543 2079 2838 2147 providere.
2878 2079 2991 2133 Non
3042 2081 3182 2132 enim
3230 2096 3326 2145 pro
3371 2096 3469 2134 suo
3509 2083 3718 2135 merito

2122 2149 2271 2216 pauci
2318 2148 2505 2203 divites
2556 2149 2673 2217 plus
2720 2149 2973 2217 colligunt
2999 2166 3157 2217 quam
3191 2152 3291 2204 illis
3325 2165 3463 2217 Opus
3498 2162 3579 2203 est
3611 2170 3622 2203 :
3654 2160 3721 2205 et

2120 2218 2269 2271 multi
2297 2234 2553 2287 pauperes
2582 2235 2684 2272 non
2712 2219 2964 2287 colligunt
2994 2235 3091 2274 nec
3122 2221 3259 2286 quod
3299 2220 3425 2287 ipsis
3452 2234 3719 2275 necessa-

2121 2289 2254 2340 rium
2286 2298 2386 2343 est.
2423 2290 2531 2342 lloc
2558 2289 2699 2341 enim
2725 2329 2739 2352 ,
2770 2289 2904 2342 sicut
2945 2290 3044 2355 iam
3074 2290 3179 2342 dixi
3202 2330 3220 2353 ,
3251 2290 3443 2343 divin:e
3486 2291 3711 2344 iniseri-

2119 2358 2315 2411 cordize
2356 2360 2636 2414 artificium
2680 2368 2804 2421 est;
2857 2367 2912 2411 ut
2955 2360 3078 2412 dum
3132 2374 3390 2427 pauperes
3441 2360 3718 2427 patienter

2120 2438 2406 2493 egestatem
2453 2430 2716 2491 tulerant,
2764 2427 3141 2493 indulgentiam
3182 2441 3513 2495 peceatorum
3558 2431 3716 2483 acci-

2121 2499 2282 2565 piant,
2313 2499 2557 2552 simililcr
2592 2508 2645 2551 et
2672 2498 2859 2551 divites
2886 2498 3009 2551 dum
3046 2501 3309 2567 superﬂua
3342 2499 3715 2553 misericordi-

2123 2578 2201 2619 ter
2231 2578 2482 2647 erogant,
2507 2579 2611 2647 et_a
2643 2569 2869 2635 peccatis
2898 2584 2956 2624 se
2986 2570 3244 2623 redimant
3266 2611 3280 2636 ,
3313 2578 3366 2624 et
3391 2569 3456 2622 ad
3489 2578 3709 2625 teterna

2122 2640 2335 2705 prtulan
2372 2640 2694 2705 perveniant.

2191 2708 2244 2759 2.
2287 2707 2632 2793 ρβξιιρεςίιιιὶδ
2661 2709 2926 2777 erogandis
2958 2710 3211 2793 cncusntia
3250 2709 3411 2793 nulla.
3448 2707 3556 2793 Νςσ
3588 2710 3717 2764 inde

2121 2777 2313 2829 ditandi
2335 2778 2446 2843 lilii.
2488 2777 2612 2832 Cant
2637 2789 2805 2831 nostra
2836 2795 2937 2831 non
2971 2781 3088 2831 sint.
3114 2779 3478 2836 Considerate.
3512 2780 3715 2834 fratres

2120 2846 2435 2911 cliarissiini,
2458 2856 2511 2901 et
2531 2848 2703 2901 videte
2728 2849 2847 2916 quia
2878 2848 3017 2901 nulla
3049 2850 3321 2903 excusatio
3349 2850 3500 2903 nobis
3528 2858 3712 2917 potest

2122 2933 2415 2976 remanere.
2451 2932 2543 2983 per
2566 2933 2721 2987 quam
2754 2918 2990 2971 dicamus
3027 2931 3236 2987 peccata
3265 2929 3445 2972 nostra
3479 2935 3584 2972 non
3615 2936 3715 2987 po-

2123 2988 2285 3039 tuisse
2332 2987 2611 3040 redimere.
2648 2987 2801 3039 Potes
2842 2987 3058 3041 forsitan
3098 2988 3277 3041 dicere
3314 2989 3453 3056 quod
3482 3005 3710 3044 Carnem

2124 3066 2264 3108 tuam
2305 3055 2518 3122 jejuniis
2545 3072 2606 3111 ac
2647 3058 2835 3123 vigiliis
2881 3074 2984 3110 non
3033 3058 3203 3123 possis
3230 3055 3482 3127 alﬂigere,
3524 3074 3553 3111 a
3585 3059 3715 3112 vino

2124 3127 2207 3199 vel
2244 3142 2270 3178 a
2302 3128 2550 3199 atrnibus
2578 3144 2681 3181 non
2715 3129 2891 3199 valeas,
2914 3128 3181 3181 abstinuere
3213 3145 3226 3180 :
3261 3128 3512 3199 nmnquid
3556 3140 3716 3196 potes

2123 3197 2301 3267 dicere
2350 3197 2493 3265 quod
2542 3215 2602 3251 ea
2639 3213 2758 3267 qua:
2805 3198 2897 3251 tibi
2950 3199 3178 3266 amplius
3220 3214 3375 3266 quam
3409 3197 3551 3267 opus
3592 3214 3718 3253 erat.

2126 3266 2264 3319 Dem
2297 3267 2481 3330 dedit,
2524 3285 2626 3320 non
2660 3266 2828 3334 possis
2855 3284 2951 3337 pro
2988 3268 3216 3335 peccatis
3258 3269 3362 3321 tuis
3388 3266 3715 3336 pauperibus

2123 3352 2345 3404 erogare
2370 3340 2391 3389 ?
2417 3338 2520 3392 Sed
2547 3347 2598 3390 tu
2630 3339 2762 3390 forte
2780 3338 3070 3404 reSpondes
3095 3348 3149 3392 et
3169 3338 3303 3391 dicis
3330 3356 3341 3390 :
3375 3339 3453 3391 Ex
3478 3355 3542 3390 eo
3561 3340 3712 3405 quod

2125 3408 2249 3458 mihi
2286 3407 2421 3461 Dens
2452 3408 2677 3473 amplius
2702 3406 2909 3461 dederit
2936 3422 3092 3476 quam
3130 3422 3266 3475 opus
3284 3418 3363 3462 est
3384 3447 3400 3473 ,
3433 3410 3551 3460 volo
3582 3409 3713 3462 Iiliis

2125 3477 2205 3529 vel
2245 3477 2446 3530 liliabus
2489 3477 2621 3531 meis
2659 3487 2937 3546 argentum
2982 3493 3195 3541 emere,
3241 3488 3551 3533 ornamenta
3585 3493 3713 3544 pre-

2126 3548 2405 3601 tiusiSsima
2430 3562 2759 3615 comparare.
2783 3547 2877 3600 Cui
2905 3562 3004 3616 ego
3025 3546 3319 3615 respondeo
3344 3565 3356 3599 :
3383 3550 3713 3604 Ornamenta

2123 3618 2332 3683 quidem
2364 3619 2497 3671 emis
2521 3658 2535 3681 ,
2571 3617 2664 3671 sed
2703 3627 2912 3685 peccata
2943 3634 3047 3670 non
3078 3617 3315 3670 redimis.
3349 3619 3414 3671 Et
3441 3621 3562 3683 quia
3597 3636 3708 3673 non

2124 3689 2294 3742 Stllllﬂl
2325 3687 2545 3741 decimae
2588 3703 2692 3758 non
2736 3697 2858 3758 sunt
2894 3698 3107 3751 nostrae,
3136 3688 3229 3741 sed
3260 3688 3511 3742 Ecclesia:
3534 3689 3715 3758 depu-

2126 3767 2245 3811 tatae
2275 3774 2288 3821 ;
2331 3773 2509 3812 verum
2531 3757 2783 3825 quidquid
2814 3758 3039 3825 amplius
3063 3773 3221 3826 quam
3258 3758 3409 3827 nobis
3447 3773 3583 3827 opus
3611 3757 3710 3813 est

2124 3843 2151 3880 ιι
2193 3830 2298 3881 Deo
2324 3828 2641 3897 accipimus,
2684 3827 3001 3895 pauperibus
3043 3843 3265 3897 erogare
3302 3826 3562 3881 debemus
3608 3847 3624 3883 :
3664 3831 3715 3884 si

2123 3898 2262 3965 quod
2304 3899 2380 3951 eis
2406 3899 2711 3966 deputatum
2754 3905 2854 3956 est.
2886 3898 3081 3951 nostris
3109 3898 3480 3965 cupiditatibus
3509 3898 3592 3951 vel
3621 3916 3716 3951 va-

2127 3970 2380 4021 nitatibus
2437 3983 2797 4027 reservamus,
2836 3970 3020 4035 quanti
3063 3983 3320 4037 pauperes
3359 3969 3411 4022 in
3454 3968 3587 4024 locis
3620 3971 3712 4024 ubi

2126 4055 2223 4093 nos
2251 4054 2464 4099 sumus,
2499 4038 2635 4090 fame
2666 4037 2744 4091 vel
2785 4038 3021 4091 nuditate
3053 4036 3244 4090 mortui
3276 4036 3470 4092 fuerint
3494 4080 3507 4099 .
3541 4055 3710 4093 nove-

2125 4111 2291 4164 rimus
2333 4124 2427 4162 nm
2456 4109 2710 4162 rationem
2744 4107 2810 4161 dc
2834 4108 3110 4162 animabus
3145 4107 3353 4161 illorum
3381 4109 3431 4161 in
3459 4109 3546 4163 die
3569 4110 3718 4179 judi—

2124 4181 2189 4234 cii
2219 4180 2538 4232 reddituros.

2196 4251 2245 4303 5.
2279 4249 2606 4314 Eleemosgna
2625 4248 2809 4312 altera,
2842 4248 3057 4301 inimicis
3079 4248 3355 4318 indulgere.
3390 4247 3511 4300 licet:
3536 4250 3709 4301 omni-

2126 4321 2216 4373 bus
2250 4320 2431 4389 facilis.
2466 4318 2558 4372 Est
2603 4318 2777 4370 adhuc
2809 4319 2949 4389 aliut
2988 4334 3153 4386 genus
3206 4322 3668 4388 elecmosynarum
3690 4362 3705 4381 ,

2125 4390 2191 4442 de
2218 4388 2322 4459 quo
2350 4402 2630 4459 possumus
2664 4388 2780 4459 sine
2806 4388 2909 4440 nlln
2956 4389 2999 4439 In
3012 4389 3137 4441 bore
3170 4398 3380 4456 peccata
3419 4398 3598 4459 nostra
3629 4406 3718 4442 re—

2124 4458 2343 4514 dimere.
2372 4461 2425 4511 Si
2455 4458 2593 4511 enim
2622 4460 2691 4510 ita
2722 4458 2791 4509 sit
2816 4473 3012 4524 pauper
3037 4498 3050 4520 ,
3078 4468 3132 4510 ut
3159 4474 3257 4511 nec
3276 4473 3464 4510 aurum
3496 4458 3713 4521 habent,

2126 4546 2223 4582 nec
2267 4532 2626 4591 frumentum,
2668 4542 2765 4580 nec
2788 4528 2965 4580 vimun
2997 4528 3078 4581 vel
3105 4528 3299 4589 oleum,
3336 4529 3475 4581 unde
3514 4544 3715 4594 ent-po-

2125 4600 2287 4652 ralem
2332 4600 2722 4667 eleetnosynam
2775 4596 2930 4650 faciat
2960 4614 2973 4660 ;
3015 4597 3135 4664 quia
3164 4614 3266 4651 non
3294 4607 3470 4666 potest
3512 4599 3630 4651 fieri
3659 4608 3718 4651 ut

2123 4671 2190 4722 ab
2228 4670 2487 4737 aliquibus
2520 4668 2820 4720 hominibus
2852 4684 2953 4720 non
3004 4668 3231 4734 patiatur
3277 4668 3521 4733 injuriam
3548 4709 3561 4727 ,
3602 4677 3717 4720 toto

2124 4739 2284 4793 Corde
2337 4739 2581 4791 omnibus
2634 4738 2860 4789 inimicis
2903 4737 3011 4790 suis
3056 4738 3359 4802 indulgeat,
3408 4745 3463 4790 et
3510 4740 3716 4791 nullum

2128 4819 2397 4877 peceatum
2427 4817 2696 4861 remaneat
2723 4807 2862 4876 quod
2893 4808 3009 4873 ejus
3036 4807 3415 4877 conscientiam
3446 4808 3713 4869 mordeat,

2125 4876 2179 4932 et
2219 4894 2439 4932 securus
2470 4879 2519 4931 in
2549 4879 2787 4931 oratione
2814 4878 3074 4931 dominiCa
3103 4877 3245 4932 dicat
3268 4916 3282 4939 ,
3327 4876 3532 4929 Dimitte
3569 4881 3717 4931 nobis

2125 4950 2289 5001 debita
2324 4959 2528 5013 nostra,
2569 4948 2697 5002 sicut
2725 4957 2769 4999 ct
2800 4964 2890 5000 nos
2928 4948 3227 5000 dimittimus
3274 4945 3577 4999 debitoribus
3618 4965 3717 5000 no-

2124 5021 2241 5072 stris
2287 5021 2303 5089 (
2333 5019 2513 5070 .llattlt.
2549 5034 2622 5083 vt,
2653 5016 2753 5089 12)
2790 5035 2802 5071 :
2829 5026 2882 5069 et
2912 5017 3216 5089 implebitur
3246 5018 3296 5069 in
3323 5034 3387 5071 eo
3414 5017 3540 5089 illud
3570 5018 3717 5085 quod

2123 5087 2362 5143 Christus
2384 5090 2434 5141 in
2458 5088 2744 5157 Evangelia
2771 5088 3077 5154 promittere
3099 5087 3347 5155 dignatus
3374 5096 3475 5149 est,
3506 5088 3715 5149 dicens,

2127 5160 2187 5213 Si
2222 5160 2509 5213 dimiseritis
2541 5158 2823 5211 hominibus
2861 5166 3064 5225 peccata
3096 5174 3296 5219 eorum,
3336 5158 3551 5210 dimittet
3577 5160 3719 5211 vobis

2128 5229 2281 5282 Pater
2315 5230 2523 5283 cazlcstis
2570 5239 2772 5297 peccata
2812 5236 2973 5280 vestra
3017 5226 3034 5295 (
3063 5226 3220 5289 Ibid.,
3253 5228 3357 5295 14)
3394 5244 3409 5291 ;
3459 5238 3515 5281 et
3542 5229 3672 5282 illud
3700 5271 3717 5289 ,

2128 5300 2253 5353 Date
2277 5342 2290 5365 ,
2324 5310 2369 5352 et
2405 5300 2603 5352 dabitur
2641 5297 2775 5351 vobis
2800 5338 2813 5361 ,
2855 5297 3117 5361 dimittite,
3159 5307 3205 5351 et
3254 5298 3533 5350 dimittetur
3576 5300 3719 5352 vobis

2126 5428 2237 5475 vide
2280 5427 2563 5487 Appendieis
2590 5438 2739 5474 Serm.
2781 5424 2889 5484 εθι,
2931 5438 2985 5487 ιι.
3024 5425 3072 5481 t;
3107 5425 3214 5487 503i,
3241 5440 3288 5473 ιι.
3318 5428 3373 5473 :2:
3397 5426 3460 5474 de
3486 5439 3622 5475 nutu.
3648 5426 3680 5475 Ξ
3700 5468 3714 5487 ,

2123 5503 2268 5539 sertn.
2315 5484 2420 5542 i223.
2463 5502 2510 5537 n.
2556 5488 2604 5542 ὃς
2631 5487 2738 5543 271,
2760 5502 2805 5535 ιι.
2831 5488 2878 5546 5;
2905 5486 3014 5546 276,
3041 5502 3087 5535 ιι.
3107 5486 3153 5545 -ί;
3178 5484 3286 5543 "277,
3314 5502 3355 5535 ιι.
3384 5488 3413 5534 5
3439 5502 3450 5535 ;
3478 5489 3543 5535 de
3578 5484 3717 5538 nunt.

2124 5555 2170 5608 5,
2196 5564 2344 5599 serm.
2367 5551 2473 5607 271,
2500 5564 2547 5597 [ι.
2575 5550 2631 5597 δε
2651 5549 2715 5596 de
2755 5562 2886 5596 num.
2912 5548 2961 5607 ι,
2985 5562 3134 5597 Serm.
3177 5550 3255 5604 78,
3284 5563 3329 5596 ιι.
3351 5549 3406 5607 6;
3433 5550 3544 5607 503,
3573 5564 3621 5597 ιι.
3652 5552 3718 5600 5:

2124 5614 2412 5706 gnntuzti._5,
2438 5624 2587 5662 scrin.
2614 5610 2721 5669 270,
2748 5625 2795 5658 ιι.
2830 5611 2887 5671 5;
2929 5609 3137 5660 denum.
3165 5611 3213 5663 6.
3247 5624 3394 5659 serui.
3426 5611 3530 5671 276,
3574 5625 3623 5660 ιι.
3652 5611 3719 5674 2;

2129 5692 2235 5725 ζιιι.
2263 5692 2309 5723 ll.
2337 5692 2381 5721 ι).

2166 5696 2235 5724 ιι.
2263 5691 2309 5723 ll.
2337 5692 2381 5721 ι).

2197 5743 2207 5768 ³
2241 5746 2394 5797 terte,
2417 5732 2688 5785 delicatam.
