  <div class='ocr_page' id='page_1' title='image "/cluster/home/n/w/nwhite01/storage/ocr_20150623/39/umn.319510024773323/440.png"; bbox 0 0 3986 6470; ppageno 0'>
   <div class='ocr_carea' id='block_1_1' title="bbox 273 285 417 341">
    <p class='ocr_par' dir='ltr' id='par_1_1' title="bbox 273 285 417 341">
     <span class='ocr_line' id='line_1_1' title="bbox 273 285 417 341; baseline 0.014 -2"><span class='ocrx_word' id='word_1_1' title='bbox 273 285 417 341; x_wconf 66' lang='grc' dir='ltr'><strong>ἳὸίθ</strong></span> 
     </span>
    </p>
   </div>
   <div class='ocr_carea' id='block_1_2' title="bbox 272 399 1854 472">
    <p class='ocr_par' dir='ltr' id='par_1_2' title="bbox 272 399 1854 472">
     <span class='ocr_line' id='line_1_2' title="bbox 272 399 1854 472; baseline 0 -17"><span class='ocrx_word' id='word_1_2' title='bbox 272 411 490 471; x_wconf 88' lang='lat' dir='ltr'><strong>propter</strong></span> <span class='ocrx_word' id='word_1_3' title='bbox 506 401 638 456; x_wconf 91' lang='lat' dir='ltr'><strong>idola</strong></span> <span class='ocrx_word' id='word_1_4' title='bbox 661 399 1467 472; x_wconf 84' lang='lat' dir='ltr'><strong>persequebanturChristianos,</strong></span> <span class='ocrx_word' id='word_1_5' title='bbox 1485 403 1854 470; x_wconf 73' lang='lat' dir='ltr'><strong>propterChri~</strong></span> 
     </span>
    </p>
   </div>
   <div class='ocr_carea' id='block_1_3' title="bbox 268 472 1855 542">
    <p class='ocr_par' dir='ltr' id='par_1_3' title="bbox 268 472 1855 542">
     <span class='ocr_line' id='line_1_3' title="bbox 268 472 1855 542; baseline 0.001 -17"><span class='ocrx_word' id='word_1_6' title='bbox 268 482 413 526; x_wconf 90' lang='lat' dir='ltr'><strong>stum</strong></span> <span class='ocrx_word' id='word_1_7' title='bbox 439 473 575 527; x_wconf 89' lang='lat' dir='ltr'><strong>idola</strong></span> <span class='ocrx_word' id='word_1_8' title='bbox 595 472 855 535; x_wconf 86' lang='lat' dir='ltr'><strong>delerent,</strong></span> <span class='ocrx_word' id='word_1_9' title='bbox 880 483 929 524; x_wconf 84' lang='lat' dir='ltr'><strong>et</strong></span> <span class='ocrx_word' id='word_1_10' title='bbox 950 472 1505 542; x_wconf 77' lang='lat' dir='ltr'><strong>subjugareturomnis</strong></span> <span class='ocrx_word' id='word_1_11' title='bbox 1523 474 1855 542; x_wconf 72' lang='lat' dir='ltr'><strong>potestasju-</strong></span> 
     </span>
    </p>
   </div>
   <div class='ocr_carea' id='block_1_4' title="bbox 266 540 1852 611">
    <p class='ocr_par' dir='ltr' id='par_1_4' title="bbox 266 540 1852 611">
     <span class='ocr_line' id='line_1_4' title="bbox 266 540 1852 611; baseline 0.001 -18"><span class='ocrx_word' id='word_1_12' title='bbox 266 556 338 610; x_wconf 73' lang='lat' dir='ltr'><strong>go</strong></span> <span class='ocrx_word' id='word_1_13' title='bbox 363 542 591 606; x_wconf 75' lang='lat' dir='ltr'><strong>Christi;</strong></span> <span class='ocrx_word' id='word_1_14' title='bbox 628 552 683 596; x_wconf 93' lang='lat' dir='ltr'><strong>ut</strong></span> <span class='ocrx_word' id='word_1_15' title='bbox 709 543 1015 611; x_wconf 87' lang='lat' dir='ltr'><strong>impleretur</strong></span> <span class='ocrx_word' id='word_1_16' title='bbox 1039 540 1177 608; x_wconf 92' lang='lat' dir='ltr'><strong>quod</strong></span> <span class='ocrx_word' id='word_1_17' title='bbox 1205 542 1402 595; x_wconf 88' lang='lat' dir='ltr'><strong>dictum</strong></span> <span class='ocrx_word' id='word_1_18' title='bbox 1434 540 1533 596; x_wconf 73' lang='lat' dir='ltr'><strong>est.</strong></span> <span class='ocrx_word' id='word_1_19' title='bbox 1568 541 1714 597; x_wconf 85' lang='lat' dir='ltr'><strong>Ultus</strong></span> <span class='ocrx_word' id='word_1_20' title='bbox 1743 540 1852 595; x_wconf 86' lang='lat' dir='ltr'><strong>sunt</strong></span> 
     </span>
    </p>
   </div>
   <div class='ocr_carea' id='block_1_5' title="bbox 266 612 1854 677">
    <p class='ocr_par' dir='ltr' id='par_1_5' title="bbox 266 612 1854 677">
     <span class='ocr_line' id='line_1_5' title="bbox 266 612 1854 677; baseline 0.003 -15"><span class='ocrx_word' id='word_1_21' title='bbox 266 613 322 664; x_wconf 84' lang='lat' dir='ltr'><strong>in</strong></span> <span class='ocrx_word' id='word_1_22' title='bbox 352 629 434 665; x_wconf 72' lang='lat' dir='ltr'><strong>eos</strong></span> <span class='ocrx_word' id='word_1_23' title='bbox 473 613 638 667; x_wconf 80' lang='lat' dir='ltr'><strong>(Psal.</strong></span> <span class='ocrx_word' id='word_1_24' title='bbox 672 629 831 675; x_wconf 85' lang='lat' dir='ltr'><strong>cxvtt,</strong></span> <span class='ocrx_word' id='word_1_25' title='bbox 868 613 973 677; x_wconf 84' lang='lat' dir='ltr'><strong>l0).</strong></span> <span class='ocrx_word' id='word_1_26' title='bbox 1002 612 1134 676; x_wconf 81' lang='lat' dir='ltr'><strong>Quid</strong></span> <span class='ocrx_word' id='word_1_27' title='bbox 1162 622 1244 665; x_wconf 89' lang='lat' dir='ltr'><strong>est</strong></span> <span class='ocrx_word' id='word_1_28' title='bbox 1285 614 1443 675; x_wconf 87' lang='lat' dir='ltr'><strong>enim,</strong></span> <span class='ocrx_word' id='word_1_29' title='bbox 1482 612 1628 666; x_wconf 84' lang='lat' dir='ltr'><strong>Ullus</strong></span> <span class='ocrx_word' id='word_1_30' title='bbox 1667 630 1774 665; x_wconf 86' lang='lat' dir='ltr'><strong>smn</strong></span> <span class='ocrx_word' id='word_1_31' title='bbox 1804 616 1854 666; x_wconf 85' lang='lat' dir='ltr'><strong>in</strong></span> 
     </span>
    </p>
   </div>
   <div class='ocr_carea' id='block_1_6' title="bbox 270 681 1850 749">
    <p class='ocr_par' dir='ltr' id='par_1_6' title="bbox 270 681 1850 749">
     <span class='ocr_line' id='line_1_6' title="bbox 270 681 1850 749; baseline 0.001 -15"><span class='ocrx_word' id='word_1_32' title='bbox 270 684 399 735; x_wconf 83' lang='lat' dir='ltr'><strong>eos?</strong></span> <span class='ocrx_word' id='word_1_33' title='bbox 431 682 699 735; x_wconf 75' lang='lat' dir='ltr'><strong>Vindicavi</strong></span> <span class='ocrx_word' id='word_1_34' title='bbox 748 698 832 737; x_wconf 90' lang='lat' dir='ltr'><strong>me</strong></span> <span class='ocrx_word' id='word_1_35' title='bbox 858 683 923 735; x_wconf 86' lang='lat' dir='ltr'><strong>de</strong></span> <span class='ocrx_word' id='word_1_36' title='bbox 954 684 1099 747; x_wconf 66' lang='lat' dir='ltr'><strong>ipsis.</strong></span> <span class='ocrx_word' id='word_1_37' title='bbox 1128 681 1333 749; x_wconf 79' lang='lat' dir='ltr'><strong>Corpus</strong></span> <span class='ocrx_word' id='word_1_38' title='bbox 1361 683 1553 737; x_wconf 75' lang='lat' dir='ltr'><strong>Christi</strong></span> <span class='ocrx_word' id='word_1_39' title='bbox 1585 684 1813 747; x_wconf 90' lang='lat' dir='ltr'><strong>loquitur</strong></span> <span class='ocrx_word' id='word_1_40' title='bbox 1836 725 1850 749; x_wconf 97' lang='lat'><strong>,</strong></span> 
     </span>
    </p>
   </div>
   <div class='ocr_carea' id='block_1_7' title="bbox 275 752 1854 818">
    <p class='ocr_par' dir='ltr' id='par_1_7' title="bbox 275 752 1854 818">
     <span class='ocr_line' id='line_1_7' title="bbox 275 752 1854 818; baseline 0.003 -17"><span class='ocrx_word' id='word_1_41' title='bbox 275 753 545 805; x_wconf 69' lang='lat' dir='ltr'><strong>Vindicavi</strong></span> <span class='ocrx_word' id='word_1_42' title='bbox 570 769 654 805; x_wconf 91' lang='lat' dir='ltr'><strong>me</strong></span> <span class='ocrx_word' id='word_1_43' title='bbox 682 754 748 806; x_wconf 92' lang='lat' dir='ltr'><strong>de</strong></span> <span class='ocrx_word' id='word_1_44' title='bbox 787 754 1012 806; x_wconf 82' lang='lat' dir='ltr'><strong>i:.imicis</strong></span> <span class='ocrx_word' id='word_1_45' title='bbox 1043 755 1192 805; x_wconf 93' lang='lat' dir='ltr'><strong>meis.</strong></span> <span class='ocrx_word' id='word_1_46' title='bbox 1225 752 1502 818; x_wconf 81' lang='lat' dir='ltr'><strong>Quomodo</strong></span> <span class='ocrx_word' id='word_1_47' title='bbox 1531 768 1588 807; x_wconf 91' lang='lat' dir='ltr'><strong>se</strong></span> <span class='ocrx_word' id='word_1_48' title='bbox 1615 754 1854 807; x_wconf 84' lang='lat' dir='ltr'><strong>vindica-</strong></span> 
     </span>
    </p>
   </div>
   <div class='ocr_carea' id='block_1_8' title="bbox 269 822 1851 886">
    <p class='ocr_par' dir='ltr' id='par_1_8' title="bbox 269 822 1851 886">
     <span class='ocr_line' id='line_1_8' title="bbox 269 822 1851 886; baseline 0.004 -16"><span class='ocrx_word' id='word_1_49' title='bbox 269 823 390 875; x_wconf 82' lang='lat' dir='ltr'><strong>vit?</strong></span> <span class='ocrx_word' id='word_1_50' title='bbox 436 823 740 876; x_wconf 77' lang='lat' dir='ltr'><strong>Occidendo</strong></span> <span class='ocrx_word' id='word_1_51' title='bbox 782 824 834 875; x_wconf 93' lang='lat' dir='ltr'><strong>in</strong></span> <span class='ocrx_word' id='word_1_52' title='bbox 884 824 961 876; x_wconf 87' lang='lat' dir='ltr'><strong>eis</strong></span> <span class='ocrx_word' id='word_1_53' title='bbox 1001 838 1277 886; x_wconf 90' lang='lat' dir='ltr'><strong>errorem,</strong></span> <span class='ocrx_word' id='word_1_54' title='bbox 1322 823 1625 877; x_wconf 76' lang='lat' dir='ltr'><strong>SllSt&#39;llalidO</strong></span> <span class='ocrx_word' id='word_1_55' title='bbox 1673 822 1851 877; x_wconf 87' lang='lat' dir='ltr'><strong>tidem.</strong></span> 
     </span>
    </p>
   </div>
   <div class='ocr_carea' id='block_1_9' title="bbox 270 891 1854 962">
    <p class='ocr_par' dir='ltr' id='par_1_9' title="bbox 270 891 1854 962">
     <span class='ocr_line' id='line_1_9' title="bbox 270 891 1854 962; baseline 0.002 -17"><span class='ocrx_word' id='word_1_56' title='bbox 270 891 534 960; x_wconf 78' lang='lat' dir='ltr'><strong>Quidquid</strong></span> <span class='ocrx_word' id='word_1_57' title='bbox 555 895 696 945; x_wconf 81' lang='lat' dir='ltr'><strong>enim</strong></span> <span class='ocrx_word' id='word_1_58' title='bbox 723 903 857 957; x_wconf 88' lang='lat' dir='ltr'><strong>erat,</strong></span> <span class='ocrx_word' id='word_1_59' title='bbox 886 892 1022 957; x_wconf 90' lang='lat' dir='ltr'><strong>qttod</strong></span> <span class='ocrx_word' id='word_1_60' title='bbox 1052 894 1100 945; x_wconf 92' lang='lat' dir='ltr'><strong>in</strong></span> <span class='ocrx_word' id='word_1_61' title='bbox 1123 893 1366 945; x_wconf 86' lang='lat' dir='ltr'><strong>omnibus</strong></span> <span class='ocrx_word' id='word_1_62' title='bbox 1389 894 1538 946; x_wconf 88' lang='lat' dir='ltr'><strong>malis</strong></span> <span class='ocrx_word' id='word_1_63' title='bbox 1561 903 1613 946; x_wconf 92' lang='lat' dir='ltr'><strong>et</strong></span> <span class='ocrx_word' id='word_1_64' title='bbox 1640 909 1854 962; x_wconf 83' lang='lat' dir='ltr'><strong>perver-</strong></span> 
     </span>
    </p>
   </div>
   <div class='ocr_carea' id='block_1_10' title="bbox 268 962 1853 1031">
    <p class='ocr_par' dir='ltr' id='par_1_10' title="bbox 268 962 1853 1031">
     <span class='ocr_line' id='line_1_10' title="bbox 268 962 1853 1031; baseline 0.001 -16"><span class='ocrx_word' id='word_1_65' title='bbox 268 964 347 1015; x_wconf 85' lang='lat' dir='ltr'><strong>sis</strong></span> <span class='ocrx_word' id='word_1_66' title='bbox 399 963 813 1031; x_wconf 67' lang='lat' dir='ltr'><strong>persequebatur</strong></span> <span class='ocrx_word' id='word_1_67' title='bbox 849 963 1212 1027; x_wconf 84' lang='lat' dir='ltr'><strong>Christianos,</strong></span> <span class='ocrx_word' id='word_1_68' title='bbox 1258 962 1487 1016; x_wconf 90' lang='lat' dir='ltr'><strong>deletum</strong></span> <span class='ocrx_word' id='word_1_69' title='bbox 1541 974 1641 1015; x_wconf 84' lang='lat' dir='ltr'><strong>est.</strong></span> <span class='ocrx_word' id='word_1_70' title='bbox 1683 962 1853 1017; x_wconf 86' lang='lat' dir='ltr'><strong>llomo</strong></span> 
     </span>
    </p>
   </div>
   <div class='ocr_carea' id='block_1_11' title="bbox 265 1033 1854 1102">
    <p class='ocr_par' dir='ltr' id='par_1_11' title="bbox 265 1033 1854 1102">
     <span class='ocr_line' id='line_1_11' title="bbox 265 1033 1854 1102; baseline 0.001 -18"><span class='ocrx_word' id='word_1_71' title='bbox 265 1033 411 1084; x_wconf 86' lang='lat' dir='ltr'><strong>enim</strong></span> <span class='ocrx_word' id='word_1_72' title='bbox 434 1033 644 1100; x_wconf 90' lang='lat' dir='ltr'><strong>quando</strong></span> <span class='ocrx_word' id='word_1_73' title='bbox 671 1044 720 1086; x_wconf 93' lang='lat' dir='ltr'><strong>te</strong></span> <span class='ocrx_word' id='word_1_74' title='bbox 748 1035 1098 1100; x_wconf 69' lang='lat' dir='ltr'><strong>persequitur,</strong></span> <span class='ocrx_word' id='word_1_75' title='bbox 1128 1034 1231 1086; x_wconf 90' lang='lat' dir='ltr'><strong>noli</strong></span> <span class='ocrx_word' id='word_1_76' title='bbox 1257 1033 1529 1086; x_wconf 85' lang='lat' dir='ltr'><strong>attendere</strong></span> <span class='ocrx_word' id='word_1_77' title='bbox 1557 1034 1697 1085; x_wconf 87' lang='lat' dir='ltr'><strong>illam</strong></span> <span class='ocrx_word' id='word_1_78' title='bbox 1724 1033 1854 1102; x_wconf 86' lang='lat' dir='ltr'><strong>ligu-</strong></span> 
     </span>
    </p>
   </div>
   <div class='ocr_carea' id='block_1_12' title="bbox 266 1102 1852 1172">
    <p class='ocr_par' dir='ltr' id='par_1_12' title="bbox 266 1102 1852 1172">
     <span class='ocr_line' id='line_1_12' title="bbox 266 1102 1852 1172; baseline 0.001 -18"><span class='ocrx_word' id='word_1_79' title='bbox 266 1116 384 1155; x_wconf 92' lang='lat' dir='ltr'><strong>ram</strong></span> <span class='ocrx_word' id='word_1_80' title='bbox 412 1118 568 1170; x_wconf 91' lang='lat' dir='ltr'><strong>quam</strong></span> <span class='ocrx_word' id='word_1_81' title='bbox 601 1102 720 1156; x_wconf 85' lang='lat' dir='ltr'><strong>fecit</strong></span> <span class='ocrx_word' id='word_1_82' title='bbox 751 1103 907 1166; x_wconf 81' lang='lat' dir='ltr'><strong>Deus,</strong></span> <span class='ocrx_word' id='word_1_83' title='bbox 941 1112 1031 1156; x_wconf 89' lang='lat' dir='ltr'><strong>aut</strong></span> <span class='ocrx_word' id='word_1_84' title='bbox 1065 1105 1294 1156; x_wconf 90' lang='lat' dir='ltr'><strong>animam</strong></span> <span class='ocrx_word' id='word_1_85' title='bbox 1323 1103 1465 1155; x_wconf 91' lang='lat' dir='ltr'><strong>illam</strong></span> <span class='ocrx_word' id='word_1_86' title='bbox 1494 1117 1650 1171; x_wconf 91' lang='lat' dir='ltr'><strong>quam</strong></span> <span class='ocrx_word' id='word_1_87' title='bbox 1680 1104 1852 1172; x_wconf 85' lang='lat' dir='ltr'><strong>spira-</strong></span> 
     </span>
    </p>
   </div>
   <div class='ocr_carea' id='block_1_13' title="bbox 266 1172 1851 1241">
    <p class='ocr_par' dir='ltr' id='par_1_13' title="bbox 266 1172 1851 1241">
     <span class='ocr_line' id='line_1_13' title="bbox 266 1172 1851 1241; baseline 0.003 -20"><span class='ocrx_word' id='word_1_88' title='bbox 266 1172 341 1222; x_wconf 88' lang='lat' dir='ltr'><strong>vit</strong></span> <span class='ocrx_word' id='word_1_89' title='bbox 377 1173 514 1226; x_wconf 85' lang='lat' dir='ltr'><strong>Deus</strong></span> <span class='ocrx_word' id='word_1_90' title='bbox 544 1191 557 1226; x_wconf 92' lang='lat'><strong>:</strong></span> <span class='ocrx_word' id='word_1_91' title='bbox 588 1188 690 1225; x_wconf 90' lang='lat' dir='ltr'><strong>non</strong></span> <span class='ocrx_word' id='word_1_92' title='bbox 734 1183 784 1225; x_wconf 88' lang='lat' dir='ltr'><strong>te</strong></span> <span class='ocrx_word' id='word_1_93' title='bbox 829 1173 1159 1241; x_wconf 80' lang='lat' dir='ltr'><strong>persequitur</strong></span> <span class='ocrx_word' id='word_1_94' title='bbox 1187 1172 1326 1239; x_wconf 90' lang='lat' dir='ltr'><strong>quod</strong></span> <span class='ocrx_word' id='word_1_95' title='bbox 1381 1172 1505 1224; x_wconf 86' lang='lat' dir='ltr'><strong>fecit</strong></span> <span class='ocrx_word' id='word_1_96' title='bbox 1550 1173 1687 1226; x_wconf 88' lang='lat' dir='ltr'><strong>Deus</strong></span> <span class='ocrx_word' id='word_1_97' title='bbox 1710 1214 1726 1239; x_wconf 92' lang='lat'><strong>,</strong></span> <span class='ocrx_word' id='word_1_98' title='bbox 1759 1174 1851 1226; x_wconf 89' lang='lat' dir='ltr'><strong>sed</strong></span> 
     </span>
    </p>
   </div>
   <div class='ocr_carea' id='block_1_14' title="bbox 266 1242 1853 1310">
    <p class='ocr_par' dir='ltr' id='par_1_14' title="bbox 266 1242 1853 1310">
     <span class='ocr_line' id='line_1_14' title="bbox 266 1242 1853 1310; baseline 0.003 -19"><span class='ocrx_word' id='word_1_99' title='bbox 266 1242 466 1294; x_wconf 88' lang='lat' dir='ltr'><strong>malitia</strong></span> <span class='ocrx_word' id='word_1_100' title='bbox 496 1258 652 1310; x_wconf 87' lang='lat' dir='ltr'><strong>quam</strong></span> <span class='ocrx_word' id='word_1_101' title='bbox 682 1242 803 1295; x_wconf 87' lang='lat' dir='ltr'><strong>fecit</strong></span> <span class='ocrx_word' id='word_1_102' title='bbox 835 1243 1010 1295; x_wconf 90' lang='lat' dir='ltr'><strong>homo.</strong></span> <span class='ocrx_word' id='word_1_103' title='bbox 1044 1242 1231 1296; x_wconf 93' lang='lat' dir='ltr'><strong>Omnia</strong></span> <span class='ocrx_word' id='word_1_104' title='bbox 1262 1258 1378 1310; x_wconf 64' lang='lat' dir='ltr'><strong>qua:</strong></span> <span class='ocrx_word' id='word_1_105' title='bbox 1401 1242 1524 1295; x_wconf 88' lang='lat' dir='ltr'><strong>fecit</strong></span> <span class='ocrx_word' id='word_1_106' title='bbox 1555 1243 1711 1303; x_wconf 86' lang='lat' dir='ltr'><strong>Deus.</strong></span> <span class='ocrx_word' id='word_1_107' title='bbox 1739 1244 1853 1295; x_wconf 86' lang='lat' dir='ltr'><strong>lau—</strong></span> 
     </span>
    </p>
   </div>
   <div class='ocr_carea' id='block_1_15' title="bbox 264 1310 1850 1377">
    <p class='ocr_par' dir='ltr' id='par_1_15' title="bbox 264 1310 1850 1377">
     <span class='ocr_line' id='line_1_15' title="bbox 264 1310 1850 1377; baseline 0.003 -15"><span class='ocrx_word' id='word_1_108' title='bbox 264 1310 399 1363; x_wconf 89' lang='lat' dir='ltr'><strong>dant</strong></span> <span class='ocrx_word' id='word_1_109' title='bbox 432 1313 615 1365; x_wconf 83' lang='lat' dir='ltr'><strong>Deum.</strong></span> <span class='ocrx_word' id='word_1_110' title='bbox 649 1311 884 1366; x_wconf 74' lang='lat' dir='ltr'><strong>Audistis</strong></span> <span class='ocrx_word' id='word_1_111' title='bbox 910 1315 961 1365; x_wconf 90' lang='lat' dir='ltr'><strong>in</strong></span> <span class='ocrx_word' id='word_1_112' title='bbox 994 1312 1470 1377; x_wconf 77' lang='lat' dir='ltr'><strong>benedictionibus,</strong></span> <span class='ocrx_word' id='word_1_113' title='bbox 1497 1322 1549 1365; x_wconf 90' lang='lat' dir='ltr'><strong>et</strong></span> <span class='ocrx_word' id='word_1_114' title='bbox 1578 1313 1769 1367; x_wconf 79' lang='lat' dir='ltr'><strong>auditis</strong></span> <span class='ocrx_word' id='word_1_115' title='bbox 1801 1315 1850 1367; x_wconf 93' lang='lat' dir='ltr'><strong>in</strong></span> 
     </span>
    </p>
   </div>
   <div class='ocr_carea' id='block_1_16' title="bbox 263 1382 1845 1451">
    <p class='ocr_par' dir='ltr' id='par_1_16' title="bbox 263 1382 1845 1451">
     <span class='ocr_line' id='line_1_16' title="bbox 263 1382 1845 1451; baseline 0.002 -19"><span class='ocrx_word' id='word_1_116' title='bbox 263 1383 414 1451; x_wconf 83' lang='lat' dir='ltr'><strong>omni</strong></span> <span class='ocrx_word' id='word_1_117' title='bbox 460 1382 796 1435; x_wconf 81' lang='lat' dir='ltr'><strong>Solemnitate</strong></span> <span class='ocrx_word' id='word_1_118' title='bbox 836 1382 1047 1451; x_wconf 81' lang='lat' dir='ltr'><strong>quando</strong></span> <span class='ocrx_word' id='word_1_119' title='bbox 1077 1384 1338 1449; x_wconf 79' lang='lat' dir='ltr'><strong>leguntur,</strong></span> <span class='ocrx_word' id='word_1_120' title='bbox 1378 1383 1645 1450; x_wconf 79' lang='lat' dir='ltr'><strong>qUomodo</strong></span> <span class='ocrx_word' id='word_1_121' title='bbox 1672 1385 1845 1436; x_wconf 83' lang='lat' dir='ltr'><strong>omnia</strong></span> 
     </span>
    </p>
   </div>
   <div class='ocr_carea' id='block_1_17' title="bbox 265 1449 1850 1521">
    <p class='ocr_par' dir='ltr' id='par_1_17' title="bbox 265 1449 1850 1521">
     <span class='ocr_line' id='line_1_17' title="bbox 265 1449 1850 1521; baseline 0.004 -20"><span class='ocrx_word' id='word_1_122' title='bbox 265 1449 487 1505; x_wconf 84' lang='lat' dir='ltr'><strong>laudant</strong></span> <span class='ocrx_word' id='word_1_123' title='bbox 515 1453 678 1505; x_wconf 89' lang='lat' dir='ltr'><strong>Deum</strong></span> <span class='ocrx_word' id='word_1_124' title='bbox 702 1493 717 1516; x_wconf 93' lang='lat'><strong>,</strong></span> <span class='ocrx_word' id='word_1_125' title='bbox 751 1449 986 1505; x_wconf 74' lang='lat' dir='ltr'><strong>emlestia</strong></span> <span class='ocrx_word' id='word_1_126' title='bbox 1018 1462 1070 1506; x_wconf 91' lang='lat' dir='ltr'><strong>et</strong></span> <span class='ocrx_word' id='word_1_127' title='bbox 1095 1454 1359 1505; x_wconf 74' lang='lat' dir='ltr'><strong>terrestria</strong></span> <span class='ocrx_word' id='word_1_128' title='bbox 1387 1449 1407 1513; x_wconf 28' lang='grc' dir='ltr'><strong>,ί</strong></span> <span class='ocrx_word' id='word_1_129' title='bbox 1437 1454 1642 1521; x_wconf 76' lang='lat' dir='ltr'><strong>Angeli,</strong></span> <span class='ocrx_word' id='word_1_130' title='bbox 1678 1453 1850 1507; x_wconf 81' lang='lat' dir='ltr'><strong>homi-</strong></span> 
     </span>
    </p>
   </div>
   <div class='ocr_carea' id='block_1_18' title="bbox 265 1522 1847 1589">
    <p class='ocr_par' dir='ltr' id='par_1_18' title="bbox 265 1522 1847 1589">
     <span class='ocr_line' id='line_1_18' title="bbox 265 1522 1847 1589; baseline 0.002 -16"><span class='ocrx_word' id='word_1_131' title='bbox 265 1535 385 1583; x_wconf 86' lang='lat' dir='ltr'><strong>nes,</strong></span> <span class='ocrx_word' id='word_1_132' title='bbox 419 1522 695 1575; x_wconf 83' lang='lat' dir='ltr'><strong>luminaria</strong></span> <span class='ocrx_word' id='word_1_133' title='bbox 719 1524 837 1576; x_wconf 54' lang='grc' dir='ltr'><strong>βαξΙὶ</strong></span> <span class='ocrx_word' id='word_1_134' title='bbox 860 1565 873 1583; x_wconf 83' lang='grc'>,</span> <span class='ocrx_word' id='word_1_135' title='bbox 907 1523 1121 1576; x_wconf 85' lang='lat' dir='ltr'><strong>arbores</strong></span> <span class='ocrx_word' id='word_1_136' title='bbox 1150 1532 1302 1576; x_wconf 68' lang='lat' dir='ltr'><strong>terra!</strong></span> <span class='ocrx_word' id='word_1_137' title='bbox 1324 1564 1338 1589; x_wconf 96' lang='lat'><strong>,</strong></span> <span class='ocrx_word' id='word_1_138' title='bbox 1374 1522 1583 1576; x_wconf 76' lang='lat' dir='ltr'><strong>[lumina</strong></span> <span class='ocrx_word' id='word_1_139' title='bbox 1604 1564 1616 1584; x_wconf 90' lang='lat'><strong>,</strong></span> <span class='ocrx_word' id='word_1_140' title='bbox 1647 1524 1807 1576; x_wconf 85' lang='lat' dir='ltr'><strong>maria</strong></span> <span class='ocrx_word' id='word_1_141' title='bbox 1834 1541 1847 1587; x_wconf 94' lang='lat'><strong>;</strong></span> 
     </span>
    </p>
   </div>
   <div class='ocr_carea' id='block_1_19' title="bbox 263 1591 1851 1659">
    <p class='ocr_par' dir='ltr' id='par_1_19' title="bbox 263 1591 1851 1659">
     <span class='ocr_line' id='line_1_19' title="bbox 263 1591 1851 1659; baseline 0.004 -18"><span class='ocrx_word' id='word_1_142' title='bbox 263 1591 519 1659; x_wconf 83' lang='lat' dir='ltr'><strong>quidquid</strong></span> <span class='ocrx_word' id='word_1_143' title='bbox 553 1594 689 1645; x_wconf 87' lang='lat' dir='ltr'><strong>Deus</strong></span> <span class='ocrx_word' id='word_1_144' title='bbox 710 1592 927 1655; x_wconf 85' lang='lat' dir='ltr'><strong>creavit,</strong></span> <span class='ocrx_word' id='word_1_145' title='bbox 952 1594 1062 1645; x_wconf 89' lang='lat' dir='ltr'><strong>sive</strong></span> <span class='ocrx_word' id='word_1_146' title='bbox 1089 1593 1139 1645; x_wconf 91' lang='lat' dir='ltr'><strong>in</strong></span> <span class='ocrx_word' id='word_1_147' title='bbox 1163 1592 1319 1652; x_wconf 87' lang='lat' dir='ltr'><strong>co-lo.</strong></span> <span class='ocrx_word' id='word_1_148' title='bbox 1345 1595 1454 1645; x_wconf 88' lang='lat' dir='ltr'><strong>sive</strong></span> <span class='ocrx_word' id='word_1_149' title='bbox 1478 1592 1525 1644; x_wconf 92' lang='lat' dir='ltr'><strong>iu</strong></span> <span class='ocrx_word' id='word_1_150' title='bbox 1552 1602 1712 1658; x_wconf 90' lang='lat' dir='ltr'><strong>terra,</strong></span> <span class='ocrx_word' id='word_1_151' title='bbox 1739 1594 1851 1647; x_wconf 88' lang='lat' dir='ltr'><strong>sive</strong></span> 
     </span>
    </p>
   </div>
   <div class='ocr_carea' id='block_1_20' title="bbox 264 1661 1848 1730">
    <p class='ocr_par' dir='ltr' id='par_1_20' title="bbox 264 1661 1848 1730">
     <span class='ocr_line' id='line_1_20' title="bbox 264 1661 1848 1730; baseline 0.003 -17"><span class='ocrx_word' id='word_1_152' title='bbox 264 1661 323 1713; x_wconf 89' lang='lat' dir='ltr'><strong>in</strong></span> <span class='ocrx_word' id='word_1_153' title='bbox 354 1663 503 1723; x_wconf 87' lang='lat' dir='ltr'><strong>mari,</strong></span> <span class='ocrx_word' id='word_1_154' title='bbox 539 1662 751 1714; x_wconf 86' lang='lat' dir='ltr'><strong>laudant</strong></span> <span class='ocrx_word' id='word_1_155' title='bbox 778 1663 964 1716; x_wconf 74' lang='lat' dir='ltr'><strong>Deum.</strong></span> <span class='ocrx_word' id='word_1_156' title='bbox 995 1662 1253 1725; x_wconf 85' lang='lat' dir='ltr'><strong>Numquid</strong></span> <span class='ocrx_word' id='word_1_157' title='bbox 1282 1662 1563 1730; x_wconf 89' lang='lat' dir='ltr'><strong>aliquando</strong></span> <span class='ocrx_word' id='word_1_158' title='bbox 1597 1663 1664 1715; x_wconf 91' lang='lat' dir='ltr'><strong>ibi</strong></span> <span class='ocrx_word' id='word_1_159' title='bbox 1695 1663 1848 1716; x_wconf 91' lang='lat' dir='ltr'><strong>audi-</strong></span> 
     </span>
    </p>
   </div>
   <div class='ocr_carea' id='block_1_21' title="bbox 262 1732 1851 1800">
    <p class='ocr_par' dir='ltr' id='par_1_21' title="bbox 262 1732 1851 1800">
     <span class='ocr_line' id='line_1_21' title="bbox 262 1732 1851 1800; baseline 0.003 -17"><span class='ocrx_word' id='word_1_160' title='bbox 262 1732 367 1784; x_wconf 81' lang='lat' dir='ltr'><strong>stis</strong></span> <span class='ocrx_word' id='word_1_161' title='bbox 408 1733 527 1798; x_wconf 86' lang='lat' dir='ltr'><strong>quia</strong></span> <span class='ocrx_word' id='word_1_162' title='bbox 560 1732 737 1784; x_wconf 85' lang='lat' dir='ltr'><strong>laudat</strong></span> <span class='ocrx_word' id='word_1_163' title='bbox 776 1734 936 1784; x_wconf 83' lang='lat' dir='ltr'><strong>Deum</strong></span> <span class='ocrx_word' id='word_1_164' title='bbox 981 1732 1240 1786; x_wconf 87' lang='lat' dir='ltr'><strong>avaritia?</strong></span> <span class='ocrx_word' id='word_1_165' title='bbox 1268 1732 1530 1797; x_wconf 84' lang='lat' dir='ltr'><strong>Numquid</strong></span> <span class='ocrx_word' id='word_1_166' title='bbox 1569 1732 1851 1800; x_wconf 90' lang='lat' dir='ltr'><strong>aliquando</strong></span> 
     </span>
    </p>
   </div>
   <div class='ocr_carea' id='block_1_22' title="bbox 264 1800 1848 1870">
    <p class='ocr_par' dir='ltr' id='par_1_22' title="bbox 264 1800 1848 1870">
     <span class='ocr_line' id='line_1_22' title="bbox 264 1800 1848 1870; baseline 0.003 -18"><span class='ocrx_word' id='word_1_167' title='bbox 264 1800 341 1855; x_wconf 84' lang='lat' dir='ltr'><strong>ibi</strong></span> <span class='ocrx_word' id='word_1_168' title='bbox 386 1802 604 1854; x_wconf 85' lang='lat' dir='ltr'><strong>audistis</strong></span> <span class='ocrx_word' id='word_1_169' title='bbox 644 1803 764 1870; x_wconf 88' lang='lat' dir='ltr'><strong>quia</strong></span> <span class='ocrx_word' id='word_1_170' title='bbox 816 1802 993 1855; x_wconf 88' lang='lat' dir='ltr'><strong>laudat</strong></span> <span class='ocrx_word' id='word_1_171' title='bbox 1026 1803 1187 1855; x_wconf 87' lang='lat' dir='ltr'><strong>Deum</strong></span> <span class='ocrx_word' id='word_1_172' title='bbox 1235 1802 1556 1856; x_wconf 87' lang='lat' dir='ltr'><strong>ebriositas?</strong></span> <span class='ocrx_word' id='word_1_173' title='bbox 1582 1802 1848 1870; x_wconf 85' lang='lat' dir='ltr'><strong>Numquid</strong></span> 
     </span>
    </p>
   </div>
   <div class='ocr_carea' id='block_1_23' title="bbox 264 1870 1851 1940">
    <p class='ocr_par' dir='ltr' id='par_1_23' title="bbox 264 1870 1851 1940">
     <span class='ocr_line' id='line_1_23' title="bbox 264 1870 1851 1940; baseline 0.001 -19"><span class='ocrx_word' id='word_1_174' title='bbox 264 1870 340 1940; x_wconf 78' lang='lat' dir='ltr'><strong>ibi</strong></span> <span class='ocrx_word' id='word_1_175' title='bbox 394 1870 677 1937; x_wconf 86' lang='lat' dir='ltr'><strong>aliquando</strong></span> <span class='ocrx_word' id='word_1_176' title='bbox 721 1872 944 1925; x_wconf 86' lang='lat' dir='ltr'><strong>audistis</strong></span> <span class='ocrx_word' id='word_1_177' title='bbox 992 1874 1114 1940; x_wconf 87' lang='lat' dir='ltr'><strong>quia</strong></span> <span class='ocrx_word' id='word_1_178' title='bbox 1163 1873 1340 1926; x_wconf 88' lang='lat' dir='ltr'><strong>laudat</strong></span> <span class='ocrx_word' id='word_1_179' title='bbox 1390 1873 1551 1925; x_wconf 86' lang='lat' dir='ltr'><strong>Deum</strong></span> <span class='ocrx_word' id='word_1_180' title='bbox 1605 1873 1851 1925; x_wconf 71' lang='lat' dir='ltr'><strong>luxuria?</strong></span> 
     </span>
    </p>
   </div>
   <div class='ocr_carea' id='block_1_24' title="bbox 264 1938 1848 2012">
    <p class='ocr_par' dir='ltr' id='par_1_24' title="bbox 264 1938 1848 2012">
     <span class='ocr_line' id='line_1_24' title="bbox 264 1938 1848 2012; baseline 0.002 -20"><span class='ocrx_word' id='word_1_181' title='bbox 264 1938 530 2012; x_wconf 75' lang='lat' dir='ltr'><strong>Numquid</strong></span> <span class='ocrx_word' id='word_1_182' title='bbox 549 1941 832 2009; x_wconf 82' lang='lat' dir='ltr'><strong>aliquando</strong></span> <span class='ocrx_word' id='word_1_183' title='bbox 853 1938 1074 1996; x_wconf 70' lang='lat' dir='ltr'><strong>audistis</strong></span> <span class='ocrx_word' id='word_1_184' title='bbox 1091 1944 1208 2012; x_wconf 83' lang='lat' dir='ltr'><strong>quia</strong></span> <span class='ocrx_word' id='word_1_185' title='bbox 1229 1942 1581 1995; x_wconf 88' lang='lat' dir='ltr'><strong>laudatDeum</strong></span> <span class='ocrx_word' id='word_1_186' title='bbox 1596 1943 1848 1997; x_wconf 71' lang='lat' dir='ltr'><strong>hmresis?</strong></span> 
     </span>
    </p>
   </div>
   <div class='ocr_carea' id='block_1_25' title="bbox 263 2010 1851 2080">
    <p class='ocr_par' dir='ltr' id='par_1_25' title="bbox 263 2010 1851 2080">
     <span class='ocr_line' id='line_1_25' title="bbox 263 2010 1851 2080; baseline 0.001 -15"><span class='ocrx_word' id='word_1_187' title='bbox 263 2010 456 2065; x_wconf 85' lang='lat' dir='ltr'><strong>Omnia</strong></span> <span class='ocrx_word' id='word_1_188' title='bbox 489 2012 586 2064; x_wconf 85' lang='lat' dir='ltr'><strong>ista</strong></span> <span class='ocrx_word' id='word_1_189' title='bbox 616 2027 779 2080; x_wconf 85' lang='lat' dir='ltr'><strong>quare</strong></span> <span class='ocrx_word' id='word_1_190' title='bbox 810 2027 913 2065; x_wconf 89' lang='lat' dir='ltr'><strong>non</strong></span> <span class='ocrx_word' id='word_1_191' title='bbox 947 2010 1163 2066; x_wconf 84' lang='lat' dir='ltr'><strong>laudant</strong></span> <span class='ocrx_word' id='word_1_192' title='bbox 1202 2013 1409 2065; x_wconf 85' lang='lat' dir='ltr'><strong>Deum?</strong></span> <span class='ocrx_word' id='word_1_193' title='bbox 1438 2012 1569 2080; x_wconf 83' lang='lat' dir='ltr'><strong>Quia</strong></span> <span class='ocrx_word' id='word_1_194' title='bbox 1597 2028 1699 2067; x_wconf 92' lang='lat' dir='ltr'><strong>non</strong></span> <span class='ocrx_word' id='word_1_195' title='bbox 1728 2023 1851 2067; x_wconf 90' lang='lat' dir='ltr'><strong>sunt</strong></span> 
     </span>
    </p>
   </div>
   <div class='ocr_carea' id='block_1_26' title="bbox 264 2081 1848 2149">
    <p class='ocr_par' dir='ltr' id='par_1_26' title="bbox 264 2081 1848 2149">
     <span class='ocr_line' id='line_1_26' title="bbox 264 2081 1848 2149; baseline 0.001 -15"><span class='ocrx_word' id='word_1_196' title='bbox 264 2090 446 2134; x_wconf 85' lang='lat' dir='ltr'><strong>creata</strong></span> <span class='ocrx_word' id='word_1_197' title='bbox 474 2097 503 2135; x_wconf 85' lang='lat' dir='ltr'><strong>a</strong></span> <span class='ocrx_word' id='word_1_198' title='bbox 532 2084 659 2134; x_wconf 84' lang='lat' dir='ltr'><strong>Deo.</strong></span> <span class='ocrx_word' id='word_1_199' title='bbox 702 2081 766 2134; x_wconf 73' lang='lat' dir='ltr'><strong>Et</strong></span> <span class='ocrx_word' id='word_1_200' title='bbox 792 2082 950 2134; x_wconf 87' lang='lat' dir='ltr'><strong>arbor</strong></span> <span class='ocrx_word' id='word_1_201' title='bbox 976 2083 1205 2136; x_wconf 88' lang='lat' dir='ltr'><strong>servavit</strong></span> <span class='ocrx_word' id='word_1_202' title='bbox 1234 2083 1371 2149; x_wconf 90' lang='lat' dir='ltr'><strong>quod</strong></span> <span class='ocrx_word' id='word_1_203' title='bbox 1401 2093 1576 2136; x_wconf 87' lang='lat' dir='ltr'><strong>creata</strong></span> <span class='ocrx_word' id='word_1_204' title='bbox 1607 2092 1716 2147; x_wconf 84' lang='lat' dir='ltr'><strong>est;</strong></span> <span class='ocrx_word' id='word_1_205' title='bbox 1751 2083 1848 2135; x_wconf 88' lang='lat' dir='ltr'><strong>ho-</strong></span> 
     </span>
    </p>
   </div>
   <div class='ocr_carea' id='block_1_27' title="bbox 264 2151 1850 2220">
    <p class='ocr_par' dir='ltr' id='par_1_27' title="bbox 264 2151 1850 2220">
     <span class='ocr_line' id='line_1_27' title="bbox 264 2151 1850 2220; baseline 0.003 -18"><span class='ocrx_word' id='word_1_206' title='bbox 264 2166 360 2204; x_wconf 93' lang='lat' dir='ltr'><strong>mo</strong></span> <span class='ocrx_word' id='word_1_207' title='bbox 383 2151 577 2205; x_wconf 90' lang='lat' dir='ltr'><strong>delevit</strong></span> <span class='ocrx_word' id='word_1_208' title='bbox 598 2151 738 2220; x_wconf 91' lang='lat' dir='ltr'><strong>quod</strong></span> <span class='ocrx_word' id='word_1_209' title='bbox 769 2160 979 2206; x_wconf 88' lang='lat' dir='ltr'><strong>erectus</strong></span> <span class='ocrx_word' id='word_1_210' title='bbox 1006 2155 1021 2184; x_wconf 92' lang='grc'>¹</span> <span class='ocrx_word' id='word_1_211' title='bbox 1053 2163 1151 2207; x_wconf 90' lang='lat' dir='ltr'><strong>est.</strong></span> <span class='ocrx_word' id='word_1_212' title='bbox 1181 2152 1236 2207; x_wconf 91' lang='lat' dir='ltr'><strong>Si</strong></span> <span class='ocrx_word' id='word_1_213' title='bbox 1265 2154 1408 2206; x_wconf 89' lang='lat' dir='ltr'><strong>enim</strong></span> <span class='ocrx_word' id='word_1_214' title='bbox 1438 2165 1675 2207; x_wconf 86' lang='lat' dir='ltr'><strong>servaret</strong></span> <span class='ocrx_word' id='word_1_215' title='bbox 1710 2155 1762 2206; x_wconf 93' lang='lat' dir='ltr'><strong>in</strong></span> <span class='ocrx_word' id='word_1_216' title='bbox 1792 2168 1850 2207; x_wconf 84' lang='lat' dir='ltr'><strong>se</strong></span> 
     </span>
    </p>
   </div>
   <div class='ocr_carea' id='block_1_28' title="bbox 263 2220 1848 2291">
    <p class='ocr_par' dir='ltr' id='par_1_28' title="bbox 263 2220 1848 2291">
     <span class='ocr_line' id='line_1_28' title="bbox 263 2220 1848 2291; baseline 0.001 -16"><span class='ocrx_word' id='word_1_217' title='bbox 263 2220 467 2275; x_wconf 81' lang='lat' dir='ltr'><strong>bonum</strong></span> <span class='ocrx_word' id='word_1_218' title='bbox 513 2221 731 2288; x_wconf 86' lang='lat' dir='ltr'><strong>quodin</strong></span> <span class='ocrx_word' id='word_1_219' title='bbox 782 2221 870 2275; x_wconf 93' lang='lat' dir='ltr'><strong>illo</strong></span> <span class='ocrx_word' id='word_1_220' title='bbox 895 2224 1093 2276; x_wconf 88' lang='lat' dir='ltr'><strong>creavit</strong></span> <span class='ocrx_word' id='word_1_221' title='bbox 1145 2225 1304 2287; x_wconf 68' lang='lat' dir='ltr'><strong>licus,</strong></span> <span class='ocrx_word' id='word_1_222' title='bbox 1354 2222 1405 2275; x_wconf 92' lang='lat' dir='ltr'><strong>id</strong></span> <span class='ocrx_word' id='word_1_223' title='bbox 1436 2231 1535 2283; x_wconf 83' lang='lat' dir='ltr'><strong>est,</strong></span> <span class='ocrx_word' id='word_1_224' title='bbox 1567 2223 1848 2291; x_wconf 84' lang='lat' dir='ltr'><strong>imaginem</strong></span> 
     </span>
    </p>
   </div>
   <div class='ocr_carea' id='block_1_29' title="bbox 262 2291 1848 2361">
    <p class='ocr_par' dir='ltr' id='par_1_29' title="bbox 262 2291 1848 2361">
     <span class='ocr_line' id='line_1_29' title="bbox 262 2291 1848 2361; baseline 0.001 -18"><span class='ocrx_word' id='word_1_225' title='bbox 262 2304 418 2343; x_wconf 86' lang='lat' dir='ltr'><strong>suam</strong></span> <span class='ocrx_word' id='word_1_226' title='bbox 439 2334 453 2356; x_wconf 94' lang='lat'><strong>,</strong></span> <span class='ocrx_word' id='word_1_227' title='bbox 485 2307 695 2358; x_wconf 82' lang='lat' dir='ltr'><strong>semper</strong></span> <span class='ocrx_word' id='word_1_228' title='bbox 719 2291 953 2345; x_wconf 88' lang='lat' dir='ltr'><strong>laudaret</strong></span> <span class='ocrx_word' id='word_1_229' title='bbox 981 2293 1167 2356; x_wconf 82' lang='lat' dir='ltr'><strong>Deum,</strong></span> <span class='ocrx_word' id='word_1_230' title='bbox 1201 2308 1305 2345; x_wconf 91' lang='lat' dir='ltr'><strong>non</strong></span> <span class='ocrx_word' id='word_1_231' title='bbox 1331 2291 1502 2346; x_wconf 90' lang='lat' dir='ltr'><strong>solum</strong></span> <span class='ocrx_word' id='word_1_232' title='bbox 1535 2293 1730 2361; x_wconf 85' lang='lat' dir='ltr'><strong>lingua,</strong></span> <span class='ocrx_word' id='word_1_233' title='bbox 1756 2293 1848 2345; x_wconf 86' lang='lat' dir='ltr'><strong>sed</strong></span> 
     </span>
    </p>
   </div>
   <div class='ocr_carea' id='block_1_30' title="bbox 260 2361 1849 2430">
    <p class='ocr_par' dir='ltr' id='par_1_30' title="bbox 260 2361 1849 2430">
     <span class='ocr_line' id='line_1_30' title="bbox 260 2361 1849 2430; baseline 0 -15"><span class='ocrx_word' id='word_1_234' title='bbox 260 2370 325 2415; x_wconf 87' lang='lat' dir='ltr'><strong>ct</strong></span> <span class='ocrx_word' id='word_1_235' title='bbox 352 2362 478 2414; x_wconf 91' lang='lat' dir='ltr'><strong>vita.</strong></span> <span class='ocrx_word' id='word_1_236' title='bbox 522 2361 663 2429; x_wconf 88' lang='lat' dir='ltr'><strong>Ergo</strong></span> <span class='ocrx_word' id='word_1_237' title='bbox 709 2361 955 2430; x_wconf 61' lang='lat' dir='ltr'><strong>prtedicta</strong></span> <span class='ocrx_word' id='word_1_238' title='bbox 995 2372 1119 2417; x_wconf 89' lang='lat' dir='ltr'><strong>sunt</strong></span> <span class='ocrx_word' id='word_1_239' title='bbox 1146 2372 1199 2417; x_wconf 90' lang='lat' dir='ltr'><strong>et</strong></span> <span class='ocrx_word' id='word_1_240' title='bbox 1238 2372 1473 2429; x_wconf 84' lang='lat' dir='ltr'><strong>tempora</strong></span> <span class='ocrx_word' id='word_1_241' title='bbox 1504 2375 1681 2415; x_wconf 89' lang='lat' dir='ltr'><strong>nostra</strong></span> <span class='ocrx_word' id='word_1_242' title='bbox 1712 2382 1725 2416; x_wconf 89' lang='lat'><strong>:</strong></span> <span class='ocrx_word' id='word_1_243' title='bbox 1756 2363 1849 2416; x_wconf 89' lang='lat' dir='ltr'><strong>sed</strong></span> 
     </span>
    </p>
   </div>
   <div class='ocr_carea' id='block_1_31' title="bbox 262 2431 1844 2500">
    <p class='ocr_par' dir='ltr' id='par_1_31' title="bbox 262 2431 1844 2500">
     <span class='ocr_line' id='line_1_31' title="bbox 262 2431 1844 2500; baseline -0.001 -17"><span class='ocrx_word' id='word_1_244' title='bbox 262 2431 322 2483; x_wconf 90' lang='lat' dir='ltr'><strong>in</strong></span> <span class='ocrx_word' id='word_1_245' title='bbox 352 2433 675 2499; x_wconf 84' lang='lat' dir='ltr'><strong>temporibus</strong></span> <span class='ocrx_word' id='word_1_246' title='bbox 705 2433 899 2484; x_wconf 90' lang='lat' dir='ltr'><strong>nostris</strong></span> <span class='ocrx_word' id='word_1_247' title='bbox 927 2434 1174 2500; x_wconf 71' lang='lat' dir='ltr'><strong>przcdieta</strong></span> <span class='ocrx_word' id='word_1_248' title='bbox 1195 2443 1319 2486; x_wconf 83' lang='lat' dir='ltr'><strong>sunt</strong></span> <span class='ocrx_word' id='word_1_249' title='bbox 1342 2434 1511 2485; x_wconf 85' lang='lat' dir='ltr'><strong>futura</strong></span> <span class='ocrx_word' id='word_1_250' title='bbox 1540 2434 1844 2486; x_wconf 77' lang='lat' dir='ltr'><strong>schismata.</strong></span> 
     </span>
    </p>
   </div>
   <div class='ocr_carea' id='block_1_32' title="bbox 260 2501 1847 2571">
    <p class='ocr_par' dir='ltr' id='par_1_32' title="bbox 260 2501 1847 2571">
     <span class='ocr_line' id='line_1_32' title="bbox 260 2501 1847 2571; baseline 0.004 -20"><span class='ocrx_word' id='word_1_251' title='bbox 260 2501 544 2567; x_wconf 84' lang='lat' dir='ltr'><strong>Quomodo</strong></span> <span class='ocrx_word' id='word_1_252' title='bbox 563 2517 687 2567; x_wconf 79' lang='lat' dir='ltr'><strong>ergo</strong></span> <span class='ocrx_word' id='word_1_253' title='bbox 711 2505 957 2571; x_wconf 77' lang='lat' dir='ltr'><strong>pugnavit</strong></span> <span class='ocrx_word' id='word_1_254' title='bbox 985 2504 1067 2557; x_wconf 89' lang='lat' dir='ltr'><strong>illa</strong></span> <span class='ocrx_word' id='word_1_255' title='bbox 1101 2503 1332 2558; x_wconf 77' lang='lat' dir='ltr'><strong>Ecclesia</strong></span> <span class='ocrx_word' id='word_1_256' title='bbox 1354 2511 1535 2558; x_wconf 84' lang='lat' dir='ltr'><strong>contra</strong></span> <span class='ocrx_word' id='word_1_257' title='bbox 1556 2504 1847 2569; x_wconf 79' lang='lat' dir='ltr'><strong>diabolum,</strong></span> 
     </span>
    </p>
   </div>
   <div class='ocr_carea' id='block_1_33' title="bbox 259 2571 784 2641">
    <p class='ocr_par' dir='ltr' id='par_1_33' title="bbox 259 2571 784 2641">
     <span class='ocr_line' id='line_1_33' title="bbox 259 2571 784 2641; baseline -0.002 -16"><span class='ocrx_word' id='word_1_258' title='bbox 259 2571 346 2625; x_wconf 81' lang='lat' dir='ltr'><strong>sic</strong></span> <span class='ocrx_word' id='word_1_259' title='bbox 369 2581 421 2625; x_wconf 92' lang='lat' dir='ltr'><strong>et</strong></span> <span class='ocrx_word' id='word_1_260' title='bbox 443 2572 540 2641; x_wconf 87' lang='lat' dir='ltr'><strong>ista</strong></span> <span class='ocrx_word' id='word_1_261' title='bbox 570 2580 784 2641; x_wconf 78' lang='lat' dir='ltr'><strong>pugmt.</strong></span> 
     </span>
    </p>
   </div>
   <div class='ocr_carea' id='block_1_34' title="bbox 338 2640 1846 2712">
    <p class='ocr_par' dir='ltr' id='par_1_34' title="bbox 338 2640 1846 2712">
     <span class='ocr_line' id='line_1_34' title="bbox 338 2640 1846 2712; baseline 0.003 -18"><span class='ocrx_word' id='word_1_262' title='bbox 338 2640 392 2712; x_wconf 73' lang='lat'><strong>2.</strong></span> <span class='ocrx_word' id='word_1_263' title='bbox 438 2640 679 2695; x_wconf 79' lang='lat' dir='ltr'><strong>DiabOItts</strong></span> <span class='ocrx_word' id='word_1_264' title='bbox 715 2641 989 2696; x_wconf 80' lang='lat' dir='ltr'><strong>Ecclesium</strong></span> <span class='ocrx_word' id='word_1_265' title='bbox 1029 2645 1190 2712; x_wconf 80' lang='lat' dir='ltr'><strong>primo</strong></span> <span class='ocrx_word' id='word_1_266' title='bbox 1219 2642 1467 2709; x_wconf 76' lang='lat' dir='ltr'><strong>infestavit</strong></span> <span class='ocrx_word' id='word_1_267' title='bbox 1494 2651 1545 2695; x_wconf 86' lang='lat' dir='ltr'><strong>ut</strong></span> <span class='ocrx_word' id='word_1_268' title='bbox 1574 2644 1649 2697; x_wconf 84' lang='lat' dir='ltr'><strong>leo</strong></span> <span class='ocrx_word' id='word_1_269' title='bbox 1668 2686 1683 2707; x_wconf 88' lang='lat'><strong>,</strong></span> <span class='ocrx_word' id='word_1_270' title='bbox 1713 2662 1846 2701; x_wconf 82' lang='lat' dir='ltr'><strong>nunc</strong></span> 
     </span>
    </p>
   </div>
   <div class='ocr_carea' id='block_1_35' title="bbox 261 2711 1850 2776">
    <p class='ocr_par' dir='ltr' id='par_1_35' title="bbox 261 2711 1850 2776">
     <span class='ocr_line' id='line_1_35' title="bbox 261 2711 1850 2776; baseline 0.004 -13"><span class='ocrx_word' id='word_1_271' title='bbox 261 2720 324 2763; x_wconf 73' lang='lat' dir='ltr'><strong>ut</strong></span> <span class='ocrx_word' id='word_1_272' title='bbox 352 2711 524 2765; x_wconf 79' lang='lat' dir='ltr'><strong>draco.</strong></span> <span class='ocrx_word' id='word_1_273' title='bbox 558 2713 819 2776; x_wconf 81' lang='lat' dir='ltr'><strong>Quomodo</strong></span> <span class='ocrx_word' id='word_1_274' title='bbox 853 2711 1099 2767; x_wconf 73' lang='lat' dir='ltr'><strong>vincatur.</strong></span> <span class='ocrx_word' id='word_1_275' title='bbox 1132 2712 1310 2766; x_wconf 78' lang='lat' dir='ltr'><strong>Mortis</strong></span> <span class='ocrx_word' id='word_1_276' title='bbox 1344 2712 1530 2767; x_wconf 75' lang='lat' dir='ltr'><strong>Christi</strong></span> <span class='ocrx_word' id='word_1_277' title='bbox 1563 2717 1850 2770; x_wconf 72' lang='lat' dir='ltr'><strong>necessitas.</strong></span> 
     </span>
    </p>
   </div>
   <div class='ocr_carea' id='block_1_36' title="bbox 260 2779 1851 2852">
    <p class='ocr_par' dir='ltr' id='par_1_36' title="bbox 260 2779 1851 2852">
     <span class='ocr_line' id='line_1_36' title="bbox 260 2779 1851 2852; baseline 0.003 -17"><span class='ocrx_word' id='word_1_278' title='bbox 260 2779 410 2852; x_wconf 82' lang='lat' dir='ltr'><strong>Eant</strong></span> <span class='ocrx_word' id='word_1_279' title='bbox 434 2782 604 2834; x_wconf 79' lang='lat' dir='ltr'><strong>volens</strong></span> <span class='ocrx_word' id='word_1_280' title='bbox 637 2782 806 2835; x_wconf 82' lang='lat' dir='ltr'><strong>subiit.</strong></span> <span class='ocrx_word' id='word_1_281' title='bbox 836 2782 1099 2851; x_wconf 85' lang='lat' dir='ltr'><strong>Numquid</strong></span> <span class='ocrx_word' id='word_1_282' title='bbox 1138 2791 1376 2836; x_wconf 83' lang='lat' dir='ltr'><strong>cessatur</strong></span> <span class='ocrx_word' id='word_1_283' title='bbox 1407 2798 1638 2852; x_wconf 85' lang='lat' dir='ltr'><strong>pugnare</strong></span> <span class='ocrx_word' id='word_1_284' title='bbox 1661 2784 1851 2840; x_wconf 90' lang='lat' dir='ltr'><strong>adver-</strong></span> 
     </span>
    </p>
   </div>
   <div class='ocr_carea' id='block_1_37' title="bbox 259 2851 1849 2917">
    <p class='ocr_par' dir='ltr' id='par_1_37' title="bbox 259 2851 1849 2917">
     <span class='ocr_line' id='line_1_37' title="bbox 259 2851 1849 2917; baseline 0.004 -11"><span class='ocrx_word' id='word_1_285' title='bbox 259 2866 360 2906; x_wconf 80' lang='lat' dir='ltr'><strong>sus</strong></span> <span class='ocrx_word' id='word_1_286' title='bbox 385 2851 689 2905; x_wconf 88' lang='lat' dir='ltr'><strong>diabolum?</strong></span> <span class='ocrx_word' id='word_1_287' title='bbox 725 2852 829 2907; x_wconf 89' lang='lat' dir='ltr'><strong>Sed</strong></span> <span class='ocrx_word' id='word_1_288' title='bbox 861 2853 1031 2907; x_wconf 89' lang='lat' dir='ltr'><strong>dictus</strong></span> <span class='ocrx_word' id='word_1_289' title='bbox 1069 2853 1308 2907; x_wconf 81' lang='lat' dir='ltr'><strong>diabolus</strong></span> <span class='ocrx_word' id='word_1_290' title='bbox 1336 2853 1421 2907; x_wconf 86' lang='lat' dir='ltr'><strong>leo</strong></span> <span class='ocrx_word' id='word_1_291' title='bbox 1450 2851 1502 2906; x_wconf 85' lang='lat' dir='ltr'><strong>et</strong></span> <span class='ocrx_word' id='word_1_292' title='bbox 1539 2854 1735 2917; x_wconf 89' lang='lat' dir='ltr'><strong>draco;</strong></span> <span class='ocrx_word' id='word_1_293' title='bbox 1765 2856 1849 2912; x_wconf 85' lang='lat' dir='ltr'><strong>leo</strong></span> 
     </span>
    </p>
   </div>
   <div class='ocr_carea' id='block_1_38' title="bbox 261 2922 1850 2992">
    <p class='ocr_par' dir='ltr' id='par_1_38' title="bbox 261 2922 1850 2992">
     <span class='ocr_line' id='line_1_38' title="bbox 261 2922 1850 2992; baseline 0.004 -18"><span class='ocrx_word' id='word_1_294' title='bbox 261 2930 488 2991; x_wconf 83' lang='lat' dir='ltr'><strong>propter</strong></span> <span class='ocrx_word' id='word_1_295' title='bbox 509 2922 759 2992; x_wconf 86' lang='lat' dir='ltr'><strong>impetum</strong></span> <span class='ocrx_word' id='word_1_296' title='bbox 783 2965 796 2986; x_wconf 92' lang='lat'><strong>,</strong></span> <span class='ocrx_word' id='word_1_297' title='bbox 823 2924 984 2976; x_wconf 86' lang='lat' dir='ltr'><strong>draco</strong></span> <span class='ocrx_word' id='word_1_298' title='bbox 1020 2933 1234 2991; x_wconf 79' lang='lat' dir='ltr'><strong>propter</strong></span> <span class='ocrx_word' id='word_1_299' title='bbox 1264 2923 1479 2977; x_wconf 85' lang='lat' dir='ltr'><strong>insidias</strong></span> <span class='ocrx_word' id='word_1_300' title='bbox 1510 2941 1523 2977; x_wconf 91' lang='lat'><strong>:</strong></span> <span class='ocrx_word' id='word_1_301' title='bbox 1556 2924 1637 2977; x_wconf 88' lang='lat' dir='ltr'><strong>leo</strong></span> <span class='ocrx_word' id='word_1_302' title='bbox 1665 2936 1850 2992; x_wconf 87' lang='lat' dir='ltr'><strong>aperte</strong></span> 
     </span>
    </p>
   </div>
   <div class='ocr_carea' id='block_1_39' title="bbox 259 2991 1850 3062">
    <p class='ocr_par' dir='ltr' id='par_1_39' title="bbox 259 2991 1850 3062">
     <span class='ocr_line' id='line_1_39' title="bbox 259 2991 1850 3062; baseline 0.004 -18"><span class='ocrx_word' id='word_1_303' title='bbox 259 2992 530 3062; x_wconf 86' lang='lat' dir='ltr'><strong>irascitur,</strong></span> <span class='ocrx_word' id='word_1_304' title='bbox 558 2991 721 3046; x_wconf 88' lang='lat' dir='ltr'><strong>draco</strong></span> <span class='ocrx_word' id='word_1_305' title='bbox 749 2994 954 3047; x_wconf 85' lang='lat' dir='ltr'><strong>occulte</strong></span> <span class='ocrx_word' id='word_1_306' title='bbox 976 2994 1288 3057; x_wconf 87' lang='lat' dir='ltr'><strong>,iusidiatur.</strong></span> <span class='ocrx_word' id='word_1_307' title='bbox 1322 2992 1578 3062; x_wconf 76' lang='lat' dir='ltr'><strong>Pugnavit</strong></span> <span class='ocrx_word' id='word_1_308' title='bbox 1612 2991 1850 3051; x_wconf 85' lang='lat' dir='ltr'><strong>Ecelesia</strong></span> 
     </span>
    </p>
   </div>
   <div class='ocr_carea' id='block_1_40' title="bbox 260 3061 1849 3132">
    <p class='ocr_par' dir='ltr' id='par_1_40' title="bbox 260 3061 1849 3132">
     <span class='ocr_line' id='line_1_40' title="bbox 260 3061 1849 3132; baseline 0.004 -19"><span class='ocrx_word' id='word_1_309' title='bbox 260 3061 536 3132; x_wconf 79' lang='lat' dir='ltr'><strong>prioribus</strong></span> <span class='ocrx_word' id='word_1_310' title='bbox 564 3063 890 3132; x_wconf 85' lang='lat' dir='ltr'><strong>temporibus</strong></span> <span class='ocrx_word' id='word_1_311' title='bbox 919 3063 1173 3117; x_wconf 89' lang='lat' dir='ltr'><strong>adversus</strong></span> <span class='ocrx_word' id='word_1_312' title='bbox 1200 3061 1440 3126; x_wconf 86' lang='lat' dir='ltr'><strong>leonem;</strong></span> <span class='ocrx_word' id='word_1_313' title='bbox 1469 3074 1665 3132; x_wconf 81' lang='lat' dir='ltr'><strong>pugnat</strong></span> <span class='ocrx_word' id='word_1_314' title='bbox 1690 3066 1849 3120; x_wconf 91' lang='lat' dir='ltr'><strong>modo</strong></span> 
     </span>
    </p>
   </div>
   <div class='ocr_carea' id='block_1_41' title="bbox 259 3130 1852 3200">
    <p class='ocr_par' dir='ltr' id='par_1_41' title="bbox 259 3130 1852 3200">
     <span class='ocr_line' id='line_1_41' title="bbox 259 3130 1852 3200; baseline 0.003 -15"><span class='ocrx_word' id='word_1_315' title='bbox 259 3130 522 3187; x_wconf 74' lang='lat' dir='ltr'><strong>adversus</strong></span> <span class='ocrx_word' id='word_1_316' title='bbox 548 3131 853 3185; x_wconf 89' lang='lat' dir='ltr'><strong>draconem.</strong></span> <span class='ocrx_word' id='word_1_317' title='bbox 884 3132 986 3185; x_wconf 78' lang='lat' dir='ltr'><strong>Sed</strong></span> <span class='ocrx_word' id='word_1_318' title='bbox 1010 3133 1277 3200; x_wconf 90' lang='lat' dir='ltr'><strong>quomodo</strong></span> <span class='ocrx_word' id='word_1_319' title='bbox 1303 3130 1578 3186; x_wconf 44' lang='lat' dir='ltr'><strong>victus&#39;cst</strong></span> <span class='ocrx_word' id='word_1_320' title='bbox 1606 3133 1709 3198; x_wconf 88' lang='lat' dir='ltr'><strong>leo,</strong></span> <span class='ocrx_word' id='word_1_321' title='bbox 1735 3136 1852 3189; x_wconf 89' lang='lat' dir='ltr'><strong>vin-</strong></span> 
     </span>
    </p>
   </div>
   <div class='ocr_carea' id='block_1_42' title="bbox 259 3201 1846 3268">
    <p class='ocr_par' dir='ltr' id='par_1_42' title="bbox 259 3201 1846 3268">
     <span class='ocr_line' id='line_1_42' title="bbox 259 3201 1846 3268; baseline 0.002 -12"><span class='ocrx_word' id='word_1_322' title='bbox 259 3203 404 3256; x_wconf 88' lang='lat' dir='ltr'><strong>citur</strong></span> <span class='ocrx_word' id='word_1_323' title='bbox 429 3212 483 3257; x_wconf 91' lang='lat' dir='ltr'><strong>et</strong></span> <span class='ocrx_word' id='word_1_324' title='bbox 510 3202 688 3256; x_wconf 85' lang='lat' dir='ltr'><strong>draco.</strong></span> <span class='ocrx_word' id='word_1_325' title='bbox 719 3201 846 3268; x_wconf 74' lang='lat' dir='ltr'><strong>Qua:</strong></span> <span class='ocrx_word' id='word_1_326' title='bbox 870 3201 1121 3256; x_wconf 78' lang='lat' dir='ltr'><strong>fortitudo</strong></span> <span class='ocrx_word' id='word_1_327' title='bbox 1151 3202 1317 3255; x_wconf 88' lang='lat' dir='ltr'><strong>leonis</strong></span> <span class='ocrx_word' id='word_1_328' title='bbox 1351 3213 1534 3257; x_wconf 91' lang='lat' dir='ltr'><strong>contra</strong></span> <span class='ocrx_word' id='word_1_329' title='bbox 1563 3204 1707 3257; x_wconf 90' lang='lat' dir='ltr'><strong>illum</strong></span> <span class='ocrx_word' id='word_1_330' title='bbox 1732 3206 1846 3260; x_wconf 89' lang='lat' dir='ltr'><strong>leo-</strong></span> 
     </span>
    </p>
   </div>
   <div class='ocr_carea' id='block_1_43' title="bbox 263 3270 1849 3342">
    <p class='ocr_par' dir='ltr' id='par_1_43' title="bbox 263 3270 1849 3342">
     <span class='ocr_line' id='line_1_43' title="bbox 263 3270 1849 3342; baseline 0.002 -17"><span class='ocrx_word' id='word_1_331' title='bbox 263 3288 412 3336; x_wconf 85' lang='lat' dir='ltr'><strong>nem,</strong></span> <span class='ocrx_word' id='word_1_332' title='bbox 444 3272 512 3326; x_wconf 91' lang='lat' dir='ltr'><strong>de</strong></span> <span class='ocrx_word' id='word_1_333' title='bbox 541 3286 656 3342; x_wconf 85' lang='lat' dir='ltr'><strong>quo</strong></span> <span class='ocrx_word' id='word_1_334' title='bbox 689 3274 958 3342; x_wconf 15' lang='lat' dir='ltr'><strong>scriptum,</strong></span> <span class='ocrx_word' id='word_1_335' title='bbox 988 3282 1069 3328; x_wconf 90' lang='lat' dir='ltr'><strong>est</strong></span> <span class='ocrx_word' id='word_1_336' title='bbox 1089 3312 1105 3338; x_wconf 93' lang='lat'><strong>,</strong></span> <span class='ocrx_word' id='word_1_337' title='bbox 1143 3270 1273 3342; x_wconf 68' lang='lat' dir='ltr'><strong>Vicit</strong></span> <span class='ocrx_word' id='word_1_338' title='bbox 1314 3271 1414 3325; x_wconf 81' lang='lat' dir='ltr'><strong>Leo</strong></span> <span class='ocrx_word' id='word_1_339' title='bbox 1443 3274 1504 3324; x_wconf 89' lang='lat' dir='ltr'><strong>de</strong></span> <span class='ocrx_word' id='word_1_340' title='bbox 1545 3272 1676 3326; x_wconf 83' lang='lat' dir='ltr'><strong>tribu</strong></span> <span class='ocrx_word' id='word_1_341' title='bbox 1708 3273 1849 3329; x_wconf 72' lang='lat' dir='ltr'><strong>Iuda</strong></span> 
     </span>
    </p>
   </div>
   <div class='ocr_carea' id='block_1_44' title="bbox 261 3341 1848 3409">
    <p class='ocr_par' dir='ltr' id='par_1_44' title="bbox 261 3341 1848 3409">
     <span class='ocr_line' id='line_1_44' title="bbox 261 3341 1848 3409; baseline 0.004 -16"><span class='ocrx_word' id='word_1_342' title='bbox 261 3342 451 3409; x_wconf 81' lang='lat' dir='ltr'><strong>(Apoc.</strong></span> <span class='ocrx_word' id='word_1_343' title='bbox 483 3359 535 3401; x_wconf 93' lang='lat' dir='ltr'><strong>v,</strong></span> <span class='ocrx_word' id='word_1_344' title='bbox 568 3341 663 3409; x_wconf 84' lang='lat'><strong>5)?</strong></span> <span class='ocrx_word' id='word_1_345' title='bbox 692 3344 755 3395; x_wconf 76' lang='lat' dir='ltr'><strong>Et</strong></span> <span class='ocrx_word' id='word_1_346' title='bbox 794 3341 908 3409; x_wconf 77' lang='lat' dir='ltr'><strong>qua:</strong></span> <span class='ocrx_word' id='word_1_347' title='bbox 940 3341 1191 3397; x_wconf 80' lang='lat' dir='ltr'><strong>fortitudo</strong></span> <span class='ocrx_word' id='word_1_348' title='bbox 1218 3341 1463 3396; x_wconf 86' lang='lat' dir='ltr'><strong>draconis</strong></span> <span class='ocrx_word' id='word_1_349' title='bbox 1490 3352 1671 3395; x_wconf 89' lang='lat' dir='ltr'><strong>contra</strong></span> <span class='ocrx_word' id='word_1_350' title='bbox 1702 3360 1848 3399; x_wconf 88' lang='lat' dir='ltr'><strong>mor-</strong></span> 
     </span>
    </p>
   </div>
   <div class='ocr_carea' id='block_1_45' title="bbox 262 3410 1850 3480">
    <p class='ocr_par' dir='ltr' id='par_1_45' title="bbox 262 3410 1850 3480">
     <span class='ocr_line' id='line_1_45' title="bbox 262 3410 1850 3480; baseline 0.003 -16"><span class='ocrx_word' id='word_1_351' title='bbox 262 3422 373 3465; x_wconf 85' lang='lat' dir='ltr'><strong>tem</strong></span> <span class='ocrx_word' id='word_1_352' title='bbox 400 3413 625 3476; x_wconf 86' lang='lat' dir='ltr'><strong>Domini,</strong></span> <span class='ocrx_word' id='word_1_353' title='bbox 650 3417 735 3479; x_wconf 86' lang='lat' dir='ltr'><strong>qui</strong></span> <span class='ocrx_word' id='word_1_354' title='bbox 754 3422 1052 3480; x_wconf 81' lang='lat' dir='ltr'><strong>serpentem</strong></span> <span class='ocrx_word' id='word_1_355' title='bbox 1071 3410 1345 3480; x_wconf 89' lang='lat' dir='ltr'><strong>suspendit</strong></span> <span class='ocrx_word' id='word_1_356' title='bbox 1369 3412 1419 3465; x_wconf 92' lang='lat' dir='ltr'><strong>in</strong></span> <span class='ocrx_word' id='word_1_357' title='bbox 1438 3412 1618 3479; x_wconf 84' lang='lat' dir='ltr'><strong>ligno?</strong></span> <span class='ocrx_word' id='word_1_358' title='bbox 1638 3412 1850 3468; x_wconf 87' lang='lat' dir='ltr'><strong>Trium-</strong></span> 
     </span>
    </p>
   </div>
   <div class='ocr_carea' id='block_1_46' title="bbox 261 3481 1852 3552">
    <p class='ocr_par' dir='ltr' id='par_1_46' title="bbox 261 3481 1852 3552">
     <span class='ocr_line' id='line_1_46' title="bbox 261 3481 1852 3552; baseline 0 -19"><span class='ocrx_word' id='word_1_359' title='bbox 261 3481 445 3551; x_wconf 87' lang='lat' dir='ltr'><strong>phavit</strong></span> <span class='ocrx_word' id='word_1_360' title='bbox 474 3483 615 3536; x_wconf 91' lang='lat' dir='ltr'><strong>enim</strong></span> <span class='ocrx_word' id='word_1_361' title='bbox 648 3482 715 3536; x_wconf 88' lang='lat' dir='ltr'><strong>de</strong></span> <span class='ocrx_word' id='word_1_362' title='bbox 748 3493 948 3544; x_wconf 90' lang='lat' dir='ltr'><strong>morte,</strong></span> <span class='ocrx_word' id='word_1_363' title='bbox 978 3497 1134 3550; x_wconf 91' lang='lat' dir='ltr'><strong>quam</strong></span> <span class='ocrx_word' id='word_1_364' title='bbox 1176 3482 1417 3535; x_wconf 89' lang='lat' dir='ltr'><strong>diabolus</strong></span> <span class='ocrx_word' id='word_1_365' title='bbox 1444 3481 1643 3535; x_wconf 87' lang='lat' dir='ltr'><strong>homini</strong></span> <span class='ocrx_word' id='word_1_366' title='bbox 1673 3486 1852 3552; x_wconf 86' lang='lat' dir='ltr'><strong>propi.</strong></span> 
     </span>
    </p>
   </div>
   <div class='ocr_carea' id='block_1_47' title="bbox 264 3552 1849 3625">
    <p class='ocr_par' dir='ltr' id='par_1_47' title="bbox 264 3552 1849 3625">
     <span class='ocr_line' id='line_1_47' title="bbox 264 3552 1849 3625; baseline 0.003 -20"><span class='ocrx_word' id='word_1_367' title='bbox 264 3562 494 3605; x_wconf 88' lang='lat' dir='ltr'><strong>naverat</strong></span> <span class='ocrx_word' id='word_1_368' title='bbox 538 3567 633 3625; x_wconf 82' lang='lat' dir='ltr'><strong>per</strong></span> <span class='ocrx_word' id='word_1_369' title='bbox 674 3553 894 3625; x_wconf 83' lang='lat' dir='ltr'><strong>astutias</strong></span> <span class='ocrx_word' id='word_1_370' title='bbox 942 3567 1085 3625; x_wconf 82' lang='lat' dir='ltr'><strong>suas.</strong></span> <span class='ocrx_word' id='word_1_371' title='bbox 1123 3553 1185 3604; x_wconf 76' lang='lat' dir='ltr'><strong>Et</strong></span> <span class='ocrx_word' id='word_1_372' title='bbox 1215 3567 1333 3625; x_wconf 84' lang='lat' dir='ltr'><strong>cum</strong></span> <span class='ocrx_word' id='word_1_373' title='bbox 1361 3553 1616 3625; x_wconf 76' lang='lat' dir='ltr'><strong>exultaret</strong></span> <span class='ocrx_word' id='word_1_374' title='bbox 1641 3552 1849 3625; x_wconf 70' lang='lat' dir='ltr'><strong>Moyses</strong></span> 
     </span>
    </p>
   </div>
   <div class='ocr_carea' id='block_1_48' title="bbox 259 3622 1847 3691">
    <p class='ocr_par' dir='ltr' id='par_1_48' title="bbox 259 3622 1847 3691">
     <span class='ocr_line' id='line_1_48' title="bbox 259 3622 1847 3691; baseline 0.003 -17"><span class='ocrx_word' id='word_1_375' title='bbox 259 3631 565 3689; x_wconf 82' lang='lat' dir='ltr'><strong>serpentem</strong></span> <span class='ocrx_word' id='word_1_376' title='bbox 590 3622 640 3673; x_wconf 93' lang='lat' dir='ltr'><strong>in</strong></span> <span class='ocrx_word' id='word_1_377' title='bbox 666 3637 846 3675; x_wconf 89' lang='lat' dir='ltr'><strong>eremo</strong></span> <span class='ocrx_word' id='word_1_378' title='bbox 874 3622 924 3675; x_wconf 92' lang='lat' dir='ltr'><strong>in</strong></span> <span class='ocrx_word' id='word_1_379' title='bbox 953 3623 1111 3689; x_wconf 89' lang='lat' dir='ltr'><strong>ligno,</strong></span> <span class='ocrx_word' id='word_1_380' title='bbox 1148 3623 1368 3691; x_wconf 89' lang='lat' dir='ltr'><strong>populus</strong></span> <span class='ocrx_word' id='word_1_381' title='bbox 1394 3622 1480 3691; x_wconf 88' lang='lat' dir='ltr'><strong>qtti</strong></span> <span class='ocrx_word' id='word_1_382' title='bbox 1506 3622 1847 3678; x_wconf 85' lang='lat' dir='ltr'><strong>mordebatur</strong></span> 
     </span>
    </p>
   </div>
   <div class='ocr_carea' id='block_1_49' title="bbox 261 3692 1848 3760">
    <p class='ocr_par' dir='ltr' id='par_1_49' title="bbox 261 3692 1848 3760">
     <span class='ocr_line' id='line_1_49' title="bbox 261 3692 1848 3760; baseline 0.003 -16"><span class='ocrx_word' id='word_1_383' title='bbox 261 3707 296 3744; x_wconf 70' lang='grc' dir='ltr'>τι</span> <span class='ocrx_word' id='word_1_384' title='bbox 329 3701 609 3758; x_wconf 77' lang='lat' dir='ltr'><strong>serpente,</strong></span> <span class='ocrx_word' id='word_1_385' title='bbox 637 3692 942 3745; x_wconf 82' lang='lat' dir='ltr'><strong>attendebat</strong></span> <span class='ocrx_word' id='word_1_386' title='bbox 972 3701 1292 3760; x_wconf 86' lang='lat' dir='ltr'><strong>serpentem,</strong></span> <span class='ocrx_word' id='word_1_387' title='bbox 1324 3700 1377 3745; x_wconf 92' lang='lat' dir='ltr'><strong>et</strong></span> <span class='ocrx_word' id='word_1_388' title='bbox 1414 3692 1734 3746; x_wconf 89' lang='lat' dir='ltr'><strong>sanabalur:</strong></span> <span class='ocrx_word' id='word_1_389' title='bbox 1770 3694 1848 3749; x_wconf 89' lang='lat' dir='ltr'><strong>sic</strong></span> 
     </span>
    </p>
   </div>
   <div class='ocr_carea' id='block_1_50' title="bbox 261 3761 1845 3828">
    <p class='ocr_par' dir='ltr' id='par_1_50' title="bbox 261 3761 1845 3828">
     <span class='ocr_line' id='line_1_50' title="bbox 261 3761 1845 3828; baseline 0.001 -13"><span class='ocrx_word' id='word_1_390' title='bbox 261 3770 319 3815; x_wconf 87' lang='lat' dir='ltr'><strong>et</strong></span> <span class='ocrx_word' id='word_1_391' title='bbox 346 3761 504 3814; x_wconf 90' lang='lat' dir='ltr'><strong>modo</strong></span> <span class='ocrx_word' id='word_1_392' title='bbox 527 3776 911 3828; x_wconf 79' lang='lat' dir='ltr'><strong>quemcumque</strong></span> <span class='ocrx_word' id='word_1_393' title='bbox 938 3761 1279 3815; x_wconf 83' lang='lat' dir='ltr'><strong>momorderit</strong></span> <span class='ocrx_word' id='word_1_394' title='bbox 1301 3761 1488 3814; x_wconf 91' lang='lat' dir='ltr'><strong>astutia</strong></span> <span class='ocrx_word' id='word_1_395' title='bbox 1516 3770 1734 3825; x_wconf 62' lang='lat' dir='ltr'><strong>satana),</strong></span> <span class='ocrx_word' id='word_1_396' title='bbox 1761 3763 1845 3816; x_wconf 83' lang='lat' dir='ltr'><strong>in-</strong></span> 
     </span>
    </p>
   </div>
   <div class='ocr_carea' id='block_1_51' title="bbox 262 3831 1847 3900">
    <p class='ocr_par' dir='ltr' id='par_1_51' title="bbox 262 3831 1847 3900">
     <span class='ocr_line' id='line_1_51' title="bbox 262 3831 1847 3900; baseline 0.003 -16"><span class='ocrx_word' id='word_1_397' title='bbox 262 3832 448 3885; x_wconf 86' lang='lat' dir='ltr'><strong>tendat</strong></span> <span class='ocrx_word' id='word_1_398' title='bbox 469 3831 519 3883; x_wconf 91' lang='lat' dir='ltr'><strong>in</strong></span> <span class='ocrx_word' id='word_1_399' title='bbox 542 3831 806 3884; x_wconf 87' lang='lat' dir='ltr'><strong>Christum</strong></span> <span class='ocrx_word' id='word_1_400' title='bbox 834 3833 882 3883; x_wconf 92' lang='lat' dir='ltr'><strong>in</strong></span> <span class='ocrx_word' id='word_1_401' title='bbox 909 3833 1047 3900; x_wconf 85' lang='lat' dir='ltr'><strong>ligno</strong></span> <span class='ocrx_word' id='word_1_402' title='bbox 1074 3831 1412 3899; x_wconf 84' lang='lat' dir='ltr'><strong>pendentem,</strong></span> <span class='ocrx_word' id='word_1_403' title='bbox 1444 3831 1510 3883; x_wconf 91' lang='lat' dir='ltr'><strong>ibi</strong></span> <span class='ocrx_word' id='word_1_404' title='bbox 1537 3831 1676 3884; x_wconf 91' lang='lat' dir='ltr'><strong>enim</strong></span> <span class='ocrx_word' id='word_1_405' title='bbox 1702 3848 1847 3888; x_wconf 90' lang='lat' dir='ltr'><strong>mors</strong></span> 
     </span>
    </p>
   </div>
   <div class='ocr_carea' id='block_1_52' title="bbox 260 3901 1847 3968">
    <p class='ocr_par' dir='ltr' id='par_1_52' title="bbox 260 3901 1847 3968">
     <span class='ocr_line' id='line_1_52' title="bbox 260 3901 1847 3968; baseline 0.001 -12"><span class='ocrx_word' id='word_1_406' title='bbox 260 3903 439 3956; x_wconf 88' lang='lat' dir='ltr'><strong>occisa</strong></span> <span class='ocrx_word' id='word_1_407' title='bbox 466 3910 567 3953; x_wconf 90' lang='lat' dir='ltr'><strong>est.</strong></span> <span class='ocrx_word' id='word_1_408' title='bbox 602 3901 855 3955; x_wconf 87' lang='lat' dir='ltr'><strong>Dominus</strong></span> <span class='ocrx_word' id='word_1_409' title='bbox 894 3916 1107 3968; x_wconf 87' lang='lat' dir='ltr'><strong>semper</strong></span> <span class='ocrx_word' id='word_1_410' title='bbox 1145 3901 1315 3954; x_wconf 91' lang='lat' dir='ltr'><strong>vivit:</strong></span> <span class='ocrx_word' id='word_1_411' title='bbox 1362 3902 1453 3954; x_wconf 87' lang='lat' dir='ltr'><strong>sed</strong></span> <span class='ocrx_word' id='word_1_412' title='bbox 1486 3910 1542 3953; x_wconf 84' lang='grc' dir='ltr'><strong>ιιι</strong></span> <span class='ocrx_word' id='word_1_413' title='bbox 1580 3902 1847 3957; x_wconf 85' lang='lat' dir='ltr'><strong>occideret</strong></span> 
     </span>
    </p>
   </div>
   <div class='ocr_carea' id='block_1_53' title="bbox 262 3971 1845 4040">
    <p class='ocr_par' dir='ltr' id='par_1_53' title="bbox 262 3971 1845 4040">
     <span class='ocr_line' id='line_1_53' title="bbox 262 3971 1845 4040; baseline 0.002 -16"><span class='ocrx_word' id='word_1_414' title='bbox 262 3979 522 4032; x_wconf 87' lang='lat' dir='ltr'><strong>mortem,</strong></span> <span class='ocrx_word' id='word_1_415' title='bbox 557 3972 775 4023; x_wconf 83' lang='lat' dir='ltr'><strong>vestitus</strong></span> <span class='ocrx_word' id='word_1_416' title='bbox 813 3981 891 4025; x_wconf 77' lang='lat' dir='ltr'><strong>est</strong></span> <span class='ocrx_word' id='word_1_417' title='bbox 924 3980 1125 4035; x_wconf 86' lang='lat' dir='ltr'><strong>morte;</strong></span> <span class='ocrx_word' id='word_1_418' title='bbox 1158 3987 1260 4024; x_wconf 93' lang='lat' dir='ltr'><strong>non</strong></span> <span class='ocrx_word' id='word_1_419' title='bbox 1300 3971 1439 4025; x_wconf 90' lang='lat' dir='ltr'><strong>enim</strong></span> <span class='ocrx_word' id='word_1_420' title='bbox 1490 3972 1656 4040; x_wconf 91' lang='lat' dir='ltr'><strong>potuit</strong></span> <span class='ocrx_word' id='word_1_421' title='bbox 1700 3988 1845 4028; x_wconf 88' lang='lat' dir='ltr'><strong>mors</strong></span> 
     </span>
    </p>
   </div>
   <div class='ocr_carea' id='block_1_54' title="bbox 262 4040 1842 4103">
    <p class='ocr_par' dir='ltr' id='par_1_54' title="bbox 262 4040 1842 4103">
     <span class='ocr_line' id='line_1_54' title="bbox 262 4040 1842 4103; baseline 0.001 -9"><span class='ocrx_word' id='word_1_422' title='bbox 262 4040 425 4101; x_wconf 84' lang='lat' dir='ltr'><strong>mori,</strong></span> <span class='ocrx_word' id='word_1_423' title='bbox 447 4041 542 4097; x_wconf 88' lang='lat' dir='ltr'><strong>nisi</strong></span> <span class='ocrx_word' id='word_1_424' title='bbox 567 4041 616 4092; x_wconf 93' lang='lat' dir='ltr'><strong>in</strong></span> <span class='ocrx_word' id='word_1_425' title='bbox 640 4042 762 4093; x_wconf 72' lang='lat' dir='ltr'><strong>vita.</strong></span> <span class='ocrx_word' id='word_1_426' title='bbox 797 4042 907 4093; x_wconf 84' lang='lat' dir='ltr'><strong>Non</strong></span> <span class='ocrx_word' id='word_1_427' title='bbox 937 4041 1159 4095; x_wconf 91' lang='lat' dir='ltr'><strong>moritur</strong></span> <span class='ocrx_word' id='word_1_428' title='bbox 1184 4040 1498 4103; x_wconf 87' lang='lat' dir='ltr'><strong>amaritudo,</strong></span> <span class='ocrx_word' id='word_1_429' title='bbox 1525 4042 1621 4094; x_wconf 93' lang='lat' dir='ltr'><strong>nisi</strong></span> <span class='ocrx_word' id='word_1_430' title='bbox 1646 4041 1695 4094; x_wconf 89' lang='lat' dir='ltr'><strong>in</strong></span> <span class='ocrx_word' id='word_1_431' title='bbox 1721 4042 1842 4095; x_wconf 90' lang='lat' dir='ltr'><strong>dul-</strong></span> 
     </span>
    </p>
   </div>
   <div class='ocr_carea' id='block_1_55' title="bbox 262 4110 1846 4179">
    <p class='ocr_par' dir='ltr' id='par_1_55' title="bbox 262 4110 1846 4179">
     <span class='ocr_line' id='line_1_55' title="bbox 262 4110 1846 4179; baseline 0.002 -15"><span class='ocrx_word' id='word_1_432' title='bbox 262 4110 485 4172; x_wconf 82' lang='lat' dir='ltr'><strong>cedine;</strong></span> <span class='ocrx_word' id='word_1_433' title='bbox 519 4126 621 4162; x_wconf 91' lang='lat' dir='ltr'><strong>non</strong></span> <span class='ocrx_word' id='word_1_434' title='bbox 652 4112 876 4164; x_wconf 89' lang='lat' dir='ltr'><strong>moritur</strong></span> <span class='ocrx_word' id='word_1_435' title='bbox 904 4112 1100 4179; x_wconf 83' lang='lat' dir='ltr'><strong>frigus,</strong></span> <span class='ocrx_word' id='word_1_436' title='bbox 1146 4111 1242 4163; x_wconf 89' lang='lat' dir='ltr'><strong>nisi</strong></span> <span class='ocrx_word' id='word_1_437' title='bbox 1277 4115 1327 4163; x_wconf 91' lang='lat' dir='ltr'><strong>in</strong></span> <span class='ocrx_word' id='word_1_438' title='bbox 1369 4111 1546 4163; x_wconf 86' lang='lat' dir='ltr'><strong>calore</strong></span> <span class='ocrx_word' id='word_1_439' title='bbox 1580 4128 1592 4161; x_wconf 89' lang='lat'><strong>:</strong></span> <span class='ocrx_word' id='word_1_440' title='bbox 1628 4128 1730 4164; x_wconf 90' lang='lat' dir='ltr'><strong>non</strong></span> <span class='ocrx_word' id='word_1_441' title='bbox 1762 4122 1846 4167; x_wconf 89' lang='lat' dir='ltr'><strong>est</strong></span> 
     </span>
    </p>
   </div>
   <div class='ocr_carea' id='block_1_56' title="bbox 260 4180 1848 4245">
    <p class='ocr_par' dir='ltr' id='par_1_56' title="bbox 260 4180 1848 4245">
     <span class='ocr_line' id='line_1_56' title="bbox 260 4180 1848 4245; baseline 0.002 -12"><span class='ocrx_word' id='word_1_442' title='bbox 260 4190 472 4233; x_wconf 86' lang='lat' dir='ltr'><strong>mortua</strong></span> <span class='ocrx_word' id='word_1_443' title='bbox 497 4194 660 4244; x_wconf 86' lang='lat' dir='ltr'><strong>mors,</strong></span> <span class='ocrx_word' id='word_1_444' title='bbox 692 4181 787 4232; x_wconf 86' lang='lat' dir='ltr'><strong>nisi</strong></span> <span class='ocrx_word' id='word_1_445' title='bbox 816 4182 866 4233; x_wconf 91' lang='lat' dir='ltr'><strong>in</strong></span> <span class='ocrx_word' id='word_1_446' title='bbox 895 4182 1016 4233; x_wconf 87' lang='lat' dir='ltr'><strong>vita.</strong></span> <span class='ocrx_word' id='word_1_447' title='bbox 1048 4180 1180 4245; x_wconf 86' lang='lat' dir='ltr'><strong>Quid</strong></span> <span class='ocrx_word' id='word_1_448' title='bbox 1203 4190 1283 4233; x_wconf 87' lang='lat' dir='ltr'><strong>est</strong></span> <span class='ocrx_word' id='word_1_449' title='bbox 1307 4180 1450 4233; x_wconf 78' lang='lat' dir='ltr'><strong>vita?</strong></span> <span class='ocrx_word' id='word_1_450' title='bbox 1479 4180 1721 4234; x_wconf 79' lang='lat' dir='ltr'><strong>Christus</strong></span> <span class='ocrx_word' id='word_1_451' title='bbox 1752 4198 1848 4236; x_wconf 82' lang='lat' dir='ltr'><strong>no-</strong></span> 
     </span>
    </p>
   </div>
   <div class='ocr_carea' id='block_1_57' title="bbox 261 4249 1842 4313">
    <p class='ocr_par' dir='ltr' id='par_1_57' title="bbox 261 4249 1842 4313">
     <span class='ocr_line' id='line_1_57' title="bbox 261 4249 1842 4313; baseline 0.001 -10"><span class='ocrx_word' id='word_1_452' title='bbox 261 4259 395 4303; x_wconf 86' lang='lat' dir='ltr'><strong>ster.</strong></span> <span class='ocrx_word' id='word_1_453' title='bbox 430 4249 531 4303; x_wconf 88' lang='lat' dir='ltr'><strong>Sed</strong></span> <span class='ocrx_word' id='word_1_454' title='bbox 560 4250 662 4302; x_wconf 88' lang='lat' dir='ltr'><strong>vita</strong></span> <span class='ocrx_word' id='word_1_455' title='bbox 693 4250 869 4302; x_wconf 91' lang='lat' dir='ltr'><strong>induta</strong></span> <span class='ocrx_word' id='word_1_456' title='bbox 900 4259 1014 4303; x_wconf 85' lang='lat' dir='ltr'><strong>erat</strong></span> <span class='ocrx_word' id='word_1_457' title='bbox 1041 4260 1231 4303; x_wconf 87' lang='lat' dir='ltr'><strong>morte.</strong></span> <span class='ocrx_word' id='word_1_458' title='bbox 1275 4249 1572 4303; x_wconf 87' lang='lat' dir='ltr'><strong>Cruciftxus</strong></span> <span class='ocrx_word' id='word_1_459' title='bbox 1612 4262 1720 4313; x_wconf 69' lang='lat' dir='ltr'><strong>est,</strong></span> <span class='ocrx_word' id='word_1_460' title='bbox 1749 4267 1842 4305; x_wconf 84' lang='lat' dir='ltr'><strong>oe-</strong></span> 
     </span>
    </p>
   </div>
   <div class='ocr_carea' id='block_1_58' title="bbox 261 4320 1845 4384">
    <p class='ocr_par' dir='ltr' id='par_1_58' title="bbox 261 4320 1845 4384">
     <span class='ocr_line' id='line_1_58' title="bbox 261 4320 1845 4384; baseline 0.003 -12"><span class='ocrx_word' id='word_1_461' title='bbox 261 4322 406 4373; x_wconf 84' lang='lat' dir='ltr'><strong>cisus</strong></span> <span class='ocrx_word' id='word_1_462' title='bbox 447 4330 547 4384; x_wconf 84' lang='lat' dir='ltr'><strong>est,</strong></span> <span class='ocrx_word' id='word_1_463' title='bbox 579 4329 815 4372; x_wconf 83' lang='lat' dir='ltr'><strong>mortuus</strong></span> <span class='ocrx_word' id='word_1_464' title='bbox 854 4330 931 4373; x_wconf 90' lang='lat' dir='ltr'><strong>est</strong></span> <span class='ocrx_word' id='word_1_465' title='bbox 954 4361 967 4381; x_wconf 92' lang='lat'><strong>,</strong></span> <span class='ocrx_word' id='word_1_466' title='bbox 1013 4330 1066 4372; x_wconf 86' lang='lat' dir='ltr'><strong>et</strong></span> <span class='ocrx_word' id='word_1_467' title='bbox 1104 4321 1388 4374; x_wconf 77' lang='lat' dir='ltr'><strong>resurrexit</strong></span> <span class='ocrx_word' id='word_1_468' title='bbox 1423 4337 1436 4384; x_wconf 89' lang='lat'><strong>;</strong></span> <span class='ocrx_word' id='word_1_469' title='bbox 1470 4329 1526 4372; x_wconf 92' lang='lat' dir='ltr'><strong>ut</strong></span> <span class='ocrx_word' id='word_1_470' title='bbox 1554 4320 1755 4374; x_wconf 76' lang='lat' dir='ltr'><strong>diceret</strong></span> <span class='ocrx_word' id='word_1_471' title='bbox 1777 4323 1845 4377; x_wconf 87' lang='lat' dir='ltr'><strong>de</strong></span> 
     </span>
    </p>
   </div>
   <div class='ocr_carea' id='block_1_59' title="bbox 262 4390 1844 4456">
    <p class='ocr_par' dir='ltr' id='par_1_59' title="bbox 262 4390 1844 4456">
     <span class='ocr_line' id='line_1_59' title="bbox 262 4390 1844 4456; baseline 0.003 -14"><span class='ocrx_word' id='word_1_472' title='bbox 262 4390 355 4443; x_wconf 87' lang='lat' dir='ltr'><strong>illo</strong></span> <span class='ocrx_word' id='word_1_473' title='bbox 386 4390 669 4456; x_wconf 83' lang='lat' dir='ltr'><strong>Apostolus</strong></span> <span class='ocrx_word' id='word_1_474' title='bbox 691 4430 706 4453; x_wconf 96' lang='lat'><strong>,</strong></span> <span class='ocrx_word' id='word_1_475' title='bbox 742 4390 940 4443; x_wconf 83' lang='lat' dir='ltr'><strong>Scimus</strong></span> <span class='ocrx_word' id='word_1_476' title='bbox 966 4390 1083 4455; x_wconf 84' lang='lat' dir='ltr'><strong>quia</strong></span> <span class='ocrx_word' id='word_1_477' title='bbox 1117 4390 1340 4442; x_wconf 75' lang='lat' dir='ltr'><strong>Christus</strong></span> <span class='ocrx_word' id='word_1_478' title='bbox 1379 4407 1478 4442; x_wconf 89' lang='lat' dir='ltr'><strong>non</strong></span> <span class='ocrx_word' id='word_1_479' title='bbox 1520 4392 1747 4453; x_wconf 87' lang='lat' dir='ltr'><strong>ntoritur,</strong></span> <span class='ocrx_word' id='word_1_480' title='bbox 1798 4403 1844 4446; x_wconf 85' lang='lat' dir='ltr'><strong>et</strong></span> 
     </span>
    </p>
   </div>
   <div class='ocr_carea' id='block_1_60' title="bbox 260 4458 1843 4527">
    <p class='ocr_par' dir='ltr' id='par_1_60' title="bbox 260 4458 1843 4527">
     <span class='ocr_line' id='line_1_60' title="bbox 260 4458 1843 4527; baseline 0.001 -16"><span class='ocrx_word' id='word_1_481' title='bbox 260 4476 399 4512; x_wconf 87' lang='lat' dir='ltr'><strong>mors</strong></span> <span class='ocrx_word' id='word_1_482' title='bbox 424 4460 468 4511; x_wconf 85' lang='lat' dir='ltr'><strong>ei</strong></span> <span class='ocrx_word' id='word_1_483' title='bbox 501 4461 634 4511; x_wconf 86' lang='lat' dir='ltr'><strong>ultra</strong></span> <span class='ocrx_word' id='word_1_484' title='bbox 661 4476 759 4511; x_wconf 84' lang='lat' dir='ltr'><strong>non</strong></span> <span class='ocrx_word' id='word_1_485' title='bbox 799 4460 1135 4513; x_wconf 83' lang='lat' dir='ltr'><strong>dominabitur</strong></span> <span class='ocrx_word' id='word_1_486' title='bbox 1165 4460 1339 4527; x_wconf 80' lang='lat' dir='ltr'><strong>(flant.</strong></span> <span class='ocrx_word' id='word_1_487' title='bbox 1371 4476 1450 4517; x_wconf 87' lang='lat' dir='ltr'><strong>vt.</strong></span> <span class='ocrx_word' id='word_1_488' title='bbox 1480 4458 1555 4525; x_wconf 84' lang='lat'><strong>9).</strong></span> <span class='ocrx_word' id='word_1_489' title='bbox 1588 4459 1718 4525; x_wconf 87' lang='lat' dir='ltr'><strong>Quia</strong></span> <span class='ocrx_word' id='word_1_490' title='bbox 1745 4479 1843 4514; x_wconf 87' lang='lat' dir='ltr'><strong>att-</strong></span> 
     </span>
    </p>
   </div>
   <div class='ocr_carea' id='block_1_61' title="bbox 261 4529 1842 4599">
    <p class='ocr_par' dir='ltr' id='par_1_61' title="bbox 261 4529 1842 4599">
     <span class='ocr_line' id='line_1_61' title="bbox 261 4529 1842 4599; baseline 0.003 -18"><span class='ocrx_word' id='word_1_491' title='bbox 261 4540 370 4582; x_wconf 86' lang='lat' dir='ltr'><strong>tem</strong></span> <span class='ocrx_word' id='word_1_492' title='bbox 403 4529 665 4581; x_wconf 82' lang='lat' dir='ltr'><strong>dominata</strong></span> <span class='ocrx_word' id='word_1_493' title='bbox 697 4538 777 4583; x_wconf 88' lang='lat' dir='ltr'><strong>est</strong></span> <span class='ocrx_word' id='word_1_494' title='bbox 806 4530 978 4599; x_wconf 91' lang='lat' dir='ltr'><strong>primo</strong></span> <span class='ocrx_word' id='word_1_495' title='bbox 1022 4545 1186 4591; x_wconf 88' lang='lat' dir='ltr'><strong>tnors,</strong></span> <span class='ocrx_word' id='word_1_496' title='bbox 1216 4531 1410 4583; x_wconf 87' lang='lat' dir='ltr'><strong>volenti</strong></span> <span class='ocrx_word' id='word_1_497' title='bbox 1442 4529 1708 4582; x_wconf 90' lang='lat' dir='ltr'><strong>dominata</strong></span> <span class='ocrx_word' id='word_1_498' title='bbox 1740 4542 1842 4586; x_wconf 90' lang='lat' dir='ltr'><strong>est.</strong></span> 
     </span>
    </p>
   </div>
   <div class='ocr_carea' id='block_1_62' title="bbox 263 4599 1843 4668">
    <p class='ocr_par' dir='ltr' id='par_1_62' title="bbox 263 4599 1843 4668">
     <span class='ocr_line' id='line_1_62' title="bbox 263 4599 1843 4668; baseline 0.003 -18"><span class='ocrx_word' id='word_1_499' title='bbox 263 4599 465 4651; x_wconf 84' lang='lat' dir='ltr'><strong>lutlavit</strong></span> <span class='ocrx_word' id='word_1_500' title='bbox 493 4614 549 4653; x_wconf 90' lang='lat' dir='ltr'><strong>se</strong></span> <span class='ocrx_word' id='word_1_501' title='bbox 578 4599 832 4652; x_wconf 87' lang='lat' dir='ltr'><strong>adversus</strong></span> <span class='ocrx_word' id='word_1_502' title='bbox 861 4616 980 4653; x_wconf 90' lang='lat' dir='ltr'><strong>eum</strong></span> <span class='ocrx_word' id='word_1_503' title='bbox 1004 4600 1216 4653; x_wconf 79' lang='lat' dir='ltr'><strong>satelles</strong></span> <span class='ocrx_word' id='word_1_504' title='bbox 1245 4600 1412 4654; x_wconf 89' lang='lat' dir='ltr'><strong>leonis</strong></span> <span class='ocrx_word' id='word_1_505' title='bbox 1440 4618 1452 4652; x_wconf 90' lang='lat'><strong>:</strong></span> <span class='ocrx_word' id='word_1_506' title='bbox 1486 4609 1607 4668; x_wconf 89' lang='lat' dir='ltr'><strong>tunc</strong></span> <span class='ocrx_word' id='word_1_507' title='bbox 1632 4601 1790 4668; x_wconf 85' lang='lat' dir='ltr'><strong>judcx</strong></span> <span class='ocrx_word' id='word_1_508' title='bbox 1813 4618 1843 4655; x_wconf 88' lang='lat' dir='ltr'><strong>a</strong></span> 
     </span>
    </p>
   </div>
   <div class='ocr_carea' id='block_1_63' title="bbox 262 4667 1843 4737">
    <p class='ocr_par' dir='ltr' id='par_1_63' title="bbox 262 4667 1843 4737">
     <span class='ocr_line' id='line_1_63' title="bbox 262 4667 1843 4737; baseline 0.004 -20"><span class='ocrx_word' id='word_1_509' title='bbox 262 4685 368 4737; x_wconf 89' lang='lat' dir='ltr'><strong>quo</strong></span> <span class='ocrx_word' id='word_1_510' title='bbox 393 4669 725 4736; x_wconf 86' lang='lat' dir='ltr'><strong>judicabalur</strong></span> <span class='ocrx_word' id='word_1_511' title='bbox 752 4670 919 4723; x_wconf 79' lang='lat' dir='ltr'><strong>erexit</strong></span> <span class='ocrx_word' id='word_1_512' title='bbox 946 4670 1204 4733; x_wconf 79' lang='lat' dir='ltr'><strong>cervicem</strong></span> <span class='ocrx_word' id='word_1_513' title='bbox 1228 4711 1239 4734; x_wconf 93' lang='lat'><strong>,</strong></span> <span class='ocrx_word' id='word_1_514' title='bbox 1268 4681 1317 4723; x_wconf 89' lang='lat' dir='ltr'><strong>et</strong></span> <span class='ocrx_word' id='word_1_515' title='bbox 1348 4671 1439 4728; x_wconf 84' lang='lat' dir='ltr'><strong>ait,</strong></span> <span class='ocrx_word' id='word_1_516' title='bbox 1474 4667 1593 4722; x_wconf 81' lang='lat' dir='ltr'><strong>Non</strong></span> <span class='ocrx_word' id='word_1_517' title='bbox 1617 4667 1740 4722; x_wconf 82' lang='lat' dir='ltr'><strong>mihi</strong></span> <span class='ocrx_word' id='word_1_518' title='bbox 1761 4688 1843 4724; x_wconf 85' lang='lat' dir='ltr'><strong>re-</strong></span> 
     </span>
    </p>
   </div>
   <div class='ocr_carea' id='block_1_64' title="bbox 260 4738 1846 4807">
    <p class='ocr_par' dir='ltr' id='par_1_64' title="bbox 260 4738 1846 4807">
     <span class='ocr_line' id='line_1_64' title="bbox 260 4738 1846 4807; baseline 0.005 -20"><span class='ocrx_word' id='word_1_519' title='bbox 260 4740 477 4801; x_wconf 78' lang='lat' dir='ltr'><strong>spondes</strong></span> <span class='ocrx_word' id='word_1_520' title='bbox 505 4738 678 4805; x_wconf 77' lang='lat' dir='ltr'><strong>(Joan.</strong></span> <span class='ocrx_word' id='word_1_521' title='bbox 705 4755 813 4796; x_wconf 77' lang='grc' dir='ltr'>χιιι.</span> <span class='ocrx_word' id='word_1_522' title='bbox 846 4740 973 4805; x_wconf 76' lang='lat'><strong>10)?</strong></span> <span class='ocrx_word' id='word_1_523' title='bbox 1005 4740 1225 4807; x_wconf 77' lang='lat' dir='ltr'><strong>llugilus</strong></span> <span class='ocrx_word' id='word_1_524' title='bbox 1252 4741 1399 4793; x_wconf 71' lang='lat' dir='ltr'><strong>sawil</strong></span> <span class='ocrx_word' id='word_1_525' title='bbox 1422 4741 1606 4803; x_wconf 83' lang='lat' dir='ltr'><strong>leonis,</strong></span> <span class='ocrx_word' id='word_1_526' title='bbox 1640 4750 1846 4795; x_wconf 86' lang='lat' dir='ltr'><strong>tument.</strong></span> 
     </span>
    </p>
   </div>
   <div class='ocr_carea' id='block_1_65' title="bbox 259 4809 1845 4877">
    <p class='ocr_par' dir='ltr' id='par_1_65' title="bbox 259 4809 1845 4877">
     <span class='ocr_line' id='line_1_65' title="bbox 259 4809 1845 4877; baseline 0.004 -18"><span class='ocrx_word' id='word_1_527' title='bbox 259 4810 393 4860; x_wconf 79' lang='lat' dir='ltr'><strong>colla</strong></span> <span class='ocrx_word' id='word_1_528' title='bbox 418 4809 713 4876; x_wconf 87' lang='lat' dir='ltr'><strong>serpentis;</strong></span> <span class='ocrx_word' id='word_1_529' title='bbox 734 4809 823 4861; x_wconf 85' lang='lat' dir='ltr'><strong>sed</strong></span> <span class='ocrx_word' id='word_1_530' title='bbox 847 4810 964 4861; x_wconf 92' lang='lat' dir='ltr'><strong>audi</strong></span> <span class='ocrx_word' id='word_1_531' title='bbox 994 4811 1392 4876; x_wconf 77' lang='lat' dir='ltr'><strong>t‘CSpttllsimtcm</strong></span> <span class='ocrx_word' id='word_1_532' title='bbox 1421 4809 1573 4871; x_wconf 76' lang='lat' dir='ltr'><strong>Agni,</strong></span> <span class='ocrx_word' id='word_1_533' title='bbox 1594 4812 1678 4877; x_wconf 92' lang='lat' dir='ltr'><strong>qui</strong></span> <span class='ocrx_word' id='word_1_534' title='bbox 1701 4812 1845 4864; x_wconf 88' lang='lat' dir='ltr'><strong>novit</strong></span> 
     </span>
    </p>
   </div>
   <div class='ocr_carea' id='block_1_66' title="bbox 234 4880 1845 4948">
    <p class='ocr_par' dir='ltr' id='par_1_66' title="bbox 234 4880 1845 4948">
     <span class='ocr_line' id='line_1_66' title="bbox 234 4880 1845 4948; baseline 0.005 -22"><span class='ocrx_word' id='word_1_535' title='bbox 234 4880 506 4948; x_wconf 48' lang='lat' dir='ltr'><strong>‘JKICiliCI‘C</strong></span> <span class='ocrx_word' id='word_1_536' title='bbox 556 4880 800 4942; x_wconf 84' lang='lat' dir='ltr'><strong>leonem;</strong></span> <span class='ocrx_word' id='word_1_537' title='bbox 856 4880 975 4933; x_wconf 86' lang='lat' dir='ltr'><strong>audi</strong></span> <span class='ocrx_word' id='word_1_538' title='bbox 1030 4880 1150 4948; x_wconf 91' lang='lat' dir='ltr'><strong>quia</strong></span> <span class='ocrx_word' id='word_1_539' title='bbox 1197 4880 1394 4932; x_wconf 87' lang='lat' dir='ltr'><strong>volenti</strong></span> <span class='ocrx_word' id='word_1_540' title='bbox 1446 4880 1712 4932; x_wconf 85' lang='lat' dir='ltr'><strong>dominata</strong></span> <span class='ocrx_word' id='word_1_541' title='bbox 1762 4890 1845 4934; x_wconf 88' lang='lat' dir='ltr'><strong>est</strong></span> 
     </span>
    </p>
   </div>
   <div class='ocr_carea' id='block_1_67' title="bbox 236 4932 1843 5016">
    <p class='ocr_par' dir='ltr' id='par_1_67' title="bbox 236 4932 1843 5016">
     <span class='ocr_line' id='line_1_67' title="bbox 236 4932 1843 5016; baseline 0.002 -17"><span class='ocrx_word' id='word_1_542' title='bbox 236 4932 425 5013; x_wconf 53' lang='lat' dir='ltr'><strong>imors.</strong></span> <span class='ocrx_word' id='word_1_543' title='bbox 455 4948 588 5002; x_wconf 83' lang='lat' dir='ltr'><strong>Cum</strong></span> <span class='ocrx_word' id='word_1_544' title='bbox 615 4948 755 5003; x_wconf 89' lang='lat' dir='ltr'><strong>enim</strong></span> <span class='ocrx_word' id='word_1_545' title='bbox 787 4932 903 5002; x_wconf 68' lang='lat' dir='ltr'><strong>bare</strong></span> <span class='ocrx_word' id='word_1_546' title='bbox 932 4932 998 5003; x_wconf 85' lang='lat' dir='ltr'><strong>ab</strong></span> <span class='ocrx_word' id='word_1_547' title='bbox 1024 4932 1112 5001; x_wconf 82' lang='lat' dir='ltr'><strong>illo</strong></span> <span class='ocrx_word' id='word_1_548' title='bbox 1134 4949 1351 5012; x_wconf 85' lang='lat' dir='ltr'><strong>audivit,</strong></span> <span class='ocrx_word' id='word_1_549' title='bbox 1384 4948 1686 5016; x_wconf 88' lang='lat' dir='ltr'><strong>respondit,</strong></span> <span class='ocrx_word' id='word_1_550' title='bbox 1722 4932 1843 5003; x_wconf 70' lang='lat' dir='ltr'><strong>Non</strong></span> 
     </span>
    </p>
   </div>
   <div class='ocr_carea' id='block_1_68' title="bbox 258 5017 1843 5087">
    <p class='ocr_par' dir='ltr' id='par_1_68' title="bbox 258 5017 1843 5087">
     <span class='ocr_line' id='line_1_68' title="bbox 258 5017 1843 5087; baseline 0.003 -19"><span class='ocrx_word' id='word_1_551' title='bbox 258 5017 465 5087; x_wconf 81' lang='lat' dir='ltr'><strong>haberes</strong></span> <span class='ocrx_word' id='word_1_552' title='bbox 493 5020 543 5071; x_wconf 85' lang='lat' dir='ltr'><strong>in</strong></span> <span class='ocrx_word' id='word_1_553' title='bbox 571 5035 647 5071; x_wconf 87' lang='lat' dir='ltr'><strong>nte</strong></span> <span class='ocrx_word' id='word_1_554' title='bbox 685 5029 1009 5087; x_wconf 82' lang='lat' dir='ltr'><strong>potestatem,</strong></span> <span class='ocrx_word' id='word_1_555' title='bbox 1047 5019 1142 5072; x_wconf 83' lang='lat' dir='ltr'><strong>nisi</strong></span> <span class='ocrx_word' id='word_1_556' title='bbox 1180 5018 1298 5070; x_wconf 84' lang='lat' dir='ltr'><strong>data</strong></span> <span class='ocrx_word' id='word_1_557' title='bbox 1338 5019 1425 5069; x_wconf 87' lang='lat' dir='ltr'><strong>tibi</strong></span> <span class='ocrx_word' id='word_1_558' title='bbox 1452 5027 1576 5070; x_wconf 81' lang='lat' dir='ltr'><strong>esset</strong></span> <span class='ocrx_word' id='word_1_559' title='bbox 1614 5019 1677 5087; x_wconf 85' lang='lat' dir='ltr'><strong>de</strong></span> <span class='ocrx_word' id='word_1_560' title='bbox 1719 5021 1843 5073; x_wconf 71' lang='lat' dir='ltr'><strong>(mlo</strong></span> 
     </span>
    </p>
   </div>
   <div class='ocr_carea' id='block_1_69' title="bbox 260 5085 1839 5156">
    <p class='ocr_par' dir='ltr' id='par_1_69' title="bbox 260 5085 1839 5156">
     <span class='ocr_line' id='line_1_69' title="bbox 260 5085 1839 5156; baseline 0.001 -17"><span class='ocrx_word' id='word_1_561' title='bbox 260 5085 422 5145; x_wconf 84' lang='lat' dir='ltr'><strong>(Ibid.</strong></span> <span class='ocrx_word' id='word_1_562' title='bbox 450 5090 561 5151; x_wconf 83' lang='grc' dir='ltr'><strong>Η).</strong></span> <span class='ocrx_word' id='word_1_563' title='bbox 587 5085 713 5153; x_wconf 78' lang='lat' dir='ltr'><strong>Quis</strong></span> <span class='ocrx_word' id='word_1_564' title='bbox 735 5088 879 5141; x_wconf 87' lang='lat' dir='ltr'><strong>dedit</strong></span> <span class='ocrx_word' id='word_1_565' title='bbox 905 5090 1037 5139; x_wconf 88' lang='lat' dir='ltr'><strong>haue</strong></span> <span class='ocrx_word' id='word_1_566' title='bbox 1058 5089 1288 5155; x_wconf 67' lang='lat' dir='ltr'><strong>desuper</strong></span> <span class='ocrx_word' id='word_1_567' title='bbox 1308 5086 1657 5156; x_wconf 87' lang='lat' dir='ltr'><strong>potestatem?</strong></span> <span class='ocrx_word' id='word_1_568' title='bbox 1680 5090 1839 5143; x_wconf 90' lang='lat' dir='ltr'><strong>Deus.</strong></span> 
     </span>
    </p>
   </div>
   <div class='ocr_carea' id='block_1_70' title="bbox 259 5157 1844 5224">
    <p class='ocr_par' dir='ltr' id='par_1_70' title="bbox 259 5157 1844 5224">
     <span class='ocr_line' id='line_1_70' title="bbox 259 5157 1844 5224; baseline 0.004 -16"><span class='ocrx_word' id='word_1_569' title='bbox 259 5157 389 5224; x_wconf 85' lang='lat' dir='ltr'><strong>Quis</strong></span> <span class='ocrx_word' id='word_1_570' title='bbox 416 5169 495 5211; x_wconf 87' lang='lat' dir='ltr'><strong>est</strong></span> <span class='ocrx_word' id='word_1_571' title='bbox 524 5159 698 5212; x_wconf 84' lang='lat' dir='ltr'><strong>Deus?</strong></span> <span class='ocrx_word' id='word_1_572' title='bbox 727 5159 879 5211; x_wconf 79' lang='lat' dir='ltr'><strong>Pater</strong></span> <span class='ocrx_word' id='word_1_573' title='bbox 905 5172 951 5212; x_wconf 89' lang='lat' dir='ltr'><strong>et</strong></span> <span class='ocrx_word' id='word_1_574' title='bbox 986 5159 1147 5211; x_wconf 72' lang='lat' dir='ltr'><strong>Filius</strong></span> <span class='ocrx_word' id='word_1_575' title='bbox 1174 5169 1225 5209; x_wconf 87' lang='lat' dir='ltr'><strong>et</strong></span> <span class='ocrx_word' id='word_1_576' title='bbox 1256 5158 1483 5224; x_wconf 86' lang='lat' dir='ltr'><strong>Spiritus</strong></span> <span class='ocrx_word' id='word_1_577' title='bbox 1513 5167 1743 5212; x_wconf 79' lang='lat' dir='ltr'><strong>sanctus.</strong></span> <span class='ocrx_word' id='word_1_578' title='bbox 1777 5159 1844 5214; x_wconf 88' lang='lat' dir='ltr'><strong>Ut</strong></span> 
     </span>
    </p>
   </div>
   <div class='ocr_carea' id='block_1_71' title="bbox 260 5228 1841 5298">
    <p class='ocr_par' dir='ltr' id='par_1_71' title="bbox 260 5228 1841 5298">
     <span class='ocr_line' id='line_1_71' title="bbox 260 5228 1841 5298; baseline 0.003 -21"><span class='ocrx_word' id='word_1_579' title='bbox 260 5245 387 5298; x_wconf 62' lang='lat' dir='ltr'><strong>«rgo</strong></span> <span class='ocrx_word' id='word_1_580' title='bbox 418 5239 557 5284; x_wconf 67' lang='lat' dir='ltr'><strong>esset</strong></span> <span class='ocrx_word' id='word_1_581' title='bbox 581 5229 777 5281; x_wconf 82' lang='lat' dir='ltr'><strong>homini</strong></span> <span class='ocrx_word' id='word_1_582' title='bbox 810 5238 1041 5296; x_wconf 85' lang='lat' dir='ltr'><strong>potestas</strong></span> <span class='ocrx_word' id='word_1_583' title='bbox 1073 5228 1123 5280; x_wconf 91' lang='lat' dir='ltr'><strong>in</strong></span> <span class='ocrx_word' id='word_1_584' title='bbox 1157 5230 1340 5287; x_wconf 83' lang='lat' dir='ltr'><strong>Deum,</strong></span> <span class='ocrx_word' id='word_1_585' title='bbox 1370 5230 1437 5280; x_wconf 92' lang='lat' dir='ltr'><strong>ab</strong></span> <span class='ocrx_word' id='word_1_586' title='bbox 1472 5230 1586 5294; x_wconf 90' lang='lat' dir='ltr'><strong>ipso</strong></span> <span class='ocrx_word' id='word_1_587' title='bbox 1617 5228 1723 5281; x_wconf 88' lang='lat' dir='ltr'><strong>Deo</strong></span> <span class='ocrx_word' id='word_1_588' title='bbox 1749 5244 1841 5283; x_wconf 85' lang='lat' dir='ltr'><strong>ac-</strong></span> 
     </span>
    </p>
   </div>
   <div class='ocr_carea' id='block_1_72' title="bbox 258 5298 1845 5365">
    <p class='ocr_par' dir='ltr' id='par_1_72' title="bbox 258 5298 1845 5365">
     <span class='ocr_line' id='line_1_72' title="bbox 258 5298 1845 5365; baseline -0.001 -12"><span class='ocrx_word' id='word_1_589' title='bbox 258 5301 397 5365; x_wconf 83' lang='lat' dir='ltr'><strong>cepit</strong></span> <span class='ocrx_word' id='word_1_590' title='bbox 424 5310 736 5365; x_wconf 78' lang='lat' dir='ltr'><strong>potestatem</strong></span> <span class='ocrx_word' id='word_1_591' title='bbox 757 5299 913 5351; x_wconf 84' lang='lat' dir='ltr'><strong>homo</strong></span> <span class='ocrx_word' id='word_1_592' title='bbox 939 5309 993 5350; x_wconf 91' lang='grc' dir='ltr'><strong>ιιι</strong></span> <span class='ocrx_word' id='word_1_593' title='bbox 1008 5298 1267 5365; x_wconf 86' lang='lat' dir='ltr'><strong>judicarel</strong></span> <span class='ocrx_word' id='word_1_594' title='bbox 1283 5299 1472 5362; x_wconf 88' lang='lat' dir='ltr'><strong>Deum;</strong></span> <span class='ocrx_word' id='word_1_595' title='bbox 1491 5300 1651 5352; x_wconf 85' lang='lat' dir='ltr'><strong>Deum</strong></span> <span class='ocrx_word' id='word_1_596' title='bbox 1672 5300 1845 5353; x_wconf 87' lang='lat' dir='ltr'><strong>occul-</strong></span> 
     </span>
    </p>
   </div>
   <div class='ocr_carea' id='block_1_73' title="bbox 260 5369 1065 5431">
    <p class='ocr_par' dir='ltr' id='par_1_73' title="bbox 260 5369 1065 5431">
     <span class='ocr_line' id='line_1_73' title="bbox 260 5369 1065 5431; baseline -0.006 -7"><span class='ocrx_word' id='word_1_597' title='bbox 260 5379 392 5431; x_wconf 84' lang='lat' dir='ltr'><strong>tum,</strong></span> <span class='ocrx_word' id='word_1_598' title='bbox 424 5370 687 5422; x_wconf 84' lang='lat' dir='ltr'><strong>hominem</strong></span> <span class='ocrx_word' id='word_1_599' title='bbox 712 5369 1065 5421; x_wconf 85' lang='lat' dir='ltr'><strong>manifestum.</strong></span> 
     </span>
    </p>
   </div>
   <div class='ocr_carea' id='block_1_74' title="bbox 331 5438 1836 5499">
    <p class='ocr_par' dir='ltr' id='par_1_74' title="bbox 331 5438 1836 5499">
     <span class='ocr_line' id='line_1_74' title="bbox 331 5438 1836 5499; baseline -0.001 -7"><span class='ocrx_word' id='word_1_600' title='bbox 331 5440 383 5492; x_wconf 67' lang='lat' dir='ltr'><strong>Fr.</strong></span> <span class='ocrx_word' id='word_1_601' title='bbox 430 5438 669 5491; x_wconf 76' lang='lat' dir='ltr'><strong>Diabolus</strong></span> <span class='ocrx_word' id='word_1_602' title='bbox 718 5444 793 5491; x_wconf 81' lang='lat' dir='ltr'><strong>leo</strong></span> <span class='ocrx_word' id='word_1_603' title='bbox 831 5455 944 5490; x_wconf 86' lang='lat' dir='ltr'><strong>cum</strong></span> <span class='ocrx_word' id='word_1_604' title='bbox 993 5448 1171 5499; x_wconf 72' lang='lat' dir='ltr'><strong>vexat,</strong></span> <span class='ocrx_word' id='word_1_605' title='bbox 1220 5440 1371 5490; x_wconf 90' lang='lat' dir='ltr'><strong>draco</strong></span> <span class='ocrx_word' id='word_1_606' title='bbox 1409 5453 1519 5490; x_wconf 79' lang='lat' dir='ltr'><strong>cum</strong></span> <span class='ocrx_word' id='word_1_607' title='bbox 1564 5439 1836 5491; x_wconf 81' lang='lat' dir='ltr'><strong>blanditur.</strong></span> 
     </span>
    </p>
   </div>
   <div class='ocr_carea' id='block_1_75' title="bbox 259 5507 1838 5577">
    <p class='ocr_par' dir='ltr' id='par_1_75' title="bbox 259 5507 1838 5577">
     <span class='ocr_line' id='line_1_75' title="bbox 259 5507 1838 5577; baseline -0.001 -14"><span class='ocrx_word' id='word_1_608' title='bbox 259 5509 444 5563; x_wconf 86' lang='lat' dir='ltr'><strong>Contra</strong></span> <span class='ocrx_word' id='word_1_609' title='bbox 471 5510 811 5560; x_wconf 79' lang='lat' dir='ltr'><strong>blandimenta</strong></span> <span class='ocrx_word' id='word_1_610' title='bbox 841 5524 968 5573; x_wconf 79' lang='lat' dir='ltr'><strong>opus</strong></span> <span class='ocrx_word' id='word_1_611' title='bbox 993 5519 1062 5559; x_wconf 78' lang='lat' dir='ltr'><strong>est</strong></span> <span class='ocrx_word' id='word_1_612' title='bbox 1086 5509 1361 5577; x_wconf 76' lang='lat' dir='ltr'><strong>rigilantia.</strong></span> <span class='ocrx_word' id='word_1_613' title='bbox 1387 5507 1451 5561; x_wconf 84' lang='lat' dir='ltr'><strong>Ut</strong></span> <span class='ocrx_word' id='word_1_614' title='bbox 1478 5523 1604 5573; x_wconf 73' lang='lat' dir='ltr'><strong>ergo</strong></span> <span class='ocrx_word' id='word_1_615' title='bbox 1633 5511 1838 5563; x_wconf 87' lang='lat' dir='ltr'><strong>leonem</strong></span> 
     </span>
    </p>
   </div>
   <div class='ocr_carea' id='block_1_76' title="bbox 259 5579 1838 5647">
    <p class='ocr_par' dir='ltr' id='par_1_76' title="bbox 259 5579 1838 5647">
     <span class='ocr_line' id='line_1_76' title="bbox 259 5579 1838 5647; baseline -0.001 -16"><span class='ocrx_word' id='word_1_616' title='bbox 259 5592 306 5632; x_wconf 90' lang='lat' dir='ltr'><strong>et</strong></span> <span class='ocrx_word' id='word_1_617' title='bbox 341 5583 648 5637; x_wconf 87' lang='lat' dir='ltr'><strong>draconem,</strong></span> <span class='ocrx_word' id='word_1_618' title='bbox 678 5581 743 5630; x_wconf 89' lang='lat' dir='ltr'><strong>de</strong></span> <span class='ocrx_word' id='word_1_619' title='bbox 769 5595 873 5647; x_wconf 87' lang='lat' dir='ltr'><strong>quo</strong></span> <span class='ocrx_word' id='word_1_620' title='bbox 896 5594 1049 5645; x_wconf 85' lang='lat' dir='ltr'><strong>supra</strong></span> <span class='ocrx_word' id='word_1_621' title='bbox 1079 5579 1275 5631; x_wconf 82' lang='lat' dir='ltr'><strong>dictum</strong></span> <span class='ocrx_word' id='word_1_622' title='bbox 1306 5588 1404 5637; x_wconf 87' lang='lat' dir='ltr'><strong>est,</strong></span> <span class='ocrx_word' id='word_1_623' title='bbox 1432 5582 1692 5645; x_wconf 77' lang='lat' dir='ltr'><strong>possimus</strong></span> <span class='ocrx_word' id='word_1_624' title='bbox 1718 5595 1838 5634; x_wconf 85' lang='lat' dir='ltr'><strong>cum</strong></span> 
     </span>
    </p>
   </div>
   <div class='ocr_carea' id='block_1_77' title="bbox 262 5649 1840 5717">
    <p class='ocr_par' dir='ltr' id='par_1_77' title="bbox 262 5649 1840 5717">
     <span class='ocr_line' id='line_1_77' title="bbox 262 5649 1840 5717; baseline -0.002 -11"><span class='ocrx_word' id='word_1_625' title='bbox 262 5650 353 5706; x_wconf 88' lang='lat' dir='ltr'><strong>Dei</strong></span> <span class='ocrx_word' id='word_1_626' title='bbox 381 5650 645 5717; x_wconf 59' lang='lat' dir='ltr'><strong>adiutorio</strong></span> <span class='ocrx_word' id='word_1_627' title='bbox 673 5650 908 5710; x_wconf 85' lang='lat' dir='ltr'><strong>vincere,</strong></span> <span class='ocrx_word' id='word_1_628' title='bbox 940 5664 1058 5702; x_wconf 88' lang='lat' dir='ltr'><strong>cum</strong></span> <span class='ocrx_word' id='word_1_629' title='bbox 1090 5649 1275 5716; x_wconf 81' lang='lat' dir='ltr'><strong>grandi</strong></span> <span class='ocrx_word' id='word_1_630' title='bbox 1306 5649 1491 5701; x_wconf 88' lang='lat' dir='ltr'><strong>timore</strong></span> <span class='ocrx_word' id='word_1_631' title='bbox 1522 5664 1581 5702; x_wconf 88' lang='lat' dir='ltr'><strong>ac</strong></span> <span class='ocrx_word' id='word_1_632' title='bbox 1608 5658 1840 5704; x_wconf 81' lang='lat' dir='ltr'><strong>tremore</strong></span> 
     </span>
    </p>
   </div>
   <div class='ocr_carea' id='block_1_78' title="bbox 323 5740 1419 5801">
    <p class='ocr_par' dir='ltr' id='par_1_78' title="bbox 323 5740 1419 5801">
     <span class='ocr_line' id='line_1_78' title="bbox 323 5740 1419 5801; baseline -0.002 -13"><span class='ocrx_word' id='word_1_633' title='bbox 323 5743 338 5771; x_wconf 84' lang='lat'><em>‘</em></span> <span class='ocrx_word' id='word_1_634' title='bbox 367 5746 449 5788; x_wconf 70' lang='lat' dir='ltr'><strong>ns.</strong></span> <span class='ocrx_word' id='word_1_635' title='bbox 475 5744 716 5800; x_wconf 66' lang='lat' dir='ltr'><strong>German,</strong></span> <span class='ocrx_word' id='word_1_636' title='bbox 742 5746 967 5788; x_wconf 77' lang='lat' dir='ltr'><strong>erectum.</strong></span> <span class='ocrx_word' id='word_1_637' title='bbox 996 5740 1196 5801; x_wconf 77' lang='lat' dir='ltr'><strong>ttemig.,</strong></span> <span class='ocrx_word' id='word_1_638' title='bbox 1219 5746 1419 5788; x_wconf 77' lang='lat' dir='ltr'><strong>rcrtttnt.</strong></span> 
     </span>
    </p>
   </div>
   <div class='ocr_carea' id='block_1_79' title="bbox 1639 286 2150 346">
    <p class='ocr_par' dir='ltr' id='par_1_79' title="bbox 1639 286 2150 346">
     <span class='ocr_line' id='line_1_79' title="bbox 1639 286 2150 346; baseline 0.012 -6"><span class='ocrx_word' id='word_1_639' title='bbox 1639 287 1864 341; x_wconf 76' lang='lat' dir='ltr'><strong>SEltMO</strong></span> <span class='ocrx_word' id='word_1_640' title='bbox 1901 286 2150 346; x_wconf 81' lang='lat' dir='ltr'><strong>CCCXV.</strong></span> 
     </span>
    </p>
   </div>
   <div class='ocr_carea' id='block_1_80' title="bbox 3409 302 3548 358">
    <p class='ocr_par' dir='ltr' id='par_1_80' title="bbox 3409 302 3548 358">
     <span class='ocr_line' id='line_1_80' title="bbox 3409 302 3548 358; baseline 0.014 -2"><span class='ocrx_word' id='word_1_641' title='bbox 3409 302 3548 358; x_wconf 64' lang='lat'><strong>2330</strong></span> 
     </span>
    </p>
   </div>
   <div class='ocr_carea' id='block_1_81' title="bbox 1965 403 3544 481">
    <p class='ocr_par' dir='ltr' id='par_1_81' title="bbox 1965 403 3544 481">
     <span class='ocr_line' id='line_1_81' title="bbox 1965 403 3544 481; baseline 0.006 -27"><span class='ocrx_word' id='word_1_642' title='bbox 1965 411 2089 481; x_wconf 68' lang='lat' dir='ltr'><strong>ante</strong></span> <span class='ocrx_word' id='word_1_643' title='bbox 2109 403 2288 481; x_wconf 84' lang='lat' dir='ltr'><strong>oculos</strong></span> <span class='ocrx_word' id='word_1_644' title='bbox 2311 403 2603 481; x_wconf 76' lang='lat' dir='ltr'><strong>habeamus</strong></span> <span class='ocrx_word' id='word_1_645' title='bbox 2626 405 2752 481; x_wconf 82' lang='lat' dir='ltr'><strong>illud</strong></span> <span class='ocrx_word' id='word_1_646' title='bbox 2780 407 2918 477; x_wconf 89' lang='lat' dir='ltr'><strong>quod</strong></span> <span class='ocrx_word' id='word_1_647' title='bbox 2945 409 3019 463; x_wconf 88' lang='lat' dir='ltr'><strong>ait</strong></span> <span class='ocrx_word' id='word_1_648' title='bbox 3038 410 3307 481; x_wconf 84' lang='lat' dir='ltr'><strong>apostolus</strong></span> <span class='ocrx_word' id='word_1_649' title='bbox 3335 411 3544 481; x_wconf 73' lang='lat' dir='ltr'><strong>Petrus,</strong></span> 
     </span>
    </p>
   </div>
   <div class='ocr_carea' id='block_1_82' title="bbox 1962 472 3545 553">
    <p class='ocr_par' dir='ltr' id='par_1_82' title="bbox 1962 472 3545 553">
     <span class='ocr_line' id='line_1_82' title="bbox 1962 472 3545 553; baseline 0.006 -28"><span class='ocrx_word' id='word_1_650' title='bbox 1962 472 2291 553; x_wconf 48' lang='lat' dir='ltr'><strong>Adversarius</strong></span> <span class='ocrx_word' id='word_1_651' title='bbox 2320 487 2474 529; x_wconf 81' lang='lat' dir='ltr'><strong>vester</strong></span> <span class='ocrx_word' id='word_1_652' title='bbox 2500 477 2745 553; x_wconf 60' lang='lat' dir='ltr'><strong>diabolus</strong></span> <span class='ocrx_word' id='word_1_653' title='bbox 2763 472 2999 553; x_wconf 60' lang='lat' dir='ltr'><strong>tanquam</strong></span> <span class='ocrx_word' id='word_1_654' title='bbox 3026 472 3103 553; x_wconf 57' lang='lat' dir='ltr'><strong>ab</strong></span> <span class='ocrx_word' id='word_1_655' title='bbox 3129 482 3328 553; x_wconf 72' lang='lat' dir='ltr'><strong>rugiens</strong></span> <span class='ocrx_word' id='word_1_656' title='bbox 3354 472 3545 553; x_wconf 74' lang='lat' dir='ltr'><strong>aliquid</strong></span> 
     </span>
    </p>
   </div>
   <div class='ocr_carea' id='block_1_83' title="bbox 1962 541 3543 619">
    <p class='ocr_par' dir='ltr' id='par_1_83' title="bbox 1962 541 3543 619">
     <span class='ocr_line' id='line_1_83' title="bbox 1962 541 3543 619; baseline 0.009 -27"><span class='ocrx_word' id='word_1_657' title='bbox 1962 541 2200 619; x_wconf 79' lang='lat' dir='ltr'><strong>devorare</strong></span> <span class='ocrx_word' id='word_1_658' title='bbox 2228 561 2452 619; x_wconf 71' lang='lat' dir='ltr'><strong>quarrcus</strong></span> <span class='ocrx_word' id='word_1_659' title='bbox 2485 547 2664 619; x_wconf 70' lang='lat' dir='ltr'><strong>circuit</strong></span> <span class='ocrx_word' id='word_1_660' title='bbox 2691 546 2745 615; x_wconf 94' lang='grc'><strong>(1</strong></span> <span class='ocrx_word' id='word_1_661' title='bbox 2772 541 2912 619; x_wconf 73' lang='lat' dir='ltr'><strong>Pelr.</strong></span> <span class='ocrx_word' id='word_1_662' title='bbox 2942 565 2992 614; x_wconf 93' lang='lat' dir='ltr'><strong>v,</strong></span> <span class='ocrx_word' id='word_1_663' title='bbox 3018 550 3087 618; x_wconf 89' lang='lat'><strong>8)</strong></span> <span class='ocrx_word' id='word_1_664' title='bbox 3119 568 3131 602; x_wconf 91' lang='lat'><strong>:</strong></span> <span class='ocrx_word' id='word_1_665' title='bbox 3165 541 3217 603; x_wconf 63' lang='lat' dir='ltr'><strong>ei</strong></span> <span class='ocrx_word' id='word_1_666' title='bbox 3248 551 3373 604; x_wconf 92' lang='lat' dir='ltr'><strong>illud</strong></span> <span class='ocrx_word' id='word_1_667' title='bbox 3405 541 3471 619; x_wconf 73' lang='lat' dir='ltr'><strong>qit</strong></span> <span class='ocrx_word' id='word_1_668' title='bbox 3511 556 3543 606; x_wconf 79' lang='grc' dir='ltr'><strong>ιι</strong></span> 
     </span>
    </p>
   </div>
   <div class='ocr_carea' id='block_1_84' title="bbox 1962 611 3536 682">
    <p class='ocr_par' dir='ltr' id='par_1_84' title="bbox 1962 611 3536 682">
     <span class='ocr_line' id='line_1_84' title="bbox 1962 611 3536 682; baseline 0.004 -17"><span class='ocrx_word' id='word_1_669' title='bbox 1962 611 2029 682; x_wconf 91' lang='lat' dir='ltr'><strong>de</strong></span> <span class='ocrx_word' id='word_1_670' title='bbox 2052 611 2280 668; x_wconf 88' lang='lat' dir='ltr'><strong>dracone</strong></span> <span class='ocrx_word' id='word_1_671' title='bbox 2305 618 2587 681; x_wconf 81' lang='lat' dir='ltr'><strong>Apostolus</strong></span> <span class='ocrx_word' id='word_1_672' title='bbox 2619 611 2715 669; x_wconf 80' lang='lat' dir='ltr'><strong>nos</strong></span> <span class='ocrx_word' id='word_1_673' title='bbox 2743 611 3011 682; x_wconf 84' lang='lat' dir='ltr'><strong>admonet,</strong></span> <span class='ocrx_word' id='word_1_674' title='bbox 3038 611 3091 673; x_wconf 81' lang='grc' dir='ltr'>ιιί</span> <span class='ocrx_word' id='word_1_675' title='bbox 3119 635 3241 674; x_wconf 90' lang='lat' dir='ltr'><strong>eum</strong></span> <span class='ocrx_word' id='word_1_676' title='bbox 3266 611 3536 674; x_wconf 39' lang='lat' dir='ltr'><strong>omni-sou</strong></span> 
     </span>
    </p>
   </div>
   <div class='ocr_carea' id='block_1_85' title="bbox 1961 681 3542 761">
    <p class='ocr_par' dir='ltr' id='par_1_85' title="bbox 1961 681 3542 761">
     <span class='ocr_line' id='line_1_85' title="bbox 1961 681 3542 761; baseline 0.007 -28"><span class='ocrx_word' id='word_1_677' title='bbox 1961 681 2227 738; x_wconf 82' lang='lat' dir='ltr'><strong>licitudine</strong></span> <span class='ocrx_word' id='word_1_678' title='bbox 2248 701 2547 761; x_wconf 76' lang='lat' dir='ltr'><strong>caveamus,</strong></span> <span class='ocrx_word' id='word_1_679' title='bbox 2573 688 2763 761; x_wconf 72' lang='lat' dir='ltr'><strong>_._lptari</strong></span> <span class='ocrx_word' id='word_1_680' title='bbox 2784 681 3106 761; x_wconf 81' lang='lat' dir='ltr'><strong>vos,_inqttit,</strong></span> <span class='ocrx_word' id='word_1_681' title='bbox 3132 691 3221 741; x_wconf 86' lang='lat' dir='ltr'><strong>uni</strong></span> <span class='ocrx_word' id='word_1_682' title='bbox 3252 692 3359 745; x_wconf 84' lang='lat' dir='ltr'><strong>viro</strong></span> <span class='ocrx_word' id='word_1_683' title='bbox 3391 693 3542 761; x_wconf 73' lang='lat' dir='ltr'><strong>virgi-</strong></span> 
     </span>
    </p>
   </div>
   <div class='ocr_carea' id='block_1_86' title="bbox 1961 755 3545 829">
    <p class='ocr_par' dir='ltr' id='par_1_86' title="bbox 1961 755 3545 829">
     <span class='ocr_line' id='line_1_86' title="bbox 1961 755 3545 829; baseline 0.008 -26"><span class='ocrx_word' id='word_1_684' title='bbox 1961 768 2073 829; x_wconf 84' lang='lat' dir='ltr'><strong>nem</strong></span> <span class='ocrx_word' id='word_1_685' title='bbox 2104 765 2289 829; x_wconf 65' lang='lat' dir='ltr'><strong>castam</strong></span> <span class='ocrx_word' id='word_1_686' title='bbox 2311 757 2537 829; x_wconf 66' lang='lat' dir='ltr'><strong>exhibere</strong></span> <span class='ocrx_word' id='word_1_687' title='bbox 2558 755 2755 809; x_wconf 75' lang='lat' dir='ltr'><strong>Christo</strong></span> <span class='ocrx_word' id='word_1_688' title='bbox 2778 773 2797 809; x_wconf 89' lang='lat'><strong><em>:</em></strong></span> <span class='ocrx_word' id='word_1_689' title='bbox 2823 759 2911 810; x_wconf 83' lang='lat' dir='ltr'><strong>sed</strong></span> <span class='ocrx_word' id='word_1_690' title='bbox 2934 755 3078 811; x_wconf 84' lang='lat' dir='ltr'><strong>timeo</strong></span> <span class='ocrx_word' id='word_1_691' title='bbox 3104 777 3165 812; x_wconf 87' lang='lat' dir='ltr'><strong>nc</strong></span> <span class='ocrx_word' id='word_1_692' title='bbox 3191 761 3316 813; x_wconf 85' lang='lat' dir='ltr'><strong>sicut</strong></span> <span class='ocrx_word' id='word_1_693' title='bbox 3344 755 3545 829; x_wconf 65' lang='lat' dir='ltr'><strong>serpens</strong></span> 
     </span>
    </p>
   </div>
   <div class='ocr_carea' id='block_1_87' title="bbox 1959 822 3545 891">
    <p class='ocr_par' dir='ltr' id='par_1_87' title="bbox 1959 822 3545 891">
     <span class='ocr_line' id='line_1_87' title="bbox 1959 822 3545 891; baseline 0.006 -19"><span class='ocrx_word' id='word_1_694' title='bbox 1959 822 2154 875; x_wconf 70' lang='lat' dir='ltr'><strong>seduxit</strong></span> <span class='ocrx_word' id='word_1_695' title='bbox 2187 824 2343 877; x_wconf 74' lang='lat' dir='ltr'><strong>Evam</strong></span> <span class='ocrx_word' id='word_1_696' title='bbox 2379 827 2562 878; x_wconf 81' lang='lat' dir='ltr'><strong>astutia</strong></span> <span class='ocrx_word' id='word_1_697' title='bbox 2597 844 2716 891; x_wconf 89' lang='lat' dir='ltr'><strong>sua,</strong></span> <span class='ocrx_word' id='word_1_698' title='bbox 2750 829 2820 880; x_wconf 87' lang='lat' dir='ltr'><strong>ita</strong></span> <span class='ocrx_word' id='word_1_699' title='bbox 2847 838 2893 880; x_wconf 84' lang='lat' dir='ltr'><strong>et</strong></span> <span class='ocrx_word' id='word_1_700' title='bbox 2921 845 3095 882; x_wconf 80' lang='lat' dir='ltr'><strong>sensus</strong></span> <span class='ocrx_word' id='word_1_701' title='bbox 3133 830 3282 883; x_wconf 72' lang='lat' dir='ltr'><strong>vestri</strong></span> <span class='ocrx_word' id='word_1_702' title='bbox 3317 822 3545 882; x_wconf 72' lang='lat' dir='ltr'><strong>corrum-</strong></span> 
     </span>
    </p>
   </div>
   <div class='ocr_carea' id='block_1_88' title="bbox 1963 896 3543 967">
    <p class='ocr_par' dir='ltr' id='par_1_88' title="bbox 1963 896 3543 967">
     <span class='ocr_line' id='line_1_88' title="bbox 1963 896 3543 967; baseline 0.007 -25"><span class='ocrx_word' id='word_1_703' title='bbox 1963 902 2149 967; x_wconf 53' lang='lat' dir='ltr'><strong>patitur</strong></span> <span class='ocrx_word' id='word_1_704' title='bbox 2172 910 2203 967; x_wconf 69' lang='grc' dir='ltr'><em>ᾳ</em></span> <span class='ocrx_word' id='word_1_705' title='bbox 2226 896 2559 967; x_wconf 76' lang='lat' dir='ltr'><strong>simplicitate,</strong></span> <span class='ocrx_word' id='word_1_706' title='bbox 2584 912 2695 959; x_wconf 74' lang='lat' dir='ltr'><strong>qtae</strong></span> <span class='ocrx_word' id='word_1_707' title='bbox 2716 908 2787 950; x_wconf 80' lang='lat' dir='ltr'><strong>est</strong></span> <span class='ocrx_word' id='word_1_708' title='bbox 2814 899 2863 950; x_wconf 88' lang='lat' dir='ltr'><strong>in</strong></span> <span class='ocrx_word' id='word_1_709' title='bbox 2891 897 3090 951; x_wconf 84' lang='lat' dir='ltr'><strong>Christo</strong></span> <span class='ocrx_word' id='word_1_710' title='bbox 3110 898 3234 953; x_wconf 82' lang='lat' dir='ltr'><strong>Jesu</strong></span> <span class='ocrx_word' id='word_1_711' title='bbox 3258 900 3300 967; x_wconf 88' lang='grc' dir='ltr'>(Ι</span> <span class='ocrx_word' id='word_1_712' title='bbox 3326 900 3442 954; x_wconf 82' lang='lat' dir='ltr'><strong>Cor.</strong></span> <span class='ocrx_word' id='word_1_713' title='bbox 3470 918 3543 963; x_wconf 80' lang='lat' dir='ltr'><strong>tu,</strong></span> 
     </span>
    </p>
   </div>
   <div class='ocr_carea' id='block_1_89' title="bbox 1957 961 3542 1035">
    <p class='ocr_par' dir='ltr' id='par_1_89' title="bbox 1957 961 3542 1035">
     <span class='ocr_line' id='line_1_89' title="bbox 1957 961 3542 1035; baseline 0.007 -22"><span class='ocrx_word' id='word_1_714' title='bbox 1957 961 1993 1035; x_wconf 60' lang='grc'><strong><em>2</em></strong></span> <span class='ocrx_word' id='word_1_715' title='bbox 2012 973 2058 1014; x_wconf 87' lang='lat' dir='ltr'><strong>et</strong></span> <span class='ocrx_word' id='word_1_716' title='bbox 2074 961 2387 1035; x_wconf 67' lang='lat' dir='ltr'><strong>5).Qttattilo</strong></span> <span class='ocrx_word' id='word_1_717' title='bbox 2402 982 2527 1035; x_wconf 88' lang='lat' dir='ltr'><strong>ergo</strong></span> <span class='ocrx_word' id='word_1_718' title='bbox 2559 966 2648 1019; x_wconf 88' lang='lat' dir='ltr'><strong>tibi</strong></span> <span class='ocrx_word' id='word_1_719' title='bbox 2682 969 2854 1035; x_wconf 89' lang='lat' dir='ltr'><strong>aliqua</strong></span> <span class='ocrx_word' id='word_1_720' title='bbox 2883 968 3087 1035; x_wconf 90' lang='lat' dir='ltr'><strong>publica</strong></span> <span class='ocrx_word' id='word_1_721' title='bbox 3117 961 3385 1023; x_wconf 86' lang='lat' dir='ltr'><strong>tribulatio</strong></span> <span class='ocrx_word' id='word_1_722' title='bbox 3418 961 3542 1024; x_wconf 80' lang='lat' dir='ltr'><strong>nata</strong></span> 
     </span>
    </p>
   </div>
   <div class='ocr_carea' id='block_1_90' title="bbox 1960 1031 3543 1110">
    <p class='ocr_par' dir='ltr' id='par_1_90' title="bbox 1960 1031 3543 1110">
     <span class='ocr_line' id='line_1_90' title="bbox 1960 1031 3543 1110; baseline 0.006 -27"><span class='ocrx_word' id='word_1_723' title='bbox 1960 1031 2136 1110; x_wconf 77' lang='lat' dir='ltr'><strong>fuerit,</strong></span> <span class='ocrx_word' id='word_1_724' title='bbox 2165 1035 2363 1110; x_wconf 84' lang='lat' dir='ltr'><strong>rabiem</strong></span> <span class='ocrx_word' id='word_1_725' title='bbox 2388 1031 2729 1110; x_wconf 52' lang='lat' dir='ltr'><strong>ac&#39;sacvitiam</strong></span> <span class='ocrx_word' id='word_1_726' title='bbox 2755 1031 2921 1110; x_wconf 82' lang='lat' dir='ltr'><strong>leonis</strong></span> <span class='ocrx_word' id='word_1_727' title='bbox 2949 1039 3177 1107; x_wconf 81' lang='lat' dir='ltr'><strong>iutellige</strong></span> <span class='ocrx_word' id='word_1_728' title='bbox 3208 1059 3221 1094; x_wconf 90' lang='lat'><strong>:</strong></span> <span class='ocrx_word' id='word_1_729' title='bbox 3253 1040 3468 1110; x_wconf 88' lang='lat' dir='ltr'><strong>quando</strong></span> <span class='ocrx_word' id='word_1_730' title='bbox 3493 1052 3543 1093; x_wconf 83' lang='lat' dir='ltr'><strong>te</strong></span> 
     </span>
    </p>
   </div>
   <div class='ocr_carea' id='block_1_91' title="bbox 1960 1102 3542 1173">
    <p class='ocr_par' dir='ltr' id='par_1_91' title="bbox 1960 1102 3542 1173">
     <span class='ocr_line' id='line_1_91' title="bbox 1960 1102 3542 1173; baseline 0.007 -21"><span class='ocrx_word' id='word_1_731' title='bbox 1960 1102 2114 1173; x_wconf 74' lang='lat' dir='ltr'><strong>make</strong></span> <span class='ocrx_word' id='word_1_732' title='bbox 2142 1106 2582 1173; x_wconf 63' lang='lat' dir='ltr'><strong>concupisce-mixta</strong></span> <span class='ocrx_word' id='word_1_733' title='bbox 2606 1106 2669 1157; x_wconf 89' lang='lat' dir='ltr'><strong>ad</strong></span> <span class='ocrx_word' id='word_1_734' title='bbox 2706 1109 2978 1161; x_wconf 87' lang='lat' dir='ltr'><strong>avaritiam</strong></span> <span class='ocrx_word' id='word_1_735' title='bbox 3019 1110 3101 1161; x_wconf 89' lang='lat' dir='ltr'><strong>vel</strong></span> <span class='ocrx_word' id='word_1_736' title='bbox 3117 1102 3396 1163; x_wconf 61' lang='lat' dir='ltr'><strong>luxui-iam</strong></span> <span class='ocrx_word' id='word_1_737' title='bbox 3429 1113 3542 1163; x_wconf 87' lang='lat' dir='ltr'><strong>cal-</strong></span> 
     </span>
    </p>
   </div>
   <div class='ocr_carea' id='block_1_92' title="bbox 1959 1170 3545 1240">
    <p class='ocr_par' dir='ltr' id='par_1_92' title="bbox 1959 1170 3545 1240">
     <span class='ocr_line' id='line_1_92' title="bbox 1959 1170 3545 1240; baseline 0.006 -17"><span class='ocrx_word' id='word_1_738' title='bbox 1959 1170 2063 1223; x_wconf 89' lang='lat' dir='ltr'><strong>lida</strong></span> <span class='ocrx_word' id='word_1_739' title='bbox 2098 1170 2406 1228; x_wconf 81' lang='lat' dir='ltr'><strong>seductione</strong></span> <span class='ocrx_word' id='word_1_740' title='bbox 2434 1177 2751 1240; x_wconf 84' lang='lat' dir='ltr'><strong>sollicitant,</strong></span> <span class='ocrx_word' id='word_1_741' title='bbox 2782 1177 3026 1232; x_wconf 63' lang='lat' dir='ltr'><strong>drachnis</strong></span> <span class='ocrx_word' id='word_1_742' title='bbox 3067 1179 3423 1233; x_wconf 85' lang='lat' dir='ltr'><strong>blandimenta</strong></span> <span class='ocrx_word' id='word_1_743' title='bbox 3453 1196 3545 1233; x_wconf 91' lang='lat' dir='ltr'><strong>co-</strong></span> 
     </span>
    </p>
   </div>
   <div class='ocr_carea' id='block_1_93' title="bbox 1956 1245 3539 1316">
    <p class='ocr_par' dir='ltr' id='par_1_93' title="bbox 1956 1245 3539 1316">
     <span class='ocr_line' id='line_1_93' title="bbox 1956 1245 3539 1316; baseline 0.008 -25"><span class='ocrx_word' id='word_1_744' title='bbox 1956 1256 2171 1316; x_wconf 76' lang='lat' dir='ltr'><strong>gnosce.</strong></span> <span class='ocrx_word' id='word_1_745' title='bbox 2204 1245 2258 1316; x_wconf 68' lang='lat' dir='ltr'><strong>Si</strong></span> <span class='ocrx_word' id='word_1_746' title='bbox 2284 1260 2409 1316; x_wconf 80' lang='lat' dir='ltr'><strong>ergo</strong></span> <span class='ocrx_word' id='word_1_747' title='bbox 2432 1246 2587 1298; x_wconf 88' lang='lat' dir='ltr'><strong>tidem</strong></span> <span class='ocrx_word' id='word_1_748' title='bbox 2619 1256 2814 1299; x_wconf 84' lang='lat' dir='ltr'><strong>rectam</strong></span> <span class='ocrx_word' id='word_1_749' title='bbox 2838 1250 2985 1316; x_wconf 87' lang='lat' dir='ltr'><strong>cupis</strong></span> <span class='ocrx_word' id='word_1_750' title='bbox 3007 1247 3231 1303; x_wconf 74' lang='lat' dir='ltr'><strong>fideliter</strong></span> <span class='ocrx_word' id='word_1_751' title='bbox 3250 1250 3539 1315; x_wconf 91' lang='lat' dir='ltr'><strong>custodire,</strong></span> 
     </span>
    </p>
   </div>
   <div class='ocr_carea' id='block_1_94' title="bbox 1959 1311 3540 1374">
    <p class='ocr_par' dir='ltr' id='par_1_94' title="bbox 1959 1311 3540 1374">
     <span class='ocr_line' id='line_1_94' title="bbox 1959 1311 3540 1374; baseline 0.008 -12"><span class='ocrx_word' id='word_1_752' title='bbox 1959 1313 2012 1363; x_wconf 92' lang='lat' dir='ltr'><strong>in</strong></span> <span class='ocrx_word' id='word_1_753' title='bbox 2033 1311 2270 1366; x_wconf 75' lang='lat' dir='ltr'><strong>adversis</strong></span> <span class='ocrx_word' id='word_1_754' title='bbox 2298 1311 2446 1368; x_wconf 80' lang='lat' dir='ltr'><strong>fortis</strong></span> <span class='ocrx_word' id='word_1_755' title='bbox 2475 1325 2590 1368; x_wconf 90' lang='lat' dir='ltr'><strong>esto</strong></span> <span class='ocrx_word' id='word_1_756' title='bbox 2616 1326 2795 1370; x_wconf 81' lang='lat' dir='ltr'><strong>contra</strong></span> <span class='ocrx_word' id='word_1_757' title='bbox 2820 1311 2987 1372; x_wconf 80' lang='lat' dir='ltr'><strong>leonis</strong></span> <span class='ocrx_word' id='word_1_758' title='bbox 3021 1320 3275 1372; x_wconf 85' lang='lat' dir='ltr'><strong>sa-vitiam</strong></span> <span class='ocrx_word' id='word_1_759' title='bbox 3301 1336 3314 1371; x_wconf 89' lang='lat'>:</span> <span class='ocrx_word' id='word_1_760' title='bbox 3343 1321 3386 1373; x_wconf 90' lang='lat' dir='ltr'><strong>si</strong></span> <span class='ocrx_word' id='word_1_761' title='bbox 3413 1311 3540 1374; x_wconf 79' lang='lat' dir='ltr'><strong>vero</strong></span> 
     </span>
    </p>
   </div>
   <div class='ocr_carea' id='block_1_95' title="bbox 1928 1382 3539 1457">
    <p class='ocr_par' dir='ltr' id='par_1_95' title="bbox 1928 1382 3539 1457">
     <span class='ocr_line' id='line_1_95' title="bbox 1928 1382 3539 1457; baseline 0.007 -27"><span class='ocrx_word' id='word_1_762' title='bbox 1928 1392 1933 1399; x_wconf 67' lang='lat'><strong><em>‘</em></strong></span> <span class='ocrx_word' id='word_1_763' title='bbox 1958 1382 2519 1457; x_wconf 67' lang='lat' dir='ltr'><strong>virginiuuemanimte</strong></span> <span class='ocrx_word' id='word_1_764' title='bbox 2536 1387 2796 1457; x_wconf 81' lang='lat' dir='ltr'><strong>integram</strong></span> <span class='ocrx_word' id='word_1_765' title='bbox 2826 1402 3040 1441; x_wconf 82' lang='lat' dir='ltr'><strong>servare</strong></span> <span class='ocrx_word' id='word_1_766' title='bbox 3057 1388 3348 1449; x_wconf 84' lang='lat' dir='ltr'><strong>desideras.</strong></span> <span class='ocrx_word' id='word_1_767' title='bbox 3373 1404 3539 1457; x_wconf 85' lang='lat' dir='ltr'><strong>quau-</strong></span> 
     </span>
    </p>
   </div>
   <div class='ocr_carea' id='block_1_96' title="bbox 1959 1454 3538 1520">
    <p class='ocr_par' dir='ltr' id='par_1_96' title="bbox 1959 1454 3538 1520">
     <span class='ocr_line' id='line_1_96' title="bbox 1959 1454 3538 1520; baseline 0.007 -19"><span class='ocrx_word' id='word_1_768' title='bbox 1959 1460 2067 1503; x_wconf 90' lang='lat' dir='ltr'><strong>tum</strong></span> <span class='ocrx_word' id='word_1_769' title='bbox 2101 1464 2250 1519; x_wconf 86' lang='lat' dir='ltr'><strong>potes</strong></span> <span class='ocrx_word' id='word_1_770' title='bbox 2278 1455 2500 1509; x_wconf 86' lang='lat' dir='ltr'><strong>observa</strong></span> <span class='ocrx_word' id='word_1_771' title='bbox 2534 1454 2887 1510; x_wconf 78' lang='lat' dir='ltr'><strong>blandimenta</strong></span> <span class='ocrx_word' id='word_1_772' title='bbox 2924 1458 3199 1520; x_wconf 89' lang='lat' dir='ltr'><strong>draconis;</strong></span> <span class='ocrx_word' id='word_1_773' title='bbox 3234 1476 3301 1513; x_wconf 89' lang='lat' dir='ltr'><strong>ne</strong></span> <span class='ocrx_word' id='word_1_774' title='bbox 3330 1454 3464 1513; x_wconf 84' lang='lat' dir='ltr'><strong>forte</strong></span> <span class='ocrx_word' id='word_1_775' title='bbox 3494 1462 3538 1513; x_wconf 86' lang='lat' dir='ltr'><strong>si</strong></span> 
     </span>
    </p>
   </div>
   <div class='ocr_carea' id='block_1_97' title="bbox 1942 1520 3542 1597">
    <p class='ocr_par' dir='ltr' id='par_1_97' title="bbox 1942 1520 3542 1597">
     <span class='ocr_line' id='line_1_97' title="bbox 1942 1520 3542 1597; baseline 0.007 -25"><span class='ocrx_word' id='word_1_776' title='bbox 1942 1520 2200 1597; x_wconf 76' lang='lat' dir='ltr'><strong>incautus</strong></span> <span class='ocrx_word' id='word_1_777' title='bbox 2226 1522 2387 1597; x_wconf 82' lang='lat' dir='ltr'><strong>fueris</strong></span> <span class='ocrx_word' id='word_1_778' title='bbox 2406 1565 2420 1587; x_wconf 94' lang='lat'><strong>,</strong></span> <span class='ocrx_word' id='word_1_779' title='bbox 2451 1526 2681 1594; x_wconf 88' lang='lat' dir='ltr'><strong>quinque</strong></span> <span class='ocrx_word' id='word_1_780' title='bbox 2709 1542 2897 1581; x_wconf 83' lang='lat' dir='ltr'><strong>sensus</strong></span> <span class='ocrx_word' id='word_1_781' title='bbox 2916 1567 2931 1591; x_wconf 93' lang='lat'><strong>,</strong></span> <span class='ocrx_word' id='word_1_782' title='bbox 2961 1529 3049 1594; x_wconf 89' lang='lat' dir='ltr'><strong>qui</strong></span> <span class='ocrx_word' id='word_1_783' title='bbox 3082 1528 3134 1581; x_wconf 91' lang='lat' dir='ltr'><strong>in</strong></span> <span class='ocrx_word' id='word_1_784' title='bbox 3160 1539 3210 1583; x_wconf 88' lang='lat' dir='ltr'><strong>te</strong></span> <span class='ocrx_word' id='word_1_785' title='bbox 3237 1536 3361 1582; x_wconf 89' lang='lat' dir='ltr'><strong>sunt</strong></span> <span class='ocrx_word' id='word_1_786' title='bbox 3390 1532 3542 1597; x_wconf 87' lang='lat' dir='ltr'><strong>quasi</strong></span> 
     </span>
    </p>
   </div>
   <div class='ocr_carea' id='block_1_98' title="bbox 1956 1591 3538 1667">
    <p class='ocr_par' dir='ltr' id='par_1_98' title="bbox 1956 1591 3538 1667">
     <span class='ocr_line' id='line_1_98' title="bbox 1956 1591 3538 1667; baseline 0.006 -26"><span class='ocrx_word' id='word_1_787' title='bbox 1956 1591 2513 1667; x_wconf 61' lang='lat' dir='ltr'><strong>q_tti_tt_que_virgines,</strong></span> <span class='ocrx_word' id='word_1_788' title='bbox 2553 1591 2824 1667; x_wconf 80' lang='lat' dir='ltr'><strong>permittas</strong></span> <span class='ocrx_word' id='word_1_789' title='bbox 2872 1611 2900 1649; x_wconf 87' lang='lat' dir='ltr'><strong>a</strong></span> <span class='ocrx_word' id='word_1_790' title='bbox 2953 1591 3199 1666; x_wconf 82' lang='lat' dir='ltr'><strong>serpente</strong></span> <span class='ocrx_word' id='word_1_791' title='bbox 3245 1591 3538 1667; x_wconf 84' lang='lat' dir='ltr'><strong>corrumpi.</strong></span> 
     </span>
    </p>
   </div>
   <div class='ocr_carea' id='block_1_99' title="bbox 1956 1661 3542 1737">
    <p class='ocr_par' dir='ltr' id='par_1_99' title="bbox 1956 1661 3542 1737">
     <span class='ocr_line' id='line_1_99' title="bbox 1956 1661 3542 1737; baseline 0.007 -26"><span class='ocrx_word' id='word_1_792' title='bbox 1956 1661 2216 1726; x_wconf 77' lang='lat' dir='ltr'><strong>Quidquid</strong></span> <span class='ocrx_word' id='word_1_793' title='bbox 2244 1661 2750 1737; x_wconf 21' lang='lat' dir='ltr'><strong>_QIlllD‘Pltlciltfc~Cll</strong></span> <span class='ocrx_word' id='word_1_794' title='bbox 2790 1667 2939 1737; x_wconf 81' lang='lat' dir='ltr'><strong>visu,</strong></span> <span class='ocrx_word' id='word_1_795' title='bbox 2987 1661 3239 1737; x_wconf 76' lang='lat' dir='ltr'><strong>quidquid</strong></span> <span class='ocrx_word' id='word_1_796' title='bbox 3283 1661 3542 1723; x_wconf 74' lang='lat' dir='ltr'><strong>dulcescit</strong></span> 
     </span>
    </p>
   </div>
   <div class='ocr_carea' id='block_1_100' title="bbox 1953 1733 3539 1807">
    <p class='ocr_par' dir='ltr' id='par_1_100' title="bbox 1953 1733 3539 1807">
     <span class='ocr_line' id='line_1_100' title="bbox 1953 1733 3539 1807; baseline 0.006 -26"><span class='ocrx_word' id='word_1_797' title='bbox 1953 1741 2138 1807; x_wconf 68' lang='lat' dir='ltr'><strong>gustu,</strong></span> <span class='ocrx_word' id='word_1_798' title='bbox 2169 1733 2420 1807; x_wconf 86' lang='lat' dir='ltr'><strong>quidquid</strong></span> <span class='ocrx_word' id='word_1_799' title='bbox 2445 1734 2946 1807; x_wconf 81' lang='lat' dir='ltr'><strong>blanditurauditu,</strong></span> <span class='ocrx_word' id='word_1_800' title='bbox 2975 1733 3229 1807; x_wconf 72' lang='lat' dir='ltr'><strong>quidquid</strong></span> <span class='ocrx_word' id='word_1_801' title='bbox 3270 1738 3539 1793; x_wconf 80' lang='lat' dir='ltr'><strong>lenocina-</strong></span> 
     </span>
    </p>
   </div>
   <div class='ocr_carea' id='block_1_101' title="bbox 1956 1801 3539 1873">
    <p class='ocr_par' dir='ltr' id='par_1_101' title="bbox 1956 1801 3539 1873">
     <span class='ocr_line' id='line_1_101' title="bbox 1956 1801 3539 1873; baseline 0.007 -22"><span class='ocrx_word' id='word_1_802' title='bbox 1956 1809 2044 1873; x_wconf 82' lang='lat' dir='ltr'><strong>tur</strong></span> <span class='ocrx_word' id='word_1_803' title='bbox 2061 1801 2303 1873; x_wconf 85' lang='lat' dir='ltr'><strong>odoratu,</strong></span> <span class='ocrx_word' id='word_1_804' title='bbox 2331 1804 2586 1873; x_wconf 90' lang='lat' dir='ltr'><strong>quidquid</strong></span> <span class='ocrx_word' id='word_1_805' title='bbox 2615 1806 2877 1859; x_wconf 88' lang='lat' dir='ltr'><strong>mollescit</strong></span> <span class='ocrx_word' id='word_1_806' title='bbox 2908 1801 3140 1870; x_wconf 75' lang='lat' dir='ltr'><strong>attactu;</strong></span> <span class='ocrx_word' id='word_1_807' title='bbox 3170 1809 3221 1861; x_wconf 94' lang='lat' dir='ltr'><strong>in</strong></span> <span class='ocrx_word' id='word_1_808' title='bbox 3261 1808 3341 1861; x_wconf 92' lang='lat' dir='ltr'><strong>bis</strong></span> <span class='ocrx_word' id='word_1_809' title='bbox 3366 1809 3539 1861; x_wconf 91' lang='lat' dir='ltr'><strong>omni-</strong></span> 
     </span>
    </p>
   </div>
   <div class='ocr_carea' id='block_1_102' title="bbox 1953 1870 3538 1950">
    <p class='ocr_par' dir='ltr' id='par_1_102' title="bbox 1953 1870 3538 1950">
     <span class='ocr_line' id='line_1_102' title="bbox 1953 1870 3538 1950; baseline 0.006 -29"><span class='ocrx_word' id='word_1_810' title='bbox 1953 1870 2072 1950; x_wconf 75' lang='lat' dir='ltr'><strong>bus,</strong></span> <span class='ocrx_word' id='word_1_811' title='bbox 2104 1870 2376 1950; x_wconf 82' lang='lat' dir='ltr'><strong>si__incau_ti</strong></span> <span class='ocrx_word' id='word_1_812' title='bbox 2406 1870 2693 1950; x_wconf 74' lang='lat' dir='ltr'><strong>fuerimus,</strong></span> <span class='ocrx_word' id='word_1_813' title='bbox 2721 1876 3128 1950; x_wconf 86' lang='lat' dir='ltr'><strong>subrepentibus</strong></span> <span class='ocrx_word' id='word_1_814' title='bbox 3154 1879 3538 1950; x_wconf 86' lang='lat' dir='ltr'><strong>concupiscen-</strong></span> 
     </span>
    </p>
   </div>
   <div class='ocr_carea' id='block_1_103' title="bbox 1956 1940 3535 2015">
    <p class='ocr_par' dir='ltr' id='par_1_103' title="bbox 1956 1940 3535 2015">
     <span class='ocr_line' id='line_1_103' title="bbox 1956 1940 3535 2015; baseline 0.007 -23"><span class='ocrx_word' id='word_1_815' title='bbox 1956 1940 2043 2015; x_wconf 81' lang='lat' dir='ltr'><strong>tiis</strong></span> <span class='ocrx_word' id='word_1_816' title='bbox 2069 1942 2239 2015; x_wconf 82' lang='lat' dir='ltr'><strong>malis,</strong></span> <span class='ocrx_word' id='word_1_817' title='bbox 2270 1944 2467 2015; x_wconf 73' lang='lat' dir='ltr'><strong>animze</strong></span> <span class='ocrx_word' id='word_1_818' title='bbox 2486 1945 2836 2015; x_wconf 84' lang='lat' dir='ltr'><strong>virginitatem</strong></span> <span class='ocrx_word' id='word_1_819' title='bbox 2865 1940 3129 2015; x_wconf 83' lang='lat' dir='ltr'><strong>corrumpi</strong></span> <span class='ocrx_word' id='word_1_820' title='bbox 3162 1940 3535 2015; x_wconf 76' lang='lat' dir='ltr'><strong>permittimus:</strong></span> 
     </span>
    </p>
   </div>
   <div class='ocr_carea' id='block_1_104' title="bbox 1953 2012 3536 2085">
    <p class='ocr_par' dir='ltr' id='par_1_104' title="bbox 1953 2012 3536 2085">
     <span class='ocr_line' id='line_1_104' title="bbox 1953 2012 3536 2085; baseline 0.002 -22"><span class='ocrx_word' id='word_1_821' title='bbox 1953 2019 2005 2063; x_wconf 91' lang='lat' dir='ltr'><strong>et</strong></span> <span class='ocrx_word' id='word_1_822' title='bbox 2033 2012 2277 2085; x_wconf 81' lang='lat' dir='ltr'><strong>impletur</strong></span> <span class='ocrx_word' id='word_1_823' title='bbox 2302 2013 2354 2067; x_wconf 92' lang='lat' dir='ltr'><strong>in</strong></span> <span class='ocrx_word' id='word_1_824' title='bbox 2384 2013 2535 2068; x_wconf 81' lang='lat' dir='ltr'><strong>nobis</strong></span> <span class='ocrx_word' id='word_1_825' title='bbox 2563 2014 2689 2068; x_wconf 89' lang='lat' dir='ltr'><strong>illud</strong></span> <span class='ocrx_word' id='word_1_826' title='bbox 2710 2015 2848 2083; x_wconf 87' lang='lat' dir='ltr'><strong>quod</strong></span> <span class='ocrx_word' id='word_1_827' title='bbox 2879 2030 2973 2084; x_wconf 91' lang='lat' dir='ltr'><strong>per</strong></span> <span class='ocrx_word' id='word_1_828' title='bbox 2996 2012 3305 2085; x_wconf 80' lang='lat' dir='ltr'><strong>prophetam</strong></span> <span class='ocrx_word' id='word_1_829' title='bbox 3333 2018 3474 2071; x_wconf 86' lang='lat' dir='ltr'><strong>diem</strong></span> <span class='ocrx_word' id='word_1_830' title='bbox 3505 2036 3536 2066; x_wconf 81' lang='grc' dir='ltr'>η</span> 
     </span>
    </p>
   </div>
   <div class='ocr_carea' id='block_1_105' title="bbox 1954 2079 3535 2155">
    <p class='ocr_par' dir='ltr' id='par_1_105' title="bbox 1954 2079 3535 2155">
     <span class='ocr_line' id='line_1_105' title="bbox 1954 2079 3535 2155; baseline 0.007 -23"><span class='ocrx_word' id='word_1_831' title='bbox 1954 2089 2056 2155; x_wconf 68' lang='lat' dir='ltr'><strong>est,</strong></span> <span class='ocrx_word' id='word_1_832' title='bbox 2082 2079 2303 2155; x_wconf 69' lang='lat' dir='ltr'><strong>Intravit</strong></span> <span class='ocrx_word' id='word_1_833' title='bbox 2326 2100 2465 2155; x_wconf 84' lang='lat' dir='ltr'><strong>mors</strong></span> <span class='ocrx_word' id='word_1_834' title='bbox 2485 2101 2573 2151; x_wconf 82' lang='lat' dir='ltr'><strong>per</strong></span> <span class='ocrx_word' id='word_1_835' title='bbox 2594 2079 2835 2155; x_wconf 73' lang='lat' dir='ltr'><strong>[ertcstras</strong></span> <span class='ocrx_word' id='word_1_836' title='bbox 2863 2079 3048 2139; x_wconf 71' lang='lat' dir='ltr'><strong>vestras</strong></span> <span class='ocrx_word' id='word_1_837' title='bbox 3078 2079 3288 2153; x_wconf 84' lang='lat' dir='ltr'><strong>(Jercm.</strong></span> <span class='ocrx_word' id='word_1_838' title='bbox 3321 2103 3395 2151; x_wconf 70' lang='grc' dir='ltr'>ιι,</span> <span class='ocrx_word' id='word_1_839' title='bbox 3418 2086 3535 2144; x_wconf 60' lang='grc'><strong>211.</strong></span> 
     </span>
    </p>
   </div>
   <div class='ocr_carea' id='block_1_106' title="bbox 1954 2149 3536 2226">
    <p class='ocr_par' dir='ltr' id='par_1_106' title="bbox 1954 2149 3536 2226">
     <span class='ocr_line' id='line_1_106' title="bbox 1954 2149 3536 2226; baseline 0.006 -24"><span class='ocrx_word' id='word_1_840' title='bbox 1954 2149 2056 2203; x_wconf 83' lang='lat' dir='ltr'><strong>Per</strong></span> <span class='ocrx_word' id='word_1_841' title='bbox 2097 2151 2193 2205; x_wconf 89' lang='lat' dir='ltr'><strong>bos</strong></span> <span class='ocrx_word' id='word_1_842' title='bbox 2222 2154 2361 2206; x_wconf 91' lang='lat' dir='ltr'><strong>enim</strong></span> <span class='ocrx_word' id='word_1_843' title='bbox 2383 2149 2615 2226; x_wconf 77' lang='lat' dir='ltr'><strong>quinque</strong></span> <span class='ocrx_word' id='word_1_844' title='bbox 2657 2169 2844 2226; x_wconf 80' lang='lat' dir='ltr'><strong>sensus</strong></span> <span class='ocrx_word' id='word_1_845' title='bbox 2886 2156 3031 2224; x_wconf 89' lang='lat' dir='ltr'><strong>quasi</strong></span> <span class='ocrx_word' id='word_1_846' title='bbox 3058 2149 3149 2225; x_wconf 83' lang='lat' dir='ltr'><strong>per</strong></span> <span class='ocrx_word' id='word_1_847' title='bbox 3177 2149 3431 2226; x_wconf 85' lang='lat' dir='ltr'><strong>quasdam</strong></span> <span class='ocrx_word' id='word_1_848' title='bbox 3452 2157 3536 2225; x_wconf 86' lang='lat' dir='ltr'><strong>ja-</strong></span> 
     </span>
    </p>
   </div>
   <div class='ocr_carea' id='block_1_107' title="bbox 1952 2224 3503 2295">
    <p class='ocr_par' dir='ltr' id='par_1_107' title="bbox 1952 2224 3503 2295">
     <span class='ocr_line' id='line_1_107' title="bbox 1952 2224 3503 2295; baseline 0.004 -22"><span class='ocrx_word' id='word_1_849' title='bbox 1952 2234 2085 2295; x_wconf 82' lang='lat' dir='ltr'><strong>nuas</strong></span> <span class='ocrx_word' id='word_1_850' title='bbox 2102 2230 2189 2295; x_wconf 89' lang='lat' dir='ltr'><strong>a_ut</strong></span> <span class='ocrx_word' id='word_1_851' title='bbox 2211 2238 2351 2277; x_wconf 92' lang='lat' dir='ltr'><strong>mors</strong></span> <span class='ocrx_word' id='word_1_852' title='bbox 2386 2232 2477 2277; x_wconf 91' lang='lat' dir='ltr'><strong>aut</strong></span> <span class='ocrx_word' id='word_1_853' title='bbox 2494 2225 2595 2277; x_wconf 87' lang='lat' dir='ltr'><strong>vita</strong></span> <span class='ocrx_word' id='word_1_854' title='bbox 2614 2224 2677 2277; x_wconf 89' lang='lat' dir='ltr'><strong>ad</strong></span> <span class='ocrx_word' id='word_1_855' title='bbox 2696 2226 2925 2279; x_wconf 90' lang='lat' dir='ltr'><strong>animam</strong></span> <span class='ocrx_word' id='word_1_856' title='bbox 2943 2224 3175 2281; x_wconf 88' lang='lat' dir='ltr'><strong>nostram</strong></span> <span class='ocrx_word' id='word_1_857' title='bbox 3192 2224 3474 2295; x_wconf 71' lang='lat' dir='ltr'><strong>ingreditur</strong></span> <span class='ocrx_word' id='word_1_858' title='bbox 3491 2267 3503 2279; x_wconf 91' lang='lat'><strong>.</strong></span> 
     </span>
    </p>
   </div>
   <div class='ocr_carea' id='block_1_108' title="bbox 2024 2290 3535 2365">
    <p class='ocr_par' dir='ltr' id='par_1_108' title="bbox 2024 2290 3535 2365">
     <span class='ocr_line' id='line_1_108' title="bbox 2024 2290 3535 2365; baseline 0.003 -23"><span class='ocrx_word' id='word_1_859' title='bbox 2024 2290 2336 2365; x_wconf 65' lang='lat' dir='ltr'><strong>4.__Laas_ct</strong></span> <span class='ocrx_word' id='word_1_860' title='bbox 2364 2295 2660 2365; x_wconf 81' lang='lat' dir='ltr'><strong>vituperatio</strong></span> <span class='ocrx_word' id='word_1_861' title='bbox 2691 2296 2830 2361; x_wconf 86' lang='lat' dir='ltr'><strong>parvi</strong></span> <span class='ocrx_word' id='word_1_862' title='bbox 2868 2296 3112 2349; x_wconf 85' lang='lat' dir='ltr'><strong>ducenda.</strong></span> <span class='ocrx_word' id='word_1_863' title='bbox 3154 2290 3331 2351; x_wconf 69' lang='lat' dir='ltr'><strong>Sinius</strong></span> <span class='ocrx_word' id='word_1_864' title='bbox 3368 2311 3495 2365; x_wconf 84' lang='lat' dir='ltr'><strong>ergo</strong></span> <span class='ocrx_word' id='word_1_865' title='bbox 3518 2339 3535 2361; x_wconf 89' lang='lat'><strong>,</strong></span> 
     </span>
    </p>
   </div>
   <div class='ocr_carea' id='block_1_109' title="bbox 1951 2360 3537 2435">
    <p class='ocr_par' dir='ltr' id='par_1_109' title="bbox 1951 2360 3537 2435">
     <span class='ocr_line' id='line_1_109' title="bbox 1951 2360 3537 2435; baseline 0.004 -23"><span class='ocrx_word' id='word_1_866' title='bbox 1951 2360 2238 2435; x_wconf 74' lang='lat' dir='ltr'><strong>auxiliante</strong></span> <span class='ocrx_word' id='word_1_867' title='bbox 2264 2360 2730 2435; x_wconf 13' lang='lat' dir='ltr'><strong>Domino,rdeillis</strong></span> <span class='ocrx_word' id='word_1_868' title='bbox 2750 2365 2981 2433; x_wconf 90' lang='lat' dir='ltr'><strong>quinque</strong></span> <span class='ocrx_word' id='word_1_869' title='bbox 3010 2367 3304 2435; x_wconf 81' lang='lat' dir='ltr'><strong>virginibus</strong></span> <span class='ocrx_word' id='word_1_870' title='bbox 3328 2360 3537 2434; x_wconf 71' lang='lat' dir='ltr'><strong>sapien-</strong></span> 
     </span>
    </p>
   </div>
   <div class='ocr_carea' id='block_1_110' title="bbox 1954 2429 3539 2505">
    <p class='ocr_par' dir='ltr' id='par_1_110' title="bbox 1954 2429 3539 2505">
     <span class='ocr_line' id='line_1_110' title="bbox 1954 2429 3539 2505; baseline 0.004 -24"><span class='ocrx_word' id='word_1_871' title='bbox 1954 2429 2123 2505; x_wconf 75' lang='lat' dir='ltr'><strong>tibus,</strong></span> <span class='ocrx_word' id='word_1_872' title='bbox 2147 2446 2272 2505; x_wconf 74' lang='lat' dir='ltr'><strong>qua:</strong></span> <span class='ocrx_word' id='word_1_873' title='bbox 2292 2473 2306 2496; x_wconf 93' lang='lat'><strong>,</strong></span> <span class='ocrx_word' id='word_1_874' title='bbox 2349 2436 2485 2505; x_wconf 86' lang='lat' dir='ltr'><strong>sicut</strong></span> <span class='ocrx_word' id='word_1_875' title='bbox 2515 2434 2564 2487; x_wconf 91' lang='lat' dir='ltr'><strong>in</strong></span> <span class='ocrx_word' id='word_1_876' title='bbox 2608 2429 2909 2505; x_wconf 68' lang='lat' dir='ltr'><strong>Evangelia</strong></span> <span class='ocrx_word' id='word_1_877' title='bbox 2932 2429 3153 2504; x_wconf 81' lang='lat' dir='ltr'><strong>legimus</strong></span> <span class='ocrx_word' id='word_1_878' title='bbox 3174 2477 3187 2500; x_wconf 93' lang='lat'><strong>,</strong></span> <span class='ocrx_word' id='word_1_879' title='bbox 3219 2429 3539 2505; x_wconf 70' lang='lat' dir='ltr'><strong>portaverant</strong></span> 
     </span>
    </p>
   </div>
   <div class='ocr_carea' id='block_1_111' title="bbox 1951 2499 3532 2575">
    <p class='ocr_par' dir='ltr' id='par_1_111' title="bbox 1951 2499 3532 2575">
     <span class='ocr_line' id='line_1_111' title="bbox 1951 2499 3532 2575; baseline 0.004 -25"><span class='ocrx_word' id='word_1_880' title='bbox 1951 2499 2115 2553; x_wconf 80' lang='lat' dir='ltr'><strong>oleant</strong></span> <span class='ocrx_word' id='word_1_881' title='bbox 2139 2499 2189 2553; x_wconf 76' lang='lat' dir='ltr'><strong>in</strong></span> <span class='ocrx_word' id='word_1_882' title='bbox 2212 2503 2529 2575; x_wconf 83' lang='lat' dir='ltr'><strong>lampadibus</strong></span> <span class='ocrx_word' id='word_1_883' title='bbox 2556 2504 2657 2575; x_wconf 83' lang='lat' dir='ltr'><strong>suis</strong></span> <span class='ocrx_word' id='word_1_884' title='bbox 2681 2521 2699 2557; x_wconf 89' lang='lat'><em>:</em></span> <span class='ocrx_word' id='word_1_885' title='bbox 2724 2499 2780 2558; x_wconf 73' lang='lat' dir='ltr'><strong>et</strong></span> <span class='ocrx_word' id='word_1_886' title='bbox 2806 2499 3057 2573; x_wconf 77' lang='lat' dir='ltr'><strong>quantum</strong></span> <span class='ocrx_word' id='word_1_887' title='bbox 3089 2499 3370 2575; x_wconf 82' lang='lat' dir='ltr'><strong>possumus</strong></span> <span class='ocrx_word' id='word_1_888' title='bbox 3389 2545 3405 2571; x_wconf 90' lang='lat'><strong>,</strong></span> <span class='ocrx_word' id='word_1_889' title='bbox 3433 2506 3532 2559; x_wconf 77' lang='lat' dir='ltr'><strong>ob-</strong></span> 
     </span>
    </p>
   </div>
   <div class='ocr_carea' id='block_1_112' title="bbox 1953 2573 3533 2645">
    <p class='ocr_par' dir='ltr' id='par_1_112' title="bbox 1953 2573 3533 2645">
     <span class='ocr_line' id='line_1_112' title="bbox 1953 2573 3533 2645; baseline 0.004 -24"><span class='ocrx_word' id='word_1_890' title='bbox 1953 2583 2248 2645; x_wconf 76' lang='lat' dir='ltr'><strong>servemus,</strong></span> <span class='ocrx_word' id='word_1_891' title='bbox 2278 2589 2344 2626; x_wconf 89' lang='lat' dir='ltr'><strong>ne</strong></span> <span class='ocrx_word' id='word_1_892' title='bbox 2369 2573 2508 2645; x_wconf 88' lang='lat' dir='ltr'><strong>inter</strong></span> <span class='ocrx_word' id='word_1_893' title='bbox 2539 2574 2654 2627; x_wconf 90' lang='lat' dir='ltr'><strong>illas</strong></span> <span class='ocrx_word' id='word_1_894' title='bbox 2686 2575 2876 2628; x_wconf 91' lang='lat' dir='ltr'><strong>stultas</strong></span> <span class='ocrx_word' id='word_1_895' title='bbox 2907 2573 3258 2641; x_wconf 83' lang='lat' dir='ltr'><strong>inveniamur,</strong></span> <span class='ocrx_word' id='word_1_896' title='bbox 3286 2591 3404 2645; x_wconf 70' lang='lat' dir='ltr'><strong>quae</strong></span> <span class='ocrx_word' id='word_1_897' title='bbox 3431 2575 3533 2628; x_wconf 90' lang='lat' dir='ltr'><strong>sibi</strong></span> 
     </span>
    </p>
   </div>
   <div class='ocr_carea' id='block_1_113' title="bbox 1951 2638 3534 2716">
    <p class='ocr_par' dir='ltr' id='par_1_113' title="bbox 1951 2638 3534 2716">
     <span class='ocr_line' id='line_1_113' title="bbox 1951 2638 3534 2716; baseline 0.003 -24"><span class='ocrx_word' id='word_1_898' title='bbox 1951 2638 2033 2716; x_wconf 74' lang='lat' dir='ltr'><strong>de</strong></span> <span class='ocrx_word' id='word_1_899' title='bbox 2047 2641 2158 2693; x_wconf 90' lang='lat' dir='ltr'><strong>sola</strong></span> <span class='ocrx_word' id='word_1_900' title='bbox 2190 2644 2427 2711; x_wconf 91' lang='lat' dir='ltr'><strong>corporis</strong></span> <span class='ocrx_word' id='word_1_901' title='bbox 2457 2644 2759 2713; x_wconf 84' lang='lat' dir='ltr'><strong>integritate</strong></span> <span class='ocrx_word' id='word_1_902' title='bbox 2800 2645 3142 2712; x_wconf 88' lang='lat' dir='ltr'><strong>plaudentes,</strong></span> <span class='ocrx_word' id='word_1_903' title='bbox 3179 2638 3534 2716; x_wconf 64' lang='lat' dir='ltr'><strong>virginitatem:</strong></span> 
     </span>
    </p>
   </div>
   <div class='ocr_carea' id='block_1_114' title="bbox 1951 2712 3537 2784">
    <p class='ocr_par' dir='ltr' id='par_1_114' title="bbox 1951 2712 3537 2784">
     <span class='ocr_line' id='line_1_114' title="bbox 1951 2712 3537 2784; baseline 0.004 -21"><span class='ocrx_word' id='word_1_904' title='bbox 1951 2712 2141 2763; x_wconf 74' lang='lat' dir='ltr'><strong>anima:</strong></span> <span class='ocrx_word' id='word_1_905' title='bbox 2170 2726 2264 2780; x_wconf 86' lang='lat' dir='ltr'><strong>per</strong></span> <span class='ocrx_word' id='word_1_906' title='bbox 2291 2712 2685 2782; x_wconf 88' lang='lat' dir='ltr'><strong>corruptionem</strong></span> <span class='ocrx_word' id='word_1_907' title='bbox 2724 2716 2953 2784; x_wconf 89' lang='lat' dir='ltr'><strong>quinque</strong></span> <span class='ocrx_word' id='word_1_908' title='bbox 3000 2730 3250 2769; x_wconf 86' lang='lat' dir='ltr'><strong>sensuum</strong></span> <span class='ocrx_word' id='word_1_909' title='bbox 3266 2712 3537 2783; x_wconf 63' lang='lat' dir='ltr'><strong>perdide-</strong></span> 
     </span>
    </p>
   </div>
   <div class='ocr_carea' id='block_1_115' title="bbox 1952 2785 3537 2855">
    <p class='ocr_par' dir='ltr' id='par_1_115' title="bbox 1952 2785 3537 2855">
     <span class='ocr_line' id='line_1_115' title="bbox 1952 2785 3537 2855; baseline 0.001 -21"><span class='ocrx_word' id='word_1_910' title='bbox 1952 2789 2095 2843; x_wconf 89' lang='lat' dir='ltr'><strong>runt,</strong></span> <span class='ocrx_word' id='word_1_911' title='bbox 2124 2796 2375 2855; x_wconf 80' lang='lat' dir='ltr'><strong>qu:e_non</strong></span> <span class='ocrx_word' id='word_1_912' title='bbox 2409 2793 2752 2852; x_wconf 90' lang='lat' dir='ltr'><strong>portaverunt</strong></span> <span class='ocrx_word' id='word_1_913' title='bbox 2773 2787 2949 2855; x_wconf 90' lang='lat' dir='ltr'><strong>oleum</strong></span> <span class='ocrx_word' id='word_1_914' title='bbox 2990 2800 3207 2855; x_wconf 87' lang='lat' dir='ltr'><strong>secum;</strong></span> <span class='ocrx_word' id='word_1_915' title='bbox 3238 2786 3431 2855; x_wconf 90' lang='lat' dir='ltr'><strong>quibus</strong></span> <span class='ocrx_word' id='word_1_916' title='bbox 3456 2785 3537 2838; x_wconf 89' lang='lat' dir='ltr'><strong>di-</strong></span> 
     </span>
    </p>
   </div>
   <div class='ocr_carea' id='block_1_116' title="bbox 1950 2850 3535 2915">
    <p class='ocr_par' dir='ltr' id='par_1_116' title="bbox 1950 2850 3535 2915">
     <span class='ocr_line' id='line_1_116' title="bbox 1950 2850 3535 2915; baseline 0.002 -12"><span class='ocrx_word' id='word_1_917' title='bbox 1950 2859 2092 2903; x_wconf 90' lang='lat' dir='ltr'><strong>ctum</strong></span> <span class='ocrx_word' id='word_1_918' title='bbox 2114 2861 2214 2915; x_wconf 91' lang='lat' dir='ltr'><strong>est,</strong></span> <span class='ocrx_word' id='word_1_919' title='bbox 2238 2850 2337 2915; x_wconf 89' lang='lat' dir='ltr'><strong>Ite,</strong></span> <span class='ocrx_word' id='word_1_920' title='bbox 2366 2850 2510 2906; x_wconf 67' lang='lat' dir='ltr'><strong>eruite</strong></span> <span class='ocrx_word' id='word_1_921' title='bbox 2533 2854 2667 2907; x_wconf 88' lang='lat' dir='ltr'><strong>vobis</strong></span> <span class='ocrx_word' id='word_1_922' title='bbox 2692 2870 2718 2906; x_wconf 92' lang='lat' dir='ltr'><strong>a</strong></span> <span class='ocrx_word' id='word_1_923' title='bbox 2746 2854 3096 2911; x_wconf 88' lang='lat' dir='ltr'><strong>vendentibus</strong></span> <span class='ocrx_word' id='word_1_924' title='bbox 3120 2850 3319 2910; x_wconf 83' lang='lat' dir='ltr'><strong>oleum.</strong></span> <span class='ocrx_word' id='word_1_925' title='bbox 3346 2855 3535 2910; x_wconf 83' lang='lat' dir='ltr'><strong>Oleum</strong></span> 
     </span>
    </p>
   </div>
   <div class='ocr_carea' id='block_1_117' title="bbox 1952 2920 3538 2979">
    <p class='ocr_par' dir='ltr' id='par_1_117' title="bbox 1952 2920 3538 2979">
     <span class='ocr_line' id='line_1_117' title="bbox 1952 2920 3538 2979; baseline 0.002 -5"><span class='ocrx_word' id='word_1_926' title='bbox 1952 2920 2093 2974; x_wconf 89' lang='lat' dir='ltr'><strong>enim</strong></span> <span class='ocrx_word' id='word_1_927' title='bbox 2123 2920 2223 2975; x_wconf 91' lang='lat' dir='ltr'><strong>hoc</strong></span> <span class='ocrx_word' id='word_1_928' title='bbox 2252 2922 2368 2976; x_wconf 91' lang='lat' dir='ltr'><strong>loco</strong></span> <span class='ocrx_word' id='word_1_929' title='bbox 2396 2923 2628 2978; x_wconf 91' lang='lat' dir='ltr'><strong>adulatio</strong></span> <span class='ocrx_word' id='word_1_930' title='bbox 2657 2935 2737 2977; x_wconf 90' lang='lat' dir='ltr'><strong>cst</strong></span> <span class='ocrx_word' id='word_1_931' title='bbox 2766 2933 2819 2979; x_wconf 92' lang='lat' dir='ltr'><strong>et</strong></span> <span class='ocrx_word' id='word_1_932' title='bbox 2845 2925 2959 2979; x_wconf 91' lang='lat' dir='ltr'><strong>laus</strong></span> <span class='ocrx_word' id='word_1_933' title='bbox 2998 2925 3226 2978; x_wconf 90' lang='lat' dir='ltr'><strong>humana</strong></span> <span class='ocrx_word' id='word_1_934' title='bbox 3255 2944 3266 2977; x_wconf 95' lang='lat'>:</span> <span class='ocrx_word' id='word_1_935' title='bbox 3301 2925 3538 2979; x_wconf 86' lang='lat' dir='ltr'><strong>vendunt</strong></span> 
     </span>
    </p>
   </div>
   <div class='ocr_carea' id='block_1_118' title="bbox 1951 2989 3531 3062">
    <p class='ocr_par' dir='ltr' id='par_1_118' title="bbox 1951 2989 3531 3062">
     <span class='ocr_line' id='line_1_118' title="bbox 1951 2989 3531 3062; baseline 0.002 -19"><span class='ocrx_word' id='word_1_936' title='bbox 1951 2989 2125 3062; x_wconf 85' lang='lat' dir='ltr'><strong>oleum</strong></span> <span class='ocrx_word' id='word_1_937' title='bbox 2149 3005 2336 3062; x_wconf 85' lang='lat' dir='ltr'><strong>omnes</strong></span> <span class='ocrx_word' id='word_1_938' title='bbox 2361 2993 2680 3048; x_wconf 87' lang='lat' dir='ltr'><strong>adulatores.</strong></span> <span class='ocrx_word' id='word_1_939' title='bbox 2716 2995 2853 3062; x_wconf 81' lang='lat' dir='ltr'><strong>Ergo</strong></span> <span class='ocrx_word' id='word_1_940' title='bbox 2879 2996 3051 3048; x_wconf 70' lang='lat' dir='ltr'><strong>stulta:</strong></span> <span class='ocrx_word' id='word_1_941' title='bbox 3082 2996 3186 3049; x_wconf 72' lang='lat' dir='ltr'><strong>illa:</strong></span> <span class='ocrx_word' id='word_1_942' title='bbox 3212 2994 3365 3048; x_wconf 66' lang='lat' dir='ltr'><strong>dicttc</strong></span> <span class='ocrx_word' id='word_1_943' title='bbox 3385 3004 3531 3055; x_wconf 84' lang='lat' dir='ltr'><strong>sunt,</strong></span> 
     </span>
    </p>
   </div>
   <div class='ocr_carea' id='block_1_119' title="bbox 1952 3060 3528 3132">
    <p class='ocr_par' dir='ltr' id='par_1_119' title="bbox 1952 3060 3528 3132">
     <span class='ocr_line' id='line_1_119' title="bbox 1952 3060 3528 3132; baseline 0.003 -19"><span class='ocrx_word' id='word_1_944' title='bbox 1952 3075 2069 3132; x_wconf 66' lang='lat' dir='ltr'><strong>qua:</strong></span> <span class='ocrx_word' id='word_1_945' title='bbox 2095 3060 2388 3132; x_wconf 83' lang='lat' dir='ltr'><strong>forinsecus</strong></span> <span class='ocrx_word' id='word_1_946' title='bbox 2417 3064 2724 3132; x_wconf 76' lang='lat' dir='ltr'><strong>quaerebant</strong></span> <span class='ocrx_word' id='word_1_947' title='bbox 2758 3060 2989 3130; x_wconf 76' lang='lat' dir='ltr'><strong>laudem,</strong></span> <span class='ocrx_word' id='word_1_948' title='bbox 3020 3079 3124 3117; x_wconf 89' lang='lat' dir='ltr'><strong>non</strong></span> <span class='ocrx_word' id='word_1_949' title='bbox 3151 3066 3291 3118; x_wconf 90' lang='lat' dir='ltr'><strong>intus</strong></span> <span class='ocrx_word' id='word_1_950' title='bbox 3318 3066 3371 3118; x_wconf 91' lang='lat' dir='ltr'><strong>in</strong></span> <span class='ocrx_word' id='word_1_951' title='bbox 3397 3079 3528 3118; x_wconf 85' lang='lat' dir='ltr'><strong>eon-</strong></span> 
     </span>
    </p>
   </div>
   <div class='ocr_carea' id='block_1_120' title="bbox 1955 3130 3531 3203">
    <p class='ocr_par' dir='ltr' id='par_1_120' title="bbox 1955 3130 3531 3203">
     <span class='ocr_line' id='line_1_120' title="bbox 1955 3130 3531 3203; baseline 0 -18"><span class='ocrx_word' id='word_1_952' title='bbox 1955 3131 2179 3203; x_wconf 80' lang='lat' dir='ltr'><strong>scientia</strong></span> <span class='ocrx_word' id='word_1_953' title='bbox 2205 3130 2490 3203; x_wconf 84' lang='lat' dir='ltr'><strong>habebant.</strong></span> <span class='ocrx_word' id='word_1_954' title='bbox 2521 3133 2644 3187; x_wconf 92' lang='lat' dir='ltr'><strong>ldeo</strong></span> <span class='ocrx_word' id='word_1_955' title='bbox 2671 3148 2775 3187; x_wconf 90' lang='lat' dir='ltr'><strong>non</strong></span> <span class='ocrx_word' id='word_1_956' title='bbox 2802 3134 3083 3203; x_wconf 88' lang='lat' dir='ltr'><strong>portabant</strong></span> <span class='ocrx_word' id='word_1_957' title='bbox 3108 3134 3282 3188; x_wconf 89' lang='lat' dir='ltr'><strong>oleum</strong></span> <span class='ocrx_word' id='word_1_958' title='bbox 3309 3148 3489 3187; x_wconf 89' lang='lat' dir='ltr'><strong>secum</strong></span> <span class='ocrx_word' id='word_1_959' title='bbox 3517 3150 3531 3197; x_wconf 90' lang='lat'><strong>;</strong></span> 
     </span>
    </p>
   </div>
   <div class='ocr_carea' id='block_1_121' title="bbox 1951 3201 3533 3274">
    <p class='ocr_par' dir='ltr' id='par_1_121' title="bbox 1951 3201 3533 3274">
     <span class='ocr_line' id='line_1_121' title="bbox 1951 3201 3533 3274; baseline 0.003 -23"><span class='ocrx_word' id='word_1_960' title='bbox 1951 3201 2307 3274; x_wconf 81' lang='lat' dir='ltr'><strong>quialaudem</strong></span> <span class='ocrx_word' id='word_1_961' title='bbox 2341 3203 2391 3256; x_wconf 91' lang='lat' dir='ltr'><strong>in</strong></span> <span class='ocrx_word' id='word_1_962' title='bbox 2422 3204 2592 3274; x_wconf 76' lang='lat' dir='ltr'><strong>aliena</strong></span> <span class='ocrx_word' id='word_1_963' title='bbox 2619 3201 2819 3274; x_wconf 67' lang='lat' dir='ltr'><strong>lingua,</strong></span> <span class='ocrx_word' id='word_1_964' title='bbox 2852 3219 2955 3257; x_wconf 92' lang='lat' dir='ltr'><strong>non</strong></span> <span class='ocrx_word' id='word_1_965' title='bbox 2996 3205 3047 3258; x_wconf 93' lang='lat' dir='ltr'><strong>in</strong></span> <span class='ocrx_word' id='word_1_966' title='bbox 3083 3204 3404 3274; x_wconf 85' lang='lat' dir='ltr'><strong>conscientia</strong></span> <span class='ocrx_word' id='word_1_967' title='bbox 3438 3218 3533 3257; x_wconf 86' lang='lat' dir='ltr'><strong>sua</strong></span> 
     </span>
    </p>
   </div>
   <div class='ocr_carea' id='block_1_122' title="bbox 1953 3271 3534 3343">
    <p class='ocr_par' dir='ltr' id='par_1_122' title="bbox 1953 3271 3534 3343">
     <span class='ocr_line' id='line_1_122' title="bbox 1953 3271 3534 3343; baseline 0.001 -18"><span class='ocrx_word' id='word_1_968' title='bbox 1953 3271 2202 3343; x_wconf 72' lang='lat' dir='ltr'><strong>volebant</strong></span> <span class='ocrx_word' id='word_1_969' title='bbox 2226 3272 2444 3343; x_wconf 87' lang='lat' dir='ltr'><strong>habere.</strong></span> <span class='ocrx_word' id='word_1_970' title='bbox 2477 3273 2676 3329; x_wconf 89' lang='lat' dir='ltr'><strong>Tamen</strong></span> <span class='ocrx_word' id='word_1_971' title='bbox 2704 3271 2827 3343; x_wconf 80' lang='lat' dir='ltr'><strong>quid</strong></span> <span class='ocrx_word' id='word_1_972' title='bbox 2854 3274 3242 3341; x_wconf 88' lang='lat' dir='ltr'><strong>responderunt</strong></span> <span class='ocrx_word' id='word_1_973' title='bbox 3268 3273 3372 3328; x_wconf 89' lang='lat' dir='ltr'><strong>illis</strong></span> <span class='ocrx_word' id='word_1_974' title='bbox 3397 3275 3534 3328; x_wconf 90' lang='lat' dir='ltr'><strong>stul-</strong></span> 
     </span>
    </p>
   </div>
   <div class='ocr_carea' id='block_1_123' title="bbox 1954 3340 3532 3465">
    <p class='ocr_par' dir='ltr' id='par_1_123' title="bbox 1954 3340 3532 3465">
     <span class='ocr_line' id='line_1_123' title="bbox 1954 3340 3532 3465; baseline 0 -70"><span class='ocrx_word' id='word_1_975' title='bbox 1954 3341 2060 3396; x_wconf 87' lang='lat' dir='ltr'><strong>tis?</strong></span> <span class='ocrx_word' id='word_1_976' title='bbox 2088 3340 2171 3393; x_wconf 82' lang='lat' dir='ltr'><strong>Ne</strong></span> <span class='ocrx_word' id='word_1_977' title='bbox 2206 3341 2337 3411; x_wconf 81' lang='lat' dir='ltr'><strong>[orte</strong></span> <span class='ocrx_word' id='word_1_978' title='bbox 2370 3360 2468 3395; x_wconf 85' lang='lat' dir='ltr'><strong>non</strong></span> <span class='ocrx_word' id='word_1_979' title='bbox 2504 3340 2735 3465; x_wconf 48' lang='lat' dir='ltr'><strong>su{/iciat&#39;</strong></span> <span class='ocrx_word' id='word_1_980' title='bbox 2755 3344 2894 3397; x_wconf 88' lang='lat' dir='ltr'><strong>nobis</strong></span> <span class='ocrx_word' id='word_1_981' title='bbox 2929 3340 3138 3413; x_wconf 79' lang='lat' dir='ltr'><strong>(Matth.</strong></span> <span class='ocrx_word' id='word_1_982' title='bbox 3171 3359 3300 3406; x_wconf 83' lang='lat' dir='ltr'><strong>xxv,</strong></span> <span class='ocrx_word' id='word_1_983' title='bbox 3342 3344 3397 3407; x_wconf 73' lang='grc'><strong>4,</strong></span> <span class='ocrx_word' id='word_1_984' title='bbox 3428 3343 3482 3411; x_wconf 83' lang='grc'><strong>9)</strong></span> <span class='ocrx_word' id='word_1_985' title='bbox 3519 3361 3532 3395; x_wconf 91' lang='lat'><strong>:</strong></span> 
     </span>
     <span class='ocr_line' id='line_1_124' title="bbox 1954 3411 3532 3465; baseline -0.001 0"><span class='ocrx_word' id='word_1_986' title='bbox 1954 3411 2219 3465; x_wconf 89' lang='lat' dir='ltr'><strong>uuomodo</strong></span> <span class='ocrx_word' id='word_1_987' title='bbox 2249 3413 2533 3465; x_wconf 78' lang='lat' dir='ltr'><strong>Apostolus</strong></span> <span class='ocrx_word' id='word_1_988' title='bbox 2552 3432 2569 3465; x_wconf 84' lang='lat' dir='ltr'><strong>t</strong></span> <span class='ocrx_word' id='word_1_989' title='bbox 2591 3414 2702 3465; x_wconf 80' lang='lat' dir='ltr'><strong>ixit.</strong></span> <span class='ocrx_word' id='word_1_990' title='bbox 2733 3413 2839 3465; x_wconf 82' lang='lat' dir='ltr'><strong>Sed</strong></span> <span class='ocrx_word' id='word_1_991' title='bbox 2865 3430 3020 3465; x_wconf 85' lang='lat' dir='ltr'><strong>neaue</strong></span> <span class='ocrx_word' id='word_1_992' title='bbox 3047 3429 3137 3465; x_wconf 81' lang='lat' dir='ltr'><strong>mo</strong></span> <span class='ocrx_word' id='word_1_993' title='bbox 3164 3431 3240 3465; x_wconf 85' lang='lat' dir='ltr'><strong>me</strong></span> <span class='ocrx_word' id='word_1_994' title='bbox 3262 3414 3428 3465; x_wconf 84' lang='lat' dir='ltr'><strong>insunt</strong></span> <span class='ocrx_word' id='word_1_995' title='bbox 3451 3414 3532 3465; x_wconf 86' lang='lat' dir='ltr'><strong>di-</strong></span> 
     </span>
    </p>
   </div>
   <div class='ocr_carea' id='block_1_124' title="bbox 1951 3411 3534 3484">
    <p class='ocr_par' dir='ltr' id='par_1_124' title="bbox 1951 3411 3534 3484">
     <span class='ocr_line' id='line_1_125' title="bbox 1951 3411 3534 3484; baseline 0.001 -21"><span class='ocrx_word' id='word_1_996' title='bbox 1951 3411 2219 3484; x_wconf 78' lang='lat' dir='ltr'><strong>quomodo</strong></span> <span class='ocrx_word' id='word_1_997' title='bbox 2249 3413 2533 3484; x_wconf 67' lang='lat' dir='ltr'><strong>Apostolus</strong></span> <span class='ocrx_word' id='word_1_998' title='bbox 2552 3411 2702 3484; x_wconf 80' lang='lat' dir='ltr'><strong>dixit,</strong></span> <span class='ocrx_word' id='word_1_999' title='bbox 2733 3413 2839 3467; x_wconf 82' lang='lat' dir='ltr'><strong>Sed</strong></span> <span class='ocrx_word' id='word_1_1000' title='bbox 2865 3411 3020 3482; x_wconf 74' lang='lat' dir='ltr'><strong>neque</strong></span> <span class='ocrx_word' id='word_1_1001' title='bbox 3047 3429 3137 3484; x_wconf 71' lang='lat' dir='ltr'><strong>ego</strong></span> <span class='ocrx_word' id='word_1_1002' title='bbox 3164 3431 3240 3466; x_wconf 85' lang='lat' dir='ltr'><strong>me</strong></span> <span class='ocrx_word' id='word_1_1003' title='bbox 3262 3414 3428 3483; x_wconf 83' lang='lat' dir='ltr'><strong>ipsum</strong></span> <span class='ocrx_word' id='word_1_1004' title='bbox 3451 3414 3534 3465; x_wconf 86' lang='lat' dir='ltr'><strong>di-</strong></span> 
     </span>
    </p>
   </div>
   <div class='ocr_carea' id='block_1_125' title="bbox 1954 3479 3536 3552">
    <p class='ocr_par' dir='ltr' id='par_1_125' title="bbox 1954 3479 3536 3552">
     <span class='ocr_line' id='line_1_126' title="bbox 1954 3479 3536 3552; baseline -0.001 -19"><span class='ocrx_word' id='word_1_1005' title='bbox 1954 3479 2126 3552; x_wconf 72' lang='lat' dir='ltr'><strong>iudico</strong></span> <span class='ocrx_word' id='word_1_1006' title='bbox 2160 3479 2369 3552; x_wconf 23' lang='lat' dir='ltr'><strong>(lACor.</strong></span> <span class='ocrx_word' id='word_1_1007' title='bbox 2393 3498 2465 3544; x_wconf 85' lang='lat' dir='ltr'><strong>tv,</strong></span> <span class='ocrx_word' id='word_1_1008' title='bbox 2498 3484 2583 3551; x_wconf 82' lang='grc'><strong>5).</strong></span> <span class='ocrx_word' id='word_1_1009' title='bbox 2625 3483 2679 3535; x_wconf 92' lang='lat' dir='ltr'><strong>Si</strong></span> <span class='ocrx_word' id='word_1_1010' title='bbox 2719 3498 2847 3552; x_wconf 87' lang='lat' dir='ltr'><strong>ergo</strong></span> <span class='ocrx_word' id='word_1_1011' title='bbox 2874 3479 3194 3537; x_wconf 74' lang='lat' dir='ltr'><strong>conscientia</strong></span> <span class='ocrx_word' id='word_1_1012' title='bbox 3224 3479 3402 3536; x_wconf 70' lang='lat' dir='ltr'><strong>nostra</strong></span> <span class='ocrx_word' id='word_1_1013' title='bbox 3434 3485 3536 3535; x_wconf 90' lang='lat' dir='ltr'><strong>sub</strong></span> 
     </span>
    </p>
   </div>
   <div class='ocr_carea' id='block_1_126' title="bbox 1950 3549 3531 3621">
    <p class='ocr_par' dir='ltr' id='par_1_126' title="bbox 1950 3549 3531 3621">
     <span class='ocr_line' id='line_1_127' title="bbox 1950 3549 3531 3621; baseline -0.002 -15"><span class='ocrx_word' id='word_1_1014' title='bbox 1950 3549 2195 3606; x_wconf 85' lang='lat' dir='ltr'><strong>examine</strong></span> <span class='ocrx_word' id='word_1_1015' title='bbox 2211 3549 2393 3618; x_wconf 87' lang='lat' dir='ltr'><strong>judicii</strong></span> <span class='ocrx_word' id='word_1_1016' title='bbox 2419 3553 2509 3606; x_wconf 90' lang='lat' dir='ltr'><strong>Dei</strong></span> <span class='ocrx_word' id='word_1_1017' title='bbox 2543 3549 2867 3620; x_wconf 57' lang='lat' dir='ltr'><strong>trepidat,&#39;et</strong></span> <span class='ocrx_word' id='word_1_1018' title='bbox 2890 3553 3131 3621; x_wconf 87' lang='lat' dir='ltr'><strong>quamvis</strong></span> <span class='ocrx_word' id='word_1_1019' title='bbox 3155 3553 3254 3605; x_wconf 91' lang='lat' dir='ltr'><strong>sibi</strong></span> <span class='ocrx_word' id='word_1_1020' title='bbox 3278 3559 3421 3605; x_wconf 89' lang='lat' dir='ltr'><strong>recta</strong></span> <span class='ocrx_word' id='word_1_1021' title='bbox 3451 3554 3531 3603; x_wconf 84' lang='lat' dir='ltr'><strong>vi-</strong></span> 
     </span>
    </p>
   </div>
   <div class='ocr_carea' id='block_1_127' title="bbox 1950 3620 3533 3690">
    <p class='ocr_par' dir='ltr' id='par_1_127' title="bbox 1950 3620 3533 3690">
     <span class='ocr_line' id='line_1_128' title="bbox 1950 3620 3533 3690; baseline -0.002 -14"><span class='ocrx_word' id='word_1_1022' title='bbox 1950 3622 2157 3686; x_wconf 85' lang='lat' dir='ltr'><strong>deatur,</strong></span> <span class='ocrx_word' id='word_1_1023' title='bbox 2190 3622 2336 3674; x_wconf 90' lang='lat' dir='ltr'><strong>timet</strong></span> <span class='ocrx_word' id='word_1_1024' title='bbox 2359 3636 2425 3675; x_wconf 89' lang='lat' dir='ltr'><strong>ne</strong></span> <span class='ocrx_word' id='word_1_1025' title='bbox 2451 3631 2602 3676; x_wconf 82' lang='lat' dir='ltr'><strong>exeat</strong></span> <span class='ocrx_word' id='word_1_1026' title='bbox 2620 3622 2837 3687; x_wconf 50' lang='lat' dir='ltr'><strong>iustitiae</strong></span> <span class='ocrx_word' id='word_1_1027' title='bbox 2859 3623 2874 3653; x_wconf 86' lang='grc'>¹</span> <span class='ocrx_word' id='word_1_1028' title='bbox 2905 3620 3082 3690; x_wconf 80' lang='lat' dir='ltr'><strong>regula</strong></span> <span class='ocrx_word' id='word_1_1029' title='bbox 3105 3620 3174 3676; x_wconf 88' lang='lat' dir='ltr'><strong>de</strong></span> <span class='ocrx_word' id='word_1_1030' title='bbox 3191 3621 3440 3675; x_wconf 75' lang='lat' dir='ltr'><strong>thesauro</strong></span> <span class='ocrx_word' id='word_1_1031' title='bbox 3468 3622 3533 3674; x_wconf 84' lang='lat' dir='ltr'><strong>il-</strong></span> 
     </span>
    </p>
   </div>
   <div class='ocr_carea' id='block_1_128' title="bbox 1951 3691 3532 3761">
    <p class='ocr_par' dir='ltr' id='par_1_128' title="bbox 1951 3691 3532 3761">
     <span class='ocr_line' id='line_1_129' title="bbox 1951 3691 3532 3761; baseline 0.001 -16"><span class='ocrx_word' id='word_1_1032' title='bbox 1951 3692 2074 3757; x_wconf 87' lang='lat' dir='ltr'><strong>lius,</strong></span> <span class='ocrx_word' id='word_1_1033' title='bbox 2124 3699 2179 3744; x_wconf 90' lang='lat' dir='ltr'><strong>et</strong></span> <span class='ocrx_word' id='word_1_1034' title='bbox 2221 3691 2515 3745; x_wconf 87' lang='lat' dir='ltr'><strong>inveniatur</strong></span> <span class='ocrx_word' id='word_1_1035' title='bbox 2542 3700 2735 3745; x_wconf 89' lang='lat' dir='ltr'><strong>tortmn</strong></span> <span class='ocrx_word' id='word_1_1036' title='bbox 2780 3691 2923 3761; x_wconf 89' lang='lat' dir='ltr'><strong>quod</strong></span> <span class='ocrx_word' id='word_1_1037' title='bbox 2969 3691 3532 3761; x_wconf 10' lang='lat' dir='ltr'><strong>rectumfvidebatur:</strong></span> 
     </span>
    </p>
   </div>
   <div class='ocr_carea' id='block_1_129' title="bbox 1949 3760 3530 3831">
    <p class='ocr_par' dir='ltr' id='par_1_129' title="bbox 1949 3760 3530 3831">
     <span class='ocr_line' id='line_1_130' title="bbox 1949 3760 3530 3831; baseline 0 -17"><span class='ocrx_word' id='word_1_1038' title='bbox 1949 3769 2146 3831; x_wconf 89' lang='lat' dir='ltr'><strong>quanto</strong></span> <span class='ocrx_word' id='word_1_1039' title='bbox 2169 3761 2341 3814; x_wconf 91' lang='lat' dir='ltr'><strong>minus</strong></span> <span class='ocrx_word' id='word_1_1040' title='bbox 2361 3776 2548 3816; x_wconf 90' lang='lat' dir='ltr'><strong>curare</strong></span> <span class='ocrx_word' id='word_1_1041' title='bbox 2570 3761 2824 3815; x_wconf 86' lang='lat' dir='ltr'><strong>debemus</strong></span> <span class='ocrx_word' id='word_1_1042' title='bbox 2846 3762 3017 3831; x_wconf 78' lang='lat' dir='ltr'><strong>aliena</strong></span> <span class='ocrx_word' id='word_1_1043' title='bbox 3036 3760 3233 3831; x_wconf 83' lang='lat' dir='ltr'><strong>judicia</strong></span> <span class='ocrx_word' id='word_1_1044' title='bbox 3260 3760 3329 3815; x_wconf 89' lang='lat' dir='ltr'><strong>de</strong></span> <span class='ocrx_word' id='word_1_1045' title='bbox 3354 3762 3530 3831; x_wconf 84' lang='lat' dir='ltr'><strong>nobis,</strong></span> 
     </span>
    </p>
   </div>
   <div class='ocr_carea' id='block_1_130' title="bbox 1948 3829 3532 3901">
    <p class='ocr_par' dir='ltr' id='par_1_130' title="bbox 1948 3829 3532 3901">
     <span class='ocr_line' id='line_1_131' title="bbox 1948 3829 3532 3901; baseline 0 -16"><span class='ocrx_word' id='word_1_1046' title='bbox 1948 3829 2268 3896; x_wconf 79' lang='lat' dir='ltr'><strong>charissimi,</strong></span> <span class='ocrx_word' id='word_1_1047' title='bbox 2301 3832 2413 3885; x_wconf 90' lang='lat' dir='ltr'><strong>sive</strong></span> <span class='ocrx_word' id='word_1_1048' title='bbox 2445 3833 2578 3884; x_wconf 90' lang='lat' dir='ltr'><strong>mala</strong></span> <span class='ocrx_word' id='word_1_1049' title='bbox 2608 3832 2719 3884; x_wconf 89' lang='lat' dir='ltr'><strong>sive</strong></span> <span class='ocrx_word' id='word_1_1050' title='bbox 2756 3831 2937 3885; x_wconf 79' lang='lat' dir='ltr'><strong>bona?</strong></span> <span class='ocrx_word' id='word_1_1051' title='bbox 2974 3829 3083 3885; x_wconf 88' lang='lat' dir='ltr'><strong>Nec</strong></span> <span class='ocrx_word' id='word_1_1052' title='bbox 3116 3830 3269 3885; x_wconf 86' lang='lat' dir='ltr'><strong>valde</strong></span> <span class='ocrx_word' id='word_1_1053' title='bbox 3298 3830 3532 3901; x_wconf 82' lang='lat' dir='ltr'><strong>gaudere</strong></span> 
     </span>
    </p>
   </div>
   <div class='ocr_carea' id='block_1_131' title="bbox 1947 3900 3531 3970">
    <p class='ocr_par' dir='ltr' id='par_1_131' title="bbox 1947 3900 3531 3970">
     <span class='ocr_line' id='line_1_132' title="bbox 1947 3900 3531 3970; baseline -0.002 -15"><span class='ocrx_word' id='word_1_1054' title='bbox 1947 3902 2228 3966; x_wconf 88' lang='lat' dir='ltr'><strong>debemus,</strong></span> <span class='ocrx_word' id='word_1_1055' title='bbox 2260 3904 2471 3970; x_wconf 89' lang='lat' dir='ltr'><strong>quando</strong></span> <span class='ocrx_word' id='word_1_1056' title='bbox 2497 3900 2808 3965; x_wconf 88' lang='lat' dir='ltr'><strong>laudamur;</strong></span> <span class='ocrx_word' id='word_1_1057' title='bbox 2838 3916 2939 3956; x_wconf 90' lang='lat' dir='ltr'><strong>nec</strong></span> <span class='ocrx_word' id='word_1_1058' title='bbox 2958 3902 3282 3965; x_wconf 89' lang='lat' dir='ltr'><strong>contristari,</strong></span> <span class='ocrx_word' id='word_1_1059' title='bbox 3310 3900 3531 3970; x_wconf 81' lang='lat' dir='ltr'><strong>quando</strong></span> 
     </span>
    </p>
   </div>
   <div class='ocr_carea' id='block_1_132' title="bbox 1947 3970 3531 4039">
    <p class='ocr_par' dir='ltr' id='par_1_132' title="bbox 1947 3970 3531 4039">
     <span class='ocr_line' id='line_1_133' title="bbox 1947 3970 3531 4039; baseline 0 -17"><span class='ocrx_word' id='word_1_1060' title='bbox 1947 3973 2325 4039; x_wconf 81' lang='lat' dir='ltr'><strong>vituperantur.</strong></span> <span class='ocrx_word' id='word_1_1061' title='bbox 2354 3971 2461 4024; x_wconf 89' lang='lat' dir='ltr'><strong>Nec</strong></span> <span class='ocrx_word' id='word_1_1062' title='bbox 2486 3986 2744 4025; x_wconf 89' lang='lat' dir='ltr'><strong>coronare</strong></span> <span class='ocrx_word' id='word_1_1063' title='bbox 2770 3986 2868 4025; x_wconf 91' lang='lat' dir='ltr'><strong>nos</strong></span> <span class='ocrx_word' id='word_1_1064' title='bbox 2906 3980 3080 4039; x_wconf 89' lang='lat' dir='ltr'><strong>potest</strong></span> <span class='ocrx_word' id='word_1_1065' title='bbox 3108 3972 3220 4024; x_wconf 89' lang='lat' dir='ltr'><strong>laus</strong></span> <span class='ocrx_word' id='word_1_1066' title='bbox 3250 3970 3402 4029; x_wconf 83' lang='lat' dir='ltr'><strong>falsa.</strong></span> <span class='ocrx_word' id='word_1_1067' title='bbox 3431 3979 3531 4023; x_wconf 81' lang='lat' dir='ltr'><strong>nec</strong></span> 
     </span>
    </p>
   </div>
   <div class='ocr_carea' id='block_1_133' title="bbox 1947 4040 3533 4110">
    <p class='ocr_par' dir='ltr' id='par_1_133' title="bbox 1947 4040 3533 4110">
     <span class='ocr_line' id='line_1_134' title="bbox 1947 4040 3533 4110; baseline -0.001 -16"><span class='ocrx_word' id='word_1_1068' title='bbox 1947 4041 2199 4094; x_wconf 88' lang='lat' dir='ltr'><strong>damnare</strong></span> <span class='ocrx_word' id='word_1_1069' title='bbox 2228 4042 2547 4110; x_wconf 89' lang='lat' dir='ltr'><strong>vituperatio</strong></span> <span class='ocrx_word' id='word_1_1070' title='bbox 2594 4042 2740 4094; x_wconf 88' lang='lat' dir='ltr'><strong>falsa.</strong></span> <span class='ocrx_word' id='word_1_1071' title='bbox 2780 4040 3041 4107; x_wconf 89' lang='lat' dir='ltr'><strong>Quamdiu</strong></span> <span class='ocrx_word' id='word_1_1072' title='bbox 3083 4052 3261 4095; x_wconf 89' lang='lat' dir='ltr'><strong>autem</strong></span> <span class='ocrx_word' id='word_1_1073' title='bbox 3304 4042 3533 4094; x_wconf 78' lang='lat' dir='ltr'><strong>vivimus</strong></span> 
     </span>
    </p>
   </div>
   <div class='ocr_carea' id='block_1_134' title="bbox 1949 4110 3528 4180">
    <p class='ocr_par' dir='ltr' id='par_1_134' title="bbox 1949 4110 3528 4180">
     <span class='ocr_line' id='line_1_135' title="bbox 1949 4110 3528 4180; baseline -0.003 -16"><span class='ocrx_word' id='word_1_1074' title='bbox 1949 4111 2066 4174; x_wconf 91' lang='lat' dir='ltr'><strong>hic,</strong></span> <span class='ocrx_word' id='word_1_1075' title='bbox 2097 4111 2164 4164; x_wconf 89' lang='lat' dir='ltr'><strong>de</strong></span> <span class='ocrx_word' id='word_1_1076' title='bbox 2192 4110 2343 4165; x_wconf 87' lang='lat' dir='ltr'><strong>nobis</strong></span> <span class='ocrx_word' id='word_1_1077' title='bbox 2379 4112 2507 4179; x_wconf 84' lang='lat' dir='ltr'><strong>ipsis</strong></span> <span class='ocrx_word' id='word_1_1078' title='bbox 2543 4126 2641 4166; x_wconf 82' lang='lat' dir='ltr'><strong>nos</strong></span> <span class='ocrx_word' id='word_1_1079' title='bbox 2671 4111 2769 4179; x_wconf 87' lang='lat' dir='ltr'><strong>ipsi</strong></span> <span class='ocrx_word' id='word_1_1080' title='bbox 2808 4112 3047 4180; x_wconf 87' lang='lat' dir='ltr'><strong>judicare</strong></span> <span class='ocrx_word' id='word_1_1081' title='bbox 3076 4126 3180 4163; x_wconf 88' lang='lat' dir='ltr'><strong>non</strong></span> <span class='ocrx_word' id='word_1_1082' title='bbox 3214 4114 3528 4178; x_wconf 81' lang='lat' dir='ltr'><strong>possumus,</strong></span> 
     </span>
    </p>
   </div>
   <div class='ocr_carea' id='block_1_135' title="bbox 1948 4180 3527 4250">
    <p class='ocr_par' dir='ltr' id='par_1_135' title="bbox 1948 4180 3527 4250">
     <span class='ocr_line' id='line_1_136' title="bbox 1948 4180 3527 4250; baseline -0.001 -16"><span class='ocrx_word' id='word_1_1083' title='bbox 1948 4196 2053 4234; x_wconf 89' lang='lat' dir='ltr'><strong>non</strong></span> <span class='ocrx_word' id='word_1_1084' title='bbox 2095 4181 2215 4234; x_wconf 89' lang='lat' dir='ltr'><strong>dico</strong></span> <span class='ocrx_word' id='word_1_1085' title='bbox 2251 4180 2376 4250; x_wconf 90' lang='lat' dir='ltr'><strong>quid</strong></span> <span class='ocrx_word' id='word_1_1086' title='bbox 2412 4196 2530 4234; x_wconf 88' lang='lat' dir='ltr'><strong>cras</strong></span> <span class='ocrx_word' id='word_1_1087' title='bbox 2564 4181 2784 4246; x_wconf 89' lang='lat' dir='ltr'><strong>erimus,</strong></span> <span class='ocrx_word' id='word_1_1088' title='bbox 2830 4181 2923 4235; x_wconf 89' lang='lat' dir='ltr'><strong>sed</strong></span> <span class='ocrx_word' id='word_1_1089' title='bbox 2965 4181 3087 4250; x_wconf 87' lang='lat' dir='ltr'><strong>quid</strong></span> <span class='ocrx_word' id='word_1_1090' title='bbox 3122 4181 3277 4233; x_wconf 88' lang='lat' dir='ltr'><strong>hodie</strong></span> <span class='ocrx_word' id='word_1_1091' title='bbox 3316 4182 3482 4232; x_wconf 90' lang='lat' dir='ltr'><strong>simus</strong></span> <span class='ocrx_word' id='word_1_1092' title='bbox 3512 4196 3527 4233; x_wconf 88' lang='lat'>:</span> 
     </span>
    </p>
   </div>
   <div class='ocr_carea' id='block_1_136' title="bbox 1948 4250 3531 4318">
    <p class='ocr_par' dir='ltr' id='par_1_136' title="bbox 1948 4250 3531 4318">
     <span class='ocr_line' id='line_1_137' title="bbox 1948 4250 3531 4318; baseline -0.002 -15"><span class='ocrx_word' id='word_1_1093' title='bbox 1948 4260 2144 4318; x_wconf 89' lang='lat' dir='ltr'><strong>quanto</strong></span> <span class='ocrx_word' id='word_1_1094' title='bbox 2174 4251 2349 4304; x_wconf 89' lang='lat' dir='ltr'><strong>minus</strong></span> <span class='ocrx_word' id='word_1_1095' title='bbox 2374 4250 2630 4305; x_wconf 85' lang='lat' dir='ltr'><strong>debemus</strong></span> <span class='ocrx_word' id='word_1_1096' title='bbox 2671 4252 2869 4305; x_wconf 89' lang='lat' dir='ltr'><strong>moveri</strong></span> <span class='ocrx_word' id='word_1_1097' title='bbox 2898 4251 3110 4318; x_wconf 87' lang='lat' dir='ltr'><strong>judiciis</strong></span> <span class='ocrx_word' id='word_1_1098' title='bbox 3139 4250 3341 4311; x_wconf 88' lang='lat' dir='ltr'><strong>alienis,</strong></span> <span class='ocrx_word' id='word_1_1099' title='bbox 3372 4264 3531 4316; x_wconf 87' lang='lat' dir='ltr'><strong>quam</strong></span> 
     </span>
    </p>
   </div>
   <div class='ocr_carea' id='block_1_137' title="bbox 1947 4319 3532 4389">
    <p class='ocr_par' dir='ltr' id='par_1_137' title="bbox 1947 4319 3532 4389">
     <span class='ocr_line' id='line_1_138' title="bbox 1947 4319 3532 4389; baseline -0.003 -13"><span class='ocrx_word' id='word_1_1100' title='bbox 1947 4321 2015 4376; x_wconf 86' lang='lat' dir='ltr'><strong>de</strong></span> <span class='ocrx_word' id='word_1_1101' title='bbox 2056 4321 2378 4373; x_wconf 81' lang='lat' dir='ltr'><strong>conscientia</strong></span> <span class='ocrx_word' id='word_1_1102' title='bbox 2425 4330 2605 4374; x_wconf 88' lang='lat' dir='ltr'><strong>nostra</strong></span> <span class='ocrx_word' id='word_1_1103' title='bbox 2648 4337 2766 4389; x_wconf 77' lang='lat' dir='ltr'><strong>quae</strong></span> <span class='ocrx_word' id='word_1_1104' title='bbox 2812 4321 2964 4374; x_wconf 91' lang='lat' dir='ltr'><strong>nobis</strong></span> <span class='ocrx_word' id='word_1_1105' title='bbox 3002 4319 3246 4387; x_wconf 88' lang='lat' dir='ltr'><strong>perhibet</strong></span> <span class='ocrx_word' id='word_1_1106' title='bbox 3286 4320 3532 4374; x_wconf 85' lang='lat' dir='ltr'><strong>testimo-</strong></span> 
     </span>
    </p>
   </div>
   <div class='ocr_carea' id='block_1_138' title="bbox 1948 4389 3398 4460">
    <p class='ocr_par' dir='ltr' id='par_1_138' title="bbox 1948 4389 3398 4460">
     <span class='ocr_line' id='line_1_139' title="bbox 1948 4389 3398 4460; baseline -0.003 -15"><span class='ocrx_word' id='word_1_1107' title='bbox 1948 4392 2131 4445; x_wconf 85' lang='lat' dir='ltr'><strong>nium?</strong></span> <span class='ocrx_word' id='word_1_1108' title='bbox 2160 4389 2290 4443; x_wconf 91' lang='lat' dir='ltr'><strong>Nam</strong></span> <span class='ocrx_word' id='word_1_1109' title='bbox 2318 4392 2483 4460; x_wconf 81' lang='lat' dir='ltr'><strong>gloria</strong></span> <span class='ocrx_word' id='word_1_1110' title='bbox 2515 4400 2696 4445; x_wconf 88' lang='lat' dir='ltr'><strong>nostra</strong></span> <span class='ocrx_word' id='word_1_1111' title='bbox 2720 4390 2876 4445; x_wconf 89' lang='lat' dir='ltr'><strong>debet</strong></span> <span class='ocrx_word' id='word_1_1112' title='bbox 2906 4405 3023 4460; x_wconf 74' lang='lat' dir='ltr'><strong>esse</strong></span> <span class='ocrx_word' id='word_1_1113' title='bbox 3052 4389 3398 4460; x_wconf 83' lang='lat' dir='ltr'><strong>coascieutia.</strong></span> 
     </span>
    </p>
   </div>
   <div class='ocr_carea' id='block_1_139' title="bbox 2022 4458 3532 4529">
    <p class='ocr_par' dir='ltr' id='par_1_139' title="bbox 2022 4458 3532 4529">
     <span class='ocr_line' id='line_1_140' title="bbox 2022 4458 3532 4529; baseline -0.003 -14"><span class='ocrx_word' id='word_1_1114' title='bbox 2022 4463 2075 4515; x_wconf 82' lang='lat'><strong>5.</strong></span> <span class='ocrx_word' id='word_1_1115' title='bbox 2117 4458 2685 4514; x_wconf 48' lang='lat' dir='ltr'><strong>Audita—runtinenlur.</strong></span> <span class='ocrx_word' id='word_1_1116' title='bbox 2733 4460 2944 4529; x_wconf 85' lang='lat' dir='ltr'><strong>ltaqtte,</strong></span> <span class='ocrx_word' id='word_1_1117' title='bbox 2996 4459 3214 4524; x_wconf 83' lang='lat' dir='ltr'><strong>fratres,</strong></span> <span class='ocrx_word' id='word_1_1118' title='bbox 3258 4458 3532 4529; x_wconf 87' lang='lat' dir='ltr'><strong>paululum</strong></span> 
     </span>
    </p>
   </div>
   <div class='ocr_carea' id='block_1_140' title="bbox 1948 4528 3528 4599">
    <p class='ocr_par' dir='ltr' id='par_1_140' title="bbox 1948 4528 3528 4599">
     <span class='ocr_line' id='line_1_141' title="bbox 1948 4528 3528 4599; baseline -0.003 -15"><span class='ocrx_word' id='word_1_1119' title='bbox 1948 4532 2189 4584; x_wconf 87' lang='lat' dir='ltr'><strong>advertat</strong></span> <span class='ocrx_word' id='word_1_1120' title='bbox 2207 4529 2450 4585; x_wconf 88' lang='lat' dir='ltr'><strong>Charitas</strong></span> <span class='ocrx_word' id='word_1_1121' title='bbox 2474 4540 2669 4594; x_wconf 87' lang='lat' dir='ltr'><strong>vestra,</strong></span> <span class='ocrx_word' id='word_1_1122' title='bbox 2694 4541 2749 4583; x_wconf 91' lang='grc' dir='ltr'><strong>ιιι</strong></span> <span class='ocrx_word' id='word_1_1123' title='bbox 2774 4528 2945 4585; x_wconf 87' lang='lat' dir='ltr'><strong>dicam</strong></span> <span class='ocrx_word' id='word_1_1124' title='bbox 2967 4529 3108 4599; x_wconf 89' lang='lat' dir='ltr'><strong>quod</strong></span> <span class='ocrx_word' id='word_1_1125' title='bbox 3134 4528 3399 4599; x_wconf 28' lang='lat' dir='ltr'><strong>volo’(_etsi</strong></span> <span class='ocrx_word' id='word_1_1126' title='bbox 3425 4544 3528 4599; x_wconf 83' lang='lat' dir='ltr'><strong>non</strong></span> 
     </span>
    </p>
   </div>
   <div class='ocr_carea' id='block_1_141' title="bbox 1947 4597 3532 4664">
    <p class='ocr_par' dir='ltr' id='par_1_141' title="bbox 1947 4597 3532 4664">
     <span class='ocr_line' id='line_1_142' title="bbox 1947 4597 3532 4664; baseline -0.004 -8"><span class='ocrx_word' id='word_1_1127' title='bbox 1947 4603 2085 4656; x_wconf 89' lang='lat' dir='ltr'><strong>sicut</strong></span> <span class='ocrx_word' id='word_1_1128' title='bbox 2122 4600 2261 4664; x_wconf 90' lang='lat' dir='ltr'><strong>volo,</strong></span> <span class='ocrx_word' id='word_1_1129' title='bbox 2303 4602 2437 4655; x_wconf 88' lang='lat' dir='ltr'><strong>sicut</strong></span> <span class='ocrx_word' id='word_1_1130' title='bbox 2467 4601 2719 4656; x_wconf 89' lang='lat' dir='ltr'><strong>Dominus</strong></span> <span class='ocrx_word' id='word_1_1131' title='bbox 2743 4600 2949 4655; x_wconf 86' lang='lat' dir='ltr'><strong>dederit</strong></span> <span class='ocrx_word' id='word_1_1132' title='bbox 2978 4597 3031 4653; x_wconf 77' lang='lat' dir='ltr'><strong>et</strong></span> <span class='ocrx_word' id='word_1_1133' title='bbox 3057 4597 3347 4661; x_wconf 82' lang='lat' dir='ltr'><strong>voluerit),</strong></span> <span class='ocrx_word' id='word_1_1134' title='bbox 3389 4597 3532 4664; x_wconf 89' lang='lat' dir='ltr'><strong>quod</strong></span> 
     </span>
    </p>
   </div>
   <div class='ocr_carea' id='block_1_142' title="bbox 1948 4667 3529 4739">
    <p class='ocr_par' dir='ltr' id='par_1_142' title="bbox 1948 4667 3529 4739">
     <span class='ocr_line' id='line_1_143' title="bbox 1948 4667 3529 4739; baseline -0.005 -14"><span class='ocrx_word' id='word_1_1135' title='bbox 1948 4672 2179 4725; x_wconf 85' lang='lat' dir='ltr'><strong>maxime</strong></span> <span class='ocrx_word' id='word_1_1136' title='bbox 2202 4672 2557 4724; x_wconf 79' lang='lat' dir='ltr'><strong>necessarium</strong></span> <span class='ocrx_word' id='word_1_1137' title='bbox 2586 4680 2663 4723; x_wconf 87' lang='lat' dir='ltr'><strong>est</strong></span> <span class='ocrx_word' id='word_1_1138' title='bbox 2685 4668 3409 4739; x_wconf 81' lang='lat' dir='ltr'><strong>quotidianistentationibus</strong></span> <span class='ocrx_word' id='word_1_1139' title='bbox 3431 4667 3529 4739; x_wconf 69' lang='lat' dir='ltr'><strong>Ee-</strong></span> 
     </span>
    </p>
   </div>
   <div class='ocr_carea' id='block_1_143' title="bbox 1947 4736 3623 4809">
    <p class='ocr_par' dir='ltr' id='par_1_143' title="bbox 1947 4736 3623 4809">
     <span class='ocr_line' id='line_1_144' title="bbox 1947 4736 3623 4809; baseline -0.004 -14"><span class='ocrx_word' id='word_1_1140' title='bbox 1947 4743 2124 4796; x_wconf 72' lang='lat' dir='ltr'><strong>clesia:</strong></span> <span class='ocrx_word' id='word_1_1141' title='bbox 2174 4742 2476 4801; x_wconf 69' lang='lat' dir='ltr'><strong>catholicze;</strong></span> <span class='ocrx_word' id='word_1_1142' title='bbox 2507 4741 2626 4809; x_wconf 88' lang='lat' dir='ltr'><strong>quia</strong></span> <span class='ocrx_word' id='word_1_1143' title='bbox 2660 4736 2796 4793; x_wconf 75' lang='lat' dir='ltr'><strong>inter</strong></span> <span class='ocrx_word' id='word_1_1144' title='bbox 2842 4738 3159 4809; x_wconf 83' lang='lat' dir='ltr'><strong>tentationes</strong></span> <span class='ocrx_word' id='word_1_1145' title='bbox 3184 4738 3331 4801; x_wconf 89' lang='lat' dir='ltr'><strong>vivit,</strong></span> <span class='ocrx_word' id='word_1_1146' title='bbox 3361 4746 3415 4809; x_wconf 79' lang='lat' dir='ltr'><strong>et</strong></span> <span class='ocrx_word' id='word_1_1147' title='bbox 3445 4736 3530 4789; x_wconf 84' lang='lat' dir='ltr'><strong>iu-</strong></span> <span class='ocrx_word' id='word_1_1148' title='bbox 3618 4766 3623 4771; x_wconf 83' lang='lat'>~</span> 
     </span>
    </p>
   </div>
   <div class='ocr_carea' id='block_1_144' title="bbox 1950 4806 3528 4873">
    <p class='ocr_par' dir='ltr' id='par_1_144' title="bbox 1950 4806 3528 4873">
     <span class='ocr_line' id='line_1_145' title="bbox 1950 4806 3528 4873; baseline -0.005 -8"><span class='ocrx_word' id='word_1_1149' title='bbox 1950 4821 2033 4866; x_wconf 89' lang='lat' dir='ltr'><strong>ter</strong></span> <span class='ocrx_word' id='word_1_1150' title='bbox 2057 4812 2375 4864; x_wconf 87' lang='lat' dir='ltr'><strong>tentationes</strong></span> <span class='ocrx_word' id='word_1_1151' title='bbox 2405 4806 2630 4873; x_wconf 78' lang='lat' dir='ltr'><strong>crescit,</strong></span> <span class='ocrx_word' id='word_1_1152' title='bbox 2660 4819 2713 4863; x_wconf 93' lang='lat' dir='ltr'><strong>et</strong></span> <span class='ocrx_word' id='word_1_1153' title='bbox 2744 4809 2878 4862; x_wconf 88' lang='lat' dir='ltr'><strong>inter</strong></span> <span class='ocrx_word' id='word_1_1154' title='bbox 2916 4807 3229 4861; x_wconf 86' lang='lat' dir='ltr'><strong>teutationes</strong></span> <span class='ocrx_word' id='word_1_1155' title='bbox 3259 4806 3528 4873; x_wconf 88' lang='lat' dir='ltr'><strong>perdurat,</strong></span> 
     </span>
    </p>
   </div>
   <div class='ocr_carea' id='block_1_145' title="bbox 1946 4876 3530 4948">
    <p class='ocr_par' dir='ltr' id='par_1_145' title="bbox 1946 4876 3530 4948">
     <span class='ocr_line' id='line_1_146' title="bbox 1946 4876 3530 4948; baseline -0.003 -14"><span class='ocrx_word' id='word_1_1156' title='bbox 1946 4892 2000 4935; x_wconf 89' lang='lat' dir='ltr'><strong>et</strong></span> <span class='ocrx_word' id='word_1_1157' title='bbox 2030 4884 2168 4934; x_wconf 90' lang='lat' dir='ltr'><strong>inter</strong></span> <span class='ocrx_word' id='word_1_1158' title='bbox 2194 4880 2510 4933; x_wconf 87' lang='lat' dir='ltr'><strong>tentationes</strong></span> <span class='ocrx_word' id='word_1_1159' title='bbox 2530 4881 2785 4948; x_wconf 86' lang='lat' dir='ltr'><strong>pervenit.</strong></span> <span class='ocrx_word' id='word_1_1160' title='bbox 2805 4879 2907 4943; x_wconf 84' lang='lat' dir='ltr'><strong>Sed</strong></span> <span class='ocrx_word' id='word_1_1161' title='bbox 2924 4893 3043 4930; x_wconf 93' lang='lat' dir='ltr'><strong>cum</strong></span> <span class='ocrx_word' id='word_1_1162' title='bbox 3063 4876 3390 4948; x_wconf 68' lang='lat' dir='ltr'><strong>pervenerit,</strong></span> <span class='ocrx_word' id='word_1_1163' title='bbox 3405 4890 3530 4948; x_wconf 86' lang='lat' dir='ltr'><strong>suc-</strong></span> 
     </span>
    </p>
   </div>
   <div class='ocr_carea' id='block_1_146' title="bbox 1946 4946 3571 5019">
    <p class='ocr_par' dir='ltr' id='par_1_146' title="bbox 1946 4946 3571 5019">
     <span class='ocr_line' id='line_1_147' title="bbox 1946 4946 3571 5019; baseline -0.007 -15"><span class='ocrx_word' id='word_1_1164' title='bbox 1946 4952 2099 5004; x_wconf 86' lang='lat' dir='ltr'><strong>cedet</strong></span> <span class='ocrx_word' id='word_1_1165' title='bbox 2118 4950 2271 5019; x_wconf 87' lang='lat' dir='ltr'><strong>quies</strong></span> <span class='ocrx_word' id='word_1_1166' title='bbox 2292 4950 2456 5019; x_wconf 90' lang='lat' dir='ltr'><strong>labori</strong></span> <span class='ocrx_word' id='word_1_1167' title='bbox 2480 4966 2493 5011; x_wconf 88' lang='lat'><strong>;</strong></span> <span class='ocrx_word' id='word_1_1168' title='bbox 2520 4946 2719 5003; x_wconf 82' lang='lat' dir='ltr'><strong>recedit</strong></span> <span class='ocrx_word' id='word_1_1169' title='bbox 2746 4948 2988 5011; x_wconf 90' lang='lat' dir='ltr'><strong>tentatio,</strong></span> <span class='ocrx_word' id='word_1_1170' title='bbox 3009 4954 3188 5019; x_wconf 81' lang='lat' dir='ltr'><strong>tuanet</strong></span> <span class='ocrx_word' id='word_1_1171' title='bbox 3211 4946 3529 5019; x_wconf 81' lang='lat' dir='ltr'><strong>benedictio.</strong></span> <span class='ocrx_word' id='word_1_1172' title='bbox 3566 4988 3571 4992; x_wconf 84' lang='lat'><strong>.</strong></span> 
     </span>
    </p>
   </div>
   <div class='ocr_carea' id='block_1_147' title="bbox 1947 5015 3529 5086">
    <p class='ocr_par' dir='ltr' id='par_1_147' title="bbox 1947 5015 3529 5086">
     <span class='ocr_line' id='line_1_148' title="bbox 1947 5015 3529 5086; baseline -0.004 -11"><span class='ocrx_word' id='word_1_1173' title='bbox 1947 5021 2050 5075; x_wconf 86' lang='lat' dir='ltr'><strong>Sed</strong></span> <span class='ocrx_word' id='word_1_1174' title='bbox 2080 5015 2210 5086; x_wconf 70' lang='lat' dir='ltr'><strong>rogo</strong></span> <span class='ocrx_word' id='word_1_1175' title='bbox 2232 5035 2345 5083; x_wconf 91' lang='lat' dir='ltr'><strong>vos,</strong></span> <span class='ocrx_word' id='word_1_1176' title='bbox 2378 5018 2586 5081; x_wconf 82' lang='lat' dir='ltr'><strong>fratres,</strong></span> <span class='ocrx_word' id='word_1_1177' title='bbox 2617 5034 2685 5071; x_wconf 89' lang='lat' dir='ltr'><strong>ne</strong></span> <span class='ocrx_word' id='word_1_1178' title='bbox 2702 5019 2818 5071; x_wconf 88' lang='lat' dir='ltr'><strong>sine</strong></span> <span class='ocrx_word' id='word_1_1179' title='bbox 2846 5032 3003 5071; x_wconf 86' lang='lat' dir='ltr'><strong>causa</strong></span> <span class='ocrx_word' id='word_1_1180' title='bbox 3034 5015 3258 5086; x_wconf 81' lang='lat' dir='ltr'><strong>audiatis</strong></span> <span class='ocrx_word' id='word_1_1181' title='bbox 3284 5031 3299 5069; x_wconf 89' lang='lat'><strong>:</strong></span> <span class='ocrx_word' id='word_1_1182' title='bbox 3326 5016 3423 5069; x_wconf 88' lang='lat' dir='ltr'><strong>ista</strong></span> <span class='ocrx_word' id='word_1_1183' title='bbox 3452 5023 3529 5068; x_wconf 82' lang='lat' dir='ltr'><strong>le-</strong></span> 
     </span>
    </p>
   </div>
   <div class='ocr_carea' id='block_1_148' title="bbox 1948 5085 3526 5156">
    <p class='ocr_par' dir='ltr' id='par_1_148' title="bbox 1948 5085 3526 5156">
     <span class='ocr_line' id='line_1_149' title="bbox 1948 5085 3526 5156; baseline -0.003 -11"><span class='ocrx_word' id='word_1_1184' title='bbox 1948 5100 2087 5153; x_wconf 88' lang='lat' dir='ltr'><strong>nete,</strong></span> <span class='ocrx_word' id='word_1_1185' title='bbox 2118 5085 2403 5151; x_wconf 84' lang='lat' dir='ltr'><strong>rutninate,</strong></span> <span class='ocrx_word' id='word_1_1186' title='bbox 2442 5089 2716 5156; x_wconf 84' lang='lat' dir='ltr'><strong>pascimini</strong></span> <span class='ocrx_word' id='word_1_1187' title='bbox 2761 5088 2920 5150; x_wconf 88' lang='lat' dir='ltr'><strong>inde;</strong></span> <span class='ocrx_word' id='word_1_1188' title='bbox 2954 5101 3057 5140; x_wconf 91' lang='lat' dir='ltr'><strong>non</strong></span> <span class='ocrx_word' id='word_1_1189' title='bbox 3096 5085 3323 5156; x_wconf 75' lang='lat' dir='ltr'><strong>recedat</strong></span> <span class='ocrx_word' id='word_1_1190' title='bbox 3343 5087 3409 5141; x_wconf 86' lang='lat' dir='ltr'><strong>de</strong></span> <span class='ocrx_word' id='word_1_1191' title='bbox 3438 5099 3526 5140; x_wconf 85' lang='lat' dir='ltr'><strong>ore</strong></span> 
     </span>
    </p>
   </div>
   <div class='ocr_carea' id='block_1_149' title="bbox 1948 5155 3532 5228">
    <p class='ocr_par' dir='ltr' id='par_1_149' title="bbox 1948 5155 3532 5228">
     <span class='ocr_line' id='line_1_150' title="bbox 1948 5155 3532 5228; baseline -0.004 -16"><span class='ocrx_word' id='word_1_1192' title='bbox 1948 5172 2124 5214; x_wconf 85' lang='lat' dir='ltr'><strong>vestro</strong></span> <span class='ocrx_word' id='word_1_1193' title='bbox 2160 5159 2300 5228; x_wconf 91' lang='lat' dir='ltr'><strong>quod</strong></span> <span class='ocrx_word' id='word_1_1194' title='bbox 2344 5155 2502 5212; x_wconf 88' lang='lat' dir='ltr'><strong>modo</strong></span> <span class='ocrx_word' id='word_1_1195' title='bbox 2535 5159 2802 5211; x_wconf 78' lang='lat' dir='ltr'><strong>memoria:</strong></span> <span class='ocrx_word' id='word_1_1196' title='bbox 2828 5155 3252 5228; x_wconf 62' lang='lat' dir='ltr'><strong>commendatur.</strong></span> <span class='ocrx_word' id='word_1_1197' title='bbox 3279 5155 3532 5228; x_wconf 74' lang='lat' dir='ltr'><strong>Memoria</strong></span> 
     </span>
    </p>
   </div>
   <div class='ocr_carea' id='block_1_150' title="bbox 1946 5224 3535 5297">
    <p class='ocr_par' dir='ltr' id='par_1_150' title="bbox 1946 5224 3535 5297">
     <span class='ocr_line' id='line_1_151' title="bbox 1946 5224 3535 5297; baseline -0.003 -14"><span class='ocrx_word' id='word_1_1198' title='bbox 1946 5224 2281 5284; x_wconf 35' lang='lat' dir='ltr'><strong>hominis-sic</strong></span> <span class='ocrx_word' id='word_1_1199' title='bbox 2309 5238 2411 5288; x_wconf 85' lang='lat' dir='ltr'><strong>est,</strong></span> <span class='ocrx_word' id='word_1_1200' title='bbox 2436 5228 2701 5297; x_wconf 87' lang='lat' dir='ltr'><strong>quomodo</strong></span> <span class='ocrx_word' id='word_1_1201' title='bbox 2735 5226 3177 5297; x_wconf 72' lang='lat' dir='ltr'><strong>venterpceoris.</strong></span> <span class='ocrx_word' id='word_1_1202' title='bbox 3202 5224 3381 5279; x_wconf 88' lang='lat' dir='ltr'><strong>Nostis</strong></span> <span class='ocrx_word' id='word_1_1203' title='bbox 3408 5224 3535 5292; x_wconf 84' lang='lat' dir='ltr'><strong>quia</strong></span> 
     </span>
    </p>
   </div>
   <div class='ocr_carea' id='block_1_151' title="bbox 1947 5296 3533 5367">
    <p class='ocr_par' dir='ltr' id='par_1_151' title="bbox 1947 5296 3533 5367">
     <span class='ocr_line' id='line_1_152' title="bbox 1947 5296 3533 5367; baseline -0.007 -12"><span class='ocrx_word' id='word_1_1204' title='bbox 1947 5302 1999 5355; x_wconf 92' lang='lat' dir='ltr'><strong>in</strong></span> <span class='ocrx_word' id='word_1_1205' title='bbox 2040 5301 2176 5367; x_wconf 85' lang='lat' dir='ltr'><strong>Lege</strong></span> <span class='ocrx_word' id='word_1_1206' title='bbox 2218 5296 2486 5352; x_wconf 84' lang='lat' dir='ltr'><strong>inmumda</strong></span> <span class='ocrx_word' id='word_1_1207' title='bbox 2524 5298 2660 5351; x_wconf 86' lang='lat' dir='ltr'><strong>dicta</strong></span> <span class='ocrx_word' id='word_1_1208' title='bbox 2698 5308 2821 5350; x_wconf 91' lang='lat' dir='ltr'><strong>sunt</strong></span> <span class='ocrx_word' id='word_1_1209' title='bbox 2858 5296 3107 5352; x_wconf 88' lang='lat' dir='ltr'><strong>animalia</strong></span> <span class='ocrx_word' id='word_1_1210' title='bbox 3142 5311 3259 5364; x_wconf 75' lang='lat' dir='ltr'><strong>qua:</strong></span> <span class='ocrx_word' id='word_1_1211' title='bbox 3295 5311 3399 5347; x_wconf 92' lang='lat' dir='ltr'><strong>non</strong></span> <span class='ocrx_word' id='word_1_1212' title='bbox 3437 5309 3533 5345; x_wconf 39' lang='lat' dir='ltr'><strong>rus</strong></span> 
     </span>
    </p>
   </div>
   <div class='ocr_carea' id='block_1_152' title="bbox 1947 5367 3533 5441">
    <p class='ocr_par' dir='ltr' id='par_1_152' title="bbox 1947 5367 3533 5441">
     <span class='ocr_line' id='line_1_153' title="bbox 1947 5367 3533 5441; baseline -0.009 -16"><span class='ocrx_word' id='word_1_1213' title='bbox 1947 5373 2150 5425; x_wconf 84' lang='lat' dir='ltr'><strong>miuant</strong></span> <span class='ocrx_word' id='word_1_1214' title='bbox 2171 5386 2184 5433; x_wconf 87' lang='lat'><strong>_;</strong></span> <span class='ocrx_word' id='word_1_1215' title='bbox 2204 5385 2333 5441; x_wconf 16' lang='lat' dir='ltr'><strong>Aqute</strong></span> <span class='ocrx_word' id='word_1_1216' title='bbox 2362 5378 2534 5421; x_wconf 83' lang='lat' dir='ltr'><strong>autem</strong></span> <span class='ocrx_word' id='word_1_1217' title='bbox 2568 5371 2855 5441; x_wconf 81' lang='lat' dir='ltr'><strong>ruminant.</strong></span> <span class='ocrx_word' id='word_1_1218' title='bbox 2882 5367 3077 5441; x_wconf 88' lang='lat' dir='ltr'><strong>munda</strong></span> <span class='ocrx_word' id='word_1_1219' title='bbox 3106 5374 3229 5419; x_wconf 85' lang='lat' dir='ltr'><strong>sunt</strong></span> <span class='ocrx_word' id='word_1_1220' title='bbox 3253 5372 3533 5441; x_wconf 73' lang='lat' dir='ltr'><strong>;_et_qu:e-</strong></span> 
     </span>
    </p>
   </div>
   <div class='ocr_carea' id='block_1_153' title="bbox 1946 5432 3527 5511">
    <p class='ocr_par' dir='ltr' id='par_1_153' title="bbox 1946 5432 3527 5511">
     <span class='ocr_line' id='line_1_154' title="bbox 1946 5432 3527 5511; baseline -0.008 -16"><span class='ocrx_word' id='word_1_1221' title='bbox 1946 5432 2177 5508; x_wconf 85' lang='lat' dir='ltr'><strong>eumque</strong></span> <span class='ocrx_word' id='word_1_1222' title='bbox 2203 5432 2398 5493; x_wconf 77' lang='lat' dir='ltr'><strong>habent</strong></span> <span class='ocrx_word' id='word_1_1223' title='bbox 2426 5438 2673 5507; x_wconf 87' lang='lat' dir='ltr'><strong>ungulam</strong></span> <span class='ocrx_word' id='word_1_1224' title='bbox 2705 5439 2904 5511; x_wconf 77' lang='lat' dir='ltr'><strong>li5s_atn,</strong></span> <span class='ocrx_word' id='word_1_1225' title='bbox 2934 5440 3201 5511; x_wconf 84' lang='lat' dir='ltr'><strong>pertinent</strong></span> <span class='ocrx_word' id='word_1_1226' title='bbox 3227 5432 3292 5485; x_wconf 90' lang='lat' dir='ltr'><strong>ad</strong></span> <span class='ocrx_word' id='word_1_1227' title='bbox 3317 5432 3527 5511; x_wconf 53' lang='lat' dir='ltr'><strong>discer:</strong></span> 
     </span>
    </p>
   </div>
   <div class='ocr_carea' id='block_1_154' title="bbox 1947 5499 3533 5579">
    <p class='ocr_par' dir='ltr' id='par_1_154' title="bbox 1947 5499 3533 5579">
     <span class='ocr_line' id='line_1_155' title="bbox 1947 5499 3533 5579; baseline -0.008 -14"><span class='ocrx_word' id='word_1_1228' title='bbox 1947 5499 2175 5565; x_wconf 79' lang='lat' dir='ltr'><strong>nendum</strong></span> <span class='ocrx_word' id='word_1_1229' title='bbox 2206 5525 2385 5561; x_wconf 85' lang='lat' dir='ltr'><strong>verum</strong></span> <span class='ocrx_word' id='word_1_1230' title='bbox 2432 5499 2735 5562; x_wconf 37' lang='lat' dir='ltr'><strong>ctvfalsum.</strong></span> <span class='ocrx_word' id='word_1_1231' title='bbox 2775 5499 3152 5579; x_wconf 53' lang='lat' dir='ltr'><strong>Fissa&#39;ungula</strong></span> <span class='ocrx_word' id='word_1_1232' title='bbox 3196 5502 3425 5579; x_wconf 62' lang='lat' dir='ltr'><strong>pertinet</strong></span> 
     </span>
    </p>
   </div>
   <div class='ocr_carea' id='block_1_155' title="bbox 1947 5569 3546 5660">
    <p class='ocr_par' dir='ltr' id='par_1_155' title="bbox 1947 5569 3546 5660">
     <span class='ocr_line' id='line_1_156' title="bbox 1947 5569 3546 5660; baseline -0.005 -25"><span class='ocrx_word' id='word_1_1233' title='bbox 1947 5580 2352 5635; x_wconf 83' lang='lat' dir='ltr'><strong>discernendum</strong></span> <span class='ocrx_word' id='word_1_1234' title='bbox 2384 5579 2508 5649; x_wconf 87' lang='lat' dir='ltr'><strong>quid</strong></span> <span class='ocrx_word' id='word_1_1235' title='bbox 2536 5582 2813 5649; x_wconf 83' lang='lat' dir='ltr'><strong>dextrum,</strong></span> <span class='ocrx_word' id='word_1_1236' title='bbox 2852 5577 2979 5649; x_wconf 89' lang='lat' dir='ltr'><strong>quid</strong></span> <span class='ocrx_word' id='word_1_1237' title='bbox 3021 5569 3546 5660; x_wconf 34' lang='lat' dir='ltr'><strong>sinistrumlﬁunti?</strong></span> 
     </span>
    </p>
   </div>
   <div class='ocr_carea' id='block_1_156' title="bbox 3534 5683 3578 5712">
    <p class='ocr_par' dir='ltr' id='par_1_156' title="bbox 3534 5683 3578 5712">
     <span class='ocr_line' id='line_1_157' title="bbox 3534 5683 3578 5712; baseline 0.023 -1"><span class='ocrx_word' id='word_1_1238' title='bbox 3534 5683 3578 5712; x_wconf 45' lang='grc' dir='ltr'><strong>κδ</strong></span> 
     </span>
    </p>
   </div>
   <div class='ocr_carea' id='block_1_157' title="bbox 2011 5729 2419 5795">
    <p class='ocr_par' dir='ltr' id='par_1_157' title="bbox 2011 5729 2419 5795">
     <span class='ocr_line' id='line_1_158' title="bbox 2011 5729 2419 5795; baseline -0.012 -11"><span class='ocrx_word' id='word_1_1239' title='bbox 2011 5736 2027 5767; x_wconf 79' lang='grc'>⁸</span> <span class='ocrx_word' id='word_1_1240' title='bbox 2053 5741 2153 5795; x_wconf 65' lang='lat'><strong>115.,</strong></span> <span class='ocrx_word' id='word_1_1241' title='bbox 2182 5729 2419 5795; x_wconf 70' lang='lat' dir='ltr'><strong>neqm&#39;tia.</strong></span> 
     </span>
    </p>
   </div>
   <div class='ocr_carea' id='block_1_158' title="bbox 3499 5791 3527 5802">
    <p class='ocr_par' dir='ltr' id='par_1_158' title="bbox 3499 5791 3527 5802">
     <span class='ocr_line' id='line_1_159' title="bbox 3499 5791 3527 5802; baseline 0 -4"><span class='ocrx_word' id='word_1_1242' title='bbox 3499 5791 3527 5802; x_wconf 68' lang='grc'><strong>.-</strong></span> 
     </span>
    </p>
   </div>
  </div>
