3996 6192
1904 354 2127 362 ,.,._---
2266 349 3124 359 ﬂ”-..»_--.__..s--.s_-
3150 350 3285 355 s.-__.“
3372 348 3415 353 _.
3464 349 3491 353 ,-

1234 368 1289 372 ,νγ
1352 362 1473 371 ---μ
1508 359 1751 368 .-.._..,...._.
1804 360 1875 363 Ἦν-

508 384 513 387 ⁷
616 380 674 386 HF
748 376 857 380 Ῠμν
954 371 1004 378 ’⁸
1066 370 1151 391 ῠ¹νγ
1203 370 1213 372 ἡ
1382 388 1649 397 ηηνημ-μῇ
1688 388 1727 391 --
1770 384 2005 393 -τ-μ-ι-οκσυ
2056 383 2229 390 γκήνκκγμ
2262 381 2307 387 τ.
2352 370 2985 385 H-.-Ls._m._..-v
3019 377 3024 381 .
3094 377 3119 381 κ
3198 376 3441 385 ὴν,νν,“γ
3506 378 3519 381 ἡ
3576 378 3583 379 7
3634 375 3647 380 _
3693 376 3716 380 γ.

493 421 507 428 _
580 398 591 413 ι
622 406 743 414 ν..-,

919 1862 1146 1923 SERMO
1182 1861 1456 1921 cccxu‘
1486 1859 1584 1934 (a).

460 1986 542 2042 Ds
563 2000 622 2040 eo
645 1983 779 2056 quod
807 1979 1035 2038 Christus
1065 1979 1222 2034 tribus
1260 1978 1420 2032 modis
1449 1979 1502 2031 in
1543 1975 1828 2045 Scripturis
1853 1972 2046 2028 intelli-

783 2075 945 2147 gitur;
967 2081 1144 2128 contra
1169 2071 1383 2124 Arianos
1409 2067 1606 2122 habitus
1634 2067 1730 2140 (b).

531 2191 756 2249 CAPUT
780 2188 1068 2245 PRIMUM.
1095 2217 1166 2228 ——
1196 2186 1246 2241 1.
1286 2185 1512 2240 Christus
1554 2185 1608 2236 in
1658 2182 1935 2252 Scripturis
1966 2180 2050 2235 di-

463 2298 573 2342 stus
625 2286 778 2340 tribus
833 2282 1018 2336 modis.
1065 2279 1320 2334 Dominus
1359 2285 1540 2332 noster
1567 2274 1724 2330 Jesus
1762 2273 2046 2337 Christus,

467 2379 690 2443 fratres,
739 2382 994 2444 quantum
1039 2369 1464 2426 animadvertere
1515 2367 1780 2435 potuimus
1832 2363 2050 2432 paginas

473 2479 718 2534 sanctas,
771 2465 946 2521 tribus
1007 2462 1178 2518 modis
1230 2458 1540 2528 intelligitur
1597 2464 1653 2511 et
1705 2455 2049 2520 nominatur,

467 2559 677 2630 quando
714 2556 1066 2627 praedicatur,
1120 2553 1232 2607 sive
1279 2565 1376 2620 per
1403 2549 1593 2616 Legem
1623 2554 1676 2600 et
1718 2543 2048 2612 Prophetas,

463 2652 579 2706 sive
614 2664 708 2719 per
735 2646 1002 2716 Epistolas
1045 2641 1362 2713 apostolicas
1380 2681 1395 2706 ,
1424 2639 1537 2693 sive
1564 2651 1658 2706 per
1687 2634 1842 2689 [idem
1871 2648 2050 2687 rerum

463 2751 731 2813 gestarum
756 2783 772 2806 ,
818 2754 950 2809 quas
996 2737 1049 2790 in
1094 2733 1380 2804 Evangelio
1416 2728 1803 2799 cognoscimus.
1841 2725 2050 2780 Primus

466 2833 654 2888 modus
680 2840 790 2894 est,
820 2827 1113 2884 secundum
1150 2827 1314 2880 Deum
1338 2832 1392 2878 et
1419 2821 1748 2877 divinitatem
1776 2817 1918 2872 illam
1945 2817 2049 2872 Pa-

466 2926 532 2979 tri
569 2922 891 2992 eozequalem
931 2928 1090 2989 atque
1118 2926 1438 2971 coceternam
1481 2921 1605 2966 ante
1633 2909 2050 2978 assumptionem

465 3015 662 3070 carnis.
691 3014 841 3067 Alter
882 3009 1074 3064 modus
1115 3017 1230 3072 est,
1271 3021 1390 3060 cum
1431 3012 1702 3074 assumpta
1745 3013 1909 3056 carne
1942 2998 2052 3067 jam

465 3107 604 3161 idem
633 3105 775 3159 Deus
793 3103 880 3174 qui
913 3102 1095 3168 homo,
1123 3108 1178 3156 et
1202 3099 1342 3152 idem
1372 3097 1531 3152 homo
1557 3096 1644 3166 qui
1669 3096 1823 3159 Deus,
1857 3105 2052 3149 secun-

468 3199 590 3253 dum
637 3195 920 3267 quamdam
960 3208 1070 3246 sua:
1109 3189 1436 3246 excellentia:
1484 3189 1858 3259 preprietatem
1886 3226 1902 3250 ,
1946 3197 2050 3253 qua

468 3307 572 3346 non
596 3288 806 3345 caeteris
842 3294 1148 3356 coaequatur
1177 3281 1512 3345 hominibus,
1541 3279 1634 3334 sed
1669 3285 1753 3333 est
1790 3276 2054 3332 mediator

469 3393 523 3437 et
548 3390 705 3451 caput
733 3377 987 3434 Ecclesia:
1007 3419 1022 3442 ,
1045 3391 1164 3432 esse
1193 3373 1383 3445 legitur
1403 3381 1456 3427 et
1483 3371 1812 3440 intelligitur.
1842 3367 2052 3423 Tertius

469 3472 658 3527 modus
677 3480 760 3526 est
799 3466 1029 3540 quodam
1068 3465 1230 3522 modo
1260 3473 1402 3519 totus
1425 3462 1700 3525 Christus,
1730 3460 1782 3513 in
1829 3459 2055 3526 plenitu-

469 3562 592 3616 dine
621 3559 896 3624 Ecclesice,
928 3556 977 3610 id
1005 3566 1106 3620 est,
1131 3564 1289 3624 caput
1309 3563 1365 3609 et
1388 3566 1602 3622 corpus,
1627 3547 1916 3604 secundum
1940 3546 2053 3616 ple-

471 3651 764 3706 nitudinem
797 3647 1012 3717 perfecti
1051 3645 1325 3716 cujusdam
1347 3644 1443 3698 viri
1468 3681 1484 3708 ,
1515 3643 1694 3710 inquo
1719 3640 1834 3694 viro
1859 3637 2053 3708 singuli

476 3743 717 3795 membra
740 3755 932 3796 sumus.
957 3737 1108 3808 Quod
1133 3734 1471 3792 credentibus
1493 3731 1828 3802 praedicatur,
1851 3739 1904 3784 et
1929 3745 2054 3800 pru-

473 3832 724 3888 dentibus
762 3831 1080 3902 agnoseibile
1117 3827 1358 3883 oil‘ertur.
1401 3824 1516 3878 Non
1545 3822 1724 3877 omnia
1751 3818 2048 3876 testimonia

469 3922 857 3993 Scripturarum
895 3931 1000 3977 tam
1029 3920 1193 3974 multa
1227 3924 1452 3987 angusto
1480 3924 1719 3984 tempore
1755 3912 1868 3967 sive
1904 3924 2056 3966 reco-

471 4015 583 4070 lere
609 4015 719 4068 sive
756 4013 1024 4083 explicare
1054 4023 1334 4080 possumus
1358 4047 1373 4072 ,
1403 4005 1594 4076 quibus
1620 4004 1797 4057 omnia
1827 4002 1926 4076 tria
1952 4000 2052 4054 ista

463 4119 663 4175 genera
703 4103 993 4176 probemus
1026 4098 1158 4155 :sed
1197 4108 1372 4154 tamen
1417 4111 1524 4150 non
1551 4095 1730 4149 omnia
1769 4104 2052 4163 possumus

467 4195 763 4266 improbata
803 4194 1140 4262 relinquere,
1181 4197 1240 4245 ut
1281 4185 1597 4258 quibusdam
1625 4181 2054 4239 commemoratis

469 4287 789 4342 testimoniis
809 4325 824 4350 ,
851 4293 1042 4339 caetera
1077 4298 1194 4352 quae
1231 4292 1651 4336 commemorare
1684 4289 1789 4330 non
1831 4273 2054 4328 sinimur

468 4386 686 4449 propter
715 4375 985 4445 angustias
1016 4372 1298 4441 temporis,
1332 4386 1425 4441 per
1452 4384 1546 4423 vos
1573 4369 1716 4437 ipsos
1731 4365 1841 4435 jam
1871 4363 2055 4420 obser-

474 4483 593 4524 vare
617 4484 670 4522 m
697 4451 1063 4536 Scripturis'et
1085 4464 1322 4518 invenire
1352 4460 1589 4531 possitis.

538 4557 768 4614 CAPUT
789 4555 852 4610 ll.
883 4586 954 4596 —
980 4555 1034 4610 2.
1055 4553 1273 4608 Primus
1292 4551 1472 4605 modus
1492 4565 1592 4620 quo
1619 4547 1846 4604 Christus
1873 4544 2057 4616 pradi-

468 4659 612 4704 catur
641 4657 697 4702 ut
725 4647 878 4702 Deus.
924 4645 1066 4701 Verbi
1090 4643 1388 4699 similitudo.
1413 4640 1492 4696 Ad
1519 4640 1744 4709 primum
1773 4650 1902 4706 ergo
1941 4649 2056 4688 mo-

468 4742 596 4797 dum
625 4739 924 4796 insinuandi
945 4737 1152 4795 Domini
1175 4734 1345 4790 nostri
1364 4733 1491 4788 Jesu
1512 4730 1711 4786 Christi
1741 4725 2051 4792 Salvatoris,

473 4833 616 4887 unici
639 4833 758 4887 Filii
791 4833 921 4899 Dei,
951 4847 1048 4902 per
1083 4845 1240 4900 quem
1264 4829 1398 4883 facta
1427 4832 1551 4879 sunt
1576 4822 1751 4879 omnia
1777 4862 1792 4887 ,
1826 4819 2058 4890 pertinet

470 4924 600 4978 illud
639 4923 780 4992 quod
826 4921 1215 4978 nobilissimum
1265 4926 1321 4975 et
1368 4914 1833 4988 praeclarissimum
1866 4918 1949 4966 est
1998 4910 2054 4964 in

470 5014 764 5083 Evangelia
791 5012 1084 5069 secundum
1113 5010 1374 5066 Joannem
1406 5024 1420 5061 :
1451 5005 1517 5059 In
1535 5003 1781 5075 principio
1806 5011 1914 5056 erat
1940 4999 2056 5053 Ver-

472 5107 611 5168 bum,
633 5115 679 5159 et
713 5105 926 5158 Verbum
951 5113 1059 5157 erat
1079 5101 1217 5170 apud
1236 5100 1422 5166 Deum,
1445 5107 1490 5152 et
1519 5095 1656 5150 Deus
1675 5104 1782 5149 erat
1816 5091 2055 5155 Verbum;

473 5197 567 5252 hoc
611 5205 717 5250 erat
762 5197 815 5250 in
857 5195 1110 5266 principio
1148 5191 1286 5262 apud
1314 5189 1526 5245 Deum:
1555 5188 1725 5242 omnia
1763 5201 1852 5254 per
1891 5185 2057 5253 ipsum

469 5285 608 5355 facta
635 5295 790 5349 sunt,
818 5295 865 5339 et
893 5286 1002 5338 sine
1041 5285 1153 5356 ipso
1191 5285 1379 5352 factum
1405 5288 1475 5333 est
1500 5278 1647 5332 nihil.
1693 5275 1840 5342 Quod
1866 5277 2058 5345 factum

471 5386 565 5439 est,
593 5376 645 5430 in
672 5375 764 5429 illo
781 5376 881 5429 vita
901 5385 1046 5440 erat;
1072 5383 1118 5428 et
1138 5373 1239 5426 vita
1259 5379 1362 5425 erat
1385 5369 1476 5424 lux
1497 5369 1756 5422 hominum
1779 5408 1793 5430 ,
1820 5377 1866 5420 et
1887 5367 1978 5419 tua:
2005 5381 2058 5418 in

472 5469 688 5522 tenebris
734 5469 906 5531 lucet,
947 5475 994 5520 et
1032 5465 1244 5520 tenebrat
1283 5479 1393 5517 eam
1430 5477 1531 5514 non
1573 5457 2058 5528 comprehenderunt

537 5581 554 5597 '
578 5579 866 5628 Emendatus
889 5583 968 5626 est
989 5576 1047 5626 ad
1068 5577 1189 5627 duos
1203 5576 1265 5626 cl.
1287 5577 1345 5626 ad
1361 5589 1430 5627 cs.
1450 5588 1492 5622 r.
1514 5587 1564 5622 v.
1586 5579 1637 5622 et
1659 5570 1717 5620 ad
1735 5580 1834 5619 Am.
1853 5575 1930 5618 Er.
1948 5577 2051 5620 Par.

466 5637 614 5824 [υἷάς
635 5699 776 5773 Abas,
797 5701 862 5751 de
883 5709 1121 5764 Tempore
1146 5699 1221 5750 40.

562 5765 590 5811 D
631 5769 786 5818 Clum
805 5776 942 5824 sape
963 5763 1089 5812 Beda
1107 5769 1158 5812 et.
1174 5761 1218 5808 Fl

562 5713 593 5753 τι
635 5705 776 5760 Alias,
797 5705 862 5751 de
883 5709 1121 5764 Tempore
1146 5705 1221 5750 40.

562 5705 614 5824 υς
631 5764 786 5818 Citam
805 5776 942 5828 sape
963 5763 1089 5812 Beda
1107 5769 1158 5812 et.
1174 5761 1335 5810 Florus
1354 5765 1404 5812 in
1425 5761 1553 5811 Γαυιὶ
1577 5757 1818 5824 Epistolas.

747 5853 1021 5918 Parnon.
1053 5837 1347 5907 XXXIX.

154 6011 304 6153 .5")

984 503 1140 650 S.
1242 491 2043 662 AURELII

2155 479 3212 631 AUGUSTINI

1427 732 2194 818 HIPPONENSIS
2249 724 2777 812 EPISCOPI

1213 909 3060 1140 SERMONES

1445 1275 1703 1385 ΔΙ)
1767 1272 2686 1386 Ροιδυιιπινι.

1110 1484 1715 1594 ΟΙιιΑιςιςΙις
1785 1483 1996 1591 ιν.
2058 1484 2276 1589 DE
2328 1480 3098 1590 DIVERSIS.

1853 1691 2351 1772 ὥρων

2165 1855 2335 1927 (Joan.
2373 1873 2425 1922 ι,
2473 1858 2609 1929 1-5).
2640 1858 2875 1914 Miranda
2911 1870 2968 1915 et
3008 1858 3266 1929 stupenda
3298 1858 3459 1915 verba
3498 1857 3648 1926 hsce,
3686 1876 3740 1921 et

2159 1947 2463 2019 priusquam
2509 1951 2899 2020 intelligantur,
2929 1951 3297 2021 amplectenda
3327 1962 3469 2006 sunt.
3499 1951 3554 2007 Si
3593 1951 3747 2007 cibus

2162 2049 2512 2108 apponeretur
2539 2042 2618 2096 ori
2649 2052 2828 2097 vestro
2847 2085 2862 2109 ,
2907 2051 3113 2114 partem
3142 2043 3244 2097 cibi
3275 2044 3410 2098 alius
3440 2043 3584 2097 illam
3612 2043 3746 2098 acci-

2157 2139 2340 2201 peret,
2374 2133 2508 2190 alius
2538 2132 2692 2188 istam
2725 2151 2737 2185 :
2768 2134 2832 2189 ad
2855 2150 3041 2190 omnes
3065 2143 3241 2190 tamen
3271 2136 3579 2207 perveniret
3610 2149 3744 2191 unus

2156 2223 2340 2288 cibus;
2370 2224 2462 2279 sed
2489 2241 2593 2280 non
2631 2225 2697 2280 ad
2725 2241 2911 2281 omnes
2953 2234 3094 2281 totus
3125 2227 3293 2280 cibus.
3335 2227 3422 2281 Sic
3451 2226 3600 2296 quasi
3626 2227 3748 2298 qui-

2157 2315 2279 2368 dam
2301 2316 2450 2371 cibus
2475 2325 2527 2370 et
2553 2327 2706 2386 potus
2735 2317 3017 2372 verborum
3049 2333 3188 2371 nunc
3213 2319 3497 2387 apponitur
3527 2319 3746 2374 auribus

2157 2406 2382 2471 vestris;
2410 2414 2462 2460 et
2490 2415 2662 2460 tamen
2693 2412 2861 2460 totum
2906 2407 2970 2460 ad
2997 2422 3185 2461 omnes
3213 2408 3476 2478 pervenit.
3503 2409 3581 2462 An
3609 2407 3746 2463 forte

2158 2510 2278 2550 cum
2307 2495 2495 2565 loquor
2515 2538 2528 2560 ,
2555 2495 2690 2550 alius
2713 2497 2810 2551 sibi
2837 2497 2970 2552 tollit
2998 2513 3156 2551 unam
3181 2497 3436 2569 syllabam
3456 2539 3469 2561 ,
3503 2499 3639 2553 alius
3667 2499 3746 2552 al-

2161 2587 2370 2641 teram?
2402 2596 2489 2640 aut
2527 2587 2663 2641 alius
2691 2603 2853 2642 unum
2883 2587 3103 2642 verbum
3127 2629 3141 2652 ,
3184 2588 3319 2642 alius
3357 2587 3580 2641 altermn
3625 2603 3747 2641 vero

2159 2677 2326 2734 bum?
2346 2678 2398 2734 Si
2425 2680 2492 2733 ita
2519 2689 2601 2734 est
2623 2720 2637 2743 ,
2673 2687 2750 2734 tot
2779 2680 2935 2735 verba
2975 2679 3214 2734 dicturus
3253 2695 3389 2745 sum,
3419 2689 3543 2749 quot
3574 2680 3747 2734 homi-

2159 2784 2258 2825 nes
2283 2770 2439 2826 video
2458 2813 2473 2837 ,
2497 2781 2554 2826 ut
2581 2771 2645 2826 ad
2676 2787 2863 2826 omnes
2890 2772 3200 2842 perveniant
3226 2772 3305 2826 vel
3334 2771 3494 2827 verba
3517 2772 3740 2842 singula.

2159 2861 2226 2915 Et
2252 2862 2402 2918 facile
2433 2863 2642 2932 quidem
2667 2864 2816 2934 plura
2845 2863 2985 2929 dico,
3017 2880 3173 2934 quam
3204 2863 3288 2918 hic
3313 2873 3436 2918 sunt
3457 2863 3698 2919 homines
3728 2882 3741 2918 :

2159 2951 2253 3006 sed
2279 2953 2455 3006 onmia
2482 2953 2547 3007 ad
2577 2969 2764 3008 omnes
2793 2954 3131 3024 perveniunt.
3155 2952 3383 3008 Verbum
3413 2968 3540 3024 ergo
3570 2955 3745 3007 homi-

2161 3044 2244 3098 nis
2271 3060 2375 3098 non
2406 3044 2659 3099 dividitur
2691 3062 2786 3116 per
2809 3045 3072 3116 syllabas,
3111 3054 3166 3100 ut
3194 3060 3378 3102 ornnes
3403 3045 3654 3110 audiam;
3691 3054 3746 3100 ct

2160 3134 2390 3190 Verbum
2438 3137 2528 3192 Dei
2579 3153 2674 3207 per
2715 3137 2879 3193 frusta
2918 3138 3250 3200 Conciditur,
3300 3149 3354 3192 ut
3398 3137 3595 3207 ubique
3639 3139 3748 3192 sit?

2159 3227 2420 3297 Numquid
2464 3229 2610 3298 hmc,
2653 3230 2880 3298 fratres,
2928 3232 3168 3286 sonantia
3213 3239 3371 3300 atque
3417 3232 3742 3285 transeuntis

2159 3321 2321 3376 verba
2354 3323 2428 3375 illi
2456 3323 2961 3377 incommutabiliter
2986 3324 3312 3391 permanenti
3346 3322 3518 3377 Verbo
3547 3323 3650 3376 ulla
3678 3338 3743 3376 ex

2161 3421 2311 3479 parte
2358 3413 2714 3480 comparanda
2761 3413 3120 3465 arbitramur?
3173 3422 3263 3466 aut
3312 3427 3410 3481 ego
3457 3413 3578 3481 quia
3631 3413 3746 3468 hzec

2159 3499 2305 3564 dixi,
2337 3501 2678 3569 comparavi?
2709 3501 2814 3556 Sed
2843 3516 3056 3572 quoquo
3100 3501 3260 3558 modo
3292 3503 3560 3557 insinuare
3597 3503 3746 3559 vobis

2161 3591 2299 3644 volui
2325 3632 2340 3658 ,
2374 3600 2431 3645 ut
2459 3591 2596 3646 Deus
2626 3592 2765 3663 quod
2797 3593 3012 3648 exhibet
3051 3593 3100 3647 iu
3145 3593 3510 3663 corporalibus
3550 3593 3708 3649 rebus
3729 3635 3742 3656 .

2161 3684 2333 3738 valeat
2369 3684 2519 3738 vobis
2545 3669 2609 3740 ad
2633 3685 2896 3740 credenda
2936 3702 3018 3753 ea,
3047 3702 3165 3757 quae
3194 3686 3428 3740 nondum
3455 3686 3642 3742 videtis
3679 3686 3748 3740 de

2160 3775 2522 3846 spiritualibus
2547 3777 2744 3832 verbis.
2774 3777 2874 3832 Sed
2897 3778 3008 3847 jam
3034 3777 3099 3832 ad
3136 3779 3354 3832 meliora
3389 3788 3742 3834 transeamus.

2159 3865 2292 3920 Nam
2317 3867 2476 3921 verba
2499 3878 2707 3934 sonant,
2737 3876 2792 3924 et
2817 3868 3034 3924 abeunt.
3062 3869 3134 3922 De
3161 3869 3521 3938 spiritualibus
3547 3869 3750 3938 cogita-

2161 3956 2392 4012 tionibus
2418 3958 2490 4031 (α)
2508 3958 2767 4031 justitiam
2793 3962 3040 4030 cogitate.
3067 3962 3316 4031 Cogitnns
3331 3961 3590 4031 juStitiam
3611 3976 3745 4016 con-

2161 4049 2376 4103 stitutus
2410 4049 2460 4102 in
2492 4049 2608 4103 istis
2637 4050 2874 4118 partibus
2901 4051 3317 4105 occidentalibus
3336 4092 3357 4110 .
3393 4052 3632 4120 cogitans
3657 4052 3746 4121 ju-

2159 4141 2357 4197 stitiam
2377 4141 2691 4196 constitutus
2714 4141 2765 4196 in
2783 4143 3006 4207 oriente,
3031 4143 3172 4198 unde
3198 4144 3256 4196 tit
3278 4159 3332 4196 υι
3357 4144 3445 4198 ille
3463 4152 3626 4198 totam
3655 4146 3716 4216 ju
3731 4176 3747 4188 -

2162 4231 2357 4284 stitiam
2385 4231 2600 4301 cogitet,
2629 4240 2680 4286 et.
2707 4232 2795 4286 ille
2826 4241 2986 4290 totam
3010 4233 3034 4288 ?
3058 4243 3111 4288 et
3140 4235 3230 4291 ille
3259 4235 3623 4292 lotamvideat
3643 4278 3660 4304 ,
3691 4247 3749 4294 et

2163 4321 2252 4377 ille
2280 4323 2466 4376 totum?
2492 4322 2622 4377 Nam
2647 4324 2733 4393 qui
2762 4323 2906 4379 videt
2937 4324 3231 4394 justitiam,
3264 4325 3556 4384 secundum
3587 4343 3744 4399 quam

2161 4423 2311 4484 gerat
2339 4415 2532 4484 aliquid
2554 4457 2569 4482 ,
2603 4416 2714 4484 ipse
2738 4415 2880 4486 juste
2906 4415 3060 4485 gerit.
3091 4416 3246 4472 Videt
3272 4417 3432 4480 intus,
3460 4419 3567 4488 agit
3593 4417 3745 4475 foris.

2164 4505 2316 4561 Unde
2351 4507 2490 4561 videt
2521 4509 2694 4574 intus,
2722 4509 2765 4562 si
2797 4509 2927 4563 nihil
2952 4509 3053 4563 sibi
3094 4519 3288 4579 przesto
3313 4510 3434 4566 est?
3462 4511 3592 4578 Quia
3635 4512 3749 4582 ipse

2164 4596 2217 4649 in
2237 4605 2381 4664 parte
2403 4599 2607 4666 positus
2627 4606 2730 4662 est,
2750 4598 2816 4652 ad
2843 4597 3085 4653 eamdem
3109 4608 3312 4668 partem
3339 4614 3443 4654 non
3474 4601 3751 4669 perveniet

2163 4684 2690 4758 alteriuseogitatio?
2715 4687 2848 4742 Cum
2883 4698 3060 4744 autem
3102 4688 3241 4745 idem
3272 4690 3454 4747 videas
3484 4701 3663 4747 mente
3694 4702 3746 4748 tu

2165 4776 2252 4831 hic
2280 4777 2511 4846 positus,
2535 4777 2677 4849 quod
2701 4779 2844 4833 videt
2873 4779 2964 4834 ille
2991 4790 3096 4834 tam
3121 4781 3278 4852 longe
3310 4783 3515 4853 positus
3537 4824 3553 4849 ,
3585 4793 3641 4839 et
3668 4794 3748 4839 to-

2166 4874 2275 4920 tum
2306 4866 2397 4922 tibi
2436 4867 2644 4934 luceat,
2673 4877 2838 4923 totum
2864 4869 2941 4924 illi
2965 4870 3241 4935 videatur;
3274 4873 3396 4942 quia
3422 4888 3492 4929 ea:
3516 4889 3634 4953 qua:
3661 4873 3744 4928 di-

2165 4959 2286 5013 vina
2312 4966 2366 5016 et
2386 4959 2701 5030 incorporea
2727 4970 2870 5028 sunt,
2896 4961 3094 5033 ubique
3126 4973 3256 5020 sunt
3276 4973 3381 5019 tota
3401 4981 3429 5032 ;_
3442 4964 3600 5019 crede
3621 4964 3750 5020 Ver-

2165 5048 2288 5103 bum
2315 5057 2481 5105 totum
2515 5050 2568 5104 in
2591 5050 2747 5106 Patre
2766 5092 2782 5118 ,
2812 5060 2976 5106 totum
3011 5053 3064 5106 in
3092 5063 3262 5108 utero.
3291 5053 3463 5110 Crede
3481 5055 3624 5110 enim
3649 5054 3753 5110 hoc

2165 5142 2232 5196 de
2255 5141 2427 5195 Verbo
2450 5141 2567 5205 Dei,
2592 5143 2678 5212 qui
2705 5152 2787 5198 est
2821 5144 2959 5199 Deus
2979 5145 3116 5215 apud
3152 5147 3337 5201 Deum.

2237 5235 2461 5291 CAPUT
2502 5235 2589 5290 Ill.
2627 5266 2700 5276 -—
2724 5237 2778 5292 3.
2806 5238 2950 5292 Alius
2989 5239 3167 5292 modus
3205 5255 3305 5310 quo
3336 5238 3564 5295 Christus
3607 5257 3749 5295 com-

2165 5329 2432 5382 mendatur
2459 5337 2511 5380 ut
2537 5325 2675 5385 licus
2703 5339 2749 5382 et
2773 5327 2943 5382 homo.
2972 5329 3075 5384 Sed
3099 5329 3222 5384 audi
3259 5332 3368 5400 jam
3414 5331 3571 5386 aliam
3617 5333 3753 5387 insi-

2168 5421 2492 5486 nuationem,
2515 5419 2676 5474 alium
2705 5419 2923 5475 modum
2950 5421 3249 5476 insinuandi
3275 5421 3572 5490 Christum,
3594 5439 3752 5495 quem

2167 5512 2436 5584 Scriptura
2469 5511 2741 5582 prmdieat.
2789 5511 2866 5567 Ea
2914 5512 3056 5568 enim
3086 5528 3205 5582 quae
3250 5512 3358 5566 dixi
3385 5555 3400 5582 ,
3449 5513 3586 5572 dicta
3631 5526 3752 5572 sunt

2229 5692 2302 5755 (a)
2325 5692 2493 5743 tsthaac
2515 5694 2666 5743 verba
2691 5705 2704 5743 :
2729 5701 2794 5744 De
2832 5689 3165 5760 spirituatibus
3181 5676 3559 5758 rogitritionibus,
3583 5693 3747 5746 viden-

2170 5763 2246 5805 tur
2269 5767 2550 5817 superesse.
3381 5815 3456 5875 ἰή
3470 5825 3482 5838 ο
