3996 6192
187 4622 195 4629 ο
298 4602 571 4655 arbitratus
594 4609 668 4655 est
709 4616 816 4654 esse
859 4600 1068 4670 wqualis
1109 4598 1216 4654 Deo
1260 4614 1281 4653 :

311 323 451 382 M95

298 440 426 488 ante
451 438 773 504 assumptatn
798 442 1033 488 carnem.
1058 429 1209 486 Nunc
1230 435 1409 483 autem
1435 425 1555 487 audi
1582 424 1712 483 illud
1733 424 1877 499 quod

300 523 461 580 modo
501 523 751 594 prmdicat
784 521 1058 594 Scriptura
1087 538 1100 574 :
1145 518 1361 575 Verbum
1380 560 1396 585 ,
1427 517 1628 588 inquit,
1655 533 1773 572 caro
1795 523 1879 591 {a-

300 621 434 668 ctum
448 623 537 679 est,
551 621 597 667 et
613 612 849 667 habitavit
874 613 925 667 in
943 612 1080 666 nobis
1100 609 1152 682 (J
1159 627 1275 665 oan.
1294 625 1335 675 ι,
1359 610 1446 679 Η)
1455 648 1467 661 .
1480 608 1610 663 Nam
1629 608 1716 677 qui
1731 606 1879 662 dixe-

296 710 412 769 rat,
445 699 511 756 In
542 702 791 773 principio
833 711 939 756 erat
969 700 1222 766 Verbum,
1265 708 1313 756 et
1361 698 1575 755 Verbum
1598 708 1705 751 erat
1739 697 1879 768 apud

301 790 486 857 Deum,
515 800 560 846 et
588 790 729 846 Deus
752 800 859 846 erat
890 790 1127 855 Verbum;
1150 791 1245 845 hoc
1270 799 1377 845 erat
1395 790 1446 844 in
1475 789 1720 861 principio
1739 784 1879 858 apud

299 883 463 940 Deum
489 900 508 939 :
525 886 694 940 omnia
719 901 807 956 per
822 886 990 957 ipsum
1013 888 1151 957 facta
1173 893 1290 945 sunt
1311 926 1325 949 ,
1352 893 1399 939 et
1423 885 1532 939 sine
1554 884 1663 953 ipso
1688 887 1879 969 [actum

295 986 371 1033 est
391 977 552 1042 nihil;
581 976 774 1032 frustra
803 977 961 1036 nobis
979 978 1307 1039 divinitatem
1339 976 1498 1033 Verbi
1529 977 1873 1049 praedicaret,

295 1067 343 1122 si
373 1067 530 1123 Verbi
561 1066 942 1123 humanitatem
970 1076 1187 1123 taceret.
1218 1067 1285 1123 Ut
1314 1067 1456 1123 enim
1483 1066 1609 1121 illud
1645 1066 1873 1135 videam,

212 1219 220 1235 ι
296 1156 387 1214 hic
408 1172 615 1213 mecum
636 1159 827 1229 agitur;
860 1168 915 1212 ut
935 1148 1122 1228 purget
1142 1157 1210 1212 ad
1236 1156 1365 1211 illud
1386 1156 1870 1226 contemplandum,

296 1244 590 1303 inﬁrmitati
616 1263 749 1303 mea:
773 1248 891 1317 ipse
919 1248 1182 1302 subvenit.
1212 1245 1560 1318 Suscipiendo
1589 1245 1655 1301 de
1686 1254 1872 1301 natura

296 1335 529 1392 humana
557 1338 726 1407 ipsam
766 1346 1007 1392 naturam
1033 1336 1316 1391 humanam
1339 1377 1354 1401 ,
1386 1334 1555 1390 factus
1582 1343 1665 1390 est
1692 1334 1873 1389 homo.

295 1428 455 1485 Venit
497 1444 617 1485 cum
645 1430 888 1500 jumento
908 1430 1083 1484 cernis
1111 1431 1176 1483 ad
1204 1443 1327 1485 eum
1354 1428 1443 1499 qui
1474 1427 1683 1497 jacebat
1712 1428 1764 1482 in
1792 1427 1876 1481 via

294 1522 600 1579 vulneratus
620 1521 773 1593 (Luc.
804 1538 839 1577 ι
863 1563 878 1587 ,
898 1520 1113 1593 80-57),
1140 1530 1198 1575 ιιι
1220 1535 1436 1591 parvam
1461 1518 1616 1573 fidem
1637 1526 1874 1573 nostram

294 1613 673 1669 incarnationis
701 1627 813 1668 sure
841 1620 1176 1668 sacramento
1201 1611 1511 1665 informaret
1541 1611 1557 1642 ¹
1587 1618 1745 1680 atque
1778 1626 1877 1663 nu-

294 1706 480 1773 triret,
510 1705 813 1776 faceretque
854 1720 1101 1760 serenum
1128 1704 1452 1759 intellectum
1496 1700 1561 1756 ad
1589 1701 1874 1757 videndum

293 1796 436 1865 quod
458 1811 724 1866 nunquam
749 1795 927 1850 amisit
952 1810 1046 1865 per
1071 1793 1121 1849 id
1140 1794 1279 1863 quod
1308 1793 1559 1864 suscepit.
1583 1793 1715 1847 Esse
1730 1792 1872 1847 enim

294 1886 457 1955 ccepit
485 1885 645 1940 homo
669 1926 684 1951 ,
715 1900 835 1941 esse
862 1898 965 1939 non
1010 1883 1214 1938 destitit
1258 1885 1419 1938 Deus.
1461 1884 1600 1953 Ergo
1638 1881 1752 1937 lucc
1792 1889 1875 1937 est

290 1975 597 2047 pnedicatio
619 1975 825 2030 Domini
859 1974 1025 2029 nostri
1048 1973 1175 2029 Jesu
1205 1970 1401 2028 Christi
1420 1972 1709 2029 secundum
1732 1972 1874 2043 quod

291 2063 552 2119 mediator
593 2074 705 2131 est,
741 2063 1031 2120 secundum
1062 2064 1203 2135 quod
1241 2072 1399 2133 caput
1445 2072 1528 2119 est
1578 2062 1869 2130 Ecclesiae;

291 2155 434 2226 quod
461 2155 603 2211 Deus
629 2155 787 2211 homo
815 2165 930 2222 est,
959 2164 1014 2213 et
1053 2155 1215 2209 homo
1251 2155 1392 2210 Deus
1424 2161 1544 2222 est,
1584 2169 1704 2209 cum
1733 2152 1874 2207 dicat

291 2244 524 2300 Joannes
556 2262 569 2299 :
602 2244 670 2300 Et
706 2244 924 2300 Verbum
950 2261 1067 2300 caro
1096 2245 1287 2315 factum
1319 2252 1426 2311 est,
1463 2252 1511 2298 et
1543 2243 1783 2298 habitauit
1819 2242 1873 2296 in

291 2335 450 2390 nobis.

362 2428 417 2481 4.
448 2424 678 2482 Christus
712 2433 921 2496 utroque
944 2424 1092 2479 modo
1114 2421 1491 2478 commendatus
1515 2420 1578 2475 ab
1604 2419 1869 2489 Apostolo.

291 2517 484 2572 Audite
507 2518 617 2587 jam
656 2524 939 2586 utrumque
968 2516 1019 2569 in
1050 2515 1142 2568 illo
1168 2513 1443 2568 notissimo
1467 2511 1700 2582 Capitula
1740 2525 1874 2582 apo-

290 2609 413 2665 stoli
443 2608 593 2664 Pauli
627 2626 640 2663 :
675 2607 775 2674 Qui
802 2623 916 2661 cum
939 2607 992 2661 in
1018 2606 1185 2678 forma
1212 2604 1305 2657 Dei
1327 2612 1488 2667 esset,
1517 2602 1725 2672 inquit,
1771 2618 1875 2655 non

290 2700 526 2770 rapinam
562 2700 833 2754 arbitratus
860 2708 933 2752 est
971 2715 1076 2752 csse
1108 2694 1316 2768 wqualis
1344 2694 1473 2748 Deo.
1506 2694 1615 2750 IIoc
1659 2702 1774 2760 est,
1808 2690 1876 2746 In

293 2792 544 2865 principio
570 2799 676 2845 erat
716 2789 950 2857 Verbum,
974 2798 1021 2844 et
1062 2786 1278 2844 Verbum
1296 2794 1402 2842 erat
1431 2783 1571 2857 apud
1598 2782 1763 2840 Deum
1781 2826 1798 2854 ,
1828 2791 1875 2841 et

293 2882 434 2941 Deus
459 2890 563 2938 erat
605 2880 838 2935 Verbum.
860 2879 1139 2947 Quomodo
1164 2878 1449 2949 Apostolus
1475 2876 1628 2943 dixit,
1654 2875 1773 2930 Non
1790 2892 1879 2930 ra-

293 2975 466 3045 pinam
493 2974 762 3027 arbitratus
787 2980 984 3027 estesse
1003 2969 1213 3041 aequalis
1242 2969 1368 3034 Deo,
1392 2969 1435 3023 si
1466 2982 1575 3023 non
1595 2974 1677 3022 est
1694 2980 1877 3037 xequa-

295 3066 362 3121 lis
390 3066 500 3121 Deo
516 3067 541 3120 ‘t
559 3064 613 3121 Si
636 3074 810 3119 autem
832 3065 988 3119 Pater
1009 3064 1168 3129 Deus,
1192 3063 1280 3117 ille
1306 3077 1411 3115 non
1438 3060 1593 3122 Deus,
1608 3058 1879 3130 quomodo

291 3157 547 3228 aequalis?
579 3155 679 3212 Ubi
708 3170 834 3225 ergo
855 3155 945 3210 ille
966 3155 1058 3220 ait,
1084 3153 1220 3207 Deus
1250 3161 1355 3207 erat
1388 3150 1628 3214 Verbum;
1655 3149 1725 3204 ibi
1754 3150 1875 3215 iste,

296 3249 420 3303 Non
444 3250 675 3319 rapinam
696 3248 966 3301 arbitratus
995 3256 1067 3301 est
1093 3263 1197 3301 esse
1232 3245 1438 3317 arqualis
1492 3243 1618 3298 Deo.
1685 3242 1751 3296 Et
1789 3241 1878 3295 ubi

294 3339 384 3394 ille
403 3380 419 3405 ,
456 3337 671 3393 Verbum
697 3354 815 3391 caro
845 3342 1033 3409 factum
1055 3346 1148 3401 cst,
1170 3346 1215 3390 et
1236 3335 1476 3389 habitavit
1498 3335 1549 3387 in
1578 3332 1760 3395 nobis;
1804 3331 1878 3386 ibi

296 3430 416 3493 iste,
451 3428 556 3484 Sed
571 3429 892 3498 semetipsum
918 3428 1190 3482 exinaniri:
1209 3468 1223 3493 ,
1252 3430 1469 3499 formam
1484 3425 1608 3479 servi
1629 3422 1879 3493 accipiens

297 3517 556 3589 (Philipp.
589 3533 660 3582 ιι,
691 3518 755 3582 6,
787 3518 863 3588 7).
888 3516 1161 3571 Attendite
1185 3534 1197 3569 :
1227 3531 1323 3585 per
1349 3516 1452 3569 hoc
1470 3529 1597 3584 ergo
1616 3513 1755 3583 quod
1783 3511 1880 3567 ho-

296 3623 388 3663 mo
409 3607 577 3663 factus
596 3616 677 3663 est
695 3648 709 3672 ,
732 3622 829 3677 per
857 3605 960 3661 hoc
984 3605 1127 3675 quod
1160 3605 1372 3659 Verbum
1410 3620 1527 3658 caro
1556 3602 1745 3673 factum
1769 3612 1841 3656 est
1859 3640 1875 3666 ,

297 3707 345 3752 et
369 3698 606 3751 habitavit
626 3697 680 3750 in
700 3696 865 3759 nobis;
885 3711 980 3765 per
1004 3694 1109 3749 hoc
1128 3695 1441 3765 semetipsum
1458 3691 1747 3755 exinaniuit,
1772 3692 1880 3762 for-

297 3806 434 3845 mam
474 3789 603 3843 serui
648 3788 918 3859 accipiens.
960 3787 1098 3856 Quid
1139 3786 1280 3843 enim
1317 3782 1642 3841 exinanivit?
1674 3781 1790 3836 Non
1820 3788 1879 3836 ut

295 3879 567 3935 amitteret
593 3877 921 3933 divinitatem
942 3919 958 3944 ,
986 3876 1079 3931 sed
1109 3883 1166 3930 ut
1190 3874 1432 3929 indueret
1460 3872 1837 3926 humanitatem
1856 3910 1876 3939 ,

297 3982 561 4040 apparens
589 3967 891 4023 hominibus
927 3966 1066 4037 quod
1093 3980 1197 4020 non
1224 3975 1338 4020 erat
1361 4007 1377 4032 ,
1407 3973 1688 4033 antequam
1716 3962 1877 4017 homo

298 4066 462 4114 esset.
489 4058 581 4115 Sic
603 4057 906 4129 apparendo
927 4074 984 4113 se
1011 4056 1320 4121 cxinanivit,
1349 4055 1399 4109 id
1421 4064 1523 4119 est,
1547 4068 1835 4109 reservans
1855 4055 1877 4086 ⁸

298 4149 609 4221 dignitatem
645 4149 973 4219 majestatis,
1002 4156 1056 4202 et
1095 4147 1320 4202 oilerens
1349 4160 1562 4201 carnem
1594 4145 1876 4200 indumen-

299 4247 410 4294 tum
436 4238 798 4294 humanitatis.
830 4238 933 4291 Per
953 4236 1005 4290 id
1032 4250 1159 4306 ergo
1173 4234 1313 4304 quod
1330 4235 1673 4304 semetipsum
1695 4236 1878 4289 exina-

298 4330 434 4385 nivit
461 4329 682 4385 formam
726 4327 865 4383 servi
894 4326 1161 4397 accipiens
1186 4326 1316 4396 (non
1343 4325 1565 4380 formam
1595 4325 1690 4380 Dei
1733 4325 1877 4381 acci-

298 4420 470 4490 piens.
507 4419 579 4474 De
610 4418 776 4472 forma
807 4418 899 4472 Dci
918 4432 1038 4471 cum
1063 4416 1282 4483 diceret,
1315 4431 1419 4470 non
1447 4415 1609 4481 dixit,
1637 4417 1872 4486 accepit;

297 4509 393 4566 sed
417 4551 432 4575 ,
459 4509 585 4565 Cum
605 4509 658 4563 in
684 4508 850 4579 forma
878 4506 975 4562 Dei
1004 4516 1129 4562 esset
1150 4509 1447 4563 constitutus
1466 4549 1481 4575 ,
1511 4523 1610 4561 non
1644 4510 1877 4578 rapinam

1324 4598 1389 4653 ad
1429 4598 1654 4653 formam
1697 4606 1873 4653 autem

299 4694 436 4748 servi
463 4693 550 4748 ubi
579 4703 793 4747 ventum
814 4701 915 4757 est,
933 4691 1193 4757 Formam,
1217 4692 1405 4762 inquit,
1424 4692 1550 4747 servi
1566 4690 1873 4762 accipiens):

298 4802 396 4856 per
416 4786 515 4840 hoc
535 4800 660 4855 ergo
681 4785 940 4842 mediator
958 4795 1013 4841 et
1031 4796 1186 4855 caput
1202 4795 1284 4841 est
1305 4785 1573 4851 Ecclesiae,
1599 4800 1694 4853 per
1719 4800 1872 4854 quem

299 4877 704 4933 reconciliantur
730 4878 843 4932 Deo
866 4918 883 4944 ,
911 4893 1006 4946 per
1031 4888 1416 4934 sacramentum
1444 4878 1754 4932 humilitatis
1780 4876 1800 4908 ³
1821 4886 1877 4933 et

300 4966 560 5036 passionis
583 4976 637 5023 et
665 4968 1067 5023 resurrectionis
1094 4977 1146 5025 et
1167 4970 1491 5025 ascensionis
1511 4980 1564 5025 et
1582 4970 1766 5039 judicii
1799 4970 1876 5024 fu-

303 5059 434 5126 turi,
456 5068 514 5115 ut
549 5060 656 5116 duo
684 5061 771 5116 illa
800 5060 970 5116 futura
998 5062 1297 5131 audiantur,
1326 5078 1445 5118 cum
1472 5064 1637 5118 semel
1666 5064 1874 5119 locutus

298 5148 368 5201 sit
395 5149 553 5205 Deus.
576 5150 677 5206 Ubi
703 5150 809 5205 duo
834 5151 1153 5206 audiuntur?
1179 5151 1281 5209 Ubi
1317 5152 1489 5209 reddit
1508 5154 1775 5226 unicuique
1792 5170 1874 5208 se-

297 5238 521 5292 cundum
550 5256 704 5306 opera
729 5257 823 5295 sua
852 5242 1061 5310 (Matth.
1092 5259 1176 5298 xvr
1198 5284 1212 5309 ,
1243 5242 1359 5316 27).

370 5327 599 5386 CAPUT
639 5329 725 5385 IV.
754 5360 826 5373 -—
852 5332 907 5388 5.
938 5330 1112 5387 Caneri
1138 5334 1282 5403 jubet
1322 5334 1385 5389 ab
1426 5334 1731 5391 Arianorum
1771 5336 1875 5391 ha:-

299 5420 419 5474 resi.
456 5419 730 5492 Virginitas
752 5423 930 5478 mentis
950 5424 1207 5496 integritas
1230 5426 1367 5495 ﬁdei.
1385 5425 1601 5497 Serpens
1628 5427 1875 5499 pollicita-

335 5616 339 5621 .
362 5579 381 5650 ξ
407 5576 600 5650 quidam
623 5577 1006 5650 l_ibri,__[irmaret.
1112 5609 1130 5623 -

362 5642 380 5701 ξ
410 5641 480 5689 Sic
499 5645 680 5701 riserat
699 5641 832 5701 editi,
857 5655 1092 5695 reserans.

361 5694 381 5723 ³
402 5697 617 5750 Nonnulli
639 5694 849 5766 codices,
868 5701 1189 5756 quamitatis.

1529 312 1585 369 S.
1616 305 1984 370 AUGUSTINI
2020 307 2328 367 EPISCOPI

3432 317 3568 377 M90

1981 422 2117 478 tione
2167 422 2391 479 scientia
2439 423 2698 481 reducens.
2753 424 2865 482 Hoc
2904 440 3031 499 ergo
3072 434 3345 494 tenentes,
3398 430 3562 484 noiite

1981 517 2301 583 qumstiones
2328 514 2508 570 mirari
2548 510 2854 580 hominum,
2882 531 3002 588 qua:
3026 525 3246 585 serpunt
3279 517 3415 572 sicut
3438 534 3563 572 can-

1982 616 2091 667 cer,
2120 603 2571 673 quemadmodum
2601 604 2731 658 dixit
2760 605 3046 674 Apostolus
3077 604 3143 674 (II
3168 605 3301 659 Tim.
3333 622 3390 672 ιι,
3421 608 3512 675 Π)
3546 626 3559 661 :

1981 692 2075 747 sed
2100 694 2362 749 custodite
2397 707 2555 750 aures
2587 703 2830 762 vestras,
2877 704 2931 750 et
2965 696 3319 765 virginitatem
3370 699 3561 753 mentis

1980 793 2191 854 vestrm,
2215 796 2465 858 tanquam
2491 787 2798 857 desponsati
2825 788 2891 843 ab
2910 789 3082 845 amico
3105 792 3287 858 sponsi
3317 794 3404 845 uni
3437 792 3560 847 viro

1981 879 2235 951 vlrginem
2272 892 2471 938 castam
2516 881 2770 938 exhibere
2819 881 3053 937 Christo.
3097 883 3381 954 Virginitas
3418 885 3561 938 enim

1980 979 2155 1031 vestra
2181 972 2235 1027 in
2269 982 2468 1028 mente.
2504 972 2787 1043 Virginitas
2810 974 3051 1042 corporis
3081 974 3133 1028 in
3162 976 3341 1042 paucis
3373 972 3561 1031 Eccle«

1981 1060 2076 1115 sia:
2104 1079 2118 1115 :
2146 1062 2420 1132 virginitas
2448 1063 2643 1118 mentis
2683 1064 2734 1118 in
2763 1063 3012 1118 omnibus
3041 1063 3284 1118 fidelibus
3311 1077 3434 1119 esse
3465 1062 3560 1117 dc-

1979 1151 2086 1206 hct.
2123 1152 2271 1208 lianc
2302 1154 2657 1223 virginitatem
2686 1154 2798 1208 vult
2821 1169 3046 1223 serpens
3084 1168 3458 1222 corrumpere,
3488 1153 3558 1209 de

1979 1257 2084 1313 quo
2106 1242 2246 1299 Idem
2281 1245 2552 1314 apostolus
2573 1245 2699 1299 dicit
2731 1263 2744 1300 :
2779 1245 3093 1314 Desponsavi
3115 1261 3200 1300 vos
3223 1246 3311 1299 uni
3336 1246 3440 1299 viro
3458 1247 3559 1300 vir-

1978 1335 2143 1405 ginem
2171 1344 2359 1389 castam
2377 1336 2607 1391 exhibere
2628 1336 2846 1391 Christo.
2873 1336 2940 1391 Et
2969 1338 3137 1404 timeo,
3165 1354 3227 1391 ne
3247 1339 3373 1393 sicut
3390 1336 3551 1393 Euam

1978 1428 2167 1481 astutia
2192 1444 2285 1481 sua
2322 1445 2531 1501 serpens
2566 1430 2792 1501 decepit;
2816 1431 2888 1485 sic
2912 1447 3108 1502 quoque
3132 1442 3180 1484 et
3206 1433 3356 1487 vestri
3378 1449 3554 1486 sensus

1978 1529 2385 1589 corrumpantur,
2411 1530 2457 1574 et
2481 1521 2716 1575 excidant
2743 1539 2775 1575 a
2803 1523 3029 1577 castitate
3051 1539 3166 1593 qua:
3188 1533 3259 1578 est
3286 1525 3338 1577 in
3356 1520 3558 1578 Christo

1975 1605 2101 1662 Iesu
2123 1606 2190 1681 (II
2232 1610 2351 1665 Cor.
2384 1627 2463 1678 ιι,
2494 1611 2550 1677 2,
2580 1613 2656 1682 5).
2699 1611 2863 1667 Vestri
2912 1615 3101 1684 inquit,
3128 1632 3302 1669 sensus
3322 1657 3336 1681 ,
3372 1615 3423 1669 id
3453 1625 3555 1681 est,

1977 1707 2174 1754 vestrae
2194 1710 2422 1756 mentes.
2451 1701 2582 1756 Nam
2614 1702 2716 1757 hoc
2750 1704 2917 1774 magis
2936 1705 3206 1774 proprium
3232 1714 3331 1759 est.
3359 1704 3558 1761 Sensus

1976 1791 2117 1844 enim
2135 1791 2493 1862 intelliguntur
2506 1800 2560 1849 et
2580 1792 2736 1863 hujus
2750 1796 3011 1863 corporis,
3030 1794 3271 1863 videndi,
3287 1794 3555 1861 audiendi,

1977 1880 2269 1948 odorandi,
2298 1883 2577 1952 gustandi,
2606 1883 2875 1953 tangendi.
2907 1884 3111 1939 Mentes
3150 1892 3357 1939 nostras
3385 1883 3559 1938 timuit

1975 1971 2242 2042 corrumpi
2281 1973 2604 2043 Apostolus,
2657 1973 2743 2027 ubi
2780 1982 2862 2028 est
2907 1972 3029 2028 fidei
3069 1974 3361 2044 virginitas.
3404 1973 3557 2028 Modo

1976 2076 2159 2132 perge,
2183 2062 2415 2130 anima‘,
2444 2062 2796 2134 virginitatem
2828 2074 2971 2119 tuam
2999 2080 3151 2121 serva
3172 2107 3187 2131 ,
3220 2064 3554 2121 fecundanda

1976 2162 2158 2223 postea
2188 2154 2242 2208 in
2270 2155 2513 2223 amplexu
2556 2156 2737 2225 sponsi
2774 2156 2871 2209 tui.
2918 2155 3100 2225 Sepite
3142 2171 3298 2226 ergo,
3329 2164 3387 2211 ut
3424 2157 3560 2211 scri-

1975 2254 2123 2314 ptum
2147 2253 2419 2313 est,aures
2440 2254 2644 2301 vestras
2673 2246 2839 2315 spinis
2868 2245 3053 2319 (Eecti.
3076 2262 3261 2309 nvut,
3287 2245 3402 2317 28).
3425 2246 3560 2301 Tur-

1978 2334 2125 2388 bavit
2163 2333 2356 2389 fratres
2386 2335 2626 2389 inﬁrmos
2655 2336 2906 2389 Ecclesia:
2946 2337 3170 2405 quaestio
3196 2337 3510 2390 Arianorum
3544 2355 3559 2392 :

1978 2421 2077 2478 sed
2108 2423 2161 2478 in
2202 2423 2415 2477 Domini
2442 2424 2809 2479 misericordia
2835 2425 3104 2493 superavit
3125 2425 3381 2480 catholica
3410 2427 3559 2481 fides.

1976 2514 2093 2569 Non
2121 2514 2261 2569 enim
2284 2515 2525 2569 deseruit
2552 2516 2641 2570 ille
2668 2515 2963 2570 Ecclesiam
2986 2529 3166 2579 suam;
3191 2524 3244 2570 et
3263 2516 3307 2572 si
3334 2516 3399 2569 ad
3422 2526 3560 2571 tem-

1978 2619 2078 2674 pus
2101 2604 2333 2660 turbavit
2357 2620 2497 2671 eam,
2530 2606 2600 2660 ob
2622 2607 2724 2661 hoc
2752 2606 3017 2672 turbavit,
3047 2614 3104 2660 ut
3128 2621 3339 2675 semper
3361 2606 3562 2675 suppli-

1977 2704 2127 2750 caret
2171 2697 2243 2763 ei,
2286 2710 2315 2748 a
2363 2710 2470 2765 quo
2515 2696 2569 2750 in
2623 2695 2793 2751 solida
2844 2706 2992 2766 petra
3034 2696 3454 2751 confirmaretur.
3495 2697 3562 2750 Et

1978 2785 2149 2844 adhuc
2172 2787 2415 2845 mussitat
2440 2802 2681 2860 serpens,
2712 2797 2767 2847 et
2804 2804 2907 2847 non
2939 2796 3100 2849 tacet.
3129 2788 3328 2861 Qumrit
3347 2788 3558 2862 pollici-

1980 2879 2181 2934 tatione
2230 2880 2457 2951 quadam
2485 2883 2721 2937 scientiae
2748 2881 2984 2952 dejicere
3005 2883 3071 2938 de
3099 2883 3344 2952 paradiso
3373 2884 3560 2938 Eccle-

1980 2969 2073 3023 siae
2096 3009 2112 3033 ,
2135 2984 2293 3039 quem
2328 2984 2430 3025 non
2460 2973 2731 3039 permittat
2760 2973 2936 3029 redire
2965 2972 3031 3028 ad
3059 2973 3207 3028 illum
3234 2973 3557 3044 paradisum,

1981 3059 2120 3114 unde
2142 3060 2342 3128 primus
2368 3060 2530 3116 homo
2555 3063 2796 3132 deiectus
2819 3073 2922 3119 est.

2050 3149 2276 3207 CAPUT
2315 3152 2377 3206 V.
2406 3184 2476 3194 —
2504 3154 2557 3209 6.
2610 3154 2677 3208 Id
2723 3173 2858 3209 nunc
2900 3159 3006 3228 agit
3048 3158 3102 3213 in
3136 3157 3387 3225 Ecclesia,
3426 3158 3561 3228 quod

1981 3242 2104 3297 olim
2131 3244 2183 3296 in
2212 3246 2470 3312 paradiso.
2499 3246 2687 3301 Contra
2712 3247 2944 3314 Arianos,
2968 3251 3218 3322 quomodo
3248 3251 3401 3305 Pater
3427 3250 3561 3306 Filio

1980 3335 2168 3399 maior.
2187 3332 2375 3388 Filium
2394 3334 2541 3389 Patri
2552 3353 2655 3391 esse
2673 3338 2915 3405 aequalem
2932 3340 2983 3392 in
3004 3340 3168 3409 forma
3191 3339 3303 3406 Dei,
3320 3341 3562 3396 minorem

1981 3422 2034 3477 in
2065 3424 2228 3492 [arma
2254 3425 2400 3479 servi.
2444 3425 2723 3494 lntendite,
2744 3427 2954 3484 fratres.
2983 3429 3134 3493 Quod
3163 3440 3365 3499 gestum
3396 3440 3479 3487 est
3506 3432 3559 3485 in

1982 3514 2076 3570 illo
2104 3516 2369 3585 paradiso,
2394 3517 2497 3572 hoc
2516 3518 2718 3588 geritur
2734 3520 2784 3573 in
2801 3519 3062 3575 Ecclesia.
3085 3520 3251 3575 Nemo
3278 3536 3375 3575 nos
3401 3521 3560 3576 sedu-

1982 3614 2068 3657 cat
2092 3606 2160 3658 ab
2185 3606 2286 3659 isto
2312 3608 2575 3675 paradiso.
2596 3607 2835 3664 Sufficiat
2858 3609 2997 3679 quod
3028 3610 3172 3666 illinc
3197 3611 3327 3680 lapsi
3352 3625 3558 3675 sumus,

1979 3691 2065 3745 vel
2092 3694 2296 3760 experti
2324 3697 2670 3764 corrigamur.
2704 3698 2820 3766 Ipse
2848 3709 2930 3754 est
2956 3715 3210 3768 serpens,
3239 3701 3326 3770 qui
3353 3715 3562 3769 semper

1980 3782 2215 3852 suggerit
2255 3782 2584 3852 iniquitatem
2628 3793 2685 3840 et
2731 3787 3078 3855 impietatem.
3124 3789 3241 3858 Ipse
3280 3791 3561 3860 aliquando

1980 3871 2244 3943 promittit
2281 3872 2674 3941 impunitatem,
2706 3876 3149 3945 quemadmodum
3178 3886 3232 3932 et
3258 3880 3326 3933 ibi
3359 3880 3559 3949 promi-

1979 3962 2069 4025 sit,
2099 3961 2283 4017 dicens
2312 3981 2326 4016 :
2359 3962 2622 4033 Numquid
2646 3975 2803 4019 morte
2829 3967 3113 4021 moriemini
3151 3967 3303 4038 (Gen.
3339 3985 3391 4021 Ill
3412 4009 3427 4033 ,
3457 3970 3559 4039 4)?

1982 4052 2101 4123 Ipse
2131 4055 2253 4109 talia
2281 4056 2533 4126 suggerit,
2573 4065 2630 4111 ut
2670 4057 2830 4112 modo
2875 4059 3010 4113 male
3039 4059 3218 4114 vivant
3245 4059 3553 4115 Christiani.

1980 4143 2245 4214 Numquid
2274 4159 2481 4211 omnes,
2516 4146 2684 4218 inquit
2724 4148 3025 4218 perditurus
3065 4159 3147 4204 est
3188 4150 3363 4205 Deus?
3403 4167 3557 4205 num-

1980 4236 2108 4307 quid
2139 4251 2327 4293 omnes
2353 4238 2697 4295 damnaturus
2723 4250 2805 4295 est
2830 4241 3005 4296 Deus?
3034 4241 3126 4297 Ille
3151 4241 3297 4307 dicit,
3331 4244 3559 4297 Damna-

1980 4327 2050 4382 bo
2078 4345 2094 4383 :
2124 4327 2391 4397 ignoscam
2430 4329 2509 4383 eis
2549 4330 2636 4399 qui
2677 4345 2735 4385 se
2776 4332 3130 4397 mutaverint;
3174 4343 3379 4387 mutent
3421 4333 3557 4412 facta

1980 4434 2093 4486 sua,
2128 4430 2276 4476 muto
2301 4422 2471 4475 minas
2497 4436 2666 4478 meas.
2696 4423 2813 4492 Ipse
2837 4432 2919 4478 est
2958 4439 3085 4494 ergo
3110 4424 3199 4494 qui
3228 4434 3554 4493 murmurat,

1978 4519 2033 4568 et
2056 4513 2334 4577 mussitat,
2367 4521 2422 4568 et
2448 4514 2575 4568 dicit
2605 4532 2618 4567 :
2649 4515 2786 4571 Ecce
2833 4516 2920 4569 ubi
2964 4517 3216 4585 scriptum
3260 4526 3360 4582 est,
3406 4517 3560 4571 Pam

1977 4603 2144 4669 maior
2192 4619 2276 4658 me
2320 4613 2390 4657 est
2419 4603 2618 4675 (Joan.
2675 4621 2787 4671 xiv,
2820 4606 2948 4672 9.8);
2981 4616 3035 4660 et
3062 4617 3116 4661 tu
3143 4607 3274 4662 dicis
3299 4608 3555 4677 requalcm

1979 4691 2161 4747 Patri?
2200 4693 2421 4763 Accipio
2462 4693 2606 4763 quod
2635 4694 2770 4749 dicis
2812 4713 2826 4747 :
2871 4695 2966 4751 sed
3013 4704 3294 4765 utrumque
3331 4694 3551 4763 accipio,

1978 4782 2101 4852 quia
2126 4792 2408 4854 utrumque
2429 4783 2563 4856 lego.
2594 4786 2768 4852 Quare
2797 4796 2850 4841 tu
2878 4803 3041 4841 unum
3068 4788 3283 4856 accipis,
3312 4795 3364 4839 et
3392 4801 3552 4840 unum

1980 4889 2084 4928 non
2126 4874 2241 4928 vis?
2269 4875 2400 4929 Nam
2435 4892 2645 4931 mecum
2675 4885 2960 4947 utrumque
3004 4878 3196 4947 legisti.
3230 4876 3366 4929 Ecce
3400 4874 3556 4929 Pater

1978 4966 2144 5037 major
2170 4982 2248 5019 me
2274 4975 2383 5031 est;
2422 4967 2623 5036 accipio
2644 5010 2658 5028 .
2685 4984 2791 5022 non
2823 4984 2851 5023 a
2882 4978 2964 5033 te,
2995 4968 3089 5023 sed
3117 4969 3184 5022 ab
3227 4966 3553 5036 Evangelio:

1978 5064 2030 5111 et
2056 5063 2115 5110 tu
2138 5070 2259 5110 esse
2282 5056 2475 5110 Filium
2499 5059 2758 5127 aequalem
2789 5059 2897 5113 Deo
2924 5058 3088 5120 Patri,
3116 5057 3298 5124 accipe
3322 5055 3389 5111 ab
3416 5058 3559 5127 Apo-

1978 5144 2134 5200 stolo.
2153 5145 2425 5216 Conjunge
2462 5155 2762 5215 utrumque,
2787 5156 3065 5215 utrumque
3083 5145 3407 5201 concordet:
3434 5148 3553 5216 quia

1979 5236 2065 5307 qui
2094 5236 2301 5291 locutus
2320 5247 2405 5292 est
2434 5252 2529 5306 per
2551 5237 2811 5292 Joannem
2843 5239 2893 5290 in
2923 5236 3231 5306 Evangelia,
3265 5238 3381 5307 ipse
3404 5238 3554 5291 locu-

1978 5335 2065 5380 tus
2083 5334 2165 5381 est
2187 5342 2282 5396 per
2307 5327 2525 5382 Paulum
2548 5327 2600 5382 in
2630 5329 2723 5397 Ep.
2743 5328 2884 5381 itola.
2908 5326 3022 5382 Non
3042 5336 3217 5397 potest
3242 5345 3352 5398 ipse
3369 5340 3548 5381 secum

1978 5415 2283 5473 discordare
2311 5435 2326 5473 :
2351 5418 2445 5474 sed
2475 5429 2528 5473 tu
2557 5419 2895 5474 concordiam
2923 5420 3312 5489 Scripturarum
3342 5433 3445 5471 non
3471 5417 3550 5472 vis

1979 5508 2294 5577 intelligere,
2321 5524 2440 5565 cum
2462 5525 2608 5566 amas
2628 5512 2742 5580 ipse
2763 5511 2989 5580 litigare.
3016 5512 3120 5568 Sed
3150 5527 3213 5566 es
3243 5509 3547 5580 Evangelio,

1981 5599 2169 5670 inquit,
2199 5599 2398 5669 probo:
2430 5600 2585 5654 Pater
2607 5603 2769 5671 major
2794 5620 2872 5659 me
2894 5613 2982 5658 est.
3013 5604 3077 5658 Et
3100 5615 3199 5671 ego
3223 5616 3287 5654 cx
3314 5600 3548 5673 Evange—

2047 5711 2061 5741 ⁸
2082 5710 2246 5760 Hortis
2264 5716 2315 5762 et
2334 5711 2663 5764 atheniensis
2684 5713 2809 5765 liber
2834 5729 2847 5765 :
2874 5713 3011 5767 Modo
3031 5725 3143 5779 (rgo
3158 5708 3337 5764 animo.
