3996 6192
369 320 389 375 Ι
402 316 506 373 497

354 445 432 499 no
471 438 676 512 probo:
705 435 816 509 Ego
858 446 906 491 et
928 435 1083 491 Pater
1126 452 1280 490 unum
1325 451 1496 491 sumus
1519 436 1699 507 (Joan.
1724 441 1922 509 x,30).

353 528 637 602 Quomodo
689 538 973 598 utrumque
1006 542 1188 582 verum
1209 526 1328 582 est?
1355 527 1630 594 Quomodo
1657 543 1754 583 nos
1778 529 1933 585 docet

351 619 666 692 Apostolus,
693 617 802 691 Ego
828 627 873 671 et
900 615 1058 672 Pater
1083 633 1238 670 unum
1257 619 1464 672 sumus?
1490 617 1589 685 Qui
1615 635 1727 672 cum
1749 621 1800 673 in
1823 622 1932 690 [or-

351 729 438 765 ma
468 709 566 764 Dei
591 719 760 776 esset,
789 724 889 762 non
917 708 1148 778 rapinam
1176 706 1444 760 arbitratus
1486 717 1556 762 est
1591 725 1696 763 esse
1723 708 1930 780 aqualis

353 800 479 854 Deo.
508 797 666 859 Audi,
694 798 852 852 Pater
874 799 1037 868 major
1061 814 1138 851 me
1158 806 1229 852 est
1251 812 1271 852 :
1298 797 1386 852 sed
1408 798 1722 866 semetipsum
1750 800 1926 852 exina-

349 892 495 954 m'eit,
523 893 743 962 formam
767 889 894 942 servi
919 888 1186 956 accipiens.
1219 887 1358 942 Ecce
1383 902 1482 956 ego
1508 887 1732 942 ostendo
1763 903 1929 957 quare

349 985 523 1055 major
544 994 626 1037 est
651 1001 664 1037 :
690 993 744 1036 tu
770 980 992 1036 ostende
1018 982 1068 1033 in
1095 996 1200 1051 quo
1221 981 1436 1050 mqualis
1463 996 1568 1034 non
1590 988 1691 1034 est.
1715 979 1932 1035 Utrum-

347 1090 452 1140 que
472 1075 616 1129 enim
645 1073 887 1144 legimus.
921 1071 1091 1125 Minor
1112 1079 1193 1124 est
1221 1071 1394 1136 Patre,
1418 1071 1467 1123 in
1497 1079 1751 1139 quantum
1791 1070 1928 1124 lilius

349 1166 580 1220 hominis
612 1175 696 1219 est
729 1181 742 1216 :
775 1163 994 1232 mqualis
1021 1161 1200 1227 Patri,
1233 1161 1286 1215 in
1325 1169 1577 1229 quantum
1611 1161 1772 1215 Filius
1801 1161 1923 1226 Dei;

347 1258 468 1326 quia
497 1256 638 1309 Deus
666 1264 782 1308 erat
807 1253 1062 1308 Verbum.
1113 1252 1370 1307 Mediator
1393 1293 1406 1316 ,
1442 1254 1584 1308 Deus
1629 1260 1684 1307 et
1727 1254 1922 1307 homo:

350 1351 491 1405 Deus
517 1348 735 1419 :equalis
765 1347 907 1401 Patri
931 1387 946 1411 ,
989 1346 1150 1400 homo
1186 1347 1358 1399 minor
1387 1345 1560 1399 Patre.
1596 1344 1691 1398 Est
1720 1333 1848 1412 ergo
1873 1353 1927 1399 et

347 1439 566 1510 aqualis
588 1447 641 1490 et
669 1437 847 1490 minor
878 1453 890 1488 :
923 1436 1138 1505 aequalis
1180 1436 1234 1489 in
1279 1436 1445 1488 forma
1491 1435 1605 1498 Dei,
1657 1435 1832 1488 minor
1871 1434 1923 1490 in

347 1529 522 1584 forma
549 1529 708 1582 servi.
739 1527 820 1581 Tu
849 1542 977 1597 ergo
1015 1527 1118 1590 dic,
1162 1525 1305 1580 unde
1351 1526 1570 1595 aequalis
1615 1534 1667 1582 et
1713 1526 1925 1582 minor?

344 1619 608 1689 Numquid
626 1619 725 1672 alia
748 1626 899 1690 parte
921 1617 1160 1686 :equalis,
1183 1625 1236 1670 et
1264 1615 1366 1672 alia
1389 1626 1536 1688 parte
1559 1619 1767 1673 minor?
1788 1619 1924 1675 Ecce

345 1719 561 1780 excepta
587 1709 923 1778 susceptione
949 1707 1124 1760 carnis
1143 1748 1158 1773 ,
1186 1709 1407 1765 ostende
1440 1711 1564 1763 mihi
1588 1710 1844 1779 :equalem
1869 1718 1925 1765 et

343 1801 624 1855 minorem.
649 1797 801 1854 Unde
828 1797 1286 1853 demonsuaturus
1306 1815 1384 1866 es,
1412 1800 1534 1853 volo
1561 1799 1762 1854 videre.

408 1890 639 1946 CAPUT
673 1890 762 1945 Vl.
791 1919 861 1932 -ο
903 1893 952 1944 7.
998 1890 1166 1946 Filius
1206 1890 1300 1944 Dei
1360 1902 1477 1958 ante
1528 1893 1922 1946 incarnationem

343 1984 477 2038 nullo
505 1981 663 2037 modo
694 1983 854 2036 mittor
887 1981 1058 2035 Patre.
1099 1981 1372 2036 Attendite
1413 1981 1736 2050 impietatem
1765 1981 1919 2035 stoli-

343 2077 458 2130 dam
484 2090 708 2129 carnem
738 2088 923 2142 sapere
944 2115 958 2139 ,
990 2073 1256 2143 quomodo
1289 2074 1541 2143 scriptum
1567 2084 1649 2129 est
1675 2093 1688 2128 :
1727 2073 1921 2143 Sapere

341 2165 612 2219 secundum
649 2180 879 2226 carnem,
911 2179 1045 2216 mors
1085 2173 1155 2217 est
1187 2161 1359 2233 (Rom.
1386 2178 1477 2217 vni
1499 2204 1513 2228 ,
1545 2163 1619 2232 6).
1651 2163 1746 2218 llic
1769 2164 1914 2218 siste.

343 2253 632 2324 Sequestro
662 2254 835 2307 adhuc
855 2294 870 2316 ,
897 2261 951 2306 et
978 2253 1208 2306 nondum
1241 2253 1427 2322 loquor
1453 2253 1521 2307 de
1556 2253 1918 2309 incarnatione

343 2346 548 2401 Domini
582 2345 746 2398 nostri
797 2343 923 2398 Jesu
961 2343 1157 2398 Christi
1185 2343 1325 2398 unici
1357 2343 1474 2396 Filii
1509 2343 1598 2396 Dei
1634 2361 1646 2396 :
1676 2343 1768 2396 sed
1799 2353 1916 2396 tan-

343 2453 502 2508 quam
532 2438 754 2491 nondum
797 2435 992 2490 factum
1031 2436 1100 2489 sit
1136 2434 1275 2504 quod
1299 2435 1407 2502 jam
1449 2434 1642 2488 factum
1693 2445 1794 2499 est,
1831 2443 1914 2488 at-

343 2531 504 2583 tendo
539 2538 728 2591 tecum,
763 2526 830 2580 In
880 2527 1128 2597 principio
1177 2535 1281 2579 erat
1321 2524 1555 2589 Verbum,
1601 2535 1646 2579 et
1703 2525 1916 2580 Verbum

336 2631 442 2674 erat
479 2621 620 2689 apud
661 2618 845 2684 Deum,
895 2627 941 2673 et
991 2617 1126 2672 Deus
1165 2626 1270 2670 erat
1318 2615 1560 2679 Verbum;
1595 2619 1688 2669 hoc
1724 2627 1829 2669 erat
1863 2619 1916 2669 in

337 2713 586 2781 principio
648 2712 790 2776 apud
841 2708 1028 2764 Deum.
1080 2707 1313 2762 Attendo
1373 2718 1544 2762 tecum
1577 2747 1595 2774 ,
1652 2707 1750 2775 Qui
1801 2725 1915 2762 cum

335 2803 384 2855 in
421 2806 588 2872 (arma
620 2801 713 2855 Dei
759 2812 922 2867 esset,
964 2817 1065 2853 non
1107 2800 1339 2869 rapinam
1379 2799 1650 2853 arbitratus
1693 2809 1763 2852 est
1812 2815 1916 2853 esse

334 2896 540 2962 canalis
587 2891 717 2946 Deo.
763 2892 836 2947 lbi
884 2891 1012 2946 mihi
1055 2890 1278 2946 ostende
1322 2897 1378 2946 et
1423 2890 1677 2958 majorem
1717 2901 1770 2944 et
1812 2893 1913 2944 mi-

335 3000 539 3039 norem.
572 2983 707 3049 Quid
756 2982 992 3037 dicturus
1057 2981 1154 3036 es?
1187 2981 1458 3035 Divisurus
1499 2995 1558 3034 es
1606 2981 1770 3035 Deum
1819 2995 1914 3050 per

335 3074 636 3144 qualitates,
667 3072 718 3126 id
739 3082 843 3137 est,
873 3087 969 3141 per
993 3071 1246 3141 quasdam
1277 3070 1584 3124 affectiones
1608 3070 1913 3138 corporales

337 3165 419 3218 vel
445 3165 696 3218 animales
715 3206 729 3228 ,
767 3165 818 3217 in
846 3163 1037 3232 quibus
1071 3161 1210 3215 aliud
1239 3169 1401 3231 atque
1428 3161 1569 3214 aliud
1599 3171 1718 3214 esse
1743 3161 1911 3215 senti-

338 3257 490 3310 mus?
519 3256 843 3310 Naturaliter
869 3253 1049 3308 dicere
1075 3253 1287 3322 quidem
1316 3267 1529 3323 possum
1561 3269 1574 3304 :
1603 3251 1695 3305 sed
1734 3261 1910 3304 utrum

335 3347 412 3401 sic
434 3358 487 3401 et
514 3362 608 3400 \os
651 3345 957 3415 intelligatis
978 3387 992 3410 ,
1043 3344 1184 3399 Deus
1209 3343 1415 3398 viderit.
1445 3343 1585 3414 Ergo
1605 3385 1618 3407 ,
1651 3352 1709 3399 ut
1735 3343 1912 3397 dicere

336 3455 621 3509 cameram,
649 3449 773 3494 ante
801 3439 1194 3508 susceptionem
1237 3437 1430 3501 carnis,
1463 3447 1744 3505 antequam
1771 3435 1910 3489 Ver-

337 3530 458 3584 bum
483 3545 606 3585 caro
632 3530 785 3584 ﬁeret
813 3539 868 3584 et
897 3529 1162 3583 habitaret
1189 3529 1238 3581 in
1270 3528 1422 3582 nobis
1445 3569 1460 3593 ,
1492 3527 1712 3582 ostende
1740 3527 1912 3580 mino-

337 3639 470 3688 rem,
498 3624 720 3679 ostende
740 3623 1019 3693 :equalem.
1047 3621 1310 3691 Numquid
1333 3620 1475 3673 aliud
1506 3630 1556 3672 ct
1585 3620 1724 3676 aliud
1751 3620 1908 3686 Deus,

337 3723 401 3767 ut
451 3729 518 3768 ex
569 3715 671 3767 alia
717 3723 863 3782 parte
909 3715 977 3767 sit
1023 3714 1197 3766 minor
1264 3712 1357 3766 illo
1396 3711 1579 3773 Filius,
1614 3719 1667 3764 et
1701 3727 1765 3765 ex
1809 3711 1911 3764 alia

343 3815 499 3872 parte
539 3803 613 3855 illi
657 3804 910 3872 :equalis?
941 3803 1107 3856 Veluti
1139 3806 1181 3856 si
1209 3802 1481 3868 dicamus,
1517 3800 1750 3871 Corpora
1790 3810 1914 3858 sunt

337 3893 619 3964 qumdam;
654 3904 802 3963 potes
843 3893 972 3948 mihi
1001 3894 1214 3958 dicere,
1246 3892 1475 3962 Equale
1523 3902 1604 3947 est
1644 3894 1696 3947 in
1740 3893 1910 3962 longi-

337 3986 551 4050 tudine,
597 3986 688 4041 εει]
731 3987 909 4041 minus
935 3995 1018 4041 est
1067 3987 1116 4039 in
1147 3985 1358 4040 robore.
1410 3984 1727 4054 Plerumque
1770 3984 1910 4038 enim

331 4077 439 4131 duo
465 4091 689 4146 corpora
733 4077 856 4130 talia
896 4084 1216 4140 occurrunt,
1249 4082 1305 4129 ut
1330 4083 1529 4129 statura
1570 4073 1912 4144 longitudinis

333 4169 556 4238 equalia
583 4169 709 4231 sint,
739 4169 934 4222 robore
959 4175 1132 4220 autem
1163 4182 1324 4220 unum
1354 4167 1422 4219 sit
1447 4166 1622 4220 minus
1641 4207 1656 4229 ,
1683 4165 1909 4219 alterum

334 4258 524 4327 majus.
544 4258 682 4328 Ergo
700 4259 823 4312 talia
841 4255 990 4329 quasi
1013 4272 1234 4326 corpora
1251 4257 1526 4327 cogitatnri
1543 4271 1726 4310 sumus
1747 4256 1910 4309 Deum

331 4357 386 4401 ct
417 4347 601 4401 Filium
634 4347 792 4416 ejus?
831 4347 1107 4417 eogitaturi
1148 4362 1332 4401 sumus
1379 4361 1499 4399 eum
1538 4346 1626 4414 qui
1672 4355 1812 4400 totus
1858 4345 1910 4399 in

331 4437 494 4490 Maria
523 4437 648 4504 fuit,
680 4447 823 4492 totus
857 4438 996 4505 apud
1026 4438 1269 4501 Patrem,
1304 4445 1443 4490 lotus
1471 4436 1521 4488 in
1551 4450 1741 4501 carne,
1771 4443 1913 4489 totus

333 4543 496 4594 super
524 4528 794 4598 Angelos?
820 4529 1036 4582 Avertat
1062 4528 1198 4581 Deus
1225 4529 1350 4580 istas
1377 4527 1721 4596 cogitationes
1745 4541 1773 4579 a
1795 4540 1914 4580 eor-

329 4618 491 4672 dibus
505 4617 946 4672 Christianorum.
966 4618 1095 4674 ltem
1113 4619 1248 4674 forte
1269 4621 1337 4674 ita
1358 4618 1634 4688 cogitabis,
1655 4626 1712 4671 ut
1731 4617 1874 4672 dicas
1893 4634 1908 4672 :

329 4708 402 4764 Et
429 4711 620 4764 robore
645 4719 700 4764 et
718 4711 1047 4782 longitudine
1069 4711 1319 4782 :equales,
1343 4711 1437 4765 sed
1465 4710 1644 4765 colore
1673 4711 1912 4780 dispares

329 4809 486 4854 sunt.
515 4798 615 4856 Ubi
652 4801 835 4866 color,
865 4803 965 4856 nisi
995 4801 1046 4856 in
1077 4801 1482 4871 corporalibus?
1514 4801 1586 4854 lbi
1616 4811 1794 4856 autem
1823 4803 1912 4856 lux

326 4893 634 4962 sapientiaa.
664 4893 896 4949 Ostende
927 4894 1053 4948 mihi
1081 4895 1315 4950 colorem
1338 4893 1577 4964 justitia.
1608 4893 1663 4948 Si
1695 4895 1792 4948 ista
1821 4909 1912 4948 co-

324 4987 503 5041 lorem
537 5001 642 5040 non
671 4985 888 5054 habent,
922 4997 977 5042 tu
1005 4987 1092 5043 illa
1118 4986 1184 5042 de
1223 4987 1331 5042 Deo
1358 5002 1462 5040 non
1489 4985 1716 5054 diceres,
1745 4988 1788 5041 si
1817 5003 1914 5058 pu-

322 5078 486 5132 doris
511 5078 742 5133 colorem
775 5078 1020 5134 haberes.

405 5166 466 5222 8.
509 5166 696 5224 Filium
721 5187 822 5224 non
847 5187 992 5240 posse
1019 5171 1118 5224 dici
1146 5170 1250 5223 alia
1286 5171 1480 5224 ratione
1505 5171 1769 5240 aequalem,
1809 5173 1913 5227 alia

323 5260 599 5315 minorem.
649 5260 719 5316 In
760 5261 869 5316 Deo
895 5279 996 5317 non
1040 5263 1184 5318 aliud
1207 5271 1440 5332 potestas,
1469 5264 1610 5318 aliud
1642 5265 1912 5335 prudentia

320 5361 371 5406 et
405 5362 601 5406 cazterte
647 5355 873 5408 uirtutes.
916 5354 1050 5424 Quid
1095 5369 1222 5425 ergo
1253 5354 1489 5431 d,eturus
1516 5356 1610 5410 es?
1642 5357 1910 5414 Potestate

320 5440 568 5509 aequales
594 5451 752 5510 sunt,
783 5443 877 5498 sed
915 5445 1088 5500 minor
1136 5445 1300 5502 Filius
1343 5445 1654 5516 prudentia?
1686 5447 1913 5517 lnjustus

321 5539 418 5584 est
441 5531 600 5597 Deus,
627 5534 670 5587 si
702 5534 894 5588 minori
916 5535 1206 5604 prudentia:
1232 5546 1545 5606 potestatem
1573 5537 1717 5594 dedit
1736 5555 1914 5610 xequa-

323 5622 460 5676 lem.
491 5621 546 5676 Si
579 5624 859 5694 prudentia
888 5626 1120 5698 aequales
1145 5637 1287 5696 sunt,
1315 5627 1412 5684 sed
1436 5628 1610 5684 minor
1634 5638 1715 5685 est
1743 5629 1910 5686 Filius

323 5722 631 5784 potestate,
662 5717 871 5775 invidus
913 5727 993 5774 est
1031 5718 1204 5787 Deus,
1245 5719 1333 5790 qui
1376 5721 1564 5792 aequali
1613 5721 1908 5793 prudentia:

1726 329 1952 388 SERMO
1989 327 2251 391 CCCX”.

3476 358 3610 416 1498

2042 452 2353 543 potestatem
2378 445 2523 502 dedit
2545 451 2826 510 minorem.
2855 455 2912 512 lu
2942 459 3052 516 Deo
3080 473 3255 520 autem
3282 479 3442 526 omne
3468 476 3607 543 quod

2037 530 2249 631 dicitur,
2279 534 2506 631 idipspm
2531 550 2630 596 est.
2654 543 2836 616 Neque
2867 550 3010 605 enim
3049 553 3100 607 in
3134 554 3241 610 Deo
3277 558 3417 614 aliud
3461 530 3609 631 pote—

2035 629 2148 722 stas
2181 632 2237 679 et
2285 625 2454 722 διε-ψι-
2483 633 2780 702 prudentia,
2809 639 2950 695 aliud
2980 642 3228 702 fortitudo
3267 658 3321 703 et
3362 625 3502 706 aliud
3523 655 3609 722 ju-

2033 711 2177 767 stitia
2206 724 2294 767 aut
2316 716 2455 771 aliud
2486 723 2720 778 castitas.
2745 726 3004 800 Quidquid
3037 734 3222 789 horum
3246 738 3311 793 de
3328 740 3434 794 Deo
3453 711 3606 808 dieis,

2034 817 2211 897 neque
2232 805 2370 859 aliud
2392 816 2446 861 et
2468 809 2607 864 aliud
2628 814 2956 886 intelligitur,
2983 831 3035 876 et
3063 825 3190 879 nihil
3207 827 3364 897 digne
3384 805 3604 887 diciturt

2033 894 2156 991 quia
2187 895 2614 991 luecanimarum
2638 915 2780 970 sunt,
2804 924 2936 976 quas
2957 913 3041 968 illa
3069 915 3153 970 lux
3181 894 3448 987 perfundit
3469 937 3604 991 quo-

2033 981 2155 1036 dam
2199 985 2375 1079 modo,
2409 997 2461 1042 et
2488 1006 2586 1060 pro
2613 995 2720 1048 suis
2745 999 3087 1066 qualitatibus
3113 981 3308 1074 allicit;
3340 981 3607 1079 quomodo

2031 1086 2152 1126 cum
2183 1073 2351 1128 oritur
2374 1080 2689 1146 corporibus
2713 1083 2800 1138 lux
2825 1087 2923 1141 ista
2946 1091 3184 1146 visibilis.
3209 1094 3266 1148 Si
3299 1073 3601 1165 auferatur,

2032 1177 2168 1253 unus
2188 1173 2269 1218 est
2297 1169 2612 1236 corporibus
2636 1175 2881 1231 omnibus
2907 1179 3080 1245 color;
3108 1185 3192 1250 qui
3224 1187 3396 1253 potius
3416 1189 3604 1244 dicen-

2030 1251 2130 1305 dus
2155 1261 2239 1307 est
2283 1257 2461 1312 nullus
2497 1262 2661 1316 color.
2692 1260 2822 1318 Cum
2865 1277 3040 1323 autem
3081 1251 3238 1326 illata:
3266 1274 3603 1332 illustraverit

2029 1356 2274 1415 corpora,
2305 1353 2546 1418 quamvis
2594 1355 2703 1422 ipsa
2751 1358 2906 1412 unius
2937 1361 3076 1415 modi
3117 1364 3204 1427 sit,
3249 1382 3344 1434 pro
3373 1368 3599 1426 diversis

2029 1440 2206 1488 tamen
2228 1452 2509 1506 corporum
2536 1444 2876 1512 qualitatibus
2895 1448 3106 1505 diverso
3122 1469 3216 1508 eos
3233 1456 3399 1510 nitore
3420 1474 3600 1527 asticr-

2028 1523 2121 1593 git.
2152 1527 2292 1618 Ergo
2333 1531 2626 1587 animarum
2664 1547 2788 1590 sunt
2820 1539 2934 1593 ista:
2958 1541 3285 1613 all‘ectiones,
3325 1565 3440 1618 quae
3464 1523 3600 1609 bene

2027 1624 2152 1668 sunt
2179 1617 2381 1672 allectat:
2405 1620 2472 1675 ab
2494 1623 2578 1676 illa
2603 1625 2718 1680 luce
2742 1641 2858 1696 qua:
2879 1644 2982 1686 non
3006 1631 3253 1703 allieitur,
3277 1646 3329 1692 et
3344 1617 3592 1698 iformata:

2024 1703 2094 1758 ab
2124 1704 2209 1758 illa
2239 1721 2356 1775 qua:
2384 1724 2488 1764 non
2521 1711 2798 1775 formatur.

2097 1793 2319 1851 CAPUT
2363 1798 2546 1854 Vll.—
2565 1802 2616 1857 9.
2633 1803 2841 1860 Iustitia
2860 1817 2906 1862 et
2934 1809 3120 1866 similia
3144 1815 3207 1869 de
3229 1815 3337 1872 Deo
3361 1820 3599 1877 dicuntur

2024 1899 2126 1938 non
2177 1890 2395 1958 praprie,
2426 1892 2515 1944 sed
2547 1895 2665 1962 quia
2705 1897 2833 1950 nihil
2863 1899 2963 1953 dici
2985 1912 3144 1971 potest
3171 1907 3368 1962 melius.
3396 1910 3598 1967 Tamen

2024 1972 2124 2028 ista
2175 1975 2240 2030 de
2285 1978 2395 2033 Deo
2423 1980 2648 2038 dicimus
2677 2025 2691 2051 ,
2738 1986 2958 2057 fratres,
2991 1993 3112 2060 quia
3153 2010 3257 2050 non
3300 1998 3598 2058 invenimus

2023 2065 2216 2159 melius
2260 2069 2403 2138 quod
2452 2073 2709 2129 dicamus.
2757 2077 2882 2133 Dico
2911 2082 3111 2148 justum
3157 2087 3356 2154 Deum;
3383 2093 3503 2159 quia
3544 2094 3594 2148 in

2021 2157 2200 2213 verbis
2224 2159 2468 2217 humanis
2495 2166 2624 2221 nihil
2651 2169 2839 2224 melius
2867 2172 3078 2230 invenio
3107 2194 3120 2230 :
3153 2194 3272 2232 nam
3297 2191 3379 2235 est
3404 2157 3492 2237 ille
3517 2187 3599 2240 ul-

2021 2254 2112 2343 tra
2122 2250 2411 2343 justitiam.
2448 2256 2647 2312 Dicitur
2686 2261 2736 2314 in
2762 2263 3076 2332 Scripturis,
3098 2268 3278 2325 Justus
3307 2271 3555 2330 Dominus
3577 2319 3593 2343 ,

2020 2339 2310 2432 equitata:
2337 2341 2512 2432 dileteit
2553 2345 2722 2417 (Psal.
2752 2367 2782 2404 χ
2801 2391 2817 2414 ,
2844 2351 2918 2419 3).
2955 2355 3059 2408 Sed
3091 2357 3158 2411 ibi
3189 2359 3381 2414 dicitur
3405 2372 3459 2417 et
3485 2339 3598 2432 pce;

2020 2427 2192 2483 nitere
2221 2430 2386 2484 Deum
2420 2430 2570 2502 (Gen.
2611 2452 2684 2502 vr,
2719 2439 2796 2505 7),
2826 2440 2898 2494 ibi
2922 2442 3114 2498 dicitur
3141 2456 3197 2500 et
3227 2451 3430 2505 nescire
3461 2427 3598 2510 Deus

2021 2513 2157 2612 (1.1.Δ
2183 2534 2349 2612 xviii,
2374 2519 2488 2594 2|).
2516 2522 2646 2592 Quis
2689 2542 2794 2582 non
2840 2531 3168 2612 exhorreat?
3205 2537 3384 2594 Nescit
3420 2541 3594 2612 Deus,

2018 2609 2242 2677 pmnitet
2290 2610 2498 2667 Deum?
2547 2615 2672 2670 ldeo
2718 2625 2892 2673 tamen
2944 2609 2999 2676 et
3048 2623 3115 2679 ad
3167 2625 3266 2681 ista
3313 2631 3472 2684 verba
3511 2609 3598 2688 sa;-

2019 2699 2242 2757 lubriter
2288 2703 2560 2774 Scriptura
2599 2707 2910 2778 descendit,
2943 2729 3060 2782 quze
3106 2725 3160 2770 tu
3198 2718 3494 2786 exhorres.
3527 2739 3598 2781 ne

2017 2790 2105 2884 illa
2131 2809 2248 2861 qua:
2288 2809 2475 2864 magna
2505 2808 2658 2866 putas
2682 2841 2695 2862 ,
2727 2800 2886 2871 digne
2924 2805 3067 2860 dicta
3096 2807 3390 2866 arbitreris.
3425 2815 3598 2884 Atque

2018 2881 2088 2974 ita
2119 2883 2164 2936 si
2192 2899 2422 2974 quaaras,
2452 2887 2586 2954 Quid
2608 2906 2735 2960 ergo
2763 2893 2829 2947 de
2857 2894 2962 2949 Deo
2983 2895 3142 2967 digne
3161 2881 3599 2974 diciturialiquis

2016 2968 2241 3026 fortasse
2264 2973 2356 3027 tibi
2380 2978 2697 3044 respondeat
2725 2990 2776 3034 et
2798 2981 2958 3049 dicat,
2986 2985 3107 3054 quia
3126 2987 3300 3054 justus
3323 3002 3424 3045 est.
3448 2968 3598 3050 Alius

2015 3071 2191 3115 autem
2222 3062 2322 3117 isto
2363 3067 2551 3121 melius
2579 3069 2876 3140 intelligens
2900 3115 2916 3139 ,
2949 3076 3104 3129 etiam
3139 3077 3240 3134 hoc
3270 3082 3488 3136 verbum
3516 3084 3599 3138 di-
3650 3078 3656 3084 ’

2015 3159 2102 3204 cat
2145 3153 2386 3222 superari
2423 3157 2491 3210 ab
2527 3157 2669 3211 illius
2708 3163 3019 3217 excellentia
3046 3207 3060 3230 ,
3087 3179 3142 3222 et
3172 3168 3387 3240 indigne
3419 3172 3486 3227 de
3508 3175 3597 3230 illo

2015 3243 2176 3296 etiam
2206 3243 2310 3300 hoc
2334 3246 2437 3301 dici
2459 3289 2475 3313 ,
2507 3252 2746 3318 quamvis
2787 3267 3139 3324 congruenter
3167 3263 3454 3316 secundum
3496 3267 3596 3320 hu-

2016 3347 2226 3406 manam
2252 3337 2598 3404 capacitatem
2643 3340 2850 3396 dicatur
2875 3360 2888 3394 :
2917 3355 2977 3397 ut
3002 3361 3122 3398 cum
3152 3348 3240 3402 ille
3267 3351 3335 3404 de
3362 3351 3599 3421 Scriptu-

2015 3423 2092 3476 ris
2113 3426 2338 3492 probare
2366 3427 2613 3493 voluerit,
2641 3432 2760 3498 quia
2781 3431 3036 3501 scriptum
3069 3445 3182 3500 est,
3206 3437 3385 3494 Justus
3415 3442 3595 3498 Domi-

2015 3527 2156 3576 nus;
2203 3522 2349 3570 recte
2398 3515 2473 3570 illi
2522 3519 3024 3592 respondeatur,in
3069 3527 3270 3584 eisdem
3309 3531 3597 3603 Scripturis

2018 3605 2250 3674 positum
2276 3621 2416 3673 esse,
2447 3609 2567 3677 quia
2601 3611 2821 3680 ptenitet
2845 3614 3010 3670 Deum
3040 3635 3055 3673 :
3085 3629 3139 3672 ut
3165 3625 3432 3691 quomodo
3457 3627 3596 3684 istud

2016 3706 2126 3747 non
2186 3695 2376 3765 accipit
2414 3699 2704 3754 secundum
2753 3709 3192 3764 consuetudinem
3250 3713 3595 3785 loquentium,

2015 3784 2149 3838 sicut
2179 3785 2355 3840 solent
2393 3787 2636 3845 homines
2670 3785 2960 3863 poenitere;
2988 3799 3066 3854 sic
3087 3810 3142 3855 et
3181 3784 3479 3875 illudquod
3511 3809 3597 3862 di-

2015 3877 2392 3968 citurﬂjustus,
2425 3885 2889 3950 superetninentia:
2934 3891 3101 3960 ipsius
3142 3910 3246 3948 non
3287 3911 3597 3968 competere

2016 3964 2273 4036 intelligat
2301 3984 2314 4020 :
2346 3973 2584 4039 quamvis
2611 3973 2713 4027 hoc
2749 3975 3018 4046 Scriptura
3051 3982 3186 4038 bene
3230 3964 3496 4057 posuerit,
3538 4001 3599 4046 ut

2138 4057 2541 4127 qualiacumque
2564 4062 2725 4116 verba
2754 4067 3010 4133 gradatim
3037 4072 3246 4129 animus
3267 4077 3332 4128 ad
3370 4078 3419 4132 id
3455 4083 3596 4149 quod

2015 4143 2118 4196 dici
2149 4159 2253 4198 non
2278 4155 2453 4215 potest
2485 4149 2821 4216 perducatur.
2853 4155 3060 4212 Justum
3087 4161 3298 4230 quidem
3324 4143 3488 4221 Deum
3510 4171 3596 4226 di-

2015 4237 2094 4290 cis
2122 4253 2136 4289 :
2169 4237 2260 4291 sed
2304 4239 2540 4310 intellige
2580 4243 2776 4314 aliquid
2809 4247 2942 4303 ultra
2972 4249 3231 4320 justitiam
3270 4272 3428 4326 quam
3455 4261 3598 4318 soles

2015 4327 2160 4383 etde
2197 4329 2412 4386 homine
2456 4335 2711 4403 cogitare.
2744 4337 2849 4393 Sed
2893 4341 3182 4412 Scriptura:
3211 4346 3411 4413 justum
3449 4351 3598 4409 dixe-

2016 4431 2141 4473 runt
2171 4436 2185 4474 :
2219 4430 2498 4490 pr0pterea
2535 4435 2588 4480 et
2615 4428 2958 4496 poenitentem
2998 4433 3246 4491 dixerunt
3273 4447 3326 4494 et
3355 4443 3597 4499 nescien-

2019 4518 2145 4575 tem,
2179 4513 2321 4582 quod
2365 4513 2476 4584 jam
2504 4532 2611 4572 non
2639 4521 2718 4574 vis
2763 4523 2962 4578 dicere.
3009 4525 3286 4592 Quomodo
3331 4547 3456 4603 ergo
3505 4536 3596 4593 illa

2016 4619 2134 4673 quae
2177 4606 2286 4676 jam
2324 4608 2618 4677 exhorres,
2673 4613 2922 4684 intelligis
2966 4629 3182 4688 propter
3232 4621 3594 4682 inﬁrmitatem

2018 4705 2161 4787 tuam
2187 4697 2323 4753 dicta
2352 4715 2366 4763 ;
2397 4701 2472 4755 sic
2494 4712 2548 4757 et
2583 4704 2680 4758 ista
2704 4720 2824 4775 qua:
2862 4709 3262 4778 magnipendis,
3295 4729 3392 4782 pro
3417 4717 3592 4787 aliqua

2018 4785 2307 4842 lirtnitate‘
2337 4791 2594 4848 validiore
2629 4793 2767 4849 dicta
2823 4805 2966 4850 sunt.
3014 4798 3113 4867 Qui
3168 4811 3344 4858 autem
3393 4815 3446 4860 et
3495 4785 3597 4866 ista

2019 4879 2426 4948 transcenderit,
2453 4891 2507 4937 et
2535 4883 2600 4938 de
2629 4885 2739 4940 Deo
2759 4928 2774 4951 ,
2801 4898 3054 4958 quantum
3098 4890 3302 4948 homini
3342 4899 3595 4953 concedi-

2018 4976 2124 5031 tur,
2149 4967 2306 5039 digne
2334 4973 2569 5042 cogitare
2597 4977 2818 5046 cmperit
2841 5019 2857 5044 ,
2890 4978 3127 5036 inveniet
3154 4983 3424 5040 silentium
3463 4989 3596 5043 inel-

2018 5059 2160 5114 labili
2182 5061 2357 5116 cordis
2387 5079 2516 5118 voce
2549 5065 2888 5122 laudandum.

2087 5151 2313 5207 CAPUT
2344 5153 2474 5210 Vlll.
2502 5187 2574 5196 -
2607 5157 2692 5214 l0.
2723 5158 2916 5213 Filium
2964 5161 3057 5216 Dei
3076 5180 3177 5217 non
3207 5180 3353 5233 posse
3385 5167 3486 5220 diei
3531 5147 3601 5222 ex"

2017 5239 2119 5292 alia
2145 5251 2286 5311 parte
2309 5244 2573 5315 (aqualem,
2603 5262 2665 5301 ex
2691 5249 2792 5302 alia
2816 5251 3128 5321 intequalem.
3170 5253 3311 5324 Ergo
3332 5297 3346 5321 ,
3379 5255 3590 5319 fratres,

2017 5331 2138 5400 quia
2169 5332 2268 5387 hoc
2287 5343 2372 5388 est
2396 5337 2448 5389 in
2478 5337 2701 5393 Domino
2728 5339 2890 5394 virtus
2924 5342 3060 5410 quod
3084 5341 3286 5412 justitia
3315 5341 3587 5416 (quidquid

2017 5421 2085 5477 de
2115 5423 2203 5478 illo
2229 5425 2450 5493 dixeris,
2479 5427 2579 5484 hoc
2609 5431 2746 5485 idem
2771 5431 2925 5500 dicis,
2943 5450 3062 5490 cum
3087 5445 3260 5490 tamen
3287 5437 3414 5492 nihil
3433 5440 3588 5510 digne

2018 5512 2220 5584 dicas),
2249 5531 2354 5571 non
2382 5529 2532 5588 potes
2556 5520 2734 5576 dicere
2771 5525 3026 5594 aequalem
3061 5541 3179 5582 esse
3208 5527 3350 5594 Patri
3394 5529 3581 5587 Filium

2019 5619 2114 5674 per
2137 5605 2396 5674 justitiam
2439 5619 2494 5665 et
2522 5626 2624 5666 non
2657 5627 2774 5668 esse
2799 5616 3055 5684 aequalem
3087 5632 3182 5688 per
3203 5619 3472 5691 virtutem,
3495 5631 3591 5679 aut

2086 5737 2102 5766 ί
2127 5735 2427 5791 Colbertinus
2446 5747 2551 5806 Its,
2573 5742 2865 5806 inﬁrmitate.
