  <div class='ocr_page' id='page_1' title='image "/cluster/home/n/w/nwhite01/storage/ocr_20150623/39/hvd.32044096580618/013.png"; bbox 0 0 3996 6192; ppageno 0'>
   <div class='ocr_carea' id='block_1_1' title="bbox 395 340 535 397">
    <p class='ocr_par' dir='ltr' id='par_1_1' title="bbox 395 340 535 397">
     <span class='ocr_line' id='line_1_1' title="bbox 395 340 535 397; baseline -0.014 0"><span class='ocrx_word' id='word_1_1' title='bbox 395 340 535 397; x_wconf 67' lang='lat'><strong>“99</strong></span> 
     </span>
    </p>
   </div>
   <div class='ocr_carea' id='block_1_2' title="bbox 395 447 1973 523">
    <p class='ocr_par' dir='ltr' id='par_1_2' title="bbox 395 447 1973 523">
     <span class='ocr_line' id='line_1_2' title="bbox 395 447 1973 523; baseline -0.006 -13"><span class='ocrx_word' id='word_1_2' title='bbox 395 451 654 523; x_wconf 75' lang='lat' dir='ltr'><strong>aequalem</strong></span> <span class='ocrx_word' id='word_1_3' title='bbox 702 464 797 521; x_wconf 85' lang='lat' dir='ltr'><strong>per</strong></span> <span class='ocrx_word' id='word_1_4' title='bbox 822 450 1081 506; x_wconf 74' lang='lat' dir='ltr'><strong>virtutem</strong></span> <span class='ocrx_word' id='word_1_5' title='bbox 1125 458 1179 506; x_wconf 90' lang='lat' dir='ltr'><strong>et</strong></span> <span class='ocrx_word' id='word_1_6' title='bbox 1215 463 1321 504; x_wconf 91' lang='lat' dir='ltr'><strong>non</strong></span> <span class='ocrx_word' id='word_1_7' title='bbox 1362 447 1617 517; x_wconf 79' lang='lat' dir='ltr'><strong>aequalem</strong></span> <span class='ocrx_word' id='word_1_8' title='bbox 1656 463 1751 517; x_wconf 89' lang='lat' dir='ltr'><strong>per</strong></span> <span class='ocrx_word' id='word_1_9' title='bbox 1797 449 1973 503; x_wconf 82' lang='lat' dir='ltr'><strong>scien-</strong></span> 
     </span>
    </p>
   </div>
   <div class='ocr_carea' id='block_1_3' title="bbox 398 538 1975 614">
    <p class='ocr_par' dir='ltr' id='par_1_3' title="bbox 398 538 1975 614">
     <span class='ocr_line' id='line_1_3' title="bbox 398 538 1975 614; baseline -0.004 -15"><span class='ocrx_word' id='word_1_10' title='bbox 398 542 523 599; x_wconf 79' lang='lat' dir='ltr'><strong>tiam</strong></span> <span class='ocrx_word' id='word_1_11' title='bbox 551 562 562 596; x_wconf 89' lang='lat'><strong>:</strong></span> <span class='ocrx_word' id='word_1_12' title='bbox 588 542 709 614; x_wconf 84' lang='lat' dir='ltr'><strong>quia</strong></span> <span class='ocrx_word' id='word_1_13' title='bbox 739 543 784 596; x_wconf 91' lang='lat' dir='ltr'><strong>si</strong></span> <span class='ocrx_word' id='word_1_14' title='bbox 811 557 875 597; x_wconf 85' lang='lat' dir='ltr'><strong>ex</strong></span> <span class='ocrx_word' id='word_1_15' title='bbox 917 556 1021 596; x_wconf 87' lang='lat' dir='ltr'><strong>una</strong></span> <span class='ocrx_word' id='word_1_16' title='bbox 1049 556 1108 596; x_wconf 89' lang='lat' dir='ltr'><strong>re</strong></span> <span class='ocrx_word' id='word_1_17' title='bbox 1142 540 1317 608; x_wconf 88' lang='lat' dir='ltr'><strong>aliqua</strong></span> <span class='ocrx_word' id='word_1_18' title='bbox 1346 538 1562 607; x_wconf 61' lang='lat' dir='ltr'><strong>aequalis</strong></span> <span class='ocrx_word' id='word_1_19' title='bbox 1601 549 1709 601; x_wconf 87' lang='lat' dir='ltr'><strong>est,</strong></span> <span class='ocrx_word' id='word_1_20' title='bbox 1737 554 1800 592; x_wconf 85' lang='lat' dir='ltr'><strong>ex</strong></span> <span class='ocrx_word' id='word_1_21' title='bbox 1828 539 1975 593; x_wconf 89' lang='lat' dir='ltr'><strong>omni</strong></span> 
     </span>
    </p>
   </div>
   <div class='ocr_carea' id='block_1_4' title="bbox 398 626 1971 701">
    <p class='ocr_par' dir='ltr' id='par_1_4' title="bbox 398 626 1971 701">
     <span class='ocr_line' id='line_1_4' title="bbox 398 626 1971 701; baseline -0.005 -13"><span class='ocrx_word' id='word_1_22' title='bbox 398 648 456 688; x_wconf 87' lang='lat' dir='ltr'><strong>re</strong></span> <span class='ocrx_word' id='word_1_23' title='bbox 484 632 703 701; x_wconf 78' lang='lat' dir='ltr'><strong>:equalis</strong></span> <span class='ocrx_word' id='word_1_24' title='bbox 733 640 845 693; x_wconf 90' lang='lat' dir='ltr'><strong>est;</strong></span> <span class='ocrx_word' id='word_1_25' title='bbox 880 633 1002 701; x_wconf 92' lang='lat' dir='ltr'><strong>quia</strong></span> <span class='ocrx_word' id='word_1_26' title='bbox 1032 630 1207 684; x_wconf 81' lang='lat' dir='ltr'><strong>omnia</strong></span> <span class='ocrx_word' id='word_1_27' title='bbox 1236 643 1355 697; x_wconf 67' lang='lat' dir='ltr'><strong>qua:</strong></span> <span class='ocrx_word' id='word_1_28' title='bbox 1382 626 1449 681; x_wconf 87' lang='lat' dir='ltr'><strong>ibi</strong></span> <span class='ocrx_word' id='word_1_29' title='bbox 1479 627 1631 693; x_wconf 91' lang='lat' dir='ltr'><strong>dicis,</strong></span> <span class='ocrx_word' id='word_1_30' title='bbox 1660 628 1801 682; x_wconf 90' lang='lat' dir='ltr'><strong>idem</strong></span> <span class='ocrx_word' id='word_1_31' title='bbox 1829 639 1971 692; x_wconf 91' lang='lat' dir='ltr'><strong>sunt,</strong></span> 
     </span>
    </p>
   </div>
   <div class='ocr_carea' id='block_1_5' title="bbox 397 717 1976 788">
    <p class='ocr_par' dir='ltr' id='par_1_5' title="bbox 397 717 1976 788">
     <span class='ocr_line' id='line_1_5' title="bbox 397 717 1976 788; baseline -0.004 -11"><span class='ocrx_word' id='word_1_32' title='bbox 397 730 450 778; x_wconf 87' lang='lat' dir='ltr'><strong>et</strong></span> <span class='ocrx_word' id='word_1_33' title='bbox 481 722 622 777; x_wconf 91' lang='lat' dir='ltr'><strong>idem</strong></span> <span class='ocrx_word' id='word_1_34' title='bbox 645 722 838 776; x_wconf 89' lang='lat' dir='ltr'><strong>valent.</strong></span> <span class='ocrx_word' id='word_1_35' title='bbox 874 720 1079 776; x_wconf 74' lang='lat' dir='ltr'><strong>Sufficit</strong></span> <span class='ocrx_word' id='word_1_36' title='bbox 1121 733 1267 788; x_wconf 85' lang='lat' dir='ltr'><strong>ergo,</strong></span> <span class='ocrx_word' id='word_1_37' title='bbox 1296 718 1417 787; x_wconf 86' lang='lat' dir='ltr'><strong>quia</strong></span> <span class='ocrx_word' id='word_1_38' title='bbox 1455 717 1635 772; x_wconf 84' lang='lat' dir='ltr'><strong>dicere</strong></span> <span class='ocrx_word' id='word_1_39' title='bbox 1679 734 1782 771; x_wconf 89' lang='lat' dir='ltr'><strong>non</strong></span> <span class='ocrx_word' id='word_1_40' title='bbox 1822 728 1976 787; x_wconf 87' lang='lat' dir='ltr'><strong>potes</strong></span> 
     </span>
    </p>
   </div>
   <div class='ocr_carea' id='block_1_6' title="bbox 396 806 1974 882">
    <p class='ocr_par' dir='ltr' id='par_1_6' title="bbox 396 806 1974 882">
     <span class='ocr_line' id='line_1_6' title="bbox 396 806 1974 882; baseline -0.004 -15"><span class='ocrx_word' id='word_1_41' title='bbox 396 813 662 882; x_wconf 87' lang='lat' dir='ltr'><strong>quomodo</strong></span> <span class='ocrx_word' id='word_1_42' title='bbox 688 814 755 866; x_wconf 91' lang='lat' dir='ltr'><strong>sit</strong></span> <span class='ocrx_word' id='word_1_43' title='bbox 788 810 1061 879; x_wconf 64' lang='lat' dir='ltr'><strong>inaequalis</strong></span> <span class='ocrx_word' id='word_1_44' title='bbox 1082 811 1097 840; x_wconf 82' lang='grc'>¹</span> <span class='ocrx_word' id='word_1_45' title='bbox 1127 808 1289 862; x_wconf 83' lang='lat' dir='ltr'><strong>Filius</strong></span> <span class='ocrx_word' id='word_1_46' title='bbox 1318 808 1492 871; x_wconf 87' lang='lat' dir='ltr'><strong>Patri,</strong></span> <span class='ocrx_word' id='word_1_47' title='bbox 1525 807 1623 861; x_wconf 88' lang='lat' dir='ltr'><strong>nisi</strong></span> <span class='ocrx_word' id='word_1_48' title='bbox 1655 806 1869 861; x_wconf 86' lang='lat' dir='ltr'><strong>dederis</strong></span> <span class='ocrx_word' id='word_1_49' title='bbox 1893 807 1974 860; x_wconf 88' lang='lat' dir='ltr'><strong>di-</strong></span> 
     </span>
    </p>
   </div>
   <div class='ocr_carea' id='block_1_7' title="bbox 399 898 1976 972">
    <p class='ocr_par' dir='ltr' id='par_1_7' title="bbox 399 898 1976 972">
     <span class='ocr_line' id='line_1_7' title="bbox 399 898 1976 972; baseline -0.004 -13"><span class='ocrx_word' id='word_1_50' title='bbox 399 906 679 959; x_wconf 71' lang='lat' dir='ltr'><strong>Versitates</strong></span> <span class='ocrx_word' id='word_1_51' title='bbox 707 902 959 972; x_wconf 89' lang='lat' dir='ltr'><strong>quasdam</strong></span> <span class='ocrx_word' id='word_1_52' title='bbox 1002 902 1057 955; x_wconf 88' lang='lat' dir='ltr'><strong>in</strong></span> <span class='ocrx_word' id='word_1_53' title='bbox 1100 900 1393 955; x_wconf 76' lang='lat' dir='ltr'><strong>substantia</strong></span> <span class='ocrx_word' id='word_1_54' title='bbox 1425 900 1538 953; x_wconf 89' lang='lat' dir='ltr'><strong>Dei.</strong></span> <span class='ocrx_word' id='word_1_55' title='bbox 1561 899 1703 964; x_wconf 83' lang='lat' dir='ltr'><strong>Quas</strong></span> <span class='ocrx_word' id='word_1_56' title='bbox 1736 914 1854 953; x_wconf 90' lang='lat' dir='ltr'><strong>cum</strong></span> <span class='ocrx_word' id='word_1_57' title='bbox 1882 898 1976 953; x_wconf 85' lang='lat' dir='ltr'><strong>de-</strong></span> 
     </span>
    </p>
   </div>
   <div class='ocr_carea' id='block_1_8' title="bbox 400 988 1974 1057">
    <p class='ocr_par' dir='ltr' id='par_1_8' title="bbox 400 988 1974 1057">
     <span class='ocr_line' id='line_1_8' title="bbox 400 988 1974 1057; baseline -0.003 -9"><span class='ocrx_word' id='word_1_58' title='bbox 400 992 563 1057; x_wconf 85' lang='lat' dir='ltr'><strong>detis,</strong></span> <span class='ocrx_word' id='word_1_59' title='bbox 608 993 746 1045; x_wconf 82' lang='lat' dir='ltr'><strong>foras</strong></span> <span class='ocrx_word' id='word_1_60' title='bbox 794 1001 847 1045; x_wconf 88' lang='lat' dir='ltr'><strong>te</strong></span> <span class='ocrx_word' id='word_1_61' title='bbox 892 992 1051 1044; x_wconf 86' lang='lat' dir='ltr'><strong>mittit</strong></span> <span class='ocrx_word' id='word_1_62' title='bbox 1089 991 1320 1055; x_wconf 90' lang='lat' dir='ltr'><strong>veritas,</strong></span> <span class='ocrx_word' id='word_1_63' title='bbox 1354 1005 1452 1043; x_wconf 92' lang='lat' dir='ltr'><strong>nec</strong></span> <span class='ocrx_word' id='word_1_64' title='bbox 1490 989 1698 1044; x_wconf 87' lang='lat' dir='ltr'><strong>accedis</strong></span> <span class='ocrx_word' id='word_1_65' title='bbox 1739 989 1804 1042; x_wconf 89' lang='lat' dir='ltr'><strong>ad</strong></span> <span class='ocrx_word' id='word_1_66' title='bbox 1844 988 1974 1043; x_wconf 90' lang='lat' dir='ltr'><strong>illud</strong></span> 
     </span>
    </p>
   </div>
   <div class='ocr_carea' id='block_1_9' title="bbox 402 1080 1973 1146">
    <p class='ocr_par' dir='ltr' id='par_1_9' title="bbox 402 1080 1973 1146">
     <span class='ocr_line' id='line_1_9' title="bbox 402 1080 1973 1146; baseline -0.004 -8"><span class='ocrx_word' id='word_1_67' title='bbox 402 1084 762 1138; x_wconf 87' lang='lat' dir='ltr'><strong>sanctuarium</strong></span> <span class='ocrx_word' id='word_1_68' title='bbox 791 1082 915 1146; x_wconf 91' lang='lat' dir='ltr'><strong>Dei,</strong></span> <span class='ocrx_word' id='word_1_69' title='bbox 951 1082 1037 1136; x_wconf 92' lang='lat' dir='ltr'><strong>ubi</strong></span> <span class='ocrx_word' id='word_1_70' title='bbox 1069 1081 1426 1135; x_wconf 85' lang='lat' dir='ltr'><strong>sincerissime</strong></span> <span class='ocrx_word' id='word_1_71' title='bbox 1461 1081 1686 1134; x_wconf 89' lang='lat' dir='ltr'><strong>videtur.</strong></span> <span class='ocrx_word' id='word_1_72' title='bbox 1716 1080 1847 1133; x_wconf 85' lang='lat' dir='ltr'><strong>Cum</strong></span> <span class='ocrx_word' id='word_1_73' title='bbox 1878 1096 1973 1132; x_wconf 90' lang='lat' dir='ltr'><strong>au-</strong></span> 
     </span>
    </p>
   </div>
   <div class='ocr_carea' id='block_1_10' title="bbox 398 1170 1974 1242">
    <p class='ocr_par' dir='ltr' id='par_1_10' title="bbox 398 1170 1974 1242">
     <span class='ocr_line' id='line_1_10' title="bbox 398 1170 1974 1242; baseline -0.001 -17"><span class='ocrx_word' id='word_1_74' title='bbox 398 1182 502 1227; x_wconf 88' lang='lat' dir='ltr'><strong>tem</strong></span> <span class='ocrx_word' id='word_1_75' title='bbox 548 1188 651 1226; x_wconf 91' lang='lat' dir='ltr'><strong>non</strong></span> <span class='ocrx_word' id='word_1_76' title='bbox 685 1173 855 1242; x_wconf 83' lang='lat' dir='ltr'><strong>possis</strong></span> <span class='ocrx_word' id='word_1_77' title='bbox 894 1172 1149 1240; x_wconf 72' lang='lat' dir='ltr'><strong>mqualem</strong></span> <span class='ocrx_word' id='word_1_78' title='bbox 1189 1170 1364 1225; x_wconf 90' lang='lat' dir='ltr'><strong>dicere</strong></span> <span class='ocrx_word' id='word_1_79' title='bbox 1394 1186 1458 1224; x_wconf 79' lang='lat' dir='ltr'><strong>ex</strong></span> <span class='ocrx_word' id='word_1_80' title='bbox 1490 1170 1587 1224; x_wconf 87' lang='lat' dir='ltr'><strong>alia</strong></span> <span class='ocrx_word' id='word_1_81' title='bbox 1629 1180 1779 1240; x_wconf 86' lang='lat' dir='ltr'><strong>parte</strong></span> <span class='ocrx_word' id='word_1_82' title='bbox 1816 1179 1869 1223; x_wconf 91' lang='lat' dir='ltr'><strong>et</strong></span> <span class='ocrx_word' id='word_1_83' title='bbox 1908 1186 1974 1225; x_wconf 82' lang='lat' dir='ltr'><strong>ex</strong></span> 
     </span>
    </p>
   </div>
   <div class='ocr_carea' id='block_1_11' title="bbox 399 1262 1975 1331">
    <p class='ocr_par' dir='ltr' id='par_1_11' title="bbox 399 1262 1975 1331">
     <span class='ocr_line' id='line_1_11' title="bbox 399 1262 1975 1331; baseline 0 -16"><span class='ocrx_word' id='word_1_84' title='bbox 399 1264 500 1317; x_wconf 86' lang='lat' dir='ltr'><strong>alia</strong></span> <span class='ocrx_word' id='word_1_85' title='bbox 540 1263 874 1331; x_wconf 69' lang='lat' dir='ltr'><strong>inrequalem,</strong></span> <span class='ocrx_word' id='word_1_86' title='bbox 910 1264 1029 1331; x_wconf 84' lang='lat' dir='ltr'><strong>quia</strong></span> <span class='ocrx_word' id='word_1_87' title='bbox 1063 1276 1166 1315; x_wconf 91' lang='lat' dir='ltr'><strong>non</strong></span> <span class='ocrx_word' id='word_1_88' title='bbox 1212 1271 1333 1315; x_wconf 88' lang='lat' dir='ltr'><strong>sunt</strong></span> <span class='ocrx_word' id='word_1_89' title='bbox 1378 1262 1431 1315; x_wconf 93' lang='lat' dir='ltr'><strong>in</strong></span> <span class='ocrx_word' id='word_1_90' title='bbox 1479 1262 1589 1315; x_wconf 92' lang='lat' dir='ltr'><strong>Deo</strong></span> <span class='ocrx_word' id='word_1_91' title='bbox 1629 1271 1839 1331; x_wconf 90' lang='lat' dir='ltr'><strong>partes;</strong></span> <span class='ocrx_word' id='word_1_92' title='bbox 1870 1278 1975 1315; x_wconf 89' lang='lat' dir='ltr'><strong>non</strong></span> 
     </span>
    </p>
   </div>
   <div class='ocr_carea' id='block_1_12' title="bbox 397 1350 1973 1421">
    <p class='ocr_par' dir='ltr' id='par_1_12' title="bbox 397 1350 1973 1421">
     <span class='ocr_line' id='line_1_12' title="bbox 397 1350 1973 1421; baseline -0.001 -15"><span class='ocrx_word' id='word_1_93' title='bbox 397 1352 569 1421; x_wconf 83' lang='lat' dir='ltr'><strong>possis</strong></span> <span class='ocrx_word' id='word_1_94' title='bbox 595 1352 772 1404; x_wconf 85' lang='lat' dir='ltr'><strong>dicere</strong></span> <span class='ocrx_word' id='word_1_95' title='bbox 802 1367 864 1405; x_wconf 79' lang='lat' dir='ltr'><strong>ex</strong></span> <span class='ocrx_word' id='word_1_96' title='bbox 894 1352 994 1404; x_wconf 88' lang='lat' dir='ltr'><strong>alia</strong></span> <span class='ocrx_word' id='word_1_97' title='bbox 1024 1366 1143 1404; x_wconf 90' lang='lat' dir='ltr'><strong>eum</strong></span> <span class='ocrx_word' id='word_1_98' title='bbox 1171 1365 1288 1405; x_wconf 91' lang='lat' dir='ltr'><strong>esse</strong></span> <span class='ocrx_word' id='word_1_99' title='bbox 1319 1352 1573 1420; x_wconf 65' lang='lat' dir='ltr'><strong>atqualem</strong></span> <span class='ocrx_word' id='word_1_100' title='bbox 1601 1391 1615 1415; x_wconf 93' lang='lat'><strong>,</strong></span> <span class='ocrx_word' id='word_1_101' title='bbox 1644 1367 1709 1405; x_wconf 75' lang='lat' dir='ltr'><strong>ex</strong></span> <span class='ocrx_word' id='word_1_102' title='bbox 1736 1351 1834 1404; x_wconf 89' lang='lat' dir='ltr'><strong>alia</strong></span> <span class='ocrx_word' id='word_1_103' title='bbox 1871 1350 1973 1404; x_wconf 82' lang='lat' dir='ltr'><strong>mi-</strong></span> 
     </span>
    </p>
   </div>
   <div class='ocr_carea' id='block_1_13' title="bbox 397 1441 1971 1511">
    <p class='ocr_par' dir='ltr' id='par_1_13' title="bbox 397 1441 1971 1511">
     <span class='ocr_line' id='line_1_13' title="bbox 397 1441 1971 1511; baseline 0.002 -18"><span class='ocrx_word' id='word_1_104' title='bbox 397 1456 613 1507; x_wconf 89' lang='lat' dir='ltr'><strong>norem,</strong></span> <span class='ocrx_word' id='word_1_105' title='bbox 634 1441 757 1511; x_wconf 86' lang='lat' dir='ltr'><strong>quia</strong></span> <span class='ocrx_word' id='word_1_106' title='bbox 813 1458 913 1494; x_wconf 87' lang='lat' dir='ltr'><strong>non</strong></span> <span class='ocrx_word' id='word_1_107' title='bbox 943 1451 1063 1494; x_wconf 89' lang='lat' dir='ltr'><strong>sunt</strong></span> <span class='ocrx_word' id='word_1_108' title='bbox 1109 1441 1159 1494; x_wconf 92' lang='lat' dir='ltr'><strong>in</strong></span> <span class='ocrx_word' id='word_1_109' title='bbox 1206 1442 1314 1495; x_wconf 90' lang='lat' dir='ltr'><strong>Deo</strong></span> <span class='ocrx_word' id='word_1_110' title='bbox 1340 1442 1651 1510; x_wconf 81' lang='lat' dir='ltr'><strong>qualitates;</strong></span> <span class='ocrx_word' id='word_1_111' title='bbox 1683 1442 1971 1496; x_wconf 88' lang='lat' dir='ltr'><strong>secundum</strong></span> 
     </span>
    </p>
   </div>
   <div class='ocr_carea' id='block_1_14' title="bbox 398 1530 1973 1615">
    <p class='ocr_par' dir='ltr' id='par_1_14' title="bbox 398 1530 1973 1615">
     <span class='ocr_line' id='line_1_14' title="bbox 398 1530 1973 1615; baseline 0.003 -34"><span class='ocrx_word' id='word_1_112' title='bbox 398 1530 563 1583; x_wconf 91' lang='lat' dir='ltr'><strong>Deum</strong></span> <span class='ocrx_word' id='word_1_113' title='bbox 611 1546 713 1582; x_wconf 91' lang='lat' dir='ltr'><strong>non</strong></span> <span class='ocrx_word' id='word_1_114' title='bbox 748 1538 894 1615; x_wconf 73' lang='lat' dir='ltr'><strong>potes</strong></span> <span class='ocrx_word' id='word_1_115' title='bbox 943 1530 1120 1584; x_wconf 88' lang='lat' dir='ltr'><strong>dicere</strong></span> <span class='ocrx_word' id='word_1_116' title='bbox 1164 1532 1443 1599; x_wconf 77' lang='lat' dir='ltr'><strong>:equalem,</strong></span> <span class='ocrx_word' id='word_1_117' title='bbox 1495 1532 1593 1585; x_wconf 88' lang='lat' dir='ltr'><strong>nisi</strong></span> <span class='ocrx_word' id='word_1_118' title='bbox 1634 1532 1777 1585; x_wconf 89' lang='lat' dir='ltr'><strong>omni</strong></span> <span class='ocrx_word' id='word_1_119' title='bbox 1817 1531 1973 1585; x_wconf 90' lang='lat' dir='ltr'><strong>modo</strong></span> 
     </span>
    </p>
   </div>
   <div class='ocr_carea' id='block_1_15' title="bbox 396 1618 1971 1691">
    <p class='ocr_par' dir='ltr' id='par_1_15' title="bbox 396 1618 1971 1691">
     <span class='ocr_line' id='line_1_15' title="bbox 396 1618 1971 1691; baseline 0.001 -20"><span class='ocrx_word' id='word_1_120' title='bbox 396 1618 654 1687; x_wconf 62' lang='lat' dir='ltr'><strong>aequalem</strong></span> <span class='ocrx_word' id='word_1_121' title='bbox 688 1635 702 1672; x_wconf 91' lang='lat'><strong>:</strong></span> <span class='ocrx_word' id='word_1_122' title='bbox 732 1620 869 1673; x_wconf 87' lang='lat' dir='ltr'><strong>unde</strong></span> <span class='ocrx_word' id='word_1_123' title='bbox 897 1633 1023 1687; x_wconf 87' lang='lat' dir='ltr'><strong>ergo</strong></span> <span class='ocrx_word' id='word_1_124' title='bbox 1055 1630 1203 1687; x_wconf 89' lang='lat' dir='ltr'><strong>potes</strong></span> <span class='ocrx_word' id='word_1_125' title='bbox 1224 1620 1398 1674; x_wconf 88' lang='lat' dir='ltr'><strong>dicere</strong></span> <span class='ocrx_word' id='word_1_126' title='bbox 1422 1621 1706 1689; x_wconf 88' lang='lat' dir='ltr'><strong>minorem,</strong></span> <span class='ocrx_word' id='word_1_127' title='bbox 1732 1622 1829 1675; x_wconf 90' lang='lat' dir='ltr'><strong>nisi</strong></span> <span class='ocrx_word' id='word_1_128' title='bbox 1852 1622 1971 1691; x_wconf 85' lang='lat' dir='ltr'><strong>quia</strong></span> 
     </span>
    </p>
   </div>
   <div class='ocr_carea' id='block_1_16' title="bbox 398 1709 1975 1782">
    <p class='ocr_par' dir='ltr' id='par_1_16' title="bbox 398 1709 1975 1782">
     <span class='ocr_line' id='line_1_16' title="bbox 398 1709 1975 1782; baseline 0.003 -20"><span class='ocrx_word' id='word_1_129' title='bbox 398 1709 620 1762; x_wconf 79' lang='lat' dir='ltr'><strong>formam</strong></span> <span class='ocrx_word' id='word_1_130' title='bbox 659 1710 795 1763; x_wconf 84' lang='lat' dir='ltr'><strong>servi</strong></span> <span class='ocrx_word' id='word_1_131' title='bbox 826 1712 1065 1779; x_wconf 82' lang='lat' dir='ltr'><strong>accepit?</strong></span> <span class='ocrx_word' id='word_1_132' title='bbox 1103 1712 1281 1780; x_wconf 87' lang='lat' dir='ltr'><strong>Itaque</strong></span> <span class='ocrx_word' id='word_1_133' title='bbox 1305 1752 1319 1774; x_wconf 93' lang='lat'><strong>,</strong></span> <span class='ocrx_word' id='word_1_134' title='bbox 1352 1712 1572 1775; x_wconf 79' lang='lat' dir='ltr'><strong>fratres,</strong></span> <span class='ocrx_word' id='word_1_135' title='bbox 1608 1728 1819 1782; x_wconf 88' lang='lat' dir='ltr'><strong>semper</strong></span> <span class='ocrx_word' id='word_1_136' title='bbox 1860 1712 1975 1767; x_wconf 63' lang='lat' dir='ltr'><strong>hare</strong></span> 
     </span>
    </p>
   </div>
   <div class='ocr_carea' id='block_1_17' title="bbox 397 1798 1974 1872">
    <p class='ocr_par' dir='ltr' id='par_1_17' title="bbox 397 1798 1974 1872">
     <span class='ocr_line' id='line_1_17' title="bbox 397 1798 1974 1872; baseline 0.004 -21"><span class='ocrx_word' id='word_1_137' title='bbox 397 1798 678 1854; x_wconf 82' lang='lat' dir='ltr'><strong>advertite.</strong></span> <span class='ocrx_word' id='word_1_138' title='bbox 710 1800 764 1854; x_wconf 89' lang='lat' dir='ltr'><strong>Si</strong></span> <span class='ocrx_word' id='word_1_139' title='bbox 796 1801 845 1853; x_wconf 92' lang='lat' dir='ltr'><strong>in</strong></span> <span class='ocrx_word' id='word_1_140' title='bbox 874 1800 1161 1870; x_wconf 86' lang='lat' dir='ltr'><strong>Scripturis</strong></span> <span class='ocrx_word' id='word_1_141' title='bbox 1189 1803 1426 1871; x_wconf 85' lang='lat' dir='ltr'><strong>regulam</strong></span> <span class='ocrx_word' id='word_1_142' title='bbox 1449 1802 1730 1872; x_wconf 89' lang='lat' dir='ltr'><strong>quamdam</strong></span> <span class='ocrx_word' id='word_1_143' title='bbox 1760 1818 1974 1872; x_wconf 88' lang='lat' dir='ltr'><strong>accepe-</strong></span> 
     </span>
    </p>
   </div>
   <div class='ocr_carea' id='block_1_18' title="bbox 395 1892 1974 1961">
    <p class='ocr_par' dir='ltr' id='par_1_18' title="bbox 395 1892 1974 1961">
     <span class='ocr_line' id='line_1_18' title="bbox 395 1892 1974 1961; baseline 0.004 -16"><span class='ocrx_word' id='word_1_144' title='bbox 395 1892 531 1955; x_wconf 87' lang='lat' dir='ltr'><strong>ritis,</strong></span> <span class='ocrx_word' id='word_1_145' title='bbox 563 1893 737 1946; x_wconf 86' lang='lat' dir='ltr'><strong>omnia</strong></span> <span class='ocrx_word' id='word_1_146' title='bbox 765 1894 917 1947; x_wconf 83' lang='lat' dir='ltr'><strong>vobis</strong></span> <span class='ocrx_word' id='word_1_147' title='bbox 941 1893 1029 1947; x_wconf 81' lang='lat' dir='ltr'><strong>lux</strong></span> <span class='ocrx_word' id='word_1_148' title='bbox 1053 1895 1162 1961; x_wconf 90' lang='lat' dir='ltr'><strong>ipsa</strong></span> <span class='ocrx_word' id='word_1_149' title='bbox 1195 1895 1527 1949; x_wconf 85' lang='lat' dir='ltr'><strong>monstrabit.</strong></span> <span class='ocrx_word' id='word_1_150' title='bbox 1553 1894 1731 1949; x_wconf 89' lang='lat' dir='ltr'><strong>Sicubi</strong></span> <span class='ocrx_word' id='word_1_151' title='bbox 1756 1896 1974 1951; x_wconf 88' lang='lat' dir='ltr'><strong>invene-</strong></span> 
     </span>
    </p>
   </div>
   <div class='ocr_carea' id='block_1_19' title="bbox 396 1984 1971 2056">
    <p class='ocr_par' dir='ltr' id='par_1_19' title="bbox 396 1984 1971 2056">
     <span class='ocr_line' id='line_1_19' title="bbox 396 1984 1971 2056; baseline 0.003 -19"><span class='ocrx_word' id='word_1_152' title='bbox 396 1984 515 2037; x_wconf 85' lang='lat' dir='ltr'><strong>ritis</strong></span> <span class='ocrx_word' id='word_1_153' title='bbox 540 2026 552 2048; x_wconf 92' lang='lat'><strong>,</strong></span> <span class='ocrx_word' id='word_1_154' title='bbox 581 1985 872 2039; x_wconf 87' lang='lat' dir='ltr'><strong>secundum</strong></span> <span class='ocrx_word' id='word_1_155' title='bbox 918 1986 1057 2054; x_wconf 89' lang='lat' dir='ltr'><strong>quod</strong></span> <span class='ocrx_word' id='word_1_156' title='bbox 1093 1987 1290 2040; x_wconf 90' lang='lat' dir='ltr'><strong>dictum</strong></span> <span class='ocrx_word' id='word_1_157' title='bbox 1334 1996 1448 2050; x_wconf 91' lang='lat' dir='ltr'><strong>est,</strong></span> <span class='ocrx_word' id='word_1_158' title='bbox 1473 1988 1731 2056; x_wconf 57' lang='lat' dir='ltr'><strong>aqualem</strong></span> <span class='ocrx_word' id='word_1_159' title='bbox 1781 1986 1971 2042; x_wconf 81' lang='lat' dir='ltr'><strong>Filium</strong></span> 
     </span>
    </p>
   </div>
   <div class='ocr_carea' id='block_1_20' title="bbox 397 2074 1973 2145">
    <p class='ocr_par' dir='ltr' id='par_1_20' title="bbox 397 2074 1973 2145">
     <span class='ocr_line' id='line_1_20' title="bbox 397 2074 1973 2145; baseline 0.001 -17"><span class='ocrx_word' id='word_1_160' title='bbox 397 2074 562 2139; x_wconf 80' lang='lat' dir='ltr'><strong>Patri,</strong></span> <span class='ocrx_word' id='word_1_161' title='bbox 595 2075 884 2128; x_wconf 90' lang='lat' dir='ltr'><strong>secundum</strong></span> <span class='ocrx_word' id='word_1_162' title='bbox 913 2076 1239 2129; x_wconf 89' lang='lat' dir='ltr'><strong>divinitatem</strong></span> <span class='ocrx_word' id='word_1_163' title='bbox 1279 2077 1517 2145; x_wconf 89' lang='lat' dir='ltr'><strong>accipite.</strong></span> <span class='ocrx_word' id='word_1_164' title='bbox 1544 2077 1841 2132; x_wconf 78' lang='lat' dir='ltr'><strong>Secundum</strong></span> <span class='ocrx_word' id='word_1_165' title='bbox 1864 2077 1973 2130; x_wconf 82' lang='lat' dir='ltr'><strong>lor-</strong></span> 
     </span>
    </p>
   </div>
   <div class='ocr_carea' id='block_1_21' title="bbox 398 2165 1975 2235">
    <p class='ocr_par' dir='ltr' id='par_1_21' title="bbox 398 2165 1975 2235">
     <span class='ocr_line' id='line_1_21' title="bbox 398 2165 1975 2235; baseline 0.002 -17"><span class='ocrx_word' id='word_1_166' title='bbox 398 2180 540 2218; x_wconf 87' lang='lat' dir='ltr'><strong>mam</strong></span> <span class='ocrx_word' id='word_1_167' title='bbox 572 2182 698 2219; x_wconf 89' lang='lat' dir='ltr'><strong>vero</strong></span> <span class='ocrx_word' id='word_1_168' title='bbox 731 2165 870 2219; x_wconf 80' lang='lat' dir='ltr'><strong>servi</strong></span> <span class='ocrx_word' id='word_1_169' title='bbox 910 2175 1231 2234; x_wconf 87' lang='lat' dir='ltr'><strong>assumptam</strong></span> <span class='ocrx_word' id='word_1_170' title='bbox 1253 2208 1268 2233; x_wconf 88' lang='lat'><strong>,</strong></span> <span class='ocrx_word' id='word_1_171' title='bbox 1300 2169 1558 2221; x_wconf 88' lang='lat' dir='ltr'><strong>minorem</strong></span> <span class='ocrx_word' id='word_1_172' title='bbox 1601 2168 1859 2235; x_wconf 90' lang='lat' dir='ltr'><strong>accipite:</strong></span> <span class='ocrx_word' id='word_1_173' title='bbox 1889 2183 1975 2222; x_wconf 84' lang='lat' dir='ltr'><strong>se—</strong></span> 
     </span>
    </p>
   </div>
   <div class='ocr_carea' id='block_1_22' title="bbox 396 2253 1975 2323">
    <p class='ocr_par' dir='ltr' id='par_1_22' title="bbox 396 2253 1975 2323">
     <span class='ocr_line' id='line_1_22' title="bbox 396 2253 1975 2323; baseline 0.001 -16"><span class='ocrx_word' id='word_1_174' title='bbox 396 2253 626 2307; x_wconf 86' lang='lat' dir='ltr'><strong>cundum</strong></span> <span class='ocrx_word' id='word_1_175' title='bbox 656 2255 795 2323; x_wconf 91' lang='lat' dir='ltr'><strong>quod</strong></span> <span class='ocrx_word' id='word_1_176' title='bbox 823 2254 1021 2308; x_wconf 90' lang='lat' dir='ltr'><strong>dictum</strong></span> <span class='ocrx_word' id='word_1_177' title='bbox 1049 2263 1160 2316; x_wconf 89' lang='lat' dir='ltr'><strong>est,</strong></span> <span class='ocrx_word' id='word_1_178' title='bbox 1189 2254 1297 2323; x_wconf 86' lang='lat' dir='ltr'><strong>Ego</strong></span> <span class='ocrx_word' id='word_1_179' title='bbox 1317 2272 1429 2308; x_wconf 88' lang='lat' dir='ltr'><strong>sum</strong></span> <span class='ocrx_word' id='word_1_180' title='bbox 1450 2256 1534 2323; x_wconf 86' lang='lat' dir='ltr'><strong>qui</strong></span> <span class='ocrx_word' id='word_1_181' title='bbox 1554 2265 1773 2318; x_wconf 88' lang='lat' dir='ltr'><strong>sum;et</strong></span> <span class='ocrx_word' id='word_1_182' title='bbox 1793 2271 1975 2310; x_wconf 85' lang='lat' dir='ltr'><strong>secun-</strong></span> 
     </span>
    </p>
   </div>
   <div class='ocr_carea' id='block_1_23' title="bbox 393 2341 1975 2412">
    <p class='ocr_par' dir='ltr' id='par_1_23' title="bbox 393 2341 1975 2412">
     <span class='ocr_line' id='line_1_23' title="bbox 393 2341 1975 2412; baseline 0.001 -16"><span class='ocrx_word' id='word_1_183' title='bbox 393 2343 518 2396; x_wconf 88' lang='lat' dir='ltr'><strong>dum</strong></span> <span class='ocrx_word' id='word_1_184' title='bbox 548 2345 686 2412; x_wconf 81' lang='lat' dir='ltr'><strong>quod</strong></span> <span class='ocrx_word' id='word_1_185' title='bbox 737 2344 933 2397; x_wconf 89' lang='lat' dir='ltr'><strong>dictum</strong></span> <span class='ocrx_word' id='word_1_186' title='bbox 974 2353 1075 2408; x_wconf 88' lang='lat' dir='ltr'><strong>est,</strong></span> <span class='ocrx_word' id='word_1_187' title='bbox 1107 2341 1219 2411; x_wconf 83' lang='lat' dir='ltr'><strong>Ego</strong></span> <span class='ocrx_word' id='word_1_188' title='bbox 1264 2360 1374 2395; x_wconf 89' lang='lat' dir='ltr'><strong>sum</strong></span> <span class='ocrx_word' id='word_1_189' title='bbox 1422 2343 1558 2396; x_wconf 90' lang='lat' dir='ltr'><strong>Deus</strong></span> <span class='ocrx_word' id='word_1_190' title='bbox 1606 2344 1897 2410; x_wconf 79' lang='lat' dir='ltr'><strong>Abraham,</strong></span> <span class='ocrx_word' id='word_1_191' title='bbox 1928 2354 1975 2398; x_wconf 85' lang='lat' dir='ltr'><strong>et</strong></span> 
     </span>
    </p>
   </div>
   <div class='ocr_carea' id='block_1_24' title="bbox 400 2433 1976 2508">
    <p class='ocr_par' dir='ltr' id='par_1_24' title="bbox 400 2433 1976 2508">
     <span class='ocr_line' id='line_1_24' title="bbox 400 2433 1976 2508; baseline 0.004 -22"><span class='ocrx_word' id='word_1_192' title='bbox 400 2433 532 2488; x_wconf 90' lang='lat' dir='ltr'><strong>Deus</strong></span> <span class='ocrx_word' id='word_1_193' title='bbox 564 2433 730 2500; x_wconf 88' lang='lat' dir='ltr'><strong>Isaac,</strong></span> <span class='ocrx_word' id='word_1_194' title='bbox 755 2444 798 2487; x_wconf 83' lang='lat' dir='ltr'><strong>et</strong></span> <span class='ocrx_word' id='word_1_195' title='bbox 827 2434 965 2488; x_wconf 87' lang='lat' dir='ltr'><strong>Deus</strong></span> <span class='ocrx_word' id='word_1_196' title='bbox 988 2434 1147 2488; x_wconf 84' lang='lat' dir='ltr'><strong>Jacob</strong></span> <span class='ocrx_word' id='word_1_197' title='bbox 1178 2433 1369 2508; x_wconf 77' lang='lat' dir='ltr'><strong>(Exod.</strong></span> <span class='ocrx_word' id='word_1_198' title='bbox 1401 2450 1491 2501; x_wconf 86' lang='grc' dir='ltr'>ιιι,</span> <span class='ocrx_word' id='word_1_199' title='bbox 1529 2435 1615 2498; x_wconf 73' lang='grc'><strong>14,</strong></span> <span class='ocrx_word' id='word_1_200' title='bbox 1645 2435 1872 2507; x_wconf 75' lang='grc' dir='ltr'><strong>15,16)ε</strong></span> <span class='ocrx_word' id='word_1_201' title='bbox 1899 2437 1976 2492; x_wconf 91' lang='lat' dir='ltr'><strong>sic</strong></span> 
     </span>
    </p>
   </div>
   <div class='ocr_carea' id='block_1_25' title="bbox 396 2523 1974 2593">
    <p class='ocr_par' dir='ltr' id='par_1_25' title="bbox 396 2523 1974 2593">
     <span class='ocr_line' id='line_1_25' title="bbox 396 2523 1974 2593; baseline 0.003 -18"><span class='ocrx_word' id='word_1_202' title='bbox 396 2523 644 2577; x_wconf 87' lang='lat' dir='ltr'><strong>tenebitis</strong></span> <span class='ocrx_word' id='word_1_203' title='bbox 668 2564 682 2585; x_wconf 90' lang='lat'><strong>,</strong></span> <span class='ocrx_word' id='word_1_204' title='bbox 712 2532 764 2576; x_wconf 90' lang='lat' dir='ltr'><strong>et</strong></span> <span class='ocrx_word' id='word_1_205' title='bbox 789 2524 926 2592; x_wconf 89' lang='lat' dir='ltr'><strong>quod</strong></span> <span class='ocrx_word' id='word_1_206' title='bbox 959 2524 1011 2576; x_wconf 92' lang='lat' dir='ltr'><strong>in</strong></span> <span class='ocrx_word' id='word_1_207' title='bbox 1041 2524 1156 2593; x_wconf 89' lang='lat' dir='ltr'><strong>ejus</strong></span> <span class='ocrx_word' id='word_1_208' title='bbox 1184 2534 1369 2577; x_wconf 87' lang='lat' dir='ltr'><strong>natura</strong></span> <span class='ocrx_word' id='word_1_209' title='bbox 1394 2532 1474 2577; x_wconf 91' lang='lat' dir='ltr'><strong>est</strong></span> <span class='ocrx_word' id='word_1_210' title='bbox 1494 2566 1506 2587; x_wconf 92' lang='lat'><strong>,</strong></span> <span class='ocrx_word' id='word_1_211' title='bbox 1532 2533 1584 2578; x_wconf 88' lang='lat' dir='ltr'><strong>et</strong></span> <span class='ocrx_word' id='word_1_212' title='bbox 1604 2524 1743 2593; x_wconf 91' lang='lat' dir='ltr'><strong>quod</strong></span> <span class='ocrx_word' id='word_1_213' title='bbox 1776 2525 1828 2578; x_wconf 90' lang='lat' dir='ltr'><strong>in</strong></span> <span class='ocrx_word' id='word_1_214' title='bbox 1858 2525 1974 2593; x_wconf 85' lang='lat' dir='ltr'><strong>ejus</strong></span> 
     </span>
    </p>
   </div>
   <div class='ocr_carea' id='block_1_26' title="bbox 395 2612 1972 2669">
    <p class='ocr_par' dir='ltr' id='par_1_26' title="bbox 395 2612 1972 2669">
     <span class='ocr_line' id='line_1_26' title="bbox 395 2612 1972 2669; baseline 0.003 -5"><span class='ocrx_word' id='word_1_215' title='bbox 395 2612 779 2667; x_wconf 88' lang='lat' dir='ltr'><strong>misericordia.</strong></span> <span class='ocrx_word' id='word_1_216' title='bbox 806 2614 1050 2666; x_wconf 85' lang='lat' dir='ltr'><strong>Arbitror</strong></span> <span class='ocrx_word' id='word_1_217' title='bbox 1079 2614 1207 2667; x_wconf 81' lang='lat' dir='ltr'><strong>satis</strong></span> <span class='ocrx_word' id='word_1_218' title='bbox 1230 2628 1347 2667; x_wconf 89' lang='lat' dir='ltr'><strong>esse</strong></span> <span class='ocrx_word' id='word_1_219' title='bbox 1371 2614 1569 2668; x_wconf 88' lang='lat' dir='ltr'><strong>dictum</strong></span> <span class='ocrx_word' id='word_1_220' title='bbox 1596 2614 1663 2668; x_wconf 86' lang='lat' dir='ltr'><strong>de</strong></span> <span class='ocrx_word' id='word_1_221' title='bbox 1693 2615 1783 2669; x_wconf 91' lang='lat' dir='ltr'><strong>illo</strong></span> <span class='ocrx_word' id='word_1_222' title='bbox 1812 2615 1972 2669; x_wconf 85' lang='lat' dir='ltr'><strong>etiam</strong></span> 
     </span>
    </p>
   </div>
   <div class='ocr_carea' id='block_1_27' title="bbox 394 2704 1978 2772">
    <p class='ocr_par' dir='ltr' id='par_1_27' title="bbox 394 2704 1978 2772">
     <span class='ocr_line' id='line_1_27' title="bbox 394 2704 1978 2772; baseline 0.003 -16"><span class='ocrx_word' id='word_1_223' title='bbox 394 2704 554 2756; x_wconf 90' lang='lat' dir='ltr'><strong>modo</strong></span> <span class='ocrx_word' id='word_1_224' title='bbox 582 2745 597 2769; x_wconf 86' lang='lat'><strong>,</strong></span> <span class='ocrx_word' id='word_1_225' title='bbox 626 2719 731 2772; x_wconf 90' lang='lat' dir='ltr'><strong>quo</strong></span> <span class='ocrx_word' id='word_1_226' title='bbox 758 2705 1013 2758; x_wconf 89' lang='lat' dir='ltr'><strong>Dominus</strong></span> <span class='ocrx_word' id='word_1_227' title='bbox 1043 2714 1226 2758; x_wconf 90' lang='lat' dir='ltr'><strong>noster</strong></span> <span class='ocrx_word' id='word_1_228' title='bbox 1270 2704 1426 2758; x_wconf 85' lang='lat' dir='ltr'><strong>Jesus</strong></span> <span class='ocrx_word' id='word_1_229' title='bbox 1463 2704 1703 2759; x_wconf 87' lang='lat' dir='ltr'><strong>Christus</strong></span> <span class='ocrx_word' id='word_1_230' title='bbox 1732 2705 1978 2761; x_wconf 83' lang='lat' dir='ltr'><strong>Salvator</strong></span> 
     </span>
    </p>
   </div>
   <div class='ocr_carea' id='block_1_28' title="bbox 394 2795 1975 2867">
    <p class='ocr_par' dir='ltr' id='par_1_28' title="bbox 394 2795 1975 2867">
     <span class='ocr_line' id='line_1_28' title="bbox 394 2795 1975 2867; baseline 0.003 -19"><span class='ocrx_word' id='word_1_231' title='bbox 394 2804 579 2849; x_wconf 87' lang='lat' dir='ltr'><strong>noster</strong></span> <span class='ocrx_word' id='word_1_232' title='bbox 623 2803 783 2864; x_wconf 86' lang='lat' dir='ltr'><strong>caput</strong></span> <span class='ocrx_word' id='word_1_233' title='bbox 822 2796 1073 2850; x_wconf 75' lang='lat' dir='ltr'><strong>Ecclesiae</strong></span> <span class='ocrx_word' id='word_1_234' title='bbox 1125 2796 1386 2850; x_wconf 89' lang='lat' dir='ltr'><strong>mediator</strong></span> <span class='ocrx_word' id='word_1_235' title='bbox 1433 2795 1623 2862; x_wconf 77' lang='lat' dir='ltr'><strong>lactus,</strong></span> <span class='ocrx_word' id='word_1_236' title='bbox 1680 2813 1775 2867; x_wconf 88' lang='lat' dir='ltr'><strong>per</strong></span> <span class='ocrx_word' id='word_1_237' title='bbox 1819 2814 1975 2866; x_wconf 90' lang='lat' dir='ltr'><strong>quem</strong></span> 
     </span>
    </p>
   </div>
   <div class='ocr_carea' id='block_1_29' title="bbox 396 2886 1973 2954">
    <p class='ocr_par' dir='ltr' id='par_1_29' title="bbox 396 2886 1973 2954">
     <span class='ocr_line' id='line_1_29' title="bbox 396 2886 1973 2954; baseline 0.003 -16"><span class='ocrx_word' id='word_1_238' title='bbox 396 2886 802 2940; x_wconf 90' lang='lat' dir='ltr'><strong>reconciliamur</strong></span> <span class='ocrx_word' id='word_1_239' title='bbox 828 2887 959 2954; x_wconf 85' lang='lat' dir='ltr'><strong>Deo,</strong></span> <span class='ocrx_word' id='word_1_240' title='bbox 989 2886 1130 2942; x_wconf 90' lang='lat' dir='ltr'><strong>Deus</strong></span> <span class='ocrx_word' id='word_1_241' title='bbox 1155 2896 1208 2941; x_wconf 92' lang='lat' dir='ltr'><strong>et</strong></span> <span class='ocrx_word' id='word_1_242' title='bbox 1234 2887 1394 2941; x_wconf 89' lang='lat' dir='ltr'><strong>homo</strong></span> <span class='ocrx_word' id='word_1_243' title='bbox 1421 2886 1718 2943; x_wconf 82' lang='lat' dir='ltr'><strong>insinuatur</strong></span> <span class='ocrx_word' id='word_1_244' title='bbox 1746 2890 1797 2943; x_wconf 90' lang='lat' dir='ltr'><strong>in</strong></span> <span class='ocrx_word' id='word_1_245' title='bbox 1828 2889 1973 2944; x_wconf 84' lang='lat' dir='ltr'><strong>Scri-</strong></span> 
     </span>
    </p>
   </div>
   <div class='ocr_carea' id='block_1_30' title="bbox 395 2975 581 3044">
    <p class='ocr_par' dir='ltr' id='par_1_30' title="bbox 395 2975 581 3044">
     <span class='ocr_line' id='line_1_30' title="bbox 395 2975 581 3044; baseline -0.005 -16"><span class='ocrx_word' id='word_1_246' title='bbox 395 2975 581 3044; x_wconf 90' lang='lat' dir='ltr'><strong>pturis.</strong></span> 
     </span>
    </p>
   </div>
   <div class='ocr_carea' id='block_1_31' title="bbox 467 3084 1977 3162">
    <p class='ocr_par' dir='ltr' id='par_1_31' title="bbox 467 3084 1977 3162">
     <span class='ocr_line' id='line_1_31' title="bbox 467 3084 1977 3162; baseline 0.003 -23"><span class='ocrx_word' id='word_1_247' title='bbox 467 3084 694 3140; x_wconf 78' lang='lat' dir='ltr'><strong>CAPUT</strong></span> <span class='ocrx_word' id='word_1_248' title='bbox 725 3086 812 3140; x_wconf 74' lang='lat' dir='ltr'><strong>IX.</strong></span> <span class='ocrx_word' id='word_1_249' title='bbox 843 3117 914 3128; x_wconf 96' lang='lat'>—</span> <span class='ocrx_word' id='word_1_250' title='bbox 956 3089 1042 3143; x_wconf 78' lang='lat' dir='ltr'><strong>ll.</strong></span> <span class='ocrx_word' id='word_1_251' title='bbox 1083 3088 1308 3143; x_wconf 78' lang='lat' dir='ltr'><strong>Christus</strong></span> <span class='ocrx_word' id='word_1_252' title='bbox 1335 3091 1478 3144; x_wconf 83' lang='lat' dir='ltr'><strong>tertio</strong></span> <span class='ocrx_word' id='word_1_253' title='bbox 1506 3091 1653 3146; x_wconf 88' lang='lat' dir='ltr'><strong>modo</strong></span> <span class='ocrx_word' id='word_1_254' title='bbox 1682 3093 1977 3162; x_wconf 76' lang='lat' dir='ltr'><strong>intelligitur</strong></span> 
     </span>
    </p>
   </div>
   <div class='ocr_carea' id='block_1_32' title="bbox 394 3179 1974 3252">
    <p class='ocr_par' dir='ltr' id='par_1_32' title="bbox 394 3179 1974 3252">
     <span class='ocr_line' id='line_1_32' title="bbox 394 3179 1974 3252; baseline 0.008 -24"><span class='ocrx_word' id='word_1_255' title='bbox 394 3186 549 3246; x_wconf 85' lang='lat' dir='ltr'><strong>caput</strong></span> <span class='ocrx_word' id='word_1_256' title='bbox 575 3185 619 3227; x_wconf 84' lang='lat' dir='ltr'><strong>et</strong></span> <span class='ocrx_word' id='word_1_257' title='bbox 644 3193 847 3246; x_wconf 88' lang='lat' dir='ltr'><strong>corpus.</strong></span> <span class='ocrx_word' id='word_1_258' title='bbox 879 3179 1087 3233; x_wconf 89' lang='lat' dir='ltr'><strong>Tertius</strong></span> <span class='ocrx_word' id='word_1_259' title='bbox 1127 3181 1316 3235; x_wconf 79' lang='lat' dir='ltr'><strong>inodus</strong></span> <span class='ocrx_word' id='word_1_260' title='bbox 1361 3192 1473 3249; x_wconf 90' lang='lat' dir='ltr'><strong>est,</strong></span> <span class='ocrx_word' id='word_1_261' title='bbox 1524 3185 1791 3252; x_wconf 88' lang='lat' dir='ltr'><strong>quomodo</strong></span> <span class='ocrx_word' id='word_1_262' title='bbox 1833 3195 1974 3240; x_wconf 89' lang='lat' dir='ltr'><strong>totus</strong></span> 
     </span>
    </p>
   </div>
   <div class='ocr_carea' id='block_1_33' title="bbox 393 3260 1975 3339">
    <p class='ocr_par' dir='ltr' id='par_1_33' title="bbox 393 3260 1975 3339">
     <span class='ocr_line' id='line_1_33' title="bbox 393 3260 1975 3339; baseline 0.006 -24"><span class='ocrx_word' id='word_1_263' title='bbox 393 3260 637 3315; x_wconf 86' lang='lat' dir='ltr'><strong>Christus</strong></span> <span class='ocrx_word' id='word_1_264' title='bbox 664 3264 953 3318; x_wconf 88' lang='lat' dir='ltr'><strong>secundum</strong></span> <span class='ocrx_word' id='word_1_265' title='bbox 985 3265 1300 3331; x_wconf 77' lang='lat' dir='ltr'><strong>Ecclesium,</strong></span> <span class='ocrx_word' id='word_1_266' title='bbox 1327 3266 1377 3320; x_wconf 93' lang='lat' dir='ltr'><strong>id</strong></span> <span class='ocrx_word' id='word_1_267' title='bbox 1403 3276 1502 3332; x_wconf 87' lang='lat' dir='ltr'><strong>est,</strong></span> <span class='ocrx_word' id='word_1_268' title='bbox 1526 3279 1682 3337; x_wconf 84' lang='lat' dir='ltr'><strong>caput</strong></span> <span class='ocrx_word' id='word_1_269' title='bbox 1705 3279 1756 3324; x_wconf 92' lang='lat' dir='ltr'><strong>et</strong></span> <span class='ocrx_word' id='word_1_270' title='bbox 1782 3286 1975 3339; x_wconf 88' lang='lat' dir='ltr'><strong>corpus</strong></span> 
     </span>
    </p>
   </div>
   <div class='ocr_carea' id='block_1_34' title="bbox 397 3351 1974 3425">
    <p class='ocr_par' dir='ltr' id='par_1_34' title="bbox 397 3351 1974 3425">
     <span class='ocr_line' id='line_1_34' title="bbox 397 3351 1974 3425; baseline 0.01 -25"><span class='ocrx_word' id='word_1_271' title='bbox 397 3351 731 3417; x_wconf 76' lang='lat' dir='ltr'><strong>praedicetur.</strong></span> <span class='ocrx_word' id='word_1_272' title='bbox 775 3354 985 3408; x_wconf 83' lang='lat' dir='ltr'><strong>Etenim</strong></span> <span class='ocrx_word' id='word_1_273' title='bbox 1026 3366 1184 3423; x_wconf 88' lang='lat' dir='ltr'><strong>caput</strong></span> <span class='ocrx_word' id='word_1_274' title='bbox 1223 3367 1279 3412; x_wconf 90' lang='lat' dir='ltr'><strong>et</strong></span> <span class='ocrx_word' id='word_1_275' title='bbox 1319 3373 1513 3425; x_wconf 92' lang='lat' dir='ltr'><strong>corpus</strong></span> <span class='ocrx_word' id='word_1_276' title='bbox 1538 3374 1675 3413; x_wconf 91' lang='lat' dir='ltr'><strong>unus</strong></span> <span class='ocrx_word' id='word_1_277' title='bbox 1699 3369 1780 3414; x_wconf 87' lang='lat' dir='ltr'><strong>est</strong></span> <span class='ocrx_word' id='word_1_278' title='bbox 1815 3359 1974 3415; x_wconf 88' lang='lat' dir='ltr'><strong>Chri-</strong></span> 
     </span>
    </p>
   </div>
   <div class='ocr_carea' id='block_1_35' title="bbox 397 3446 1975 3520">
    <p class='ocr_par' dir='ltr' id='par_1_35' title="bbox 397 3446 1975 3520">
     <span class='ocr_line' id='line_1_35' title="bbox 397 3446 1975 3520; baseline 0.008 -26"><span class='ocrx_word' id='word_1_279' title='bbox 397 3449 558 3494; x_wconf 90' lang='lat' dir='ltr'><strong>stus:</strong></span> <span class='ocrx_word' id='word_1_280' title='bbox 592 3459 696 3495; x_wconf 89' lang='lat' dir='ltr'><strong>non</strong></span> <span class='ocrx_word' id='word_1_281' title='bbox 738 3446 864 3513; x_wconf 84' lang='lat' dir='ltr'><strong>quia</strong></span> <span class='ocrx_word' id='word_1_282' title='bbox 915 3447 1030 3499; x_wconf 92' lang='lat' dir='ltr'><strong>sine</strong></span> <span class='ocrx_word' id='word_1_283' title='bbox 1066 3462 1289 3516; x_wconf 87' lang='lat' dir='ltr'><strong>corpore</strong></span> <span class='ocrx_word' id='word_1_284' title='bbox 1331 3465 1435 3503; x_wconf 90' lang='lat' dir='ltr'><strong>non</strong></span> <span class='ocrx_word' id='word_1_285' title='bbox 1476 3458 1558 3503; x_wconf 87' lang='lat' dir='ltr'><strong>est</strong></span> <span class='ocrx_word' id='word_1_286' title='bbox 1604 3451 1839 3520; x_wconf 78' lang='lat' dir='ltr'><strong>integer,</strong></span> <span class='ocrx_word' id='word_1_287' title='bbox 1881 3452 1975 3506; x_wconf 86' lang='lat' dir='ltr'><strong>sed</strong></span> 
     </span>
    </p>
   </div>
   <div class='ocr_carea' id='block_1_36' title="bbox 396 3534 1976 3609">
    <p class='ocr_par' dir='ltr' id='par_1_36' title="bbox 396 3534 1976 3609">
     <span class='ocr_line' id='line_1_36' title="bbox 396 3534 1976 3609; baseline 0.008 -25"><span class='ocrx_word' id='word_1_288' title='bbox 396 3534 518 3598; x_wconf 90' lang='lat' dir='ltr'><strong>quia</strong></span> <span class='ocrx_word' id='word_1_289' title='bbox 560 3543 613 3587; x_wconf 91' lang='lat' dir='ltr'><strong>ct</strong></span> <span class='ocrx_word' id='word_1_290' title='bbox 656 3536 931 3589; x_wconf 88' lang='lat' dir='ltr'><strong>nobiscum</strong></span> <span class='ocrx_word' id='word_1_291' title='bbox 973 3538 1177 3605; x_wconf 91' lang='lat' dir='ltr'><strong>integer</strong></span> <span class='ocrx_word' id='word_1_292' title='bbox 1219 3553 1337 3592; x_wconf 89' lang='lat' dir='ltr'><strong>esse</strong></span> <span class='ocrx_word' id='word_1_293' title='bbox 1373 3540 1617 3608; x_wconf 85' lang='lat' dir='ltr'><strong>dignatus</strong></span> <span class='ocrx_word' id='word_1_294' title='bbox 1644 3549 1757 3604; x_wconf 90' lang='lat' dir='ltr'><strong>est,</strong></span> <span class='ocrx_word' id='word_1_295' title='bbox 1792 3543 1881 3609; x_wconf 87' lang='lat' dir='ltr'><strong>qui</strong></span> <span class='ocrx_word' id='word_1_296' title='bbox 1922 3552 1976 3596; x_wconf 91' lang='lat' dir='ltr'><strong>et</strong></span> 
     </span>
    </p>
   </div>
   <div class='ocr_carea' id='block_1_37' title="bbox 397 3620 1974 3699">
    <p class='ocr_par' dir='ltr' id='par_1_37' title="bbox 397 3620 1974 3699">
     <span class='ocr_line' id='line_1_37' title="bbox 397 3620 1974 3699; baseline 0.008 -26"><span class='ocrx_word' id='word_1_297' title='bbox 397 3620 513 3675; x_wconf 85' lang='lat' dir='ltr'><strong>sine</strong></span> <span class='ocrx_word' id='word_1_298' title='bbox 542 3623 693 3675; x_wconf 90' lang='lat' dir='ltr'><strong>nobis</strong></span> <span class='ocrx_word' id='word_1_299' title='bbox 722 3639 936 3692; x_wconf 81' lang='lat' dir='ltr'><strong>semper</strong></span> <span class='ocrx_word' id='word_1_300' title='bbox 965 3637 1047 3677; x_wconf 89' lang='lat' dir='ltr'><strong>est</strong></span> <span class='ocrx_word' id='word_1_301' title='bbox 1074 3627 1294 3691; x_wconf 86' lang='lat' dir='ltr'><strong>integer,</strong></span> <span class='ocrx_word' id='word_1_302' title='bbox 1325 3641 1428 3680; x_wconf 92' lang='lat' dir='ltr'><strong>non</strong></span> <span class='ocrx_word' id='word_1_303' title='bbox 1459 3628 1630 3681; x_wconf 90' lang='lat' dir='ltr'><strong>solum</strong></span> <span class='ocrx_word' id='word_1_304' title='bbox 1661 3629 1711 3682; x_wconf 92' lang='lat' dir='ltr'><strong>in</strong></span> <span class='ocrx_word' id='word_1_305' title='bbox 1743 3644 1807 3684; x_wconf 91' lang='lat' dir='ltr'><strong>eo</strong></span> <span class='ocrx_word' id='word_1_306' title='bbox 1832 3631 1974 3699; x_wconf 92' lang='lat' dir='ltr'><strong>quod</strong></span> 
     </span>
    </p>
   </div>
   <div class='ocr_carea' id='block_1_38' title="bbox 395 3710 1973 3784">
    <p class='ocr_par' dir='ltr' id='par_1_38' title="bbox 395 3710 1973 3784">
     <span class='ocr_line' id='line_1_38' title="bbox 395 3710 1973 3784; baseline 0.007 -21"><span class='ocrx_word' id='word_1_307' title='bbox 395 3710 628 3766; x_wconf 89' lang='lat' dir='ltr'><strong>Verbum</strong></span> <span class='ocrx_word' id='word_1_308' title='bbox 656 3722 739 3767; x_wconf 92' lang='lat' dir='ltr'><strong>est</strong></span> <span class='ocrx_word' id='word_1_309' title='bbox 769 3713 1067 3779; x_wconf 81' lang='lat' dir='ltr'><strong>unigenitus</strong></span> <span class='ocrx_word' id='word_1_310' title='bbox 1102 3715 1264 3768; x_wconf 88' lang='lat' dir='ltr'><strong>Filius</strong></span> <span class='ocrx_word' id='word_1_311' title='bbox 1296 3717 1514 3784; x_wconf 81' lang='lat' dir='ltr'><strong>aequalis</strong></span> <span class='ocrx_word' id='word_1_312' title='bbox 1537 3717 1697 3780; x_wconf 80' lang='lat' dir='ltr'><strong>Patri,</strong></span> <span class='ocrx_word' id='word_1_313' title='bbox 1722 3719 1815 3772; x_wconf 91' lang='lat' dir='ltr'><strong>sed</strong></span> <span class='ocrx_word' id='word_1_314' title='bbox 1843 3730 1895 3774; x_wconf 92' lang='lat' dir='ltr'><strong>et</strong></span> <span class='ocrx_word' id='word_1_315' title='bbox 1921 3721 1973 3774; x_wconf 93' lang='lat' dir='ltr'><strong>in</strong></span> 
     </span>
    </p>
   </div>
   <div class='ocr_carea' id='block_1_39' title="bbox 394 3800 1973 3875">
    <p class='ocr_par' dir='ltr' id='par_1_39' title="bbox 394 3800 1973 3875">
     <span class='ocr_line' id='line_1_39' title="bbox 394 3800 1973 3875; baseline 0.008 -23"><span class='ocrx_word' id='word_1_316' title='bbox 394 3800 511 3869; x_wconf 87' lang='lat' dir='ltr'><strong>ipso</strong></span> <span class='ocrx_word' id='word_1_317' title='bbox 538 3801 751 3856; x_wconf 89' lang='lat' dir='ltr'><strong>homine</strong></span> <span class='ocrx_word' id='word_1_318' title='bbox 781 3818 935 3871; x_wconf 87' lang='lat' dir='ltr'><strong>quem</strong></span> <span class='ocrx_word' id='word_1_319' title='bbox 964 3805 1228 3873; x_wconf 87' lang='lat' dir='ltr'><strong>suscepit,</strong></span> <span class='ocrx_word' id='word_1_320' title='bbox 1269 3814 1321 3859; x_wconf 90' lang='lat' dir='ltr'><strong>et</strong></span> <span class='ocrx_word' id='word_1_321' title='bbox 1357 3821 1475 3858; x_wconf 92' lang='lat' dir='ltr'><strong>cum</strong></span> <span class='ocrx_word' id='word_1_322' title='bbox 1515 3822 1618 3875; x_wconf 92' lang='lat' dir='ltr'><strong>quo</strong></span> <span class='ocrx_word' id='word_1_323' title='bbox 1648 3808 1802 3861; x_wconf 89' lang='lat' dir='ltr'><strong>simul</strong></span> <span class='ocrx_word' id='word_1_324' title='bbox 1837 3809 1973 3865; x_wconf 90' lang='lat' dir='ltr'><strong>Deus</strong></span> 
     </span>
    </p>
   </div>
   <div class='ocr_carea' id='block_1_40' title="bbox 401 3892 1973 3969">
    <p class='ocr_par' dir='ltr' id='par_1_40' title="bbox 401 3892 1973 3969">
     <span class='ocr_line' id='line_1_40' title="bbox 401 3892 1973 3969; baseline 0.008 -26"><span class='ocrx_word' id='word_1_325' title='bbox 401 3900 454 3944; x_wconf 89' lang='lat' dir='ltr'><strong>et</strong></span> <span class='ocrx_word' id='word_1_326' title='bbox 483 3892 644 3947; x_wconf 90' lang='lat' dir='ltr'><strong>homo</strong></span> <span class='ocrx_word' id='word_1_327' title='bbox 667 3904 767 3947; x_wconf 90' lang='lat' dir='ltr'><strong>est.</strong></span> <span class='ocrx_word' id='word_1_328' title='bbox 800 3893 1210 3960; x_wconf 88' lang='lat' dir='ltr'><strong>Verumtamen,</strong></span> <span class='ocrx_word' id='word_1_329' title='bbox 1243 3894 1430 3950; x_wconf 77' lang='lat' dir='ltr'><strong>fratres</strong></span> <span class='ocrx_word' id='word_1_330' title='bbox 1452 3939 1466 3962; x_wconf 94' lang='lat'><strong>,</strong></span> <span class='ocrx_word' id='word_1_331' title='bbox 1490 3898 1768 3967; x_wconf 78' lang='lat' dir='ltr'><strong>quomodo.</strong></span> <span class='ocrx_word' id='word_1_332' title='bbox 1781 3914 1973 3969; x_wconf 90' lang='lat' dir='ltr'><strong>corpus</strong></span> 
     </span>
    </p>
   </div>
   <div class='ocr_carea' id='block_1_41' title="bbox 394 3984 1972 4052">
    <p class='ocr_par' dir='ltr' id='par_1_41' title="bbox 394 3984 1972 4052">
     <span class='ocr_line' id='line_1_41' title="bbox 394 3984 1972 4052; baseline 0.008 -17"><span class='ocrx_word' id='word_1_333' title='bbox 394 3984 509 4052; x_wconf 80' lang='lat' dir='ltr'><strong>ejus</strong></span> <span class='ocrx_word' id='word_1_334' title='bbox 540 4000 634 4039; x_wconf 88' lang='lat' dir='ltr'><strong>nos</strong></span> <span class='ocrx_word' id='word_1_335' title='bbox 664 4002 876 4051; x_wconf 88' lang='lat' dir='ltr'><strong>sumus,</strong></span> <span class='ocrx_word' id='word_1_336' title='bbox 920 3996 970 4041; x_wconf 91' lang='lat' dir='ltr'><strong>et</strong></span> <span class='ocrx_word' id='word_1_337' title='bbox 1014 3989 1289 4042; x_wconf 86' lang='lat' dir='ltr'><strong>nobiscum</strong></span> <span class='ocrx_word' id='word_1_338' title='bbox 1333 4005 1469 4043; x_wconf 92' lang='lat' dir='ltr'><strong>unus</strong></span> <span class='ocrx_word' id='word_1_339' title='bbox 1512 3990 1755 4046; x_wconf 86' lang='lat' dir='ltr'><strong>Christus</strong></span> <span class='ocrx_word' id='word_1_340' title='bbox 1782 3992 1844 4045; x_wconf 77' lang='lat'><strong>’?</strong></span> <span class='ocrx_word' id='word_1_341' title='bbox 1873 3992 1972 4048; x_wconf 88' lang='lat' dir='ltr'><strong>Ubi</strong></span> 
     </span>
    </p>
   </div>
   <div class='ocr_carea' id='block_1_42' title="bbox 397 4076 1975 4150">
    <p class='ocr_par' dir='ltr' id='par_1_42' title="bbox 397 4076 1975 4150">
     <span class='ocr_line' id='line_1_42' title="bbox 397 4076 1975 4150; baseline 0.005 -21"><span class='ocrx_word' id='word_1_342' title='bbox 397 4076 700 4131; x_wconf 82' lang='lat' dir='ltr'><strong>invenimus</strong></span> <span class='ocrx_word' id='word_1_343' title='bbox 730 4077 852 4144; x_wconf 86' lang='lat' dir='ltr'><strong>huc,</strong></span> <span class='ocrx_word' id='word_1_344' title='bbox 880 4079 1000 4147; x_wconf 88' lang='lat' dir='ltr'><strong>quia</strong></span> <span class='ocrx_word' id='word_1_345' title='bbox 1032 4096 1166 4133; x_wconf 91' lang='lat' dir='ltr'><strong>unus</strong></span> <span class='ocrx_word' id='word_1_346' title='bbox 1204 4078 1450 4135; x_wconf 87' lang='lat' dir='ltr'><strong>Christus</strong></span> <span class='ocrx_word' id='word_1_347' title='bbox 1478 4088 1559 4135; x_wconf 81' lang='lat' dir='ltr'><strong>est</strong></span> <span class='ocrx_word' id='word_1_348' title='bbox 1581 4091 1739 4150; x_wconf 89' lang='lat' dir='ltr'><strong>caput</strong></span> <span class='ocrx_word' id='word_1_349' title='bbox 1767 4092 1821 4137; x_wconf 89' lang='lat' dir='ltr'><strong>et</strong></span> <span class='ocrx_word' id='word_1_350' title='bbox 1855 4099 1975 4137; x_wconf 83' lang='lat' dir='ltr'><strong>cor-</strong></span> 
     </span>
    </p>
   </div>
   <div class='ocr_carea' id='block_1_43' title="bbox 394 4166 1972 4240">
    <p class='ocr_par' dir='ltr' id='par_1_43' title="bbox 394 4166 1972 4240">
     <span class='ocr_line' id='line_1_43' title="bbox 394 4166 1972 4240; baseline 0.006 -22"><span class='ocrx_word' id='word_1_351' title='bbox 394 4182 494 4234; x_wconf 91' lang='lat' dir='ltr'><strong>pus</strong></span> <span class='ocrx_word' id='word_1_352' title='bbox 519 4208 532 4230; x_wconf 95' lang='lat'><strong>,</strong></span> <span class='ocrx_word' id='word_1_353' title='bbox 578 4166 627 4219; x_wconf 90' lang='lat' dir='ltr'><strong>id</strong></span> <span class='ocrx_word' id='word_1_354' title='bbox 670 4176 782 4231; x_wconf 88' lang='lat' dir='ltr'><strong>est,</strong></span> <span class='ocrx_word' id='word_1_355' title='bbox 828 4183 1023 4235; x_wconf 85' lang='lat' dir='ltr'><strong>corpus</strong></span> <span class='ocrx_word' id='word_1_356' title='bbox 1059 4185 1177 4221; x_wconf 91' lang='lat' dir='ltr'><strong>cum</strong></span> <span class='ocrx_word' id='word_1_357' title='bbox 1219 4170 1390 4238; x_wconf 83' lang='lat' dir='ltr'><strong>capite</strong></span> <span class='ocrx_word' id='word_1_358' title='bbox 1439 4173 1574 4224; x_wconf 88' lang='lat' dir='ltr'><strong>suo?</strong></span> <span class='ocrx_word' id='word_1_359' title='bbox 1611 4171 1814 4240; x_wconf 89' lang='lat' dir='ltr'><strong>Sponsa</strong></span> <span class='ocrx_word' id='word_1_360' title='bbox 1853 4189 1972 4228; x_wconf 89' lang='lat' dir='ltr'><strong>cum</strong></span> 
     </span>
    </p>
   </div>
   <div class='ocr_carea' id='block_1_44' title="bbox 394 4259 1969 4331">
    <p class='ocr_par' dir='ltr' id='par_1_44' title="bbox 394 4259 1969 4331">
     <span class='ocr_line' id='line_1_44' title="bbox 394 4259 1969 4331; baseline 0.007 -23"><span class='ocrx_word' id='word_1_361' title='bbox 394 4270 592 4323; x_wconf 79' lang='lat' dir='ltr'><strong>sponso</strong></span> <span class='ocrx_word' id='word_1_362' title='bbox 621 4270 718 4308; x_wconf 90' lang='lat' dir='ltr'><strong>suo</strong></span> <span class='ocrx_word' id='word_1_363' title='bbox 748 4259 893 4324; x_wconf 88' lang='lat' dir='ltr'><strong>quasi</strong></span> <span class='ocrx_word' id='word_1_364' title='bbox 924 4259 1263 4327; x_wconf 78' lang='lat' dir='ltr'><strong>singulariter</strong></span> <span class='ocrx_word' id='word_1_365' title='bbox 1301 4261 1531 4329; x_wconf 87' lang='lat' dir='ltr'><strong>loquitur</strong></span> <span class='ocrx_word' id='word_1_366' title='bbox 1570 4263 1706 4331; x_wconf 88' lang='lat' dir='ltr'><strong>apud</strong></span> <span class='ocrx_word' id='word_1_367' title='bbox 1739 4263 1925 4319; x_wconf 82' lang='lat' dir='ltr'><strong>Isaiam</strong></span> <span class='ocrx_word' id='word_1_368' title='bbox 1956 4284 1969 4319; x_wconf 88' lang='lat'><strong>:</strong></span> 
     </span>
    </p>
   </div>
   <div class='ocr_carea' id='block_1_45' title="bbox 395 4346 1969 4423">
    <p class='ocr_par' dir='ltr' id='par_1_45' title="bbox 395 4346 1969 4423">
     <span class='ocr_line' id='line_1_45' title="bbox 395 4346 1969 4423; baseline 0.008 -26"><span class='ocrx_word' id='word_1_369' title='bbox 395 4354 539 4399; x_wconf 86' lang='lat' dir='ltr'><strong>certe</strong></span> <span class='ocrx_word' id='word_1_370' title='bbox 577 4361 713 4399; x_wconf 88' lang='lat' dir='ltr'><strong>unus</strong></span> <span class='ocrx_word' id='word_1_371' title='bbox 759 4346 1002 4415; x_wconf 82' lang='lat' dir='ltr'><strong>idemque</strong></span> <span class='ocrx_word' id='word_1_372' title='bbox 1043 4348 1303 4418; x_wconf 88' lang='lat' dir='ltr'><strong>loquitur;</strong></span> <span class='ocrx_word' id='word_1_373' title='bbox 1352 4359 1405 4403; x_wconf 90' lang='lat' dir='ltr'><strong>et</strong></span> <span class='ocrx_word' id='word_1_374' title='bbox 1451 4350 1625 4406; x_wconf 87' lang='lat' dir='ltr'><strong>videte</strong></span> <span class='ocrx_word' id='word_1_375' title='bbox 1673 4353 1795 4423; x_wconf 91' lang='lat' dir='ltr'><strong>quid</strong></span> <span class='ocrx_word' id='word_1_376' title='bbox 1850 4355 1969 4409; x_wconf 90' lang='lat' dir='ltr'><strong>ait:</strong></span> 
     </span>
    </p>
   </div>
   <div class='ocr_carea' id='block_1_46' title="bbox 408 4433 1972 4512">
    <p class='ocr_par' dir='ltr' id='par_1_46' title="bbox 408 4433 1972 4512">
     <span class='ocr_line' id='line_1_46' title="bbox 408 4433 1972 4512; baseline 0.008 -26"><span class='ocrx_word' id='word_1_377' title='bbox 408 4433 548 4487; x_wconf 79' lang='lat' dir='ltr'><strong>Velut</strong></span> <span class='ocrx_word' id='word_1_378' title='bbox 585 4452 771 4501; x_wconf 80' lang='lat' dir='ltr'><strong>sponso</strong></span> <span class='ocrx_word' id='word_1_379' title='bbox 796 4437 1023 4507; x_wconf 83' lang='lat' dir='ltr'><strong>alligavit</strong></span> <span class='ocrx_word' id='word_1_380' title='bbox 1064 4440 1185 4491; x_wconf 85' lang='lat' dir='ltr'><strong>mihi</strong></span> <span class='ocrx_word' id='word_1_381' title='bbox 1228 4441 1460 4503; x_wconf 85' lang='lat' dir='ltr'><strong>mitram,</strong></span> <span class='ocrx_word' id='word_1_382' title='bbox 1509 4452 1554 4495; x_wconf 89' lang='lat' dir='ltr'><strong>et</strong></span> <span class='ocrx_word' id='word_1_383' title='bbox 1581 4443 1709 4496; x_wconf 80' lang='lat' dir='ltr'><strong>velut</strong></span> <span class='ocrx_word' id='word_1_384' title='bbox 1736 4461 1972 4512; x_wconf 77' lang='lat' dir='ltr'><strong>sponsam</strong></span> 
     </span>
    </p>
   </div>
   <div class='ocr_carea' id='block_1_47' title="bbox 394 4524 1973 4603">
    <p class='ocr_par' dir='ltr' id='par_1_47' title="bbox 394 4524 1973 4603">
     <span class='ocr_line' id='line_1_47' title="bbox 394 4524 1973 4603; baseline 0.008 -27"><span class='ocrx_word' id='word_1_385' title='bbox 394 4524 557 4577; x_wconf 84' lang='lat' dir='ltr'><strong>induit</strong></span> <span class='ocrx_word' id='word_1_386' title='bbox 602 4542 678 4578; x_wconf 89' lang='lat' dir='ltr'><strong>me</strong></span> <span class='ocrx_word' id='word_1_387' title='bbox 718 4537 1009 4580; x_wconf 86' lang='lat' dir='ltr'><strong>ornamento</strong></span> <span class='ocrx_word' id='word_1_388' title='bbox 1041 4527 1189 4595; x_wconf 84' lang='lat' dir='ltr'><strong>(Isui.</strong></span> <span class='ocrx_word' id='word_1_389' title='bbox 1225 4545 1329 4596; x_wconf 70' lang='lat' dir='ltr'><strong>LXI,</strong></span> <span class='ocrx_word' id='word_1_390' title='bbox 1384 4531 1493 4600; x_wconf 81' lang='grc'><strong>10).</strong></span> <span class='ocrx_word' id='word_1_391' title='bbox 1540 4531 1605 4587; x_wconf 91' lang='lat' dir='ltr'><strong>Ut</strong></span> <span class='ocrx_word' id='word_1_392' title='bbox 1650 4549 1875 4603; x_wconf 81' lang='lat' dir='ltr'><strong>sponsus</strong></span> <span class='ocrx_word' id='word_1_393' title='bbox 1920 4544 1973 4589; x_wconf 91' lang='lat' dir='ltr'><strong>et</strong></span> 
     </span>
    </p>
   </div>
   <div class='ocr_carea' id='block_1_48' title="bbox 394 4617 1969 4694">
    <p class='ocr_par' dir='ltr' id='par_1_48' title="bbox 394 4617 1969 4694">
     <span class='ocr_line' id='line_1_48' title="bbox 394 4617 1969 4694; baseline 0.006 -26"><span class='ocrx_word' id='word_1_394' title='bbox 394 4631 585 4685; x_wconf 79' lang='lat' dir='ltr'><strong>sponsa</strong></span> <span class='ocrx_word' id='word_1_395' title='bbox 616 4634 628 4668; x_wconf 90' lang='lat'>:</span> <span class='ocrx_word' id='word_1_396' title='bbox 655 4617 898 4671; x_wconf 85' lang='lat' dir='ltr'><strong>eumdem</strong></span> <span class='ocrx_word' id='word_1_397' title='bbox 934 4618 954 4649; x_wconf 85' lang='grc'>⁸</span> <span class='ocrx_word' id='word_1_398' title='bbox 988 4619 1113 4673; x_wconf 91' lang='lat' dir='ltr'><strong>dicit</strong></span> <span class='ocrx_word' id='word_1_399' title='bbox 1148 4634 1398 4689; x_wconf 72' lang='lat' dir='ltr'><strong>Sponsum</strong></span> <span class='ocrx_word' id='word_1_400' title='bbox 1444 4622 1733 4677; x_wconf 90' lang='lat' dir='ltr'><strong>secundum</strong></span> <span class='ocrx_word' id='word_1_401' title='bbox 1777 4634 1969 4694; x_wconf 89' lang='lat' dir='ltr'><strong>caput,</strong></span> 
     </span>
    </p>
   </div>
   <div class='ocr_carea' id='block_1_49' title="bbox 394 4707 1973 4779">
    <p class='ocr_par' dir='ltr' id='par_1_49' title="bbox 394 4707 1973 4779">
     <span class='ocr_line' id='line_1_49' title="bbox 394 4707 1973 4779; baseline 0.008 -22"><span class='ocrx_word' id='word_1_402' title='bbox 394 4719 641 4774; x_wconf 76' lang='lat' dir='ltr'><strong>Sponsam</strong></span> <span class='ocrx_word' id='word_1_403' title='bbox 682 4707 972 4760; x_wconf 89' lang='lat' dir='ltr'><strong>secundum</strong></span> <span class='ocrx_word' id='word_1_404' title='bbox 1015 4725 1227 4779; x_wconf 82' lang='lat' dir='ltr'><strong>corpus.</strong></span> <span class='ocrx_word' id='word_1_405' title='bbox 1280 4711 1391 4765; x_wconf 94' lang='lat' dir='ltr'><strong>Duo</strong></span> <span class='ocrx_word' id='word_1_406' title='bbox 1437 4712 1716 4775; x_wconf 83' lang='lat' dir='ltr'><strong>videntur.</strong></span> <span class='ocrx_word' id='word_1_407' title='bbox 1750 4726 1802 4769; x_wconf 90' lang='lat' dir='ltr'><strong>et</strong></span> <span class='ocrx_word' id='word_1_408' title='bbox 1837 4731 1973 4770; x_wconf 90' lang='lat' dir='ltr'><strong>unus</strong></span> 
     </span>
    </p>
   </div>
   <div class='ocr_carea' id='block_1_50' title="bbox 394 4796 1971 4876">
    <p class='ocr_par' dir='ltr' id='par_1_50' title="bbox 394 4796 1971 4876">
     <span class='ocr_line' id='line_1_50' title="bbox 394 4796 1971 4876; baseline 0.007 -26"><span class='ocrx_word' id='word_1_409' title='bbox 394 4804 495 4850; x_wconf 79' lang='lat' dir='ltr'><strong>est.</strong></span> <span class='ocrx_word' id='word_1_410' title='bbox 530 4796 771 4863; x_wconf 80' lang='lat' dir='ltr'><strong>Alioquin</strong></span> <span class='ocrx_word' id='word_1_411' title='bbox 794 4798 1060 4865; x_wconf 87' lang='lat' dir='ltr'><strong>quomodo</strong></span> <span class='ocrx_word' id='word_1_412' title='bbox 1087 4801 1324 4856; x_wconf 88' lang='lat' dir='ltr'><strong>membra</strong></span> <span class='ocrx_word' id='word_1_413' title='bbox 1359 4802 1553 4858; x_wconf 82' lang='lat' dir='ltr'><strong>Christi</strong></span> <span class='ocrx_word' id='word_1_414' title='bbox 1580 4807 1800 4859; x_wconf 79' lang='lat' dir='ltr'><strong>sumus?</strong></span> <span class='ocrx_word' id='word_1_415' title='bbox 1827 4808 1864 4859; x_wconf 74' lang='grc' dir='ltr'><strong>Α</strong></span> <span class='ocrx_word' id='word_1_416' title='bbox 1877 4823 1971 4876; x_wconf 89' lang='lat' dir='ltr'><strong>po-</strong></span> 
     </span>
    </p>
   </div>
   <div class='ocr_carea' id='block_1_51' title="bbox 395 4886 1974 4963">
    <p class='ocr_par' dir='ltr' id='par_1_51' title="bbox 395 4886 1974 4963">
     <span class='ocr_line' id='line_1_51' title="bbox 395 4886 1974 4963; baseline 0.009 -25"><span class='ocrx_word' id='word_1_417' title='bbox 395 4886 531 4939; x_wconf 87' lang='lat' dir='ltr'><strong>stolo</strong></span> <span class='ocrx_word' id='word_1_418' title='bbox 561 4886 891 4953; x_wconf 85' lang='lat' dir='ltr'><strong>apertissime</strong></span> <span class='ocrx_word' id='word_1_419' title='bbox 919 4888 1128 4944; x_wconf 89' lang='lat' dir='ltr'><strong>dicente</strong></span> <span class='ocrx_word' id='word_1_420' title='bbox 1149 4932 1163 4955; x_wconf 91' lang='lat'><strong>,</strong></span> <span class='ocrx_word' id='word_1_421' title='bbox 1208 4890 1304 4945; x_wconf 84' lang='lat' dir='ltr'><strong>Vos</strong></span> <span class='ocrx_word' id='word_1_422' title='bbox 1342 4895 1460 4945; x_wconf 82' lang='lat' dir='ltr'><strong>estis</strong></span> <span class='ocrx_word' id='word_1_423' title='bbox 1495 4912 1676 4963; x_wconf 81' lang='lat' dir='ltr'><strong>corpus</strong></span> <span class='ocrx_word' id='word_1_424' title='bbox 1716 4896 1897 4951; x_wconf 82' lang='lat' dir='ltr'><strong>Christi</strong></span> <span class='ocrx_word' id='word_1_425' title='bbox 1928 4908 1974 4952; x_wconf 90' lang='lat' dir='ltr'><strong>et</strong></span> 
     </span>
    </p>
   </div>
   <div class='ocr_carea' id='block_1_52' title="bbox 396 4976 1973 5059">
    <p class='ocr_par' dir='ltr' id='par_1_52' title="bbox 396 4976 1973 5059">
     <span class='ocr_line' id='line_1_52' title="bbox 396 4976 1973 5059; baseline 0.01 -31"><span class='ocrx_word' id='word_1_426' title='bbox 396 4976 615 5030; x_wconf 85' lang='lat' dir='ltr'><strong>membra</strong></span> <span class='ocrx_word' id='word_1_427' title='bbox 644 4976 695 5049; x_wconf 92' lang='lat' dir='ltr'><strong>(l</strong></span> <span class='ocrx_word' id='word_1_428' title='bbox 726 4977 842 5031; x_wconf 86' lang='lat' dir='ltr'><strong>Cor.</strong></span> <span class='ocrx_word' id='word_1_429' title='bbox 884 4996 994 5046; x_wconf 83' lang='lat' dir='ltr'><strong>xu,</strong></span> <span class='ocrx_word' id='word_1_430' title='bbox 1034 4982 1149 5053; x_wconf 72' lang='grc'>27).</span> <span class='ocrx_word' id='word_1_431' title='bbox 1194 4984 1426 5038; x_wconf 86' lang='lat' dir='ltr'><strong>Membra</strong></span> <span class='ocrx_word' id='word_1_432' title='bbox 1457 4985 1654 5041; x_wconf 88' lang='lat' dir='ltr'><strong>Christi</strong></span> <span class='ocrx_word' id='word_1_433' title='bbox 1692 4997 1744 5041; x_wconf 89' lang='lat' dir='ltr'><strong>et</strong></span> <span class='ocrx_word' id='word_1_434' title='bbox 1780 5004 1973 5059; x_wconf 90' lang='lat' dir='ltr'><strong>corpus</strong></span> 
     </span>
    </p>
   </div>
   <div class='ocr_carea' id='block_1_53' title="bbox 395 5070 1968 5145">
    <p class='ocr_par' dir='ltr' id='par_1_53' title="bbox 395 5070 1968 5145">
     <span class='ocr_line' id='line_1_53' title="bbox 395 5070 1968 5145; baseline 0.009 -24"><span class='ocrx_word' id='word_1_435' title='bbox 395 5084 578 5122; x_wconf 87' lang='lat' dir='ltr'><strong>sumus</strong></span> <span class='ocrx_word' id='word_1_436' title='bbox 594 5084 777 5124; x_wconf 86' lang='lat' dir='ltr'><strong>omnes</strong></span> <span class='ocrx_word' id='word_1_437' title='bbox 801 5070 952 5124; x_wconf 89' lang='lat' dir='ltr'><strong>simul</strong></span> <span class='ocrx_word' id='word_1_438' title='bbox 976 5088 990 5135; x_wconf 91' lang='lat'><strong>;</strong></span> <span class='ocrx_word' id='word_1_439' title='bbox 1020 5088 1124 5126; x_wconf 91' lang='lat' dir='ltr'><strong>non</strong></span> <span class='ocrx_word' id='word_1_440' title='bbox 1147 5074 1234 5143; x_wconf 90' lang='lat' dir='ltr'><strong>qui</strong></span> <span class='ocrx_word' id='word_1_441' title='bbox 1262 5074 1361 5128; x_wconf 91' lang='lat' dir='ltr'><strong>hoc</strong></span> <span class='ocrx_word' id='word_1_442' title='bbox 1392 5076 1509 5131; x_wconf 82' lang='lat' dir='ltr'><strong>loco</strong></span> <span class='ocrx_word' id='word_1_443' title='bbox 1532 5088 1733 5132; x_wconf 88' lang='lat' dir='ltr'><strong>tantum</strong></span> <span class='ocrx_word' id='word_1_444' title='bbox 1762 5094 1968 5145; x_wconf 87' lang='lat' dir='ltr'><strong>sumus,</strong></span> 
     </span>
    </p>
   </div>
   <div class='ocr_carea' id='block_1_54' title="bbox 395 5159 1974 5239">
    <p class='ocr_par' dir='ltr' id='par_1_54' title="bbox 395 5159 1974 5239">
     <span class='ocr_line' id='line_1_54' title="bbox 395 5159 1974 5239; baseline 0.009 -26"><span class='ocrx_word' id='word_1_445' title='bbox 395 5159 488 5214; x_wconf 82' lang='lat' dir='ltr'><strong>sed</strong></span> <span class='ocrx_word' id='word_1_446' title='bbox 519 5169 571 5215; x_wconf 94' lang='lat' dir='ltr'><strong>et</strong></span> <span class='ocrx_word' id='word_1_447' title='bbox 603 5176 695 5230; x_wconf 85' lang='lat' dir='ltr'><strong>per</strong></span> <span class='ocrx_word' id='word_1_448' title='bbox 722 5163 1019 5217; x_wconf 88' lang='lat' dir='ltr'><strong>universam</strong></span> <span class='ocrx_word' id='word_1_449' title='bbox 1067 5173 1293 5230; x_wconf 89' lang='lat' dir='ltr'><strong>terram;</strong></span> <span class='ocrx_word' id='word_1_450' title='bbox 1344 5179 1444 5223; x_wconf 83' lang='lat' dir='ltr'><strong>nec</strong></span> <span class='ocrx_word' id='word_1_451' title='bbox 1490 5170 1577 5239; x_wconf 92' lang='lat' dir='ltr'><strong>qui</strong></span> <span class='ocrx_word' id='word_1_452' title='bbox 1632 5179 1833 5226; x_wconf 91' lang='lat' dir='ltr'><strong>tantum</strong></span> <span class='ocrx_word' id='word_1_453' title='bbox 1874 5175 1974 5227; x_wconf 85' lang='lat' dir='ltr'><strong>hoc</strong></span> 
     </span>
    </p>
   </div>
   <div class='ocr_carea' id='block_1_55' title="bbox 400 5254 1972 5337">
    <p class='ocr_par' dir='ltr' id='par_1_55' title="bbox 400 5254 1972 5337">
     <span class='ocr_line' id='line_1_55' title="bbox 400 5254 1972 5337; baseline 0.009 -29"><span class='ocrx_word' id='word_1_454' title='bbox 400 5262 634 5322; x_wconf 89' lang='lat' dir='ltr'><strong>tempore</strong></span> <span class='ocrx_word' id='word_1_455' title='bbox 660 5295 674 5319; x_wconf 89' lang='lat'><strong>,</strong></span> <span class='ocrx_word' id='word_1_456' title='bbox 723 5254 818 5310; x_wconf 85' lang='lat' dir='ltr'><strong>sed</strong></span> <span class='ocrx_word' id='word_1_457' title='bbox 857 5257 981 5325; x_wconf 89' lang='lat' dir='ltr'><strong>quid</strong></span> <span class='ocrx_word' id='word_1_458' title='bbox 1021 5257 1233 5314; x_wconf 88' lang='lat' dir='ltr'><strong>dicam?</strong></span> <span class='ocrx_word' id='word_1_459' title='bbox 1264 5261 1341 5315; x_wconf 79' lang='lat' dir='ltr'><strong>Ex</strong></span> <span class='ocrx_word' id='word_1_460' title='bbox 1382 5262 1514 5318; x_wconf 82' lang='lat' dir='ltr'><strong>Abel</strong></span> <span class='ocrx_word' id='word_1_461' title='bbox 1552 5264 1693 5334; x_wconf 89' lang='lat' dir='ltr'><strong>justo</strong></span> <span class='ocrx_word' id='word_1_462' title='bbox 1723 5282 1893 5337; x_wconf 90' lang='lat' dir='ltr'><strong>usque</strong></span> <span class='ocrx_word' id='word_1_463' title='bbox 1920 5269 1972 5322; x_wconf 90' lang='lat' dir='ltr'><strong>in</strong></span> 
     </span>
    </p>
   </div>
   <div class='ocr_carea' id='block_1_56' title="bbox 394 5422 1975 5547">
    <p class='ocr_par' dir='ltr' id='par_1_56' title="bbox 394 5422 1975 5547">
     <span class='ocr_line' id='line_1_56' title="bbox 394 5422 1975 5547; baseline -0.009 -40"><span class='ocrx_word' id='word_1_464' title='bbox 394 5422 667 5547; x_wconf 51' lang='grc' dir='ltr'><strong>ὺηὲξξιξςξξ</strong></span> <span class='ocrx_word' id='word_1_465' title='bbox 720 5433 847 5486; x_wconf 60' lang='lat' dir='ltr'><strong>mw</strong></span> <span class='ocrx_word' id='word_1_466' title='bbox 887 5427 1103 5491; x_wconf 56' lang='lat' dir='ltr'><strong>(minatis.</strong></span> <span class='ocrx_word' id='word_1_467' title='bbox 1145 5437 1286 5483; x_wconf 76' lang='lat' dir='ltr'><strong>Forte</strong></span> <span class='ocrx_word' id='word_1_468' title='bbox 1342 5432 1608 5500; x_wconf 80' lang='lat' dir='ltr'><strong>legendum</strong></span> <span class='ocrx_word' id='word_1_469' title='bbox 1630 5476 1643 5500; x_wconf 95' lang='lat'><strong>,</strong></span> <span class='ocrx_word' id='word_1_470' title='bbox 1688 5440 1888 5503; x_wconf 78' lang='lat' dir='ltr'><strong>wqualis</strong></span> <span class='ocrx_word' id='word_1_471' title='bbox 1926 5448 1975 5493; x_wconf 85' lang='lat' dir='ltr'><strong>et</strong></span> 
     </span>
    </p>
   </div>
   <div class='ocr_carea' id='block_1_57' title="bbox 459 5546 1973 5647">
    <p class='ocr_par' dir='ltr' id='par_1_57' title="bbox 459 5546 1973 5647">
     <span class='ocr_line' id='line_1_57' title="bbox 459 5546 1973 5647; baseline 0.012 -55"><span class='ocrx_word' id='word_1_472' title='bbox 459 5546 478 5576; x_wconf 78' lang='grc'><em>³</em></span> <span class='ocrx_word' id='word_1_473' title='bbox 504 5546 677 5625; x_wconf 62' lang='grc' dir='ltr'><strong>ἰξεςεὶιιδ</strong></span> <span class='ocrx_word' id='word_1_474' title='bbox 699 5548 823 5600; x_wconf 88' lang='lat' dir='ltr'><strong>liber</strong></span> <span class='ocrx_word' id='word_1_475' title='bbox 847 5557 898 5599; x_wconf 87' lang='lat' dir='ltr'><strong>et</strong></span> <span class='ocrx_word' id='word_1_476' title='bbox 920 5550 1105 5647; x_wconf 56' lang='lat' dir='ltr'><strong>Floru5;</strong></span> <span class='ocrx_word' id='word_1_477' title='bbox 1120 5557 1353 5617; x_wconf 69' lang='lat' dir='ltr'><strong>Quomodo</strong></span> <span class='ocrx_word' id='word_1_478' title='bbox 1374 5570 1548 5623; x_wconf 85' lang='lat' dir='ltr'><strong>corpus</strong></span> <span class='ocrx_word' id='word_1_479' title='bbox 1564 5561 1668 5623; x_wconf 88' lang='lat' dir='ltr'><strong>ejus</strong></span> <span class='ocrx_word' id='word_1_480' title='bbox 1689 5575 1789 5625; x_wconf 84' lang='lat' dir='ltr'><strong>nos,</strong></span> <span class='ocrx_word' id='word_1_481' title='bbox 1816 5563 1861 5614; x_wconf 85' lang='lat' dir='ltr'><strong>si</strong></span> <span class='ocrx_word' id='word_1_482' title='bbox 1880 5578 1973 5615; x_wconf 82' lang='lat' dir='ltr'><strong>non</strong></span> 
     </span>
     <span class='ocr_line' id='line_1_58' title="bbox 459 5611 1065 5647; baseline 0 0"><span class='ocrx_word' id='word_1_483' title='bbox 459 5618 692 5647; x_wconf 66' lang='lat' dir='ltr'><strong>mmmm</strong></span> <span class='ocrx_word' id='word_1_484' title='bbox 720 5624 839 5647; x_wconf 73' lang='grc' dir='ltr'>ιηιηε</span> <span class='ocrx_word' id='word_1_485' title='bbox 852 5611 1065 5647; x_wconf 67' lang='grc' dir='ltr'><strong>ΓΙινηιηε</strong></span> 
     </span>
    </p>
   </div>
   <div class='ocr_carea' id='block_1_58' title="bbox 398 5610 1093 5665">
    <p class='ocr_par' dir='ltr' id='par_1_58' title="bbox 398 5610 1093 5665">
     <span class='ocr_line' id='line_1_59' title="bbox 398 5610 1093 5665; baseline 0.013 -9"><span class='ocrx_word' id='word_1_486' title='bbox 398 5610 442 5658; x_wconf 75' lang='lat' dir='ltr'><strong>et</strong></span> <span class='ocrx_word' id='word_1_487' title='bbox 456 5610 693 5657; x_wconf 72' lang='lat' dir='ltr'><strong>nobiscum</strong></span> <span class='ocrx_word' id='word_1_488' title='bbox 720 5624 839 5661; x_wconf 84' lang='lat' dir='ltr'><strong>unus</strong></span> <span class='ocrx_word' id='word_1_489' title='bbox 852 5611 1065 5664; x_wconf 77' lang='lat' dir='ltr'><strong>Christus</strong></span> <span class='ocrx_word' id='word_1_490' title='bbox 1082 5610 1093 5665; x_wconf 66' lang='grc' dir='ltr'><strong><em>ἕ</em></strong></span> 
     </span>
    </p>
   </div>
   <div class='ocr_carea' id='block_1_59' title="bbox 460 5669 1930 5747">
    <p class='ocr_par' dir='ltr' id='par_1_59' title="bbox 460 5669 1930 5747">
     <span class='ocr_line' id='line_1_60' title="bbox 460 5669 1930 5747; baseline 0.014 -31"><span class='ocrx_word' id='word_1_491' title='bbox 460 5669 480 5699; x_wconf 88' lang='grc'><em>³</em></span> <span class='ocrx_word' id='word_1_492' title='bbox 496 5670 631 5732; x_wconf 62' lang='lat' dir='ltr'><strong>aliti,</strong></span> <span class='ocrx_word' id='word_1_493' title='bbox 656 5684 762 5721; x_wconf 82' lang='lat' dir='ltr'><strong>cum</strong></span> <span class='ocrx_word' id='word_1_494' title='bbox 786 5672 919 5723; x_wconf 82' lang='lat' dir='ltr'><strong>dicit.</strong></span> <span class='ocrx_word' id='word_1_495' title='bbox 945 5684 997 5724; x_wconf 73' lang='lat' dir='ltr'><strong>At</strong></span> <span class='ocrx_word' id='word_1_496' title='bbox 1022 5678 1195 5741; x_wconf 66' lang='lat' dir='ltr'><strong>Regius</strong></span> <span class='ocrx_word' id='word_1_497' title='bbox 1214 5684 1314 5743; x_wconf 58' lang='grc' dir='ltr'>διε»,</span> <span class='ocrx_word' id='word_1_498' title='bbox 1338 5695 1461 5733; x_wconf 87' lang='lat' dir='ltr'><strong>cum.</strong></span> <span class='ocrx_word' id='word_1_499' title='bbox 1488 5684 1667 5747; x_wconf 79' lang='lat' dir='ltr'><strong>Florus,</strong></span> <span class='ocrx_word' id='word_1_500' title='bbox 1695 5688 1930 5740; x_wconf 58' lang='lat' dir='ltr'><strong>eumdem.</strong></span> 
     </span>
    </p>
   </div>
   <div class='ocr_carea' id='block_1_60' title="bbox 1588 331 2391 391">
    <p class='ocr_par' dir='ltr' id='par_1_60' title="bbox 1588 331 2391 391">
     <span class='ocr_line' id='line_1_61' title="bbox 1588 331 2391 391; baseline -0.005 0"><span class='ocrx_word' id='word_1_501' title='bbox 1588 334 1645 391; x_wconf 77' lang='grc' dir='ltr'><strong>ε.</strong></span> <span class='ocrx_word' id='word_1_502' title='bbox 1686 332 2050 390; x_wconf 79' lang='lat' dir='ltr'><strong>AUGUSTINI</strong></span> <span class='ocrx_word' id='word_1_503' title='bbox 2091 331 2391 390; x_wconf 76' lang='lat' dir='ltr'><strong>EPISCOPI</strong></span> 
     </span>
    </p>
   </div>
   <div class='ocr_carea' id='block_1_61' title="bbox 2074 204 2113 223">
    <p class='ocr_par' dir='ltr' id='par_1_61' title="bbox 2074 204 2113 223">
     <span class='ocr_line' id='line_1_62' title="bbox 2074 204 2113 223; baseline 0 -5"><span class='ocrx_word' id='word_1_504' title='bbox 2074 204 2113 223; x_wconf 41' lang='grc' dir='ltr'>μ.</span> 
     </span>
    </p>
   </div>
   <div class='ocr_carea' id='block_1_62' title="bbox 3519 340 3652 398">
    <p class='ocr_par' dir='ltr' id='par_1_62' title="bbox 3519 340 3652 398">
     <span class='ocr_line' id='line_1_63' title="bbox 3519 340 3652 398; baseline 0.023 -3"><span class='ocrx_word' id='word_1_505' title='bbox 3519 340 3652 398; x_wconf 72' lang='lat' dir='ltr'><strong>i500</strong></span> 
     </span>
    </p>
   </div>
   <div class='ocr_carea' id='block_1_63' title="bbox 2087 444 3657 519">
    <p class='ocr_par' dir='ltr' id='par_1_63' title="bbox 2087 444 3657 519">
     <span class='ocr_line' id='line_1_64' title="bbox 2087 444 3657 519; baseline 0.004 -19"><span class='ocrx_word' id='word_1_506' title='bbox 2087 446 2245 501; x_wconf 83' lang='lat' dir='ltr'><strong>linem</strong></span> <span class='ocrx_word' id='word_1_507' title='bbox 2286 444 2464 500; x_wconf 76' lang='lat' dir='ltr'><strong>saeculi</strong></span> <span class='ocrx_word' id='word_1_508' title='bbox 2502 446 2749 515; x_wconf 89' lang='lat' dir='ltr'><strong>quamdiu</strong></span> <span class='ocrx_word' id='word_1_509' title='bbox 2781 458 3033 517; x_wconf 78' lang='lat' dir='ltr'><strong>generant</strong></span> <span class='ocrx_word' id='word_1_510' title='bbox 3059 456 3112 502; x_wconf 87' lang='lat' dir='ltr'><strong>et</strong></span> <span class='ocrx_word' id='word_1_511' title='bbox 3139 458 3455 519; x_wconf 81' lang='lat' dir='ltr'><strong>generantur</strong></span> <span class='ocrx_word' id='word_1_512' title='bbox 3486 447 3657 506; x_wconf 62' lang='lat' dir='ltr'><strong>homio</strong></span> 
     </span>
    </p>
   </div>
   <div class='ocr_carea' id='block_1_64' title="bbox 2084 536 3654 609">
    <p class='ocr_par' dir='ltr' id='par_1_64' title="bbox 2084 536 3654 609">
     <span class='ocr_line' id='line_1_65' title="bbox 2084 536 3654 609; baseline 0.003 -18"><span class='ocrx_word' id='word_1_513' title='bbox 2084 554 2198 601; x_wconf 90' lang='lat' dir='ltr'><strong>nes,</strong></span> <span class='ocrx_word' id='word_1_514' title='bbox 2221 536 2733 607; x_wconf 89' lang='lat' dir='ltr'><strong>quisquisjustorum</strong></span> <span class='ocrx_word' id='word_1_515' title='bbox 2761 553 2854 609; x_wconf 90' lang='lat' dir='ltr'><strong>per</strong></span> <span class='ocrx_word' id='word_1_516' title='bbox 2872 538 3007 593; x_wconf 90' lang='lat' dir='ltr'><strong>hanc</strong></span> <span class='ocrx_word' id='word_1_517' title='bbox 3029 540 3182 593; x_wconf 83' lang='lat' dir='ltr'><strong>vitam</strong></span> <span class='ocrx_word' id='word_1_518' title='bbox 3207 541 3484 594; x_wconf 91' lang='lat' dir='ltr'><strong>transitum</strong></span> <span class='ocrx_word' id='word_1_519' title='bbox 3507 540 3654 609; x_wconf 79' lang='lat' dir='ltr'><strong>facit,</strong></span> 
     </span>
    </p>
   </div>
   <div class='ocr_carea' id='block_1_65' title="bbox 2083 626 3655 697">
    <p class='ocr_par' dir='ltr' id='par_1_65' title="bbox 2083 626 3655 697">
     <span class='ocr_line' id='line_1_66' title="bbox 2083 626 3655 697; baseline 0.003 -17"><span class='ocrx_word' id='word_1_520' title='bbox 2083 627 2335 697; x_wconf 89' lang='lat' dir='ltr'><strong>quidquid</strong></span> <span class='ocrx_word' id='word_1_521' title='bbox 2367 642 2524 693; x_wconf 90' lang='lat' dir='ltr'><strong>nunc,</strong></span> <span class='ocrx_word' id='word_1_522' title='bbox 2572 626 2622 680; x_wconf 93' lang='lat' dir='ltr'><strong>id</strong></span> <span class='ocrx_word' id='word_1_523' title='bbox 2669 638 2782 693; x_wconf 89' lang='lat' dir='ltr'><strong>est,</strong></span> <span class='ocrx_word' id='word_1_524' title='bbox 2812 644 2916 682; x_wconf 89' lang='lat' dir='ltr'><strong>non</strong></span> <span class='ocrx_word' id='word_1_525' title='bbox 2958 631 3008 683; x_wconf 88' lang='lat' dir='ltr'><strong>in</strong></span> <span class='ocrx_word' id='word_1_526' title='bbox 3040 629 3139 683; x_wconf 92' lang='lat' dir='ltr'><strong>hoc</strong></span> <span class='ocrx_word' id='word_1_527' title='bbox 3166 630 3303 697; x_wconf 90' lang='lat' dir='ltr'><strong>loco,</strong></span> <span class='ocrx_word' id='word_1_528' title='bbox 3343 631 3437 686; x_wconf 89' lang='lat' dir='ltr'><strong>sed</strong></span> <span class='ocrx_word' id='word_1_529' title='bbox 3467 632 3521 687; x_wconf 91' lang='lat' dir='ltr'><strong>iu</strong></span> <span class='ocrx_word' id='word_1_530' title='bbox 3557 630 3655 686; x_wconf 85' lang='lat' dir='ltr'><strong>hac</strong></span> 
     </span>
    </p>
   </div>
   <div class='ocr_carea' id='block_1_66' title="bbox 2083 716 3652 787">
    <p class='ocr_par' dir='ltr' id='par_1_66' title="bbox 2083 716 3652 787">
     <span class='ocr_line' id='line_1_67' title="bbox 2083 716 3652 787; baseline 0.003 -17"><span class='ocrx_word' id='word_1_531' title='bbox 2083 718 2211 783; x_wconf 91' lang='lat' dir='ltr'><strong>vita,</strong></span> <span class='ocrx_word' id='word_1_532' title='bbox 2243 716 2494 787; x_wconf 90' lang='lat' dir='ltr'><strong>quidquid</strong></span> <span class='ocrx_word' id='word_1_533' title='bbox 2524 727 2643 787; x_wconf 89' lang='lat' dir='ltr'><strong>post</strong></span> <span class='ocrx_word' id='word_1_534' title='bbox 2675 719 3003 772; x_wconf 86' lang='lat' dir='ltr'><strong>nascentium</strong></span> <span class='ocrx_word' id='word_1_535' title='bbox 3048 719 3279 773; x_wconf 80' lang='lat' dir='ltr'><strong>futurum</strong></span> <span class='ocrx_word' id='word_1_536' title='bbox 3321 730 3401 775; x_wconf 92' lang='lat' dir='ltr'><strong>est</strong></span> <span class='ocrx_word' id='word_1_537' title='bbox 3424 761 3439 786; x_wconf 94' lang='lat'><strong>,</strong></span> <span class='ocrx_word' id='word_1_538' title='bbox 3486 731 3652 776; x_wconf 85' lang='lat' dir='ltr'><strong>totum</strong></span> 
     </span>
    </p>
   </div>
   <div class='ocr_carea' id='block_1_67' title="bbox 2081 807 3653 879">
    <p class='ocr_par' dir='ltr' id='par_1_67' title="bbox 2081 807 3653 879">
     <span class='ocr_line' id='line_1_68' title="bbox 2081 807 3653 879; baseline 0.003 -18"><span class='ocrx_word' id='word_1_539' title='bbox 2081 807 2182 861; x_wconf 86' lang='lat' dir='ltr'><strong>hoc</strong></span> <span class='ocrx_word' id='word_1_540' title='bbox 2220 823 2386 861; x_wconf 92' lang='lat' dir='ltr'><strong>unum</strong></span> <span class='ocrx_word' id='word_1_541' title='bbox 2429 822 2624 876; x_wconf 91' lang='lat' dir='ltr'><strong>corpus</strong></span> <span class='ocrx_word' id='word_1_542' title='bbox 2669 808 2864 862; x_wconf 84' lang='lat' dir='ltr'><strong>Christi</strong></span> <span class='ocrx_word' id='word_1_543' title='bbox 2911 826 2924 864; x_wconf 89' lang='lat'><strong>:</strong></span> <span class='ocrx_word' id='word_1_544' title='bbox 2969 809 3156 879; x_wconf 85' lang='lat' dir='ltr'><strong>singuli</strong></span> <span class='ocrx_word' id='word_1_545' title='bbox 3203 818 3377 864; x_wconf 88' lang='lat' dir='ltr'><strong>autem</strong></span> <span class='ocrx_word' id='word_1_546' title='bbox 3418 811 3653 866; x_wconf 89' lang='lat' dir='ltr'><strong>membra</strong></span> 
     </span>
    </p>
   </div>
   <div class='ocr_carea' id='block_1_68' title="bbox 2079 894 3652 969">
    <p class='ocr_par' dir='ltr' id='par_1_68' title="bbox 2079 894 3652 969">
     <span class='ocr_line' id='line_1_69' title="bbox 2079 894 3652 969; baseline 0.004 -20"><span class='ocrx_word' id='word_1_547' title='bbox 2079 894 2295 951; x_wconf 90' lang='lat' dir='ltr'><strong>Christi.</strong></span> <span class='ocrx_word' id='word_1_548' title='bbox 2334 896 2389 951; x_wconf 91' lang='lat' dir='ltr'><strong>Si</strong></span> <span class='ocrx_word' id='word_1_549' title='bbox 2428 911 2556 966; x_wconf 88' lang='lat' dir='ltr'><strong>ergo</strong></span> <span class='ocrx_word' id='word_1_550' title='bbox 2581 913 2766 953; x_wconf 91' lang='lat' dir='ltr'><strong>omnes</strong></span> <span class='ocrx_word' id='word_1_551' title='bbox 2794 913 3007 968; x_wconf 90' lang='lat' dir='ltr'><strong>corpus,</strong></span> <span class='ocrx_word' id='word_1_552' title='bbox 3037 901 3226 969; x_wconf 83' lang='lat' dir='ltr'><strong>singuli</strong></span> <span class='ocrx_word' id='word_1_553' title='bbox 3273 901 3545 965; x_wconf 85' lang='lat' dir='ltr'><strong>membra;</strong></span> <span class='ocrx_word' id='word_1_554' title='bbox 3575 915 3652 955; x_wconf 85' lang='lat' dir='ltr'><strong>est</strong></span> 
     </span>
    </p>
   </div>
   <div class='ocr_carea' id='block_1_69' title="bbox 2081 989 3652 1063">
    <p class='ocr_par' dir='ltr' id='par_1_69' title="bbox 2081 989 3652 1063">
     <span class='ocr_line' id='line_1_70' title="bbox 2081 989 3652 1063; baseline 0.002 -21"><span class='ocrx_word' id='word_1_555' title='bbox 2081 989 2261 1058; x_wconf 86' lang='lat' dir='ltr'><strong>utique</strong></span> <span class='ocrx_word' id='word_1_556' title='bbox 2290 999 2447 1057; x_wconf 91' lang='lat' dir='ltr'><strong>caput</strong></span> <span class='ocrx_word' id='word_1_557' title='bbox 2473 989 2622 1058; x_wconf 88' lang='lat' dir='ltr'><strong>cujus</strong></span> <span class='ocrx_word' id='word_1_558' title='bbox 2648 989 2747 1044; x_wconf 93' lang='lat' dir='ltr'><strong>hoc</strong></span> <span class='ocrx_word' id='word_1_559' title='bbox 2780 990 2849 1043; x_wconf 91' lang='lat' dir='ltr'><strong>sit</strong></span> <span class='ocrx_word' id='word_1_560' title='bbox 2875 1005 3085 1059; x_wconf 88' lang='lat' dir='ltr'><strong>corpus.</strong></span> <span class='ocrx_word' id='word_1_561' title='bbox 3130 991 3195 1044; x_wconf 85' lang='lat' dir='ltr'><strong>Et</strong></span> <span class='ocrx_word' id='word_1_562' title='bbox 3215 993 3323 1061; x_wconf 85' lang='lat' dir='ltr'><strong>ipse</strong></span> <span class='ocrx_word' id='word_1_563' title='bbox 3340 1004 3433 1059; x_wconf 85' lang='lat' dir='ltr'><strong>est,</strong></span> <span class='ocrx_word' id='word_1_564' title='bbox 3463 994 3652 1063; x_wconf 82' lang='lat' dir='ltr'><strong>inquit,</strong></span> 
     </span>
    </p>
   </div>
   <div class='ocr_carea' id='block_1_70' title="bbox 2080 1079 3653 1153">
    <p class='ocr_par' dir='ltr' id='par_1_70' title="bbox 2080 1079 3653 1153">
     <span class='ocr_line' id='line_1_71' title="bbox 2080 1079 3653 1153; baseline 0.004 -21"><span class='ocrx_word' id='word_1_565' title='bbox 2080 1088 2231 1149; x_wconf 89' lang='lat' dir='ltr'><strong>caput</strong></span> <span class='ocrx_word' id='word_1_566' title='bbox 2266 1082 2491 1150; x_wconf 88' lang='lat' dir='ltr'><strong>corporis</strong></span> <span class='ocrx_word' id='word_1_567' title='bbox 2529 1079 2791 1145; x_wconf 75' lang='lat' dir='ltr'><strong>Ecclesite,</strong></span> <span class='ocrx_word' id='word_1_568' title='bbox 2824 1083 3205 1151; x_wconf 82' lang='lat' dir='ltr'><strong>prinwgenitus,</strong></span> <span class='ocrx_word' id='word_1_569' title='bbox 3247 1084 3354 1151; x_wconf 87' lang='lat' dir='ltr'><strong>ipse</strong></span> <span class='ocrx_word' id='word_1_570' title='bbox 3383 1085 3653 1153; x_wconf 85' lang='lat' dir='ltr'><strong>primatum</strong></span> 
     </span>
    </p>
   </div>
   <div class='ocr_carea' id='block_1_71' title="bbox 2081 1168 3652 1242">
    <p class='ocr_par' dir='ltr' id='par_1_71' title="bbox 2081 1168 3652 1242">
     <span class='ocr_line' id='line_1_72' title="bbox 2081 1168 3652 1242; baseline 0.004 -21"><span class='ocrx_word' id='word_1_571' title='bbox 2081 1179 2248 1223; x_wconf 87' lang='lat' dir='ltr'><strong>tenens</strong></span> <span class='ocrx_word' id='word_1_572' title='bbox 2274 1168 2490 1238; x_wconf 89' lang='lat' dir='ltr'><strong>(Coloss.</strong></span> <span class='ocrx_word' id='word_1_573' title='bbox 2528 1186 2579 1233; x_wconf 84' lang='grc' dir='ltr'><strong>ι,</strong></span> <span class='ocrx_word' id='word_1_574' title='bbox 2613 1168 2723 1240; x_wconf 82' lang='grc'>18).</span> <span class='ocrx_word' id='word_1_575' title='bbox 2752 1170 2820 1224; x_wconf 89' lang='grc' dir='ltr'>Ει</span> <span class='ocrx_word' id='word_1_576' title='bbox 2840 1172 2961 1240; x_wconf 87' lang='lat' dir='ltr'><strong>quia</strong></span> <span class='ocrx_word' id='word_1_577' title='bbox 2988 1170 3055 1225; x_wconf 90' lang='lat' dir='ltr'><strong>de</strong></span> <span class='ocrx_word' id='word_1_578' title='bbox 3087 1172 3177 1224; x_wconf 90' lang='lat' dir='ltr'><strong>illo</strong></span> <span class='ocrx_word' id='word_1_579' title='bbox 3205 1173 3279 1225; x_wconf 85' lang='lat' dir='ltr'><strong>ait</strong></span> <span class='ocrx_word' id='word_1_580' title='bbox 3304 1173 3483 1239; x_wconf 87' lang='lat' dir='ltr'><strong>etiam,</strong></span> <span class='ocrx_word' id='word_1_581' title='bbox 3513 1174 3652 1242; x_wconf 73' lang='lat' dir='ltr'><strong>quod</strong></span> 
     </span>
    </p>
   </div>
   <div class='ocr_carea' id='block_1_72' title="bbox 2080 1261 3649 1332">
    <p class='ocr_par' dir='ltr' id='par_1_72' title="bbox 2080 1261 3649 1332">
     <span class='ocr_line' id='line_1_73' title="bbox 2080 1261 3649 1332; baseline 0.003 -17"><span class='ocrx_word' id='word_1_582' title='bbox 2080 1276 2289 1329; x_wconf 88' lang='lat' dir='ltr'><strong>semper</strong></span> <span class='ocrx_word' id='word_1_583' title='bbox 2315 1270 2465 1330; x_wconf 90' lang='lat' dir='ltr'><strong>caput</strong></span> <span class='ocrx_word' id='word_1_584' title='bbox 2489 1261 2649 1314; x_wconf 82' lang='lat' dir='ltr'><strong>omnis</strong></span> <span class='ocrx_word' id='word_1_585' title='bbox 2678 1262 2986 1330; x_wconf 80' lang='lat' dir='ltr'><strong>principatus</strong></span> <span class='ocrx_word' id='word_1_586' title='bbox 3003 1271 3051 1314; x_wconf 86' lang='lat' dir='ltr'><strong>et</strong></span> <span class='ocrx_word' id='word_1_587' title='bbox 3081 1263 3335 1330; x_wconf 81' lang='lat' dir='ltr'><strong>potestatis</strong></span> <span class='ocrx_word' id='word_1_588' title='bbox 3360 1262 3427 1316; x_wconf 91' lang='lat' dir='ltr'><strong>sit</strong></span> <span class='ocrx_word' id='word_1_589' title='bbox 3454 1262 3559 1332; x_wconf 90' lang='lat' dir='ltr'><strong>(Id.</strong></span> <span class='ocrx_word' id='word_1_590' title='bbox 3594 1278 3649 1326; x_wconf 87' lang='lat' dir='ltr'><strong>tt.</strong></span> 
     </span>
    </p>
   </div>
   <div class='ocr_carea' id='block_1_73' title="bbox 2080 1350 3651 1421">
    <p class='ocr_par' dir='ltr' id='par_1_73' title="bbox 2080 1350 3651 1421">
     <span class='ocr_line' id='line_1_74' title="bbox 2080 1350 3651 1421; baseline 0 -17"><span class='ocrx_word' id='word_1_591' title='bbox 2080 1350 2190 1420; x_wconf 76' lang='grc'><strong>10),</strong></span> <span class='ocrx_word' id='word_1_592' title='bbox 2215 1350 2515 1419; x_wconf 86' lang='lat' dir='ltr'><strong>adjungitur</strong></span> <span class='ocrx_word' id='word_1_593' title='bbox 2535 1350 2633 1404; x_wconf 87' lang='lat' dir='ltr'><strong>ista</strong></span> <span class='ocrx_word' id='word_1_594' title='bbox 2657 1350 2913 1416; x_wconf 88' lang='lat' dir='ltr'><strong>Ecclesia,</strong></span> <span class='ocrx_word' id='word_1_595' title='bbox 2948 1366 3065 1420; x_wconf 70' lang='lat' dir='ltr'><strong>qua:</strong></span> <span class='ocrx_word' id='word_1_596' title='bbox 3093 1366 3232 1405; x_wconf 92' lang='lat' dir='ltr'><strong>nunc</strong></span> <span class='ocrx_word' id='word_1_597' title='bbox 3250 1352 3522 1421; x_wconf 87' lang='lat' dir='ltr'><strong>peregrina</strong></span> <span class='ocrx_word' id='word_1_598' title='bbox 3549 1362 3651 1417; x_wconf 91' lang='lat' dir='ltr'><strong>est,</strong></span> 
     </span>
    </p>
   </div>
   <div class='ocr_carea' id='block_1_74' title="bbox 2081 1439 3651 1510">
    <p class='ocr_par' dir='ltr' id='par_1_74' title="bbox 2081 1439 3651 1510">
     <span class='ocr_line' id='line_1_75' title="bbox 2081 1439 3651 1510; baseline 0.001 -18"><span class='ocrx_word' id='word_1_599' title='bbox 2081 1439 2155 1493; x_wconf 91' lang='lat' dir='ltr'><strong>illi</strong></span> <span class='ocrx_word' id='word_1_600' title='bbox 2186 1440 2387 1494; x_wconf 77' lang='lat' dir='ltr'><strong>cmlesti</strong></span> <span class='ocrx_word' id='word_1_601' title='bbox 2416 1440 2688 1506; x_wconf 80' lang='lat' dir='ltr'><strong>Ecclesiae,</strong></span> <span class='ocrx_word' id='word_1_602' title='bbox 2712 1441 2799 1495; x_wconf 90' lang='lat' dir='ltr'><strong>ubi</strong></span> <span class='ocrx_word' id='word_1_603' title='bbox 2827 1440 3058 1510; x_wconf 84' lang='lat' dir='ltr'><strong>Angelos</strong></span> <span class='ocrx_word' id='word_1_604' title='bbox 3079 1442 3219 1494; x_wconf 89' lang='lat' dir='ltr'><strong>cives</strong></span> <span class='ocrx_word' id='word_1_605' title='bbox 3250 1441 3541 1505; x_wconf 88' lang='lat' dir='ltr'><strong>habemus;</strong></span> <span class='ocrx_word' id='word_1_606' title='bbox 3567 1444 3651 1496; x_wconf 90' lang='lat' dir='ltr'><strong>cui</strong></span> 
     </span>
    </p>
   </div>
   <div class='ocr_carea' id='block_1_75' title="bbox 2079 1530 3651 1601">
    <p class='ocr_par' dir='ltr' id='par_1_75' title="bbox 2079 1530 3651 1601">
     <span class='ocr_line' id='line_1_76' title="bbox 2079 1530 3651 1601; baseline 0.001 -17"><span class='ocrx_word' id='word_1_607' title='bbox 2079 1533 2307 1600; x_wconf 76' lang='lat' dir='ltr'><strong>:equales</strong></span> <span class='ocrx_word' id='word_1_608' title='bbox 2350 1545 2448 1584; x_wconf 91' lang='lat' dir='ltr'><strong>nos</strong></span> <span class='ocrx_word' id='word_1_609' title='bbox 2482 1530 2687 1585; x_wconf 80' lang='lat' dir='ltr'><strong>futuros</strong></span> <span class='ocrx_word' id='word_1_610' title='bbox 2728 1540 2845 1600; x_wconf 90' lang='lat' dir='ltr'><strong>post</strong></span> <span class='ocrx_word' id='word_1_611' title='bbox 2889 1532 3328 1586; x_wconf 88' lang='lat' dir='ltr'><strong>resurrectionem</strong></span> <span class='ocrx_word' id='word_1_612' title='bbox 3370 1548 3651 1601; x_wconf 89' lang='lat' dir='ltr'><strong>corporum</strong></span> 
     </span>
    </p>
   </div>
   <div class='ocr_carea' id='block_1_76' title="bbox 2078 1619 3653 1691">
    <p class='ocr_par' dir='ltr' id='par_1_76' title="bbox 2078 1619 3653 1691">
     <span class='ocr_line' id='line_1_77' title="bbox 2078 1619 3653 1691; baseline 0.002 -19"><span class='ocrx_word' id='word_1_613' title='bbox 2078 1619 2411 1689; x_wconf 90' lang='lat' dir='ltr'><strong>impudenter</strong></span> <span class='ocrx_word' id='word_1_614' title='bbox 2444 1621 2594 1675; x_wconf 92' lang='lat' dir='ltr'><strong>nobis</strong></span> <span class='ocrx_word' id='word_1_615' title='bbox 2636 1636 3037 1689; x_wconf 75' lang='lat' dir='ltr'><strong>arrogaremus,</strong></span> <span class='ocrx_word' id='word_1_616' title='bbox 3080 1623 3180 1675; x_wconf 89' lang='lat' dir='ltr'><strong>nisi</strong></span> <span class='ocrx_word' id='word_1_617' title='bbox 3208 1621 3415 1676; x_wconf 88' lang='lat' dir='ltr'><strong>Veritas</strong></span> <span class='ocrx_word' id='word_1_618' title='bbox 3451 1623 3653 1691; x_wconf 85' lang='lat' dir='ltr'><strong>promi-</strong></span> 
     </span>
    </p>
   </div>
   <div class='ocr_carea' id='block_1_77' title="bbox 2078 1711 3650 1785">
    <p class='ocr_par' dir='ltr' id='par_1_77' title="bbox 2078 1711 3650 1785">
     <span class='ocr_line' id='line_1_78' title="bbox 2078 1711 3650 1785; baseline 0.002 -21"><span class='ocrx_word' id='word_1_619' title='bbox 2078 1711 2253 1776; x_wconf 89' lang='lat' dir='ltr'><strong>sisset,</strong></span> <span class='ocrx_word' id='word_1_620' title='bbox 2285 1711 2467 1767; x_wconf 89' lang='lat' dir='ltr'><strong>dicens</strong></span> <span class='ocrx_word' id='word_1_621' title='bbox 2499 1730 2513 1766; x_wconf 91' lang='lat'><strong>:</strong></span> <span class='ocrx_word' id='word_1_622' title='bbox 2544 1711 2711 1765; x_wconf 87' lang='lat' dir='ltr'><strong>Erunt</strong></span> <span class='ocrx_word' id='word_1_623' title='bbox 2739 1712 2955 1783; x_wconf 73' lang='lat' dir='ltr'><strong>tequales</strong></span> <span class='ocrx_word' id='word_1_624' title='bbox 2981 1714 3184 1784; x_wconf 80' lang='lat' dir='ltr'><strong>Angelis</strong></span> <span class='ocrx_word' id='word_1_625' title='bbox 3213 1713 3309 1767; x_wconf 84' lang='lat' dir='ltr'><strong>Dei</strong></span> <span class='ocrx_word' id='word_1_626' title='bbox 3346 1713 3493 1785; x_wconf 91' lang='lat' dir='ltr'><strong>(Luc.</strong></span> <span class='ocrx_word' id='word_1_627' title='bbox 3530 1729 3601 1767; x_wconf 76' lang='lat' dir='ltr'><strong>xx</strong></span> <span class='ocrx_word' id='word_1_628' title='bbox 3634 1756 3650 1781; x_wconf 90' lang='lat'><strong>,</strong></span> 
     </span>
    </p>
   </div>
   <div class='ocr_carea' id='block_1_78' title="bbox 2079 1801 3414 1875">
    <p class='ocr_par' dir='ltr' id='par_1_78' title="bbox 2079 1801 3414 1875">
     <span class='ocr_line' id='line_1_79' title="bbox 2079 1801 3414 1875; baseline 0.001 -18"><span class='ocrx_word' id='word_1_629' title='bbox 2079 1801 2202 1873; x_wconf 83' lang='lat'><strong>56);</strong></span> <span class='ocrx_word' id='word_1_630' title='bbox 2240 1813 2293 1857; x_wconf 94' lang='lat' dir='ltr'><strong>et</strong></span> <span class='ocrx_word' id='word_1_631' title='bbox 2324 1803 2379 1857; x_wconf 85' lang='lat' dir='ltr'><strong>tit</strong></span> <span class='ocrx_word' id='word_1_632' title='bbox 2409 1819 2509 1857; x_wconf 89' lang='lat' dir='ltr'><strong>una</strong></span> <span class='ocrx_word' id='word_1_633' title='bbox 2540 1804 2792 1868; x_wconf 80' lang='lat' dir='ltr'><strong>Ecclesia,</strong></span> <span class='ocrx_word' id='word_1_634' title='bbox 2822 1805 3007 1859; x_wconf 80' lang='lat' dir='ltr'><strong>civitas</strong></span> <span class='ocrx_word' id='word_1_635' title='bbox 3031 1805 3189 1875; x_wconf 80' lang='lat' dir='ltr'><strong>Regis</strong></span> <span class='ocrx_word' id='word_1_636' title='bbox 3217 1807 3414 1875; x_wconf 83' lang='lat' dir='ltr'><strong>magni.</strong></span> 
     </span>
    </p>
   </div>
   <div class='ocr_carea' id='block_1_79' title="bbox 2147 1891 3653 1963">
    <p class='ocr_par' dir='ltr' id='par_1_79' title="bbox 2147 1891 3653 1963">
     <span class='ocr_line' id='line_1_80' title="bbox 2147 1891 3653 1963; baseline 0.001 -18"><span class='ocrx_word' id='word_1_637' title='bbox 2147 1891 2372 1947; x_wconf 82' lang='lat' dir='ltr'><strong>CAPUT</strong></span> <span class='ocrx_word' id='word_1_638' title='bbox 2418 1892 2485 1945; x_wconf 82' lang='lat' dir='ltr'><strong>X.</strong></span> <span class='ocrx_word' id='word_1_639' title='bbox 2531 1922 2601 1931; x_wconf 91' lang='lat'><strong>—</strong></span> <span class='ocrx_word' id='word_1_640' title='bbox 2651 1892 2736 1945; x_wconf 71' lang='grc'><strong>12.</strong></span> <span class='ocrx_word' id='word_1_641' title='bbox 2784 1892 3011 1946; x_wconf 83' lang='lat' dir='ltr'><strong>Christus</strong></span> <span class='ocrx_word' id='word_1_642' title='bbox 3059 1894 3111 1946; x_wconf 86' lang='lat' dir='ltr'><strong>in</strong></span> <span class='ocrx_word' id='word_1_643' title='bbox 3176 1892 3452 1963; x_wconf 84' lang='lat' dir='ltr'><strong>Smpturis</strong></span> <span class='ocrx_word' id='word_1_644' title='bbox 3494 1911 3653 1948; x_wconf 82' lang='lat' dir='ltr'><strong>enun-</strong></span> 
     </span>
    </p>
   </div>
   <div class='ocr_carea' id='block_1_80' title="bbox 2080 1979 3649 2037">
    <p class='ocr_par' dir='ltr' id='par_1_80' title="bbox 2080 1979 3649 2037">
     <span class='ocr_line' id='line_1_81' title="bbox 2080 1979 3649 2037; baseline 0.002 -6"><span class='ocrx_word' id='word_1_645' title='bbox 2080 1980 2230 2033; x_wconf 87' lang='lat' dir='ltr'><strong>tiatus</strong></span> <span class='ocrx_word' id='word_1_646' title='bbox 2257 1980 2413 2034; x_wconf 87' lang='lat' dir='ltr'><strong>tribus</strong></span> <span class='ocrx_word' id='word_1_647' title='bbox 2442 1981 2623 2033; x_wconf 84' lang='lat' dir='ltr'><strong>modis.</strong></span> <span class='ocrx_word' id='word_1_648' title='bbox 2653 1980 2879 2035; x_wconf 86' lang='lat' dir='ltr'><strong>Christus</strong></span> <span class='ocrx_word' id='word_1_649' title='bbox 2905 1990 2952 2035; x_wconf 83' lang='lat' dir='ltr'><strong>ct</strong></span> <span class='ocrx_word' id='word_1_650' title='bbox 2992 1979 3221 2035; x_wconf 84' lang='lat' dir='ltr'><strong>Ecclesia</strong></span> <span class='ocrx_word' id='word_1_651' title='bbox 3250 2000 3381 2036; x_wconf 86' lang='lat' dir='ltr'><strong>unus</strong></span> <span class='ocrx_word' id='word_1_652' title='bbox 3405 1982 3649 2037; x_wconf 85' lang='lat' dir='ltr'><strong>Christus.</strong></span> 
     </span>
    </p>
   </div>
   <div class='ocr_carea' id='block_1_81' title="bbox 2078 2068 3651 2140">
    <p class='ocr_par' dir='ltr' id='par_1_81' title="bbox 2078 2068 3651 2140">
     <span class='ocr_line' id='line_1_82' title="bbox 2078 2068 3651 2140; baseline 0.002 -17"><span class='ocrx_word' id='word_1_653' title='bbox 2078 2068 2166 2123; x_wconf 90' lang='lat' dir='ltr'><strong>Sic</strong></span> <span class='ocrx_word' id='word_1_654' title='bbox 2187 2085 2314 2136; x_wconf 77' lang='lat' dir='ltr'><strong>ergo</strong></span> <span class='ocrx_word' id='word_1_655' title='bbox 2338 2070 2620 2140; x_wconf 87' lang='lat' dir='ltr'><strong>aliquando</strong></span> <span class='ocrx_word' id='word_1_656' title='bbox 2648 2070 2699 2125; x_wconf 91' lang='lat' dir='ltr'><strong>in</strong></span> <span class='ocrx_word' id='word_1_657' title='bbox 2731 2072 3019 2140; x_wconf 85' lang='lat' dir='ltr'><strong>Scripturis</strong></span> <span class='ocrx_word' id='word_1_658' title='bbox 3046 2073 3344 2127; x_wconf 88' lang='lat' dir='ltr'><strong>insinuatur</strong></span> <span class='ocrx_word' id='word_1_659' title='bbox 3368 2073 3609 2127; x_wconf 92' lang='lat' dir='ltr'><strong>Christus</strong></span> <span class='ocrx_word' id='word_1_660' title='bbox 3634 2113 3651 2138; x_wconf 91' lang='lat'><strong>,</strong></span> 
     </span>
    </p>
   </div>
   <div class='ocr_carea' id='block_1_82' title="bbox 2078 2161 3653 2234">
    <p class='ocr_par' dir='ltr' id='par_1_82' title="bbox 2078 2161 3653 2234">
     <span class='ocr_line' id='line_1_83' title="bbox 2078 2161 3653 2234; baseline 0.003 -21"><span class='ocrx_word' id='word_1_661' title='bbox 2078 2170 2133 2214; x_wconf 87' lang='lat' dir='ltr'><strong>ut</strong></span> <span class='ocrx_word' id='word_1_662' title='bbox 2159 2161 2418 2229; x_wconf 85' lang='lat' dir='ltr'><strong>intelligas</strong></span> <span class='ocrx_word' id='word_1_663' title='bbox 2450 2162 2679 2217; x_wconf 82' lang='lat' dir='ltr'><strong>Verbum</strong></span> <span class='ocrx_word' id='word_1_664' title='bbox 2710 2163 2912 2233; x_wconf 69' lang='lat' dir='ltr'><strong>mquale</strong></span> <span class='ocrx_word' id='word_1_665' title='bbox 2940 2163 3101 2217; x_wconf 87' lang='lat' dir='ltr'><strong>Patri.</strong></span> <span class='ocrx_word' id='word_1_666' title='bbox 3130 2164 3218 2219; x_wconf 91' lang='lat' dir='ltr'><strong>Sic</strong></span> <span class='ocrx_word' id='word_1_667' title='bbox 3238 2164 3521 2234; x_wconf 89' lang='lat' dir='ltr'><strong>aliquando</strong></span> <span class='ocrx_word' id='word_1_668' title='bbox 3546 2205 3562 2231; x_wconf 94' lang='lat'><strong>,</strong></span> <span class='ocrx_word' id='word_1_669' title='bbox 3595 2175 3653 2217; x_wconf 90' lang='lat' dir='ltr'><strong>ut</strong></span> 
     </span>
    </p>
   </div>
   <div class='ocr_carea' id='block_1_83' title="bbox 2078 2255 3652 2325">
    <p class='ocr_par' dir='ltr' id='par_1_83' title="bbox 2078 2255 3652 2325">
     <span class='ocr_line' id='line_1_84' title="bbox 2078 2255 3652 2325; baseline 0 -18"><span class='ocrx_word' id='word_1_670' title='bbox 2078 2255 2338 2321; x_wconf 81' lang='lat' dir='ltr'><strong>intelligas</strong></span> <span class='ocrx_word' id='word_1_671' title='bbox 2369 2255 2747 2320; x_wconf 90' lang='lat' dir='ltr'><strong>mediatorem;</strong></span> <span class='ocrx_word' id='word_1_672' title='bbox 2790 2272 2908 2310; x_wconf 92' lang='lat' dir='ltr'><strong>eum</strong></span> <span class='ocrx_word' id='word_1_673' title='bbox 2949 2255 3163 2310; x_wconf 76' lang='lat' dir='ltr'><strong>Verbum</strong></span> <span class='ocrx_word' id='word_1_674' title='bbox 3198 2274 3314 2309; x_wconf 90' lang='lat' dir='ltr'><strong>caro</strong></span> <span class='ocrx_word' id='word_1_675' title='bbox 3343 2257 3532 2325; x_wconf 79' lang='lat' dir='ltr'><strong>factum</strong></span> <span class='ocrx_word' id='word_1_676' title='bbox 3557 2265 3652 2321; x_wconf 87' lang='lat' dir='ltr'><strong>est,</strong></span> 
     </span>
    </p>
   </div>
   <div class='ocr_carea' id='block_1_84' title="bbox 2079 2345 3655 2417">
    <p class='ocr_par' dir='ltr' id='par_1_84' title="bbox 2079 2345 3655 2417">
     <span class='ocr_line' id='line_1_85' title="bbox 2079 2345 3655 2417; baseline 0.002 -21"><span class='ocrx_word' id='word_1_677' title='bbox 2079 2353 2137 2397; x_wconf 93' lang='lat' dir='ltr'><strong>ut</strong></span> <span class='ocrx_word' id='word_1_678' title='bbox 2165 2345 2424 2399; x_wconf 88' lang='lat' dir='ltr'><strong>habitaret</strong></span> <span class='ocrx_word' id='word_1_679' title='bbox 2445 2348 2497 2398; x_wconf 86' lang='lat' dir='ltr'><strong>in</strong></span> <span class='ocrx_word' id='word_1_680' title='bbox 2527 2347 2665 2399; x_wconf 89' lang='lat' dir='ltr'><strong>nobis</strong></span> <span class='ocrx_word' id='word_1_681' title='bbox 2694 2346 2868 2417; x_wconf 86' lang='lat' dir='ltr'><strong>(Joan.</strong></span> <span class='ocrx_word' id='word_1_682' title='bbox 2893 2363 2932 2412; x_wconf 92' lang='grc' dir='ltr'><strong>ι,</strong></span> <span class='ocrx_word' id='word_1_683' title='bbox 2958 2348 3044 2415; x_wconf 68' lang='grc'>14)</span> <span class='ocrx_word' id='word_1_684' title='bbox 3066 2365 3079 2399; x_wconf 85' lang='lat'><strong>:</strong></span> <span class='ocrx_word' id='word_1_685' title='bbox 3099 2363 3219 2401; x_wconf 90' lang='lat' dir='ltr'><strong>cum</strong></span> <span class='ocrx_word' id='word_1_686' title='bbox 3241 2348 3327 2401; x_wconf 89' lang='lat' dir='ltr'><strong>ille</strong></span> <span class='ocrx_word' id='word_1_687' title='bbox 3352 2348 3655 2415; x_wconf 83' lang='lat' dir='ltr'><strong>unigenitus</strong></span> 
     </span>
    </p>
   </div>
   <div class='ocr_carea' id='block_1_85' title="bbox 2079 2433 3655 2505">
    <p class='ocr_par' dir='ltr' id='par_1_85' title="bbox 2079 2433 3655 2505">
     <span class='ocr_line' id='line_1_86' title="bbox 2079 2433 3655 2505; baseline 0.003 -19"><span class='ocrx_word' id='word_1_688' title='bbox 2079 2448 2174 2505; x_wconf 88' lang='lat' dir='ltr'><strong>per</strong></span> <span class='ocrx_word' id='word_1_689' title='bbox 2202 2450 2361 2503; x_wconf 87' lang='lat' dir='ltr'><strong>quem</strong></span> <span class='ocrx_word' id='word_1_690' title='bbox 2408 2433 2542 2488; x_wconf 82' lang='lat' dir='ltr'><strong>facta</strong></span> <span class='ocrx_word' id='word_1_691' title='bbox 2585 2444 2710 2489; x_wconf 89' lang='lat' dir='ltr'><strong>sunt</strong></span> <span class='ocrx_word' id='word_1_692' title='bbox 2750 2435 2960 2501; x_wconf 90' lang='lat' dir='ltr'><strong>omnia,</strong></span> <span class='ocrx_word' id='word_1_693' title='bbox 3002 2452 3101 2489; x_wconf 87' lang='lat' dir='ltr'><strong>non</strong></span> <span class='ocrx_word' id='word_1_694' title='bbox 3128 2437 3358 2505; x_wconf 85' lang='lat' dir='ltr'><strong>rapinam</strong></span> <span class='ocrx_word' id='word_1_695' title='bbox 3384 2438 3655 2490; x_wconf 82' lang='lat' dir='ltr'><strong>arbitratus</strong></span> 
     </span>
    </p>
   </div>
   <div class='ocr_carea' id='block_1_86' title="bbox 2078 2523 3651 2592">
    <p class='ocr_par' dir='ltr' id='par_1_86' title="bbox 2078 2523 3651 2592">
     <span class='ocr_line' id='line_1_87' title="bbox 2078 2523 3651 2592; baseline 0.003 -17"><span class='ocrx_word' id='word_1_696' title='bbox 2078 2532 2151 2575; x_wconf 78' lang='lat' dir='ltr'><strong>est</strong></span> <span class='ocrx_word' id='word_1_697' title='bbox 2196 2539 2301 2576; x_wconf 86' lang='lat' dir='ltr'><strong>esse</strong></span> <span class='ocrx_word' id='word_1_698' title='bbox 2344 2524 2550 2587; x_wconf 77' lang='lat' dir='ltr'><strong>a’qualis</strong></span> <span class='ocrx_word' id='word_1_699' title='bbox 2614 2523 2759 2588; x_wconf 86' lang='lat' dir='ltr'><strong>Deo,</strong></span> <span class='ocrx_word' id='word_1_700' title='bbox 2820 2524 2908 2577; x_wconf 87' lang='lat' dir='ltr'><strong>sed</strong></span> <span class='ocrx_word' id='word_1_701' title='bbox 2962 2526 3281 2592; x_wconf 86' lang='lat' dir='ltr'><strong>semetipsum</strong></span> <span class='ocrx_word' id='word_1_702' title='bbox 3346 2527 3651 2591; x_wconf 73' lang='lat' dir='ltr'><strong>exinanivit,</strong></span> 
     </span>
    </p>
   </div>
   <div class='ocr_carea' id='block_1_87' title="bbox 2080 2613 3653 2687">
    <p class='ocr_par' dir='ltr' id='par_1_87' title="bbox 2080 2613 3653 2687">
     <span class='ocr_line' id='line_1_88' title="bbox 2080 2613 3653 2687; baseline 0.001 -21"><span class='ocrx_word' id='word_1_703' title='bbox 2080 2613 2291 2683; x_wconf 81' lang='lat' dir='ltr'><strong>formam</strong></span> <span class='ocrx_word' id='word_1_704' title='bbox 2318 2630 2443 2669; x_wconf 76' lang='lat' dir='ltr'><strong>servs</strong></span> <span class='ocrx_word' id='word_1_705' title='bbox 2469 2615 2744 2685; x_wconf 86' lang='lat' dir='ltr'><strong>accipiens,</strong></span> <span class='ocrx_word' id='word_1_706' title='bbox 2778 2615 2938 2686; x_wconf 78' lang='lat' dir='ltr'><strong>factus</strong></span> <span class='ocrx_word' id='word_1_707' title='bbox 2977 2616 3209 2669; x_wconf 86' lang='lat' dir='ltr'><strong>obediens</strong></span> <span class='ocrx_word' id='word_1_708' title='bbox 3242 2632 3397 2687; x_wconf 84' lang='lat' dir='ltr'><strong>usque</strong></span> <span class='ocrx_word' id='word_1_709' title='bbox 3424 2616 3492 2667; x_wconf 83' lang='lat' dir='ltr'><strong>ad</strong></span> <span class='ocrx_word' id='word_1_710' title='bbox 3520 2633 3653 2668; x_wconf 88' lang='lat' dir='ltr'><strong>mor-</strong></span> 
     </span>
    </p>
   </div>
   <div class='ocr_carea' id='block_1_88' title="bbox 2079 2705 3649 2776">
    <p class='ocr_par' dir='ltr' id='par_1_88' title="bbox 2079 2705 3649 2776">
     <span class='ocr_line' id='line_1_89' title="bbox 2079 2705 3649 2776; baseline 0.001 -18"><span class='ocrx_word' id='word_1_711' title='bbox 2079 2716 2196 2771; x_wconf 76' lang='lat' dir='ltr'><strong>tem,</strong></span> <span class='ocrx_word' id='word_1_712' title='bbox 2226 2714 2431 2759; x_wconf 88' lang='lat' dir='ltr'><strong>mortem</strong></span> <span class='ocrx_word' id='word_1_713' title='bbox 2458 2716 2622 2760; x_wconf 86' lang='lat' dir='ltr'><strong>autem</strong></span> <span class='ocrx_word' id='word_1_714' title='bbox 2643 2706 2801 2759; x_wconf 88' lang='lat' dir='ltr'><strong>crucis</strong></span> <span class='ocrx_word' id='word_1_715' title='bbox 2828 2705 3079 2776; x_wconf 83' lang='lat' dir='ltr'><strong>(Philipp.</strong></span> <span class='ocrx_word' id='word_1_716' title='bbox 3110 2721 3168 2769; x_wconf 85' lang='grc' dir='ltr'><strong>ιι,</strong></span> <span class='ocrx_word' id='word_1_717' title='bbox 3196 2706 3339 2774; x_wconf 87' lang='grc'><strong>6-8).</strong></span> <span class='ocrx_word' id='word_1_718' title='bbox 3370 2706 3454 2760; x_wconf 89' lang='lat' dir='ltr'><strong>Sic</strong></span> <span class='ocrx_word' id='word_1_719' title='bbox 3476 2716 3649 2759; x_wconf 86' lang='lat' dir='ltr'><strong>autem</strong></span> 
     </span>
    </p>
   </div>
   <div class='ocr_carea' id='block_1_89' title="bbox 2079 2794 3653 2865">
    <p class='ocr_par' dir='ltr' id='par_1_89' title="bbox 2079 2794 3653 2865">
     <span class='ocr_line' id='line_1_90' title="bbox 2079 2794 3653 2865; baseline 0.001 -16"><span class='ocrx_word' id='word_1_720' title='bbox 2079 2794 2386 2863; x_wconf 88' lang='lat' dir='ltr'><strong>aliquando,</strong></span> <span class='ocrx_word' id='word_1_721' title='bbox 2413 2803 2471 2848; x_wconf 90' lang='lat' dir='ltr'><strong>ut</strong></span> <span class='ocrx_word' id='word_1_722' title='bbox 2498 2794 2759 2864; x_wconf 88' lang='lat' dir='ltr'><strong>intelligas</strong></span> <span class='ocrx_word' id='word_1_723' title='bbox 2797 2805 2953 2865; x_wconf 85' lang='lat' dir='ltr'><strong>caput</strong></span> <span class='ocrx_word' id='word_1_724' title='bbox 2994 2808 3048 2850; x_wconf 89' lang='lat' dir='ltr'><strong>et</strong></span> <span class='ocrx_word' id='word_1_725' title='bbox 3095 2812 3315 2865; x_wconf 86' lang='lat' dir='ltr'><strong>corpus,</strong></span> <span class='ocrx_word' id='word_1_726' title='bbox 3354 2806 3653 2865; x_wconf 72' lang='lat' dir='ltr'><strong>expnnente</strong></span> 
     </span>
    </p>
   </div>
   <div class='ocr_carea' id='block_1_90' title="bbox 2079 2883 3654 2956">
    <p class='ocr_par' dir='ltr' id='par_1_90' title="bbox 2079 2883 3654 2956">
     <span class='ocr_line' id='line_1_91' title="bbox 2079 2883 3654 2956; baseline 0.001 -17"><span class='ocrx_word' id='word_1_727' title='bbox 2079 2883 2197 2953; x_wconf 85' lang='lat' dir='ltr'><strong>ipso</strong></span> <span class='ocrx_word' id='word_1_728' title='bbox 2240 2886 2495 2955; x_wconf 80' lang='lat' dir='ltr'><strong>Apostolo</strong></span> <span class='ocrx_word' id='word_1_729' title='bbox 2537 2886 2874 2955; x_wconf 83' lang='lat' dir='ltr'><strong>apertissime</strong></span> <span class='ocrx_word' id='word_1_730' title='bbox 2912 2887 3049 2956; x_wconf 83' lang='lat' dir='ltr'><strong>quod</strong></span> <span class='ocrx_word' id='word_1_731' title='bbox 3091 2886 3284 2941; x_wconf 78' lang='lat' dir='ltr'><strong>dictum</strong></span> <span class='ocrx_word' id='word_1_732' title='bbox 3326 2898 3406 2941; x_wconf 93' lang='lat' dir='ltr'><strong>cst</strong></span> <span class='ocrx_word' id='word_1_733' title='bbox 3444 2888 3511 2942; x_wconf 92' lang='lat' dir='ltr'><strong>de</strong></span> <span class='ocrx_word' id='word_1_734' title='bbox 3542 2889 3654 2941; x_wconf 84' lang='lat' dir='ltr'><strong>viro</strong></span> 
     </span>
    </p>
   </div>
   <div class='ocr_carea' id='block_1_91' title="bbox 2080 2974 3652 3046">
    <p class='ocr_par' dir='ltr' id='par_1_91' title="bbox 2080 2974 3652 3046">
     <span class='ocr_line' id='line_1_92' title="bbox 2080 2974 3652 3046; baseline 0.001 -17"><span class='ocrx_word' id='word_1_735' title='bbox 2080 2984 2134 3029; x_wconf 86' lang='lat' dir='ltr'><strong>et</strong></span> <span class='ocrx_word' id='word_1_736' title='bbox 2157 2990 2327 3029; x_wconf 85' lang='lat' dir='ltr'><strong>uxore</strong></span> <span class='ocrx_word' id='word_1_737' title='bbox 2359 2976 2409 3028; x_wconf 91' lang='lat' dir='ltr'><strong>in</strong></span> <span class='ocrx_word' id='word_1_738' title='bbox 2438 2974 2662 3043; x_wconf 81' lang='lat' dir='ltr'><strong>Genesi,</strong></span> <span class='ocrx_word' id='word_1_739' title='bbox 2694 2975 2886 3042; x_wconf 88' lang='lat' dir='ltr'><strong>Erunt,</strong></span> <span class='ocrx_word' id='word_1_740' title='bbox 2918 2978 3105 3046; x_wconf 83' lang='lat' dir='ltr'><strong>inquit,</strong></span> <span class='ocrx_word' id='word_1_741' title='bbox 3136 2978 3238 3031; x_wconf 90' lang='lat' dir='ltr'><strong>duo</strong></span> <span class='ocrx_word' id='word_1_742' title='bbox 3264 2981 3314 3031; x_wconf 90' lang='lat' dir='ltr'><strong>in</strong></span> <span class='ocrx_word' id='word_1_743' title='bbox 3354 2996 3503 3031; x_wconf 80' lang='lat' dir='ltr'><strong>carne</strong></span> <span class='ocrx_word' id='word_1_744' title='bbox 3533 2996 3652 3031; x_wconf 77' lang='lat' dir='ltr'><strong>ima.</strong></span> 
     </span>
    </p>
   </div>
   <div class='ocr_carea' id='block_1_92' title="bbox 2080 3064 3654 3138">
    <p class='ocr_par' dir='ltr' id='par_1_92' title="bbox 2080 3064 3654 3138">
     <span class='ocr_line' id='line_1_93' title="bbox 2080 3064 3654 3138; baseline 0.005 -20"><span class='ocrx_word' id='word_1_745' title='bbox 2080 3064 2266 3119; x_wconf 88' lang='lat' dir='ltr'><strong>Videte</strong></span> <span class='ocrx_word' id='word_1_746' title='bbox 2298 3066 2467 3134; x_wconf 90' lang='lat' dir='ltr'><strong>ipsum</strong></span> <span class='ocrx_word' id='word_1_747' title='bbox 2500 3076 2874 3136; x_wconf 85' lang='lat' dir='ltr'><strong>exponentem,</strong></span> <span class='ocrx_word' id='word_1_748' title='bbox 2897 3077 2956 3122; x_wconf 89' lang='lat' dir='ltr'><strong>ut</strong></span> <span class='ocrx_word' id='word_1_749' title='bbox 2984 3084 3085 3121; x_wconf 80' lang='lat' dir='ltr'><strong>non</strong></span> <span class='ocrx_word' id='word_1_750' title='bbox 3109 3070 3429 3138; x_wconf 88' lang='lat' dir='ltr'><strong>c0njecturis</strong></span> <span class='ocrx_word' id='word_1_751' title='bbox 3458 3073 3654 3126; x_wconf 79' lang='lat' dir='ltr'><strong>nostris</strong></span> 
     </span>
    </p>
   </div>
   <div class='ocr_carea' id='block_1_93' title="bbox 2079 3156 3655 3232">
    <p class='ocr_par' dir='ltr' id='par_1_93' title="bbox 2079 3156 3655 3232">
     <span class='ocr_line' id='line_1_94' title="bbox 2079 3156 3655 3232; baseline 0.004 -23"><span class='ocrx_word' id='word_1_752' title='bbox 2079 3156 2274 3225; x_wconf 89' lang='lat' dir='ltr'><strong>aliquid</strong></span> <span class='ocrx_word' id='word_1_753' title='bbox 2307 3157 2421 3210; x_wconf 89' lang='lat' dir='ltr'><strong>ausi</strong></span> <span class='ocrx_word' id='word_1_754' title='bbox 2453 3156 2629 3211; x_wconf 90' lang='lat' dir='ltr'><strong>dicere</strong></span> <span class='ocrx_word' id='word_1_755' title='bbox 2654 3158 2943 3211; x_wconf 85' lang='lat' dir='ltr'><strong>videamur.</strong></span> <span class='ocrx_word' id='word_1_756' title='bbox 2966 3158 3131 3213; x_wconf 87' lang='lat' dir='ltr'><strong>Erunt</strong></span> <span class='ocrx_word' id='word_1_757' title='bbox 3156 3164 3307 3226; x_wconf 85' lang='lat' dir='ltr'><strong>enim,</strong></span> <span class='ocrx_word' id='word_1_758' title='bbox 3339 3162 3524 3232; x_wconf 88' lang='lat' dir='ltr'><strong>inquit,</strong></span> <span class='ocrx_word' id='word_1_759' title='bbox 3553 3162 3655 3216; x_wconf 88' lang='lat' dir='ltr'><strong>duo</strong></span> 
     </span>
    </p>
   </div>
   <div class='ocr_carea' id='block_1_94' title="bbox 2078 3246 3673 3323">
    <p class='ocr_par' dir='ltr' id='par_1_94' title="bbox 2078 3246 3673 3323">
     <span class='ocr_line' id='line_1_95' title="bbox 2078 3246 3673 3323; baseline 0.005 -25"><span class='ocrx_word' id='word_1_760' title='bbox 2078 3246 2129 3298; x_wconf 89' lang='lat' dir='ltr'><strong>in</strong></span> <span class='ocrx_word' id='word_1_761' title='bbox 2156 3263 2307 3299; x_wconf 84' lang='lat' dir='ltr'><strong>carne</strong></span> <span class='ocrx_word' id='word_1_762' title='bbox 2340 3263 2440 3300; x_wconf 85' lang='lat' dir='ltr'><strong>una</strong></span> <span class='ocrx_word' id='word_1_763' title='bbox 2472 3263 2490 3299; x_wconf 90' lang='lat'><strong><em>:</em></strong></span> <span class='ocrx_word' id='word_1_764' title='bbox 2514 3256 2568 3301; x_wconf 83' lang='lat' dir='ltr'><strong>et</strong></span> <span class='ocrx_word' id='word_1_765' title='bbox 2605 3248 2837 3313; x_wconf 78' lang='lat' dir='ltr'><strong>addidit,</strong></span> <span class='ocrx_word' id='word_1_766' title='bbox 2873 3249 3255 3304; x_wconf 82' lang='lat' dir='ltr'><strong>Sacramcntttm</strong></span> <span class='ocrx_word' id='word_1_767' title='bbox 3296 3253 3388 3305; x_wconf 89' lang='lat' dir='ltr'><strong>hoc</strong></span> <span class='ocrx_word' id='word_1_768' title='bbox 3416 3270 3673 3323; x_wconf 81' lang='lat' dir='ltr'><strong>magnum</strong></span> 
     </span>
    </p>
   </div>
   <div class='ocr_carea' id='block_1_95' title="bbox 2078 3335 3656 3409">
    <p class='ocr_par' dir='ltr' id='par_1_95' title="bbox 2078 3335 3656 3409">
     <span class='ocr_line' id='line_1_96' title="bbox 2078 3335 3656 3409; baseline 0.006 -20"><span class='ocrx_word' id='word_1_769' title='bbox 2078 3346 2169 3390; x_wconf 87' lang='lat' dir='ltr'><strong>est.</strong></span> <span class='ocrx_word' id='word_1_770' title='bbox 2216 3335 2282 3391; x_wconf 86' lang='lat' dir='ltr'><strong>Et</strong></span> <span class='ocrx_word' id='word_1_771' title='bbox 2325 3353 2390 3391; x_wconf 91' lang='lat' dir='ltr'><strong>ne</strong></span> <span class='ocrx_word' id='word_1_772' title='bbox 2428 3337 2599 3391; x_wconf 91' lang='lat' dir='ltr'><strong>adhuc</strong></span> <span class='ocrx_word' id='word_1_773' title='bbox 2639 3348 2843 3407; x_wconf 83' lang='lat' dir='ltr'><strong>putaret</strong></span> <span class='ocrx_word' id='word_1_774' title='bbox 2886 3342 3161 3409; x_wconf 69' lang='lat' dir='ltr'><strong>quisquam</strong></span> <span class='ocrx_word' id='word_1_775' title='bbox 3201 3342 3250 3395; x_wconf 91' lang='lat' dir='ltr'><strong>in</strong></span> <span class='ocrx_word' id='word_1_776' title='bbox 3297 3343 3410 3395; x_wconf 86' lang='lat' dir='ltr'><strong>viro</strong></span> <span class='ocrx_word' id='word_1_777' title='bbox 3453 3358 3570 3397; x_wconf 86' lang='lat' dir='ltr'><strong>esse</strong></span> <span class='ocrx_word' id='word_1_778' title='bbox 3601 3356 3656 3397; x_wconf 90' lang='lat' dir='ltr'><strong>et</strong></span> 
     </span>
    </p>
   </div>
   <div class='ocr_carea' id='block_1_96' title="bbox 2078 3430 3654 3501">
    <p class='ocr_par' dir='ltr' id='par_1_96' title="bbox 2078 3430 3654 3501">
     <span class='ocr_line' id='line_1_97' title="bbox 2078 3430 3654 3501; baseline 0.003 -21"><span class='ocrx_word' id='word_1_779' title='bbox 2078 3443 2244 3483; x_wconf 78' lang='lat' dir='ltr'><strong>uxore</strong></span> <span class='ocrx_word' id='word_1_780' title='bbox 2286 3430 2576 3483; x_wconf 87' lang='lat' dir='ltr'><strong>secundum</strong></span> <span class='ocrx_word' id='word_1_781' title='bbox 2614 3432 2904 3484; x_wconf 86' lang='lat' dir='ltr'><strong>naturalem</strong></span> <span class='ocrx_word' id='word_1_782' title='bbox 2945 3432 3217 3501; x_wconf 80' lang='lat' dir='ltr'><strong>utriusque</strong></span> <span class='ocrx_word' id='word_1_783' title='bbox 3245 3448 3404 3486; x_wconf 76' lang='lat' dir='ltr'><strong>sexus</strong></span> <span class='ocrx_word' id='word_1_784' title='bbox 3433 3434 3654 3501; x_wconf 84' lang='lat' dir='ltr'><strong>copula-</strong></span> 
     </span>
    </p>
   </div>
   <div class='ocr_carea' id='block_1_97' title="bbox 2082 3518 3651 3591">
    <p class='ocr_par' dir='ltr' id='par_1_97' title="bbox 2082 3518 3651 3591">
     <span class='ocr_line' id='line_1_98' title="bbox 2082 3518 3651 3591; baseline 0.003 -20"><span class='ocrx_word' id='word_1_785' title='bbox 2082 3518 2275 3571; x_wconf 86' lang='lat' dir='ltr'><strong>tionem</strong></span> <span class='ocrx_word' id='word_1_786' title='bbox 2315 3520 2749 3589; x_wconf 86' lang='lat' dir='ltr'><strong>corporalemque</strong></span> <span class='ocrx_word' id='word_1_787' title='bbox 2789 3520 3069 3574; x_wconf 79' lang='lat' dir='ltr'><strong>mixturam</strong></span> <span class='ocrx_word' id='word_1_788' title='bbox 3106 3538 3119 3575; x_wconf 89' lang='lat'><strong>:</strong></span> <span class='ocrx_word' id='word_1_789' title='bbox 3156 3520 3264 3591; x_wconf 89' lang='lat' dir='ltr'><strong>Ego</strong></span> <span class='ocrx_word' id='word_1_790' title='bbox 3307 3532 3472 3576; x_wconf 84' lang='lat' dir='ltr'><strong>autem</strong></span> <span class='ocrx_word' id='word_1_791' title='bbox 3513 3524 3651 3588; x_wconf 84' lang='lat' dir='ltr'><strong>dico,</strong></span> 
     </span>
    </p>
   </div>
   <div class='ocr_carea' id='block_1_98' title="bbox 2080 3607 3649 3680">
    <p class='ocr_par' dir='ltr' id='par_1_98' title="bbox 2080 3607 3649 3680">
     <span class='ocr_line' id='line_1_99' title="bbox 2080 3607 3649 3680; baseline 0.003 -22"><span class='ocrx_word' id='word_1_792' title='bbox 2080 3607 2269 3675; x_wconf 86' lang='lat' dir='ltr'><strong>inquit,</strong></span> <span class='ocrx_word' id='word_1_793' title='bbox 2313 3609 2365 3660; x_wconf 84' lang='lat' dir='ltr'><strong>in</strong></span> <span class='ocrx_word' id='word_1_794' title='bbox 2400 3607 2599 3664; x_wconf 88' lang='lat' dir='ltr'><strong>Christo</strong></span> <span class='ocrx_word' id='word_1_795' title='bbox 2629 3619 2674 3663; x_wconf 90' lang='lat' dir='ltr'><strong>ct</strong></span> <span class='ocrx_word' id='word_1_796' title='bbox 2704 3608 2931 3663; x_wconf 83' lang='lat' dir='ltr'><strong>Ecclesia</strong></span> <span class='ocrx_word' id='word_1_797' title='bbox 2963 3609 3114 3680; x_wconf 86' lang='lat' dir='ltr'><strong>(Ceu.</strong></span> <span class='ocrx_word' id='word_1_798' title='bbox 3149 3628 3206 3675; x_wconf 89' lang='grc' dir='ltr'><strong>ιι,</strong></span> <span class='ocrx_word' id='word_1_799' title='bbox 3235 3612 3335 3676; x_wconf 68' lang='lat'><strong>‘24;</strong></span> <span class='ocrx_word' id='word_1_800' title='bbox 3364 3610 3551 3678; x_wconf 84' lang='lat' dir='ltr'><strong>Ephes.</strong></span> <span class='ocrx_word' id='word_1_801' title='bbox 3578 3628 3609 3663; x_wconf 90' lang='lat' dir='ltr'><strong>v</strong></span> <span class='ocrx_word' id='word_1_802' title='bbox 3633 3652 3649 3678; x_wconf 95' lang='lat'><strong>,</strong></span> 
     </span>
    </p>
   </div>
   <div class='ocr_carea' id='block_1_99' title="bbox 2078 3696 3655 3772">
    <p class='ocr_par' dir='ltr' id='par_1_99' title="bbox 2078 3696 3655 3772">
     <span class='ocr_line' id='line_1_100' title="bbox 2078 3696 3655 3772; baseline 0.005 -21"><span class='ocrx_word' id='word_1_803' title='bbox 2078 3698 2173 3761; x_wconf 79' lang='grc'><strong>51,</strong></span> <span class='ocrx_word' id='word_1_804' title='bbox 2220 3696 2330 3766; x_wconf 77' lang='lat'><strong>5‘2).</strong></span> <span class='ocrx_word' id='word_1_805' title='bbox 2365 3698 2666 3751; x_wconf 90' lang='lat' dir='ltr'><strong>Secundum</strong></span> <span class='ocrx_word' id='word_1_806' title='bbox 2709 3702 2809 3754; x_wconf 89' lang='lat' dir='ltr'><strong>hoc</strong></span> <span class='ocrx_word' id='word_1_807' title='bbox 2839 3718 2965 3769; x_wconf 82' lang='lat' dir='ltr'><strong>ergo</strong></span> <span class='ocrx_word' id='word_1_808' title='bbox 2990 3704 3128 3772; x_wconf 90' lang='lat' dir='ltr'><strong>quod</strong></span> <span class='ocrx_word' id='word_1_809' title='bbox 3162 3704 3211 3757; x_wconf 90' lang='lat' dir='ltr'><strong>in</strong></span> <span class='ocrx_word' id='word_1_810' title='bbox 3243 3705 3451 3758; x_wconf 90' lang='lat' dir='ltr'><strong>Christo</strong></span> <span class='ocrx_word' id='word_1_811' title='bbox 3474 3713 3527 3759; x_wconf 88' lang='lat' dir='ltr'><strong>et</strong></span> <span class='ocrx_word' id='word_1_812' title='bbox 3556 3704 3655 3759; x_wconf 85' lang='lat' dir='ltr'><strong>Ec-</strong></span> 
     </span>
    </p>
   </div>
   <div class='ocr_carea' id='block_1_100' title="bbox 2075 3785 3654 3854">
    <p class='ocr_par' dir='ltr' id='par_1_100' title="bbox 2075 3785 3654 3854">
     <span class='ocr_line' id='line_1_101' title="bbox 2075 3785 3654 3854; baseline 0.005 -14"><span class='ocrx_word' id='word_1_813' title='bbox 2075 3785 2234 3841; x_wconf 85' lang='lat' dir='ltr'><strong>clesia</strong></span> <span class='ocrx_word' id='word_1_814' title='bbox 2264 3786 2517 3853; x_wconf 81' lang='lat' dir='ltr'><strong>accipitur</strong></span> <span class='ocrx_word' id='word_1_815' title='bbox 2544 3787 2685 3854; x_wconf 88' lang='lat' dir='ltr'><strong>quod</strong></span> <span class='ocrx_word' id='word_1_816' title='bbox 2712 3787 2909 3840; x_wconf 89' lang='lat' dir='ltr'><strong>dictum</strong></span> <span class='ocrx_word' id='word_1_817' title='bbox 2938 3800 3037 3851; x_wconf 88' lang='lat' dir='ltr'><strong>est,</strong></span> <span class='ocrx_word' id='word_1_818' title='bbox 3071 3790 3236 3843; x_wconf 84' lang='lat' dir='ltr'><strong>Erunt</strong></span> <span class='ocrx_word' id='word_1_819' title='bbox 3277 3794 3376 3845; x_wconf 92' lang='lat' dir='ltr'><strong>duo</strong></span> <span class='ocrx_word' id='word_1_820' title='bbox 3413 3795 3465 3847; x_wconf 84' lang='lat' dir='ltr'><strong>in</strong></span> <span class='ocrx_word' id='word_1_821' title='bbox 3506 3811 3654 3849; x_wconf 83' lang='lat' dir='ltr'><strong>carne</strong></span> 
     </span>
    </p>
   </div>
   <div class='ocr_carea' id='block_1_101' title="bbox 2076 3878 3649 3956">
    <p class='ocr_par' dir='ltr' id='par_1_101' title="bbox 2076 3878 3649 3956">
     <span class='ocr_line' id='line_1_102' title="bbox 2076 3878 3649 3956; baseline 0.011 -32"><span class='ocrx_word' id='word_1_822' title='bbox 2076 3895 2178 3931; x_wconf 74' lang='lat' dir='ltr'><strong>una</strong></span> <span class='ocrx_word' id='word_1_823' title='bbox 2206 3892 2228 3933; x_wconf 90' lang='lat'><strong><em>:</em></strong></span> <span class='ocrx_word' id='word_1_824' title='bbox 2252 3893 2349 3930; x_wconf 82' lang='lat' dir='ltr'><strong>non</strong></span> <span class='ocrx_word' id='word_1_825' title='bbox 2365 3878 2479 3946; x_wconf 87' lang='lat' dir='ltr'><strong>jam</strong></span> <span class='ocrx_word' id='word_1_826' title='bbox 2505 3878 2624 3942; x_wconf 89' lang='lat' dir='ltr'><strong>duo,</strong></span> <span class='ocrx_word' id='word_1_827' title='bbox 2647 3878 2733 3930; x_wconf 89' lang='lat' dir='ltr'><strong>sed</strong></span> <span class='ocrx_word' id='word_1_828' title='bbox 2755 3895 2853 3930; x_wconf 87' lang='lat' dir='ltr'><strong>una</strong></span> <span class='ocrx_word' id='word_1_829' title='bbox 2880 3895 2998 3931; x_wconf 85' lang='lat' dir='ltr'><strong>curo</strong></span> <span class='ocrx_word' id='word_1_830' title='bbox 3024 3892 3099 3956; x_wconf 76' lang='lat' dir='ltr'><strong>est</strong></span> <span class='ocrx_word' id='word_1_831' title='bbox 3129 3881 3338 3949; x_wconf 79' lang='lat' dir='ltr'><strong>(Matth.</strong></span> <span class='ocrx_word' id='word_1_832' title='bbox 3366 3901 3475 3951; x_wconf 78' lang='lat' dir='ltr'><strong>xix,</strong></span> <span class='ocrx_word' id='word_1_833' title='bbox 3502 3886 3555 3951; x_wconf 81' lang='lat'><strong>5,</strong></span> <span class='ocrx_word' id='word_1_834' title='bbox 3574 3886 3649 3956; x_wconf 82' lang='grc'>6).</span> 
     </span>
    </p>
   </div>
   <div class='ocr_carea' id='block_1_102' title="bbox 2078 3952 3649 4043">
    <p class='ocr_par' dir='ltr' id='par_1_102' title="bbox 2078 3952 3649 4043">
     <span class='ocr_line' id='line_1_103' title="bbox 2078 3952 3649 4043; baseline 0.004 -20"><span class='ocrx_word' id='word_1_835' title='bbox 2078 3970 2143 4023; x_wconf 85' lang='lat' dir='ltr'><strong>Et</strong></span> <span class='ocrx_word' id='word_1_836' title='bbox 2167 3968 2429 4039; x_wconf 89' lang='lat' dir='ltr'><strong>quomodo</strong></span> <span class='ocrx_word' id='word_1_837' title='bbox 2457 3984 2681 4036; x_wconf 81' lang='lat' dir='ltr'><strong>sponsus</strong></span> <span class='ocrx_word' id='word_1_838' title='bbox 2707 3980 2760 4023; x_wconf 90' lang='lat' dir='ltr'><strong>et</strong></span> <span class='ocrx_word' id='word_1_839' title='bbox 2790 3985 3003 4039; x_wconf 86' lang='lat' dir='ltr'><strong>sponsa,</strong></span> <span class='ocrx_word' id='word_1_840' title='bbox 3036 3952 3114 4024; x_wconf 87' lang='lat' dir='ltr'><strong>sic</strong></span> <span class='ocrx_word' id='word_1_841' title='bbox 3142 3982 3296 4040; x_wconf 91' lang='lat' dir='ltr'><strong>caput</strong></span> <span class='ocrx_word' id='word_1_842' title='bbox 3336 3984 3388 4026; x_wconf 90' lang='lat' dir='ltr'><strong>et</strong></span> <span class='ocrx_word' id='word_1_843' title='bbox 3418 3952 3649 4043; x_wconf 78' lang='lat' dir='ltr'><strong>corpus:</strong></span> 
     </span>
    </p>
   </div>
   <div class='ocr_carea' id='block_1_103' title="bbox 2076 4061 3652 4132">
    <p class='ocr_par' dir='ltr' id='par_1_103' title="bbox 2076 4061 3652 4132">
     <span class='ocr_line' id='line_1_104' title="bbox 2076 4061 3652 4132; baseline 0.005 -19"><span class='ocrx_word' id='word_1_844' title='bbox 2076 4062 2199 4131; x_wconf 87' lang='lat' dir='ltr'><strong>quia</strong></span> <span class='ocrx_word' id='word_1_845' title='bbox 2251 4070 2407 4131; x_wconf 91' lang='lat' dir='ltr'><strong>caput</strong></span> <span class='ocrx_word' id='word_1_846' title='bbox 2444 4061 2680 4115; x_wconf 91' lang='lat' dir='ltr'><strong>mulieris</strong></span> <span class='ocrx_word' id='word_1_847' title='bbox 2728 4063 2825 4113; x_wconf 86' lang='lat' dir='ltr'><strong>vir.</strong></span> <span class='ocrx_word' id='word_1_848' title='bbox 2871 4061 2993 4116; x_wconf 88' lang='lat' dir='ltr'><strong>Sive</strong></span> <span class='ocrx_word' id='word_1_849' title='bbox 3031 4070 3154 4129; x_wconf 69' lang='lat' dir='ltr'><strong>ergo</strong></span> <span class='ocrx_word' id='word_1_850' title='bbox 3194 4063 3365 4116; x_wconf 88' lang='lat' dir='ltr'><strong>dicam</strong></span> <span class='ocrx_word' id='word_1_851' title='bbox 3400 4075 3557 4132; x_wconf 89' lang='lat' dir='ltr'><strong>caput</strong></span> <span class='ocrx_word' id='word_1_852' title='bbox 3599 4077 3652 4121; x_wconf 91' lang='lat' dir='ltr'><strong>et</strong></span> 
     </span>
    </p>
   </div>
   <div class='ocr_carea' id='block_1_104' title="bbox 2076 4153 3643 4226">
    <p class='ocr_par' dir='ltr' id='par_1_104' title="bbox 2076 4153 3643 4226">
     <span class='ocr_line' id='line_1_105' title="bbox 2076 4153 3643 4226; baseline 0.003 -17"><span class='ocrx_word' id='word_1_853' title='bbox 2076 4170 2271 4224; x_wconf 89' lang='lat' dir='ltr'><strong>corpus</strong></span> <span class='ocrx_word' id='word_1_854' title='bbox 2294 4196 2309 4221; x_wconf 93' lang='lat'><strong>,</strong></span> <span class='ocrx_word' id='word_1_855' title='bbox 2357 4155 2468 4208; x_wconf 85' lang='lat' dir='ltr'><strong>sive</strong></span> <span class='ocrx_word' id='word_1_856' title='bbox 2498 4153 2664 4207; x_wconf 88' lang='lat' dir='ltr'><strong>dicam</strong></span> <span class='ocrx_word' id='word_1_857' title='bbox 2702 4168 2929 4222; x_wconf 81' lang='lat' dir='ltr'><strong>sponsus</strong></span> <span class='ocrx_word' id='word_1_858' title='bbox 2958 4163 3010 4208; x_wconf 90' lang='lat' dir='ltr'><strong>et</strong></span> <span class='ocrx_word' id='word_1_859' title='bbox 3034 4170 3257 4226; x_wconf 75' lang='lat' dir='ltr'><strong>sponsa;</strong></span> <span class='ocrx_word' id='word_1_860' title='bbox 3302 4172 3463 4210; x_wconf 89' lang='lat' dir='ltr'><strong>unum</strong></span> <span class='ocrx_word' id='word_1_861' title='bbox 3494 4157 3643 4213; x_wconf 84' lang='lat' dir='ltr'><strong>intel-</strong></span> 
     </span>
    </p>
   </div>
   <div class='ocr_carea' id='block_1_105' title="bbox 2078 4246 3652 4319">
    <p class='ocr_par' dir='ltr' id='par_1_105' title="bbox 2078 4246 3652 4319">
     <span class='ocr_line' id='line_1_106' title="bbox 2078 4246 3652 4319; baseline 0.004 -20"><span class='ocrx_word' id='word_1_862' title='bbox 2078 4247 2240 4315; x_wconf 87' lang='lat' dir='ltr'><strong>ligitc.</strong></span> <span class='ocrx_word' id='word_1_863' title='bbox 2276 4246 2501 4319; x_wconf 91' lang='lat' dir='ltr'><strong>Ideoque</strong></span> <span class='ocrx_word' id='word_1_864' title='bbox 2524 4247 2661 4301; x_wconf 91' lang='lat' dir='ltr'><strong>idem</strong></span> <span class='ocrx_word' id='word_1_865' title='bbox 2691 4248 2980 4316; x_wconf 85' lang='lat' dir='ltr'><strong>apostolus,</strong></span> <span class='ocrx_word' id='word_1_866' title='bbox 3012 4264 3131 4302; x_wconf 91' lang='lat' dir='ltr'><strong>cum</strong></span> <span class='ocrx_word' id='word_1_867' title='bbox 3153 4258 3293 4303; x_wconf 86' lang='lat' dir='ltr'><strong>esset</strong></span> <span class='ocrx_word' id='word_1_868' title='bbox 3320 4249 3493 4305; x_wconf 88' lang='lat' dir='ltr'><strong>adhuc</strong></span> <span class='ocrx_word' id='word_1_869' title='bbox 3515 4250 3652 4306; x_wconf 87' lang='lat' dir='ltr'><strong>Sau-</strong></span> 
     </span>
    </p>
   </div>
   <div class='ocr_carea' id='block_1_106' title="bbox 2077 4338 3651 4412">
    <p class='ocr_par' dir='ltr' id='par_1_106' title="bbox 2077 4338 3651 4412">
     <span class='ocr_line' id='line_1_107' title="bbox 2077 4338 3651 4412; baseline 0.002 -19"><span class='ocrx_word' id='word_1_870' title='bbox 2077 4339 2179 4404; x_wconf 88' lang='lat' dir='ltr'><strong>lus,</strong></span> <span class='ocrx_word' id='word_1_871' title='bbox 2214 4339 2413 4392; x_wconf 89' lang='lat' dir='ltr'><strong>audivit</strong></span> <span class='ocrx_word' id='word_1_872' title='bbox 2446 4356 2457 4391; x_wconf 86' lang='lat'><strong>:</strong></span> <span class='ocrx_word' id='word_1_873' title='bbox 2490 4338 2665 4404; x_wconf 88' lang='lat' dir='ltr'><strong>Saule,</strong></span> <span class='ocrx_word' id='word_1_874' title='bbox 2703 4338 2880 4403; x_wconf 86' lang='lat' dir='ltr'><strong>Saule,</strong></span> <span class='ocrx_word' id='word_1_875' title='bbox 2919 4340 3039 4406; x_wconf 87' lang='lat' dir='ltr'><strong>quid</strong></span> <span class='ocrx_word' id='word_1_876' title='bbox 3078 4355 3156 4391; x_wconf 91' lang='lat' dir='ltr'><strong>me</strong></span> <span class='ocrx_word' id='word_1_877' title='bbox 3186 4343 3491 4411; x_wconf 81' lang='lat' dir='ltr'><strong>persequeris</strong></span> <span class='ocrx_word' id='word_1_878' title='bbox 3514 4343 3651 4412; x_wconf 80' lang='lat' dir='ltr'><strong>(Act.</strong></span> 
     </span>
    </p>
   </div>
   <div class='ocr_carea' id='block_1_107' title="bbox 2077 4432 3653 4502">
    <p class='ocr_par' dir='ltr' id='par_1_107' title="bbox 2077 4432 3653 4502">
     <span class='ocr_line' id='line_1_108' title="bbox 2077 4432 3653 4502; baseline 0.002 -17"><span class='ocrx_word' id='word_1_879' title='bbox 2077 4448 2161 4499; x_wconf 79' lang='lat' dir='ltr'><strong>Ix,</strong></span> <span class='ocrx_word' id='word_1_880' title='bbox 2204 4432 2292 4502; x_wconf 62' lang='lat'><strong>4)?</strong></span> <span class='ocrx_word' id='word_1_881' title='bbox 2344 4432 2592 4502; x_wconf 88' lang='lat' dir='ltr'><strong>quoniam</strong></span> <span class='ocrx_word' id='word_1_882' title='bbox 2636 4446 2827 4499; x_wconf 86' lang='lat' dir='ltr'><strong>corpus</strong></span> <span class='ocrx_word' id='word_1_883' title='bbox 2871 4432 3027 4497; x_wconf 85' lang='lat' dir='ltr'><strong>capiti</strong></span> <span class='ocrx_word' id='word_1_884' title='bbox 3064 4432 3386 4500; x_wconf 85' lang='lat' dir='ltr'><strong>adjungitur.</strong></span> <span class='ocrx_word' id='word_1_885' title='bbox 3425 4433 3492 4488; x_wconf 90' lang='lat' dir='ltr'><strong>Et</strong></span> <span class='ocrx_word' id='word_1_886' title='bbox 3535 4450 3653 4499; x_wconf 91' lang='lat' dir='ltr'><strong>cum</strong></span> 
     </span>
    </p>
   </div>
   <div class='ocr_carea' id='block_1_108' title="bbox 2070 4522 3651 4595">
    <p class='ocr_par' dir='ltr' id='par_1_108' title="bbox 2070 4522 3651 4595">
     <span class='ocr_line' id='line_1_109' title="bbox 2070 4522 3651 4595; baseline 0.004 -19"><span class='ocrx_word' id='word_1_887' title='bbox 2070 4524 2179 4593; x_wconf 85' lang='lat' dir='ltr'><strong>jam</strong></span> <span class='ocrx_word' id='word_1_888' title='bbox 2207 4522 2402 4579; x_wconf 88' lang='lat' dir='ltr'><strong>Christi</strong></span> <span class='ocrx_word' id='word_1_889' title='bbox 2432 4522 2747 4592; x_wconf 63' lang='lat' dir='ltr'><strong>praedicator</strong></span> <span class='ocrx_word' id='word_1_890' title='bbox 2778 4531 3044 4590; x_wconf 86' lang='lat' dir='ltr'><strong>pateretur</strong></span> <span class='ocrx_word' id='word_1_891' title='bbox 3073 4525 3139 4578; x_wconf 90' lang='lat' dir='ltr'><strong>ab</strong></span> <span class='ocrx_word' id='word_1_892' title='bbox 3165 4525 3301 4587; x_wconf 86' lang='lat' dir='ltr'><strong>aliis,</strong></span> <span class='ocrx_word' id='word_1_893' title='bbox 3325 4541 3441 4595; x_wconf 77' lang='lat' dir='ltr'><strong>quae</strong></span> <span class='ocrx_word' id='word_1_894' title='bbox 3476 4542 3651 4594; x_wconf 86' lang='lat' dir='ltr'><strong>persc-</strong></span> 
     </span>
    </p>
   </div>
   <div class='ocr_carea' id='block_1_109' title="bbox 2077 4611 3654 4685">
    <p class='ocr_par' dir='ltr' id='par_1_109' title="bbox 2077 4611 3654 4685">
     <span class='ocr_line' id='line_1_110' title="bbox 2077 4611 3654 4685; baseline 0.002 -18"><span class='ocrx_word' id='word_1_895' title='bbox 2077 4623 2229 4667; x_wconf 84' lang='lat' dir='ltr'><strong>cutor</strong></span> <span class='ocrx_word' id='word_1_896' title='bbox 2274 4613 2384 4682; x_wconf 88' lang='lat' dir='ltr'><strong>ipse</strong></span> <span class='ocrx_word' id='word_1_897' title='bbox 2425 4612 2642 4677; x_wconf 82' lang='lat' dir='ltr'><strong>fecerat,</strong></span> <span class='ocrx_word' id='word_1_898' title='bbox 2680 4611 2748 4667; x_wconf 91' lang='lat' dir='ltr'><strong>Ut</strong></span> <span class='ocrx_word' id='word_1_899' title='bbox 2792 4613 3074 4685; x_wconf 85' lang='lat' dir='ltr'><strong>suppleam,</strong></span> <span class='ocrx_word' id='word_1_900' title='bbox 3117 4614 3306 4684; x_wconf 89' lang='lat' dir='ltr'><strong>inquit,</strong></span> <span class='ocrx_word' id='word_1_901' title='bbox 3343 4632 3453 4682; x_wconf 76' lang='lat' dir='ltr'><strong>qua:</strong></span> <span class='ocrx_word' id='word_1_902' title='bbox 3476 4616 3654 4671; x_wconf 83' lang='lat' dir='ltr'><strong>desunt</strong></span> 
     </span>
    </p>
   </div>
   <div class='ocr_carea' id='block_1_110' title="bbox 2079 4702 3652 4773">
    <p class='ocr_par' dir='ltr' id='par_1_110' title="bbox 2079 4702 3652 4773">
     <span class='ocr_line' id='line_1_111' title="bbox 2079 4702 3652 4773; baseline 0.001 -18"><span class='ocrx_word' id='word_1_903' title='bbox 2079 4720 2423 4773; x_wconf 84' lang='lat' dir='ltr'><strong>pressurarum</strong></span> <span class='ocrx_word' id='word_1_904' title='bbox 2463 4702 2645 4756; x_wconf 87' lang='lat' dir='ltr'><strong>Christi</strong></span> <span class='ocrx_word' id='word_1_905' title='bbox 2672 4704 2723 4755; x_wconf 87' lang='lat' dir='ltr'><strong>in</strong></span> <span class='ocrx_word' id='word_1_906' title='bbox 2750 4719 2899 4756; x_wconf 82' lang='lat' dir='ltr'><strong>carne</strong></span> <span class='ocrx_word' id='word_1_907' title='bbox 2923 4720 3031 4756; x_wconf 89' lang='lat' dir='ltr'><strong>mea</strong></span> <span class='ocrx_word' id='word_1_908' title='bbox 3060 4703 3277 4773; x_wconf 87' lang='lat' dir='ltr'><strong>(Coloss.</strong></span> <span class='ocrx_word' id='word_1_909' title='bbox 3332 4721 3369 4766; x_wconf 83' lang='grc' dir='ltr'><strong>ι,</strong></span> <span class='ocrx_word' id='word_1_910' title='bbox 3418 4703 3508 4771; x_wconf 69' lang='lat' dir='ltr'><strong>2i)</strong></span> <span class='ocrx_word' id='word_1_911' title='bbox 3543 4720 3556 4756; x_wconf 90' lang='lat'><strong>:</strong></span> <span class='ocrx_word' id='word_1_912' title='bbox 3590 4704 3652 4757; x_wconf 86' lang='lat' dir='ltr'><strong>ad</strong></span> 
     </span>
    </p>
   </div>
   <div class='ocr_carea' id='block_1_111' title="bbox 2078 4793 3650 4864">
    <p class='ocr_par' dir='ltr' id='par_1_111' title="bbox 2078 4793 3650 4864">
     <span class='ocr_line' id='line_1_112' title="bbox 2078 4793 3650 4864; baseline 0 -17"><span class='ocrx_word' id='word_1_913' title='bbox 2078 4809 2351 4863; x_wconf 85' lang='lat' dir='ltr'><strong>pressuras</strong></span> <span class='ocrx_word' id='word_1_914' title='bbox 2380 4794 2572 4848; x_wconf 85' lang='lat' dir='ltr'><strong>Christi</strong></span> <span class='ocrx_word' id='word_1_915' title='bbox 2604 4793 2891 4848; x_wconf 89' lang='lat' dir='ltr'><strong>ostendens</strong></span> <span class='ocrx_word' id='word_1_916' title='bbox 2939 4796 3206 4864; x_wconf 89' lang='lat' dir='ltr'><strong>pertinere</strong></span> <span class='ocrx_word' id='word_1_917' title='bbox 3244 4794 3383 4863; x_wconf 88' lang='lat' dir='ltr'><strong>quod</strong></span> <span class='ocrx_word' id='word_1_918' title='bbox 3419 4795 3650 4863; x_wconf 47' lang='lat' dir='ltr'><strong>patieba.</strong></span> 
     </span>
    </p>
   </div>
   <div class='ocr_carea' id='block_1_112' title="bbox 2080 4884 3655 4954">
    <p class='ocr_par' dir='ltr' id='par_1_112' title="bbox 2080 4884 3655 4954">
     <span class='ocr_line' id='line_1_113' title="bbox 2080 4884 3655 4954; baseline 0.001 -17"><span class='ocrx_word' id='word_1_919' title='bbox 2080 4894 2181 4937; x_wconf 92' lang='lat' dir='ltr'><strong>tur.</strong></span> <span class='ocrx_word' id='word_1_920' title='bbox 2211 4884 2360 4951; x_wconf 84' lang='lat' dir='ltr'><strong>Quod</strong></span> <span class='ocrx_word' id='word_1_921' title='bbox 2386 4899 2489 4937; x_wconf 91' lang='lat' dir='ltr'><strong>non</strong></span> <span class='ocrx_word' id='word_1_922' title='bbox 2518 4892 2689 4951; x_wconf 83' lang='lat' dir='ltr'><strong>potest</strong></span> <span class='ocrx_word' id='word_1_923' title='bbox 2714 4884 2930 4953; x_wconf 87' lang='lat' dir='ltr'><strong>intelligi</strong></span> <span class='ocrx_word' id='word_1_924' title='bbox 2964 4885 3252 4939; x_wconf 89' lang='lat' dir='ltr'><strong>secundum</strong></span> <span class='ocrx_word' id='word_1_925' title='bbox 3283 4894 3460 4954; x_wconf 83' lang='lat' dir='ltr'><strong>caput,</strong></span> <span class='ocrx_word' id='word_1_926' title='bbox 3514 4886 3655 4954; x_wconf 90' lang='lat' dir='ltr'><strong>quod</strong></span> 
     </span>
    </p>
   </div>
   <div class='ocr_carea' id='block_1_113' title="bbox 2073 4973 3651 5043">
    <p class='ocr_par' dir='ltr' id='par_1_113' title="bbox 2073 4973 3651 5043">
     <span class='ocr_line' id='line_1_114' title="bbox 2073 4973 3651 5043; baseline 0 -15"><span class='ocrx_word' id='word_1_927' title='bbox 2073 4975 2181 5042; x_wconf 87' lang='lat' dir='ltr'><strong>jam</strong></span> <span class='ocrx_word' id='word_1_928' title='bbox 2212 4976 2262 5028; x_wconf 91' lang='lat' dir='ltr'><strong>in</strong></span> <span class='ocrx_word' id='word_1_929' title='bbox 2290 4975 2425 5027; x_wconf 70' lang='lat' dir='ltr'><strong>cado</strong></span> <span class='ocrx_word' id='word_1_930' title='bbox 2452 4974 2582 5027; x_wconf 91' lang='lat' dir='ltr'><strong>nihil</strong></span> <span class='ocrx_word' id='word_1_931' title='bbox 2614 4974 2717 5029; x_wconf 91' lang='lat' dir='ltr'><strong>tale</strong></span> <span class='ocrx_word' id='word_1_932' title='bbox 2748 4975 3081 5043; x_wconf 85' lang='lat' dir='ltr'><strong>patitur;sed</strong></span> <span class='ocrx_word' id='word_1_933' title='bbox 3108 4973 3397 5027; x_wconf 90' lang='lat' dir='ltr'><strong>secundum</strong></span> <span class='ocrx_word' id='word_1_934' title='bbox 3435 4989 3651 5043; x_wconf 87' lang='lat' dir='ltr'><strong>corpus,</strong></span> 
     </span>
    </p>
   </div>
   <div class='ocr_carea' id='block_1_114' title="bbox 2078 5063 3652 5135">
    <p class='ocr_par' dir='ltr' id='par_1_114' title="bbox 2078 5063 3652 5135">
     <span class='ocr_line' id='line_1_115' title="bbox 2078 5063 3652 5135; baseline 0.001 -19"><span class='ocrx_word' id='word_1_935' title='bbox 2078 5063 2127 5116; x_wconf 92' lang='lat' dir='ltr'><strong>id</strong></span> <span class='ocrx_word' id='word_1_936' title='bbox 2158 5074 2257 5128; x_wconf 87' lang='lat' dir='ltr'><strong>est,</strong></span> <span class='ocrx_word' id='word_1_937' title='bbox 2291 5065 2613 5125; x_wconf 88' lang='lat' dir='ltr'><strong>Ecclesiam:</strong></span> <span class='ocrx_word' id='word_1_938' title='bbox 2644 5066 2784 5134; x_wconf 90' lang='lat' dir='ltr'><strong>quod</strong></span> <span class='ocrx_word' id='word_1_939' title='bbox 2804 5080 2996 5135; x_wconf 90' lang='lat' dir='ltr'><strong>corpus</strong></span> <span class='ocrx_word' id='word_1_940' title='bbox 3020 5079 3138 5118; x_wconf 91' lang='lat' dir='ltr'><strong>cum</strong></span> <span class='ocrx_word' id='word_1_941' title='bbox 3166 5078 3263 5117; x_wconf 91' lang='lat' dir='ltr'><strong>suo</strong></span> <span class='ocrx_word' id='word_1_942' title='bbox 3284 5064 3479 5135; x_wconf 89' lang='lat' dir='ltr'><strong>capite,</strong></span> <span class='ocrx_word' id='word_1_943' title='bbox 3512 5080 3652 5121; x_wconf 86' lang='lat' dir='ltr'><strong>unus</strong></span> 
     </span>
    </p>
   </div>
   <div class='ocr_carea' id='block_1_115' title="bbox 2078 5154 2450 5209">
    <p class='ocr_par' dir='ltr' id='par_1_115' title="bbox 2078 5154 2450 5209">
     <span class='ocr_line' id='line_1_116' title="bbox 2078 5154 2450 5209; baseline -0.005 0"><span class='ocrx_word' id='word_1_944' title='bbox 2078 5154 2319 5209; x_wconf 85' lang='lat' dir='ltr'><strong>Christus</strong></span> <span class='ocrx_word' id='word_1_945' title='bbox 2350 5164 2450 5209; x_wconf 89' lang='lat' dir='ltr'><strong>est.</strong></span> 
     </span>
    </p>
   </div>
   <div class='ocr_carea' id='block_1_116' title="bbox 2148 5245 3651 5320">
    <p class='ocr_par' dir='ltr' id='par_1_116' title="bbox 2148 5245 3651 5320">
     <span class='ocr_line' id='line_1_117' title="bbox 2148 5245 3651 5320; baseline -0.003 -18"><span class='ocrx_word' id='word_1_946' title='bbox 2148 5247 2371 5303; x_wconf 83' lang='lat' dir='ltr'><strong>CAPUT</strong></span> <span class='ocrx_word' id='word_1_947' title='bbox 2404 5245 2495 5300; x_wconf 79' lang='lat' dir='ltr'><strong>XI.</strong></span> <span class='ocrx_word' id='word_1_948' title='bbox 2534 5277 2607 5287; x_wconf 93' lang='lat'><strong><em>—</em></strong></span> <span class='ocrx_word' id='word_1_949' title='bbox 2648 5248 2735 5302; x_wconf 74' lang='lat' dir='ltr'><strong>i5.</strong></span> <span class='ocrx_word' id='word_1_950' title='bbox 2774 5246 2976 5318; x_wconf 84' lang='lat' dir='ltr'><strong>Sponsa</strong></span> <span class='ocrx_word' id='word_1_951' title='bbox 3012 5246 3201 5301; x_wconf 81' lang='lat' dir='ltr'><strong>Christi</strong></span> <span class='ocrx_word' id='word_1_952' title='bbox 3233 5258 3353 5320; x_wconf 86' lang='lat' dir='ltr'><strong>agat</strong></span> <span class='ocrx_word' id='word_1_953' title='bbox 3377 5257 3430 5301; x_wconf 88' lang='lat' dir='ltr'><strong>ut</strong></span> <span class='ocrx_word' id='word_1_954' title='bbox 3456 5249 3519 5300; x_wconf 87' lang='lat' dir='ltr'><strong>sit</strong></span> <span class='ocrx_word' id='word_1_955' title='bbox 3545 5248 3651 5298; x_wconf 86' lang='lat' dir='ltr'><strong>sine</strong></span> 
     </span>
    </p>
   </div>
   <div class='ocr_carea' id='block_1_117' title="bbox 2075 5336 3653 5411">
    <p class='ocr_par' dir='ltr' id='par_1_117' title="bbox 2075 5336 3653 5411">
     <span class='ocr_line' id='line_1_118' title="bbox 2075 5336 3653 5411; baseline -0.001 -19"><span class='ocrx_word' id='word_1_956' title='bbox 2075 5339 2274 5411; x_wconf 85' lang='lat' dir='ltr'><strong>macula</strong></span> <span class='ocrx_word' id='word_1_957' title='bbox 2302 5347 2349 5392; x_wconf 90' lang='lat' dir='ltr'><strong>et</strong></span> <span class='ocrx_word' id='word_1_958' title='bbox 2374 5354 2517 5408; x_wconf 88' lang='lat' dir='ltr'><strong>ruga.</strong></span> <span class='ocrx_word' id='word_1_959' title='bbox 2538 5336 2795 5391; x_wconf 83' lang='lat' dir='ltr'><strong>Exhibete</strong></span> <span class='ocrx_word' id='word_1_960' title='bbox 2820 5350 2945 5407; x_wconf 76' lang='lat' dir='ltr'><strong>ergo</strong></span> <span class='ocrx_word' id='word_1_961' title='bbox 2967 5353 3065 5393; x_wconf 87' lang='lat' dir='ltr'><strong>vos</strong></span> <span class='ocrx_word' id='word_1_962' title='bbox 3095 5339 3310 5411; x_wconf 87' lang='lat' dir='ltr'><strong>dignum</strong></span> <span class='ocrx_word' id='word_1_963' title='bbox 3339 5351 3529 5405; x_wconf 89' lang='lat' dir='ltr'><strong>corpus</strong></span> <span class='ocrx_word' id='word_1_964' title='bbox 3562 5337 3653 5391; x_wconf 87' lang='lat' dir='ltr'><strong>tali</strong></span> 
     </span>
    </p>
   </div>
   <div class='ocr_carea' id='block_1_118' title="bbox 2077 5408 3651 5498">
    <p class='ocr_par' dir='ltr' id='par_1_118' title="bbox 2077 5408 3651 5498">
     <span class='ocr_line' id='line_1_119' title="bbox 2077 5408 3651 5498; baseline -0.001 -16"><span class='ocrx_word' id='word_1_965' title='bbox 2077 5408 2269 5497; x_wconf 72' lang='lat' dir='ltr'><strong>capite,</strong></span> <span class='ocrx_word' id='word_1_966' title='bbox 2296 5426 2507 5497; x_wconf 85' lang='lat' dir='ltr'><strong>dignam</strong></span> <span class='ocrx_word' id='word_1_967' title='bbox 2538 5442 2786 5496; x_wconf 80' lang='lat' dir='ltr'><strong>Sponsam</strong></span> <span class='ocrx_word' id='word_1_968' title='bbox 2816 5428 2905 5483; x_wconf 91' lang='lat' dir='ltr'><strong>tali</strong></span> <span class='ocrx_word' id='word_1_969' title='bbox 2930 5408 3290 5498; x_wconf 26' lang='lat' dir='ltr'><strong>sponsoINon</strong></span> <span class='ocrx_word' id='word_1_970' title='bbox 3337 5435 3512 5497; x_wconf 88' lang='lat' dir='ltr'><strong>potest</strong></span> <span class='ocrx_word' id='word_1_971' title='bbox 3553 5427 3651 5482; x_wconf 58' lang='lat' dir='ltr'><strong>ha-</strong></span> 
     </span>
    </p>
   </div>
   <div class='ocr_carea' id='block_1_119' title="bbox 2079 5516 3652 5591">
    <p class='ocr_par' dir='ltr' id='par_1_119' title="bbox 2079 5516 3652 5591">
     <span class='ocr_line' id='line_1_120' title="bbox 2079 5516 3652 5591; baseline 0 -18"><span class='ocrx_word' id='word_1_972' title='bbox 2079 5520 2206 5573; x_wconf 87' lang='lat' dir='ltr'><strong>here</strong></span> <span class='ocrx_word' id='word_1_973' title='bbox 2234 5529 2392 5587; x_wconf 91' lang='lat' dir='ltr'><strong>caput</strong></span> <span class='ocrx_word' id='word_1_974' title='bbox 2419 5516 2566 5582; x_wconf 89' lang='lat' dir='ltr'><strong>illud,</strong></span> <span class='ocrx_word' id='word_1_975' title='bbox 2596 5517 2697 5571; x_wconf 91' lang='lat' dir='ltr'><strong>nisi</strong></span> <span class='ocrx_word' id='word_1_976' title='bbox 2726 5518 3045 5591; x_wconf 86' lang='lat' dir='ltr'><strong>condignum</strong></span> <span class='ocrx_word' id='word_1_977' title='bbox 3075 5534 3297 5589; x_wconf 88' lang='lat' dir='ltr'><strong>corpus;</strong></span> <span class='ocrx_word' id='word_1_978' title='bbox 3329 5533 3429 5573; x_wconf 90' lang='lat' dir='ltr'><strong>nec</strong></span> <span class='ocrx_word' id='word_1_979' title='bbox 3460 5518 3548 5574; x_wconf 88' lang='lat' dir='ltr'><strong>ille</strong></span> <span class='ocrx_word' id='word_1_980' title='bbox 3572 5518 3652 5573; x_wconf 87' lang='lat' dir='ltr'><strong>vir</strong></span> 
     </span>
    </p>
   </div>
   <div class='ocr_carea' id='block_1_120' title="bbox 2078 5608 3652 5679">
    <p class='ocr_par' dir='ltr' id='par_1_120' title="bbox 2078 5608 3652 5679">
     <span class='ocr_line' id='line_1_121' title="bbox 2078 5608 3652 5679; baseline 0.002 -16"><span class='ocrx_word' id='word_1_981' title='bbox 2078 5620 2273 5675; x_wconf 87' lang='lat' dir='ltr'><strong>tantus,</strong></span> <span class='ocrx_word' id='word_1_982' title='bbox 2304 5608 2405 5663; x_wconf 88' lang='lat' dir='ltr'><strong>nisi</strong></span> <span class='ocrx_word' id='word_1_983' title='bbox 2425 5608 2737 5679; x_wconf 82' lang='lat' dir='ltr'><strong>condignam</strong></span> <span class='ocrx_word' id='word_1_984' title='bbox 2755 5610 2901 5666; x_wconf 88' lang='lat' dir='ltr'><strong>ducit</strong></span> <span class='ocrx_word' id='word_1_985' title='bbox 2920 5626 3156 5667; x_wconf 78' lang='lat' dir='ltr'><strong>uxorem.</strong></span> <span class='ocrx_word' id='word_1_986' title='bbox 3183 5608 3251 5665; x_wconf 86' lang='lat' dir='ltr'><strong>Ut</strong></span> <span class='ocrx_word' id='word_1_987' title='bbox 3270 5609 3652 5666; x_wconf 69' lang='lat' dir='ltr'><strong>ahibactsibi.</strong></span> 
     </span>
    </p>
   </div>
   <div class='ocr_carea' id='block_1_121' title="bbox 2079 5691 3652 5773">
    <p class='ocr_par' dir='ltr' id='par_1_121' title="bbox 2079 5691 3652 5773">
     <span class='ocr_line' id='line_1_122' title="bbox 2079 5691 3652 5773; baseline -0.006 -19"><span class='ocrx_word' id='word_1_988' title='bbox 2079 5699 2264 5769; x_wconf 88' lang='lat' dir='ltr'><strong>inquit,</strong></span> <span class='ocrx_word' id='word_1_989' title='bbox 2297 5699 2565 5770; x_wconf 82' lang='lat' dir='ltr'><strong>gloriosam</strong></span> <span class='ocrx_word' id='word_1_990' title='bbox 2596 5699 2877 5759; x_wconf 73' lang='lat' dir='ltr'><strong>Ecclesium</strong></span> <span class='ocrx_word' id='word_1_991' title='bbox 2896 5743 2912 5773; x_wconf 94' lang='lat'><strong>,</strong></span> <span class='ocrx_word' id='word_1_992' title='bbox 2953 5718 3054 5757; x_wconf 80' lang='lat' dir='ltr'><strong>non</strong></span> <span class='ocrx_word' id='word_1_993' title='bbox 3099 5697 3357 5754; x_wconf 63' lang='lat' dir='ltr'><strong>habentem</strong></span> <span class='ocrx_word' id='word_1_994' title='bbox 3390 5691 3652 5747; x_wconf 84' lang='lat' dir='ltr'><strong>maculam</strong></span> 
     </span>
    </p>
   </div>
  </div>
