  <div class='ocr_page' id='page_1' title='image "/cluster/home/n/w/nwhite01/storage/ocr_20150623/39/hvd.32044096580618/015.png"; bbox 0 0 3996 6192; ppageno 0'>
   <div class='ocr_carea' id='block_1_1' title="bbox 403 250 540 307">
    <p class='ocr_par' dir='ltr' id='par_1_1' title="bbox 403 250 540 307">
     <span class='ocr_line' id='line_1_1' title="bbox 403 250 540 307; baseline -0.022 0"><span class='ocrx_word' id='word_1_1' title='bbox 403 250 540 307; x_wconf 76' lang='grc'><strong>1505</strong></span> 
     </span>
    </p>
   </div>
   <div class='ocr_carea' id='block_1_2' title="bbox 400 376 1983 451">
    <p class='ocr_par' dir='ltr' id='par_1_2' title="bbox 400 376 1983 451">
     <span class='ocr_line' id='line_1_2' title="bbox 400 376 1983 451; baseline 0.005 -21"><span class='ocrx_word' id='word_1_2' title='bbox 400 377 568 431; x_wconf 79' lang='lat' dir='ltr'><strong>laetus</strong></span> <span class='ocrx_word' id='word_1_3' title='bbox 613 378 730 432; x_wconf 68' lang='lat' dir='ltr'><strong>est?</strong></span> <span class='ocrx_word' id='word_1_4' title='bbox 774 376 839 433; x_wconf 84' lang='lat' dir='ltr'><strong>In</strong></span> <span class='ocrx_word' id='word_1_5' title='bbox 883 380 1127 449; x_wconf 67' lang='lat' dir='ltr'><strong>principio</strong></span> <span class='ocrx_word' id='word_1_6' title='bbox 1157 381 1275 451; x_wconf 79' lang='lat' dir='ltr'><strong>fecit</strong></span> <span class='ocrx_word' id='word_1_7' title='bbox 1304 380 1443 436; x_wconf 80' lang='lat' dir='ltr'><strong>Deus</strong></span> <span class='ocrx_word' id='word_1_8' title='bbox 1487 383 1663 435; x_wconf 69' lang='lat' dir='ltr'><strong>caelum</strong></span> <span class='ocrx_word' id='word_1_9' title='bbox 1710 393 1755 436; x_wconf 89' lang='lat' dir='ltr'><strong>et</strong></span> <span class='ocrx_word' id='word_1_10' title='bbox 1798 393 1983 438; x_wconf 85' lang='lat' dir='ltr'><strong>terram</strong></span> 
     </span>
    </p>
   </div>
   <div class='ocr_carea' id='block_1_3' title="bbox 400 466 1983 542">
    <p class='ocr_par' dir='ltr' id='par_1_3' title="bbox 400 466 1983 542">
     <span class='ocr_line' id='line_1_3' title="bbox 400 466 1983 542; baseline 0.004 -20"><span class='ocrx_word' id='word_1_11' title='bbox 400 466 552 537; x_wconf 81' lang='lat' dir='ltr'><strong>(Gen.</strong></span> <span class='ocrx_word' id='word_1_12' title='bbox 588 485 624 529; x_wconf 87' lang='lat' dir='ltr'><strong>i.</strong></span> <span class='ocrx_word' id='word_1_13' title='bbox 659 471 734 539; x_wconf 82' lang='lat' dir='ltr'><strong>l),</strong></span> <span class='ocrx_word' id='word_1_14' title='bbox 777 472 898 541; x_wconf 86' lang='lat' dir='ltr'><strong>quia</strong></span> <span class='ocrx_word' id='word_1_15' title='bbox 926 472 1100 524; x_wconf 82' lang='lat' dir='ltr'><strong>omnia</strong></span> <span class='ocrx_word' id='word_1_16' title='bbox 1129 488 1221 540; x_wconf 87' lang='lat' dir='ltr'><strong>per</strong></span> <span class='ocrx_word' id='word_1_17' title='bbox 1264 473 1434 541; x_wconf 86' lang='lat' dir='ltr'><strong>ipsum</strong></span> <span class='ocrx_word' id='word_1_18' title='bbox 1483 472 1616 526; x_wconf 80' lang='lat' dir='ltr'><strong>facta</strong></span> <span class='ocrx_word' id='word_1_19' title='bbox 1662 483 1805 528; x_wconf 90' lang='lat' dir='ltr'><strong>sunt.</strong></span> <span class='ocrx_word' id='word_1_20' title='bbox 1853 475 1983 542; x_wconf 85' lang='lat' dir='ltr'><strong>Quis</strong></span> 
     </span>
    </p>
   </div>
   <div class='ocr_carea' id='block_1_4' title="bbox 397 559 1978 633">
    <p class='ocr_par' dir='ltr' id='par_1_4' title="bbox 397 559 1978 633">
     <span class='ocr_line' id='line_1_4' title="bbox 397 559 1978 633; baseline 0.005 -22"><span class='ocrx_word' id='word_1_21' title='bbox 397 559 627 614; x_wconf 89' lang='lat' dir='ltr'><strong>mundus</strong></span> <span class='ocrx_word' id='word_1_22' title='bbox 670 576 793 615; x_wconf 92' lang='lat' dir='ltr'><strong>eum</strong></span> <span class='ocrx_word' id='word_1_23' title='bbox 842 576 946 615; x_wconf 91' lang='lat' dir='ltr'><strong>non</strong></span> <span class='ocrx_word' id='word_1_24' title='bbox 985 562 1293 633; x_wconf 80' lang='lat' dir='ltr'><strong>cognovit?</strong></span> <span class='ocrx_word' id='word_1_25' title='bbox 1359 562 1583 618; x_wconf 87' lang='lat' dir='ltr'><strong>Mundus</strong></span> <span class='ocrx_word' id='word_1_26' title='bbox 1630 574 1684 618; x_wconf 87' lang='lat' dir='ltr'><strong>et</strong></span> <span class='ocrx_word' id='word_1_27' title='bbox 1731 566 1978 631; x_wconf 89' lang='lat' dir='ltr'><strong>mundus,</strong></span> 
     </span>
    </p>
   </div>
   <div class='ocr_carea' id='block_1_5' title="bbox 399 649 1980 721">
    <p class='ocr_par' dir='ltr' id='par_1_5' title="bbox 399 649 1980 721">
     <span class='ocr_line' id='line_1_5' title="bbox 399 649 1980 721; baseline 0.006 -20"><span class='ocrx_word' id='word_1_28' title='bbox 399 649 537 703; x_wconf 83' lang='lat' dir='ltr'><strong>sicut</strong></span> <span class='ocrx_word' id='word_1_29' title='bbox 561 649 751 706; x_wconf 88' lang='lat' dir='ltr'><strong>domus</strong></span> <span class='ocrx_word' id='word_1_30' title='bbox 789 661 842 706; x_wconf 89' lang='lat' dir='ltr'><strong>et</strong></span> <span class='ocrx_word' id='word_1_31' title='bbox 867 651 1093 712; x_wconf 85' lang='lat' dir='ltr'><strong>domus;</strong></span> <span class='ocrx_word' id='word_1_32' title='bbox 1140 651 1330 706; x_wconf 88' lang='lat' dir='ltr'><strong>domus</strong></span> <span class='ocrx_word' id='word_1_33' title='bbox 1358 654 1409 706; x_wconf 91' lang='lat' dir='ltr'><strong>in</strong></span> <span class='ocrx_word' id='word_1_34' title='bbox 1438 653 1635 709; x_wconf 80' lang='lat' dir='ltr'><strong>fabrica</strong></span> <span class='ocrx_word' id='word_1_35' title='bbox 1659 697 1674 721; x_wconf 91' lang='lat'><strong>,</strong></span> <span class='ocrx_word' id='word_1_36' title='bbox 1711 655 1901 710; x_wconf 83' lang='lat' dir='ltr'><strong>domus</strong></span> <span class='ocrx_word' id='word_1_37' title='bbox 1928 657 1980 711; x_wconf 89' lang='lat' dir='ltr'><strong>in</strong></span> 
     </span>
    </p>
   </div>
   <div class='ocr_carea' id='block_1_6' title="bbox 397 736 1978 814">
    <p class='ocr_par' dir='ltr' id='par_1_6' title="bbox 397 736 1978 814">
     <span class='ocr_line' id='line_1_6' title="bbox 397 736 1978 814; baseline 0.008 -25"><span class='ocrx_word' id='word_1_38' title='bbox 397 736 802 795; x_wconf 87' lang='lat' dir='ltr'><strong>habitatoribus.</strong></span> <span class='ocrx_word' id='word_1_39' title='bbox 865 742 921 795; x_wconf 87' lang='lat' dir='ltr'><strong>In</strong></span> <span class='ocrx_word' id='word_1_40' title='bbox 971 740 1166 795; x_wconf 82' lang='lat' dir='ltr'><strong>fabrica</strong></span> <span class='ocrx_word' id='word_1_41' title='bbox 1225 742 1446 809; x_wconf 87' lang='lat' dir='ltr'><strong>domus;</strong></span> <span class='ocrx_word' id='word_1_42' title='bbox 1495 744 1978 814; x_wconf 87' lang='lat' dir='ltr'><strong>quemadmodum,</strong></span> 
     </span>
    </p>
   </div>
   <div class='ocr_carea' id='block_1_7' title="bbox 395 826 1978 900">
    <p class='ocr_par' dir='ltr' id='par_1_7' title="bbox 395 826 1978 900">
     <span class='ocr_line' id='line_1_7' title="bbox 395 826 1978 900; baseline 0.005 -18"><span class='ocrx_word' id='word_1_43' title='bbox 395 826 636 899; x_wconf 78' lang='lat' dir='ltr'><strong>Magnam</strong></span> <span class='ocrx_word' id='word_1_44' title='bbox 678 830 892 884; x_wconf 91' lang='lat' dir='ltr'><strong>domum</strong></span> <span class='ocrx_word' id='word_1_45' title='bbox 940 830 1096 898; x_wconf 80' lang='lat' dir='ltr'><strong>fecit,</strong></span> <span class='ocrx_word' id='word_1_46' title='bbox 1146 832 1555 900; x_wconf 83' lang='lat' dir='ltr'><strong>pulcherrimam</strong></span> <span class='ocrx_word' id='word_1_47' title='bbox 1589 835 1804 891; x_wconf 92' lang='lat' dir='ltr'><strong>domum</strong></span> <span class='ocrx_word' id='word_1_48' title='bbox 1846 852 1978 892; x_wconf 86' lang='lat' dir='ltr'><strong>con-</strong></span> 
     </span>
    </p>
   </div>
   <div class='ocr_carea' id='block_1_8' title="bbox 394 922 1977 996">
    <p class='ocr_par' dir='ltr' id='par_1_8' title="bbox 394 922 1977 996">
     <span class='ocr_line' id='line_1_8' title="bbox 394 922 1977 996; baseline 0.006 -23"><span class='ocrx_word' id='word_1_49' title='bbox 394 922 605 975; x_wconf 82' lang='lat' dir='ltr'><strong>struxit.</strong></span> <span class='ocrx_word' id='word_1_50' title='bbox 659 923 855 977; x_wconf 87' lang='lat' dir='ltr'><strong>Domus</strong></span> <span class='ocrx_word' id='word_1_51' title='bbox 907 924 957 977; x_wconf 91' lang='lat' dir='ltr'><strong>in</strong></span> <span class='ocrx_word' id='word_1_52' title='bbox 1004 925 1425 992; x_wconf 83' lang='lat' dir='ltr'><strong>habitatoribus;</strong></span> <span class='ocrx_word' id='word_1_53' title='bbox 1478 927 1777 996; x_wconf 82' lang='lat' dir='ltr'><strong>quomodo,</strong></span> <span class='ocrx_word' id='word_1_54' title='bbox 1832 928 1977 983; x_wconf 87' lang='lat' dir='ltr'><strong>Bona</strong></span> 
     </span>
    </p>
   </div>
   <div class='ocr_carea' id='block_1_9' title="bbox 392 1008 1976 1088">
    <p class='ocr_par' dir='ltr' id='par_1_9' title="bbox 392 1008 1976 1088">
     <span class='ocr_line' id='line_1_9' title="bbox 392 1008 1976 1088; baseline 0.006 -25"><span class='ocrx_word' id='word_1_55' title='bbox 392 1008 584 1063; x_wconf 84' lang='lat' dir='ltr'><strong>domus</strong></span> <span class='ocrx_word' id='word_1_56' title='bbox 606 1054 620 1077; x_wconf 90' lang='lat'><strong>,</strong></span> <span class='ocrx_word' id='word_1_57' title='bbox 650 1011 930 1067; x_wconf 86' lang='lat' dir='ltr'><strong>beiiedicat</strong></span> <span class='ocrx_word' id='word_1_58' title='bbox 958 1030 1073 1069; x_wconf 90' lang='lat' dir='ltr'><strong>eam</strong></span> <span class='ocrx_word' id='word_1_59' title='bbox 1105 1016 1394 1080; x_wconf 87' lang='lat' dir='ltr'><strong>Dominus;</strong></span> <span class='ocrx_word' id='word_1_60' title='bbox 1428 1018 1562 1071; x_wconf 88' lang='lat' dir='ltr'><strong>mala</strong></span> <span class='ocrx_word' id='word_1_61' title='bbox 1590 1017 1810 1083; x_wconf 90' lang='lat' dir='ltr'><strong>donius,</strong></span> <span class='ocrx_word' id='word_1_62' title='bbox 1851 1034 1976 1088; x_wconf 87' lang='lat' dir='ltr'><strong>par-</strong></span> 
     </span>
    </p>
   </div>
   <div class='ocr_carea' id='block_1_10' title="bbox 389 1100 1977 1175">
    <p class='ocr_par' dir='ltr' id='par_1_10' title="bbox 389 1100 1977 1175">
     <span class='ocr_line' id='line_1_10' title="bbox 389 1100 1977 1175; baseline 0.006 -23"><span class='ocrx_word' id='word_1_63' title='bbox 389 1110 476 1152; x_wconf 88' lang='lat' dir='ltr'><strong>cat</strong></span> <span class='ocrx_word' id='word_1_64' title='bbox 505 1100 554 1154; x_wconf 89' lang='lat' dir='ltr'><strong>ei</strong></span> <span class='ocrx_word' id='word_1_65' title='bbox 585 1101 742 1155; x_wconf 85' lang='lat' dir='ltr'><strong>Deus.</strong></span> <span class='ocrx_word' id='word_1_66' title='bbox 774 1103 911 1171; x_wconf 81' lang='lat' dir='ltr'><strong>Ergo</strong></span> <span class='ocrx_word' id='word_1_67' title='bbox 938 1105 1154 1157; x_wconf 87' lang='lat' dir='ltr'><strong>mundus</strong></span> <span class='ocrx_word' id='word_1_68' title='bbox 1181 1122 1268 1174; x_wconf 87' lang='lat' dir='ltr'><strong>per</strong></span> <span class='ocrx_word' id='word_1_69' title='bbox 1291 1122 1408 1159; x_wconf 89' lang='lat' dir='ltr'><strong>eum</strong></span> <span class='ocrx_word' id='word_1_70' title='bbox 1436 1110 1601 1175; x_wconf 77' lang='lat' dir='ltr'><strong>factus</strong></span> <span class='ocrx_word' id='word_1_71' title='bbox 1624 1116 1716 1171; x_wconf 87' lang='lat' dir='ltr'><strong>est,</strong></span> <span class='ocrx_word' id='word_1_72' title='bbox 1746 1116 1800 1162; x_wconf 91' lang='lat' dir='ltr'><strong>et</strong></span> <span class='ocrx_word' id='word_1_73' title='bbox 1828 1107 1977 1162; x_wconf 86' lang='lat' dir='ltr'><strong>habi-</strong></span> 
     </span>
    </p>
   </div>
   <div class='ocr_carea' id='block_1_11' title="bbox 390 1191 1971 1268">
    <p class='ocr_par' dir='ltr' id='par_1_11' title="bbox 390 1191 1971 1268">
     <span class='ocr_line' id='line_1_11' title="bbox 390 1191 1971 1268; baseline 0.006 -27"><span class='ocrx_word' id='word_1_74' title='bbox 390 1193 520 1243; x_wconf 88' lang='lat' dir='ltr'><strong>tatio</strong></span> <span class='ocrx_word' id='word_1_75' title='bbox 562 1201 615 1245; x_wconf 88' lang='lat' dir='ltr'><strong>et</strong></span> <span class='ocrx_word' id='word_1_76' title='bbox 653 1191 978 1249; x_wconf 85' lang='lat' dir='ltr'><strong>habitatores</strong></span> <span class='ocrx_word' id='word_1_77' title='bbox 1021 1214 1034 1249; x_wconf 90' lang='lat'><strong>:</strong></span> <span class='ocrx_word' id='word_1_78' title='bbox 1083 1204 1128 1248; x_wconf 86' lang='lat' dir='ltr'><strong>et</strong></span> <span class='ocrx_word' id='word_1_79' title='bbox 1168 1196 1382 1249; x_wconf 87' lang='lat' dir='ltr'><strong>mundus</strong></span> <span class='ocrx_word' id='word_1_80' title='bbox 1422 1213 1535 1250; x_wconf 89' lang='lat' dir='ltr'><strong>eum</strong></span> <span class='ocrx_word' id='word_1_81' title='bbox 1578 1214 1678 1251; x_wconf 88' lang='lat' dir='ltr'><strong>non</strong></span> <span class='ocrx_word' id='word_1_82' title='bbox 1719 1200 1971 1268; x_wconf 78' lang='lat' dir='ltr'><strong>cognovit,</strong></span> 
     </span>
    </p>
   </div>
   <div class='ocr_carea' id='block_1_12' title="bbox 388 1279 734 1335">
    <p class='ocr_par' dir='ltr' id='par_1_12' title="bbox 388 1279 734 1335">
     <span class='ocr_line' id='line_1_12' title="bbox 388 1279 734 1335; baseline 0.009 -3"><span class='ocrx_word' id='word_1_83' title='bbox 388 1279 734 1335; x_wconf 80' lang='lat' dir='ltr'><strong>habitatores.</strong></span> 
     </span>
    </p>
   </div>
   <div class='ocr_carea' id='block_1_13' title="bbox 465 1370 1972 1445">
    <p class='ocr_par' dir='ltr' id='par_1_13' title="bbox 465 1370 1972 1445">
     <span class='ocr_line' id='line_1_13' title="bbox 465 1370 1972 1445; baseline 0.009 -24"><span class='ocrx_word' id='word_1_84' title='bbox 465 1370 517 1421; x_wconf 75' lang='grc'><strong>4.</strong></span> <span class='ocrx_word' id='word_1_85' title='bbox 551 1370 780 1425; x_wconf 80' lang='lat' dir='ltr'><strong>Christus</strong></span> <span class='ocrx_word' id='word_1_86' title='bbox 815 1374 1062 1441; x_wconf 86' lang='lat' dir='ltr'><strong>quomodo</strong></span> <span class='ocrx_word' id='word_1_87' title='bbox 1093 1390 1191 1427; x_wconf 87' lang='lat' dir='ltr'><strong>non</strong></span> <span class='ocrx_word' id='word_1_88' title='bbox 1222 1386 1445 1445; x_wconf 85' lang='lat' dir='ltr'><strong>receptus</strong></span> <span class='ocrx_word' id='word_1_89' title='bbox 1484 1393 1515 1428; x_wconf 93' lang='lat' dir='ltr'><strong>a</strong></span> <span class='ocrx_word' id='word_1_90' title='bbox 1551 1377 1675 1431; x_wconf 90' lang='lat' dir='ltr'><strong>suis.</strong></span> <span class='ocrx_word' id='word_1_91' title='bbox 1714 1376 1886 1432; x_wconf 75' lang='lat' dir='ltr'><strong>Judwi</strong></span> <span class='ocrx_word' id='word_1_92' title='bbox 1911 1379 1972 1434; x_wconf 86' lang='lat' dir='ltr'><strong>ob</strong></span> 
     </span>
    </p>
   </div>
   <div class='ocr_carea' id='block_1_14' title="bbox 386 1458 1972 1532">
    <p class='ocr_par' dir='ltr' id='par_1_14' title="bbox 386 1458 1972 1532">
     <span class='ocr_line' id='line_1_14' title="bbox 386 1458 1972 1532; baseline 0.008 -21"><span class='ocrx_word' id='word_1_93' title='bbox 386 1458 670 1528; x_wconf 71' lang='lat' dir='ltr'><strong>superbiam</strong></span> <span class='ocrx_word' id='word_1_94' title='bbox 716 1464 934 1532; x_wconf 70' lang='lat' dir='ltr'><strong>prazcisi,</strong></span> <span class='ocrx_word' id='word_1_95' title='bbox 989 1463 1213 1519; x_wconf 78' lang='lat' dir='ltr'><strong>Gentiles</strong></span> <span class='ocrx_word' id='word_1_96' title='bbox 1261 1466 1321 1520; x_wconf 91' lang='lat' dir='ltr'><strong>ob</strong></span> <span class='ocrx_word' id='word_1_97' title='bbox 1369 1467 1702 1521; x_wconf 79' lang='lat' dir='ltr'><strong>humilitatem</strong></span> <span class='ocrx_word' id='word_1_98' title='bbox 1744 1469 1798 1523; x_wconf 91' lang='lat' dir='ltr'><strong>in</strong></span> <span class='ocrx_word' id='word_1_99' title='bbox 1840 1472 1972 1525; x_wconf 90' lang='lat' dir='ltr'><strong>oliva</strong></span> 
     </span>
    </p>
   </div>
   <div class='ocr_carea' id='block_1_15' title="bbox 385 1550 1972 1631">
    <p class='ocr_par' dir='ltr' id='par_1_15' title="bbox 385 1550 1972 1631">
     <span class='ocr_line' id='line_1_15' title="bbox 385 1550 1972 1631; baseline 0.01 -29"><span class='ocrx_word' id='word_1_100' title='bbox 385 1550 576 1604; x_wconf 89' lang='lat' dir='ltr'><strong>inserti.</strong></span> <span class='ocrx_word' id='word_1_101' title='bbox 602 1552 918 1609; x_wconf 85' lang='lat' dir='ltr'><strong>Ceuturionis</strong></span> <span class='ocrx_word' id='word_1_102' title='bbox 946 1556 1203 1611; x_wconf 79' lang='lat' dir='ltr'><strong>humilitas</strong></span> <span class='ocrx_word' id='word_1_103' title='bbox 1230 1567 1275 1612; x_wconf 89' lang='lat' dir='ltr'><strong>et</strong></span> <span class='ocrx_word' id='word_1_104' title='bbox 1298 1559 1443 1628; x_wconf 84' lang='lat' dir='ltr'><strong>ﬁdes.</strong></span> <span class='ocrx_word' id='word_1_105' title='bbox 1466 1589 1535 1600; x_wconf 89' lang='lat'>—</span> <span class='ocrx_word' id='word_1_106' title='bbox 1551 1559 1616 1613; x_wconf 83' lang='lat' dir='ltr'><strong>In</strong></span> <span class='ocrx_word' id='word_1_107' title='bbox 1644 1577 1739 1615; x_wconf 88' lang='lat' dir='ltr'><strong>sua</strong></span> <span class='ocrx_word' id='word_1_108' title='bbox 1764 1564 1972 1631; x_wconf 78' lang='lat' dir='ltr'><strong>propria</strong></span> 
     </span>
    </p>
   </div>
   <div class='ocr_carea' id='block_1_16' title="bbox 384 1642 1965 1721">
    <p class='ocr_par' dir='ltr' id='par_1_16' title="bbox 384 1642 1965 1721">
     <span class='ocr_line' id='line_1_16' title="bbox 384 1642 1965 1721; baseline 0.009 -28"><span class='ocrx_word' id='word_1_109' title='bbox 384 1642 553 1709; x_wconf 83' lang='lat' dir='ltr'><strong>venit,</strong></span> <span class='ocrx_word' id='word_1_110' title='bbox 597 1652 645 1696; x_wconf 87' lang='lat' dir='ltr'><strong>et</strong></span> <span class='ocrx_word' id='word_1_111' title='bbox 681 1646 761 1698; x_wconf 88' lang='lat' dir='ltr'><strong>sui</strong></span> <span class='ocrx_word' id='word_1_112' title='bbox 797 1662 910 1698; x_wconf 90' lang='lat' dir='ltr'><strong>eum</strong></span> <span class='ocrx_word' id='word_1_113' title='bbox 948 1663 1047 1700; x_wconf 87' lang='lat' dir='ltr'><strong>non</strong></span> <span class='ocrx_word' id='word_1_114' title='bbox 1073 1658 1383 1719; x_wconf 86' lang='lat' dir='ltr'><strong>receperunt.</strong></span> <span class='ocrx_word' id='word_1_115' title='bbox 1429 1650 1567 1720; x_wconf 77' lang='lat' dir='ltr'><strong>Ergo</strong></span> <span class='ocrx_word' id='word_1_116' title='bbox 1603 1666 1767 1720; x_wconf 88' lang='lat' dir='ltr'><strong>quare</strong></span> <span class='ocrx_word' id='word_1_117' title='bbox 1798 1656 1965 1721; x_wconf 79' lang='lat' dir='ltr'><strong>venit,</strong></span> 
     </span>
    </p>
   </div>
   <div class='ocr_carea' id='block_1_17' title="bbox 385 1732 1968 1805">
    <p class='ocr_par' dir='ltr' id='par_1_17' title="bbox 385 1732 1968 1805">
     <span class='ocr_line' id='line_1_17' title="bbox 385 1732 1968 1805; baseline 0.01 -24"><span class='ocrx_word' id='word_1_118' title='bbox 385 1732 534 1800; x_wconf 91' lang='lat' dir='ltr'><strong>quasi</strong></span> <span class='ocrx_word' id='word_1_119' title='bbox 578 1748 684 1787; x_wconf 91' lang='lat' dir='ltr'><strong>non</strong></span> <span class='ocrx_word' id='word_1_120' title='bbox 717 1735 971 1803; x_wconf 77' lang='lat' dir='ltr'><strong>przescius</strong></span> <span class='ocrx_word' id='word_1_121' title='bbox 1000 1736 1145 1805; x_wconf 90' lang='lat' dir='ltr'><strong>quod</strong></span> <span class='ocrx_word' id='word_1_122' title='bbox 1186 1738 1267 1791; x_wconf 88' lang='lat' dir='ltr'><strong>sui</strong></span> <span class='ocrx_word' id='word_1_123' title='bbox 1308 1753 1413 1792; x_wconf 88' lang='lat' dir='ltr'><strong>non</strong></span> <span class='ocrx_word' id='word_1_124' title='bbox 1455 1750 1635 1794; x_wconf 87' lang='lat' dir='ltr'><strong>essent</strong></span> <span class='ocrx_word' id='word_1_125' title='bbox 1664 1755 1784 1795; x_wconf 92' lang='lat' dir='ltr'><strong>eum</strong></span> <span class='ocrx_word' id='word_1_126' title='bbox 1815 1758 1968 1798; x_wconf 87' lang='lat' dir='ltr'><strong>rece-</strong></span> 
     </span>
    </p>
   </div>
   <div class='ocr_carea' id='block_1_18' title="bbox 388 1822 1968 1902">
    <p class='ocr_par' dir='ltr' id='par_1_18' title="bbox 388 1822 1968 1902">
     <span class='ocr_line' id='line_1_18' title="bbox 388 1822 1968 1902; baseline 0.011 -30"><span class='ocrx_word' id='word_1_127' title='bbox 388 1822 567 1889; x_wconf 84' lang='lat' dir='ltr'><strong>pturi?</strong></span> <span class='ocrx_word' id='word_1_128' title='bbox 610 1824 744 1878; x_wconf 83' lang='lat' dir='ltr'><strong>Audi</strong></span> <span class='ocrx_word' id='word_1_129' title='bbox 776 1836 993 1895; x_wconf 87' lang='lat' dir='ltr'><strong>propter</strong></span> <span class='ocrx_word' id='word_1_130' title='bbox 1018 1827 1159 1897; x_wconf 88' lang='lat' dir='ltr'><strong>quod</strong></span> <span class='ocrx_word' id='word_1_131' title='bbox 1190 1830 1394 1884; x_wconf 86' lang='lat' dir='ltr'><strong>venerit</strong></span> <span class='ocrx_word' id='word_1_132' title='bbox 1424 1831 1439 1861; x_wconf 76' lang='grc' dir='ltr'>ί</span> <span class='ocrx_word' id='word_1_133' title='bbox 1473 1848 1485 1884; x_wconf 90' lang='lat'><strong>:</strong></span> <span class='ocrx_word' id='word_1_134' title='bbox 1522 1831 1777 1902; x_wconf 86' lang='lat' dir='ltr'><strong>Quotquot</strong></span> <span class='ocrx_word' id='word_1_135' title='bbox 1803 1843 1968 1890; x_wconf 88' lang='lat' dir='ltr'><strong>autem</strong></span> 
     </span>
    </p>
   </div>
   <div class='ocr_carea' id='block_1_19' title="bbox 384 1915 1965 1995">
    <p class='ocr_par' dir='ltr' id='par_1_19' title="bbox 384 1915 1965 1995">
     <span class='ocr_line' id='line_1_19' title="bbox 384 1915 1965 1995; baseline 0.011 -32"><span class='ocrx_word' id='word_1_136' title='bbox 384 1924 677 1983; x_wconf 82' lang='lat' dir='ltr'><strong>receperunt</strong></span> <span class='ocrx_word' id='word_1_137' title='bbox 702 1931 836 1969; x_wconf 87' lang='lat' dir='ltr'><strong>eum.</strong></span> <span class='ocrx_word' id='word_1_138' title='bbox 888 1915 983 1971; x_wconf 88' lang='lat' dir='ltr'><strong>Sui</strong></span> <span class='ocrx_word' id='word_1_139' title='bbox 1027 1934 1129 1972; x_wconf 92' lang='lat' dir='ltr'><strong>non</strong></span> <span class='ocrx_word' id='word_1_140' title='bbox 1171 1930 1519 1990; x_wconf 87' lang='lat' dir='ltr'><strong>receperunt,</strong></span> <span class='ocrx_word' id='word_1_141' title='bbox 1550 1929 1604 1977; x_wconf 88' lang='lat' dir='ltr'><strong>et</strong></span> <span class='ocrx_word' id='word_1_142' title='bbox 1631 1924 1713 1978; x_wconf 91' lang='lat' dir='ltr'><strong>sui</strong></span> <span class='ocrx_word' id='word_1_143' title='bbox 1744 1939 1965 1995; x_wconf 89' lang='lat' dir='ltr'><strong>recepe-</strong></span> 
     </span>
    </p>
   </div>
   <div class='ocr_carea' id='block_1_20' title="bbox 389 2006 1964 2077">
    <p class='ocr_par' dir='ltr' id='par_1_20' title="bbox 389 2006 1964 2077">
     <span class='ocr_line' id='line_1_20' title="bbox 389 2006 1964 2077; baseline 0.012 -22"><span class='ocrx_word' id='word_1_144' title='bbox 389 2012 517 2057; x_wconf 89' lang='lat' dir='ltr'><strong>runt</strong></span> <span class='ocrx_word' id='word_1_145' title='bbox 541 2006 596 2069; x_wconf 73' lang='grc' dir='ltr'><strong>’ς</strong></span> <span class='ocrx_word' id='word_1_146' title='bbox 638 2006 869 2061; x_wconf 90' lang='lat' dir='ltr'><strong>mundus</strong></span> <span class='ocrx_word' id='word_1_147' title='bbox 909 2023 1012 2063; x_wconf 93' lang='lat' dir='ltr'><strong>non</strong></span> <span class='ocrx_word' id='word_1_148' title='bbox 1040 2010 1296 2077; x_wconf 88' lang='lat' dir='ltr'><strong>credidit,</strong></span> <span class='ocrx_word' id='word_1_149' title='bbox 1328 2021 1382 2067; x_wconf 90' lang='lat' dir='ltr'><strong>et</strong></span> <span class='ocrx_word' id='word_1_150' title='bbox 1410 2014 1639 2069; x_wconf 91' lang='lat' dir='ltr'><strong>mundus</strong></span> <span class='ocrx_word' id='word_1_151' title='bbox 1670 2025 1811 2072; x_wconf 90' lang='lat' dir='ltr'><strong>totus</strong></span> <span class='ocrx_word' id='word_1_152' title='bbox 1840 2032 1964 2073; x_wconf 90' lang='lat' dir='ltr'><strong>cre-</strong></span> 
     </span>
    </p>
   </div>
   <div class='ocr_carea' id='block_1_21' title="bbox 379 2095 1964 2178">
    <p class='ocr_par' dir='ltr' id='par_1_21' title="bbox 379 2095 1964 2178">
     <span class='ocr_line' id='line_1_21' title="bbox 379 2095 1964 2178; baseline 0.011 -29"><span class='ocrx_word' id='word_1_153' title='bbox 379 2095 535 2151; x_wconf 89' lang='lat' dir='ltr'><strong>didit.</strong></span> <span class='ocrx_word' id='word_1_154' title='bbox 582 2097 730 2153; x_wconf 89' lang='lat' dir='ltr'><strong>Sicut</strong></span> <span class='ocrx_word' id='word_1_155' title='bbox 757 2099 984 2156; x_wconf 91' lang='lat' dir='ltr'><strong>dicimus</strong></span> <span class='ocrx_word' id='word_1_156' title='bbox 1005 2143 1020 2167; x_wconf 91' lang='lat'><strong>,</strong></span> <span class='ocrx_word' id='word_1_157' title='bbox 1052 2103 1183 2158; x_wconf 88' lang='lat' dir='ltr'><strong>Tota</strong></span> <span class='ocrx_word' id='word_1_158' title='bbox 1208 2106 1368 2160; x_wconf 88' lang='lat' dir='ltr'><strong>arbor</strong></span> <span class='ocrx_word' id='word_1_159' title='bbox 1394 2107 1549 2177; x_wconf 89' lang='lat' dir='ltr'><strong>plena</strong></span> <span class='ocrx_word' id='word_1_160' title='bbox 1578 2108 1720 2164; x_wconf 79' lang='lat' dir='ltr'><strong>foliis</strong></span> <span class='ocrx_word' id='word_1_161' title='bbox 1745 2128 1760 2178; x_wconf 90' lang='lat'><strong>;</strong></span> <span class='ocrx_word' id='word_1_162' title='bbox 1805 2128 1964 2166; x_wconf 91' lang='lat' dir='ltr'><strong>num-</strong></span> 
     </span>
    </p>
   </div>
   <div class='ocr_carea' id='block_1_22' title="bbox 378 2185 1961 2270">
    <p class='ocr_par' dir='ltr' id='par_1_22' title="bbox 378 2185 1961 2270">
     <span class='ocr_line' id='line_1_22' title="bbox 378 2185 1961 2270; baseline 0.012 -32"><span class='ocrx_word' id='word_1_163' title='bbox 378 2185 506 2254; x_wconf 84' lang='lat' dir='ltr'><strong>quid</strong></span> <span class='ocrx_word' id='word_1_164' title='bbox 553 2185 810 2245; x_wconf 84' lang='lat' dir='ltr'><strong>l‘ructibus</strong></span> <span class='ocrx_word' id='word_1_165' title='bbox 860 2202 943 2245; x_wconf 90' lang='lat' dir='ltr'><strong>est</strong></span> <span class='ocrx_word' id='word_1_166' title='bbox 990 2193 1139 2247; x_wconf 92' lang='lat' dir='ltr'><strong>locus</strong></span> <span class='ocrx_word' id='word_1_167' title='bbox 1188 2195 1440 2250; x_wconf 84' lang='lat' dir='ltr'><strong>ablatus?</strong></span> <span class='ocrx_word' id='word_1_168' title='bbox 1490 2198 1787 2269; x_wconf 88' lang='lat' dir='ltr'><strong>Utrumque</strong></span> <span class='ocrx_word' id='word_1_169' title='bbox 1833 2201 1961 2270; x_wconf 91' lang='lat' dir='ltr'><strong>dici,</strong></span> 
     </span>
    </p>
   </div>
   <div class='ocr_carea' id='block_1_23' title="bbox 280 2266 1966 2360">
    <p class='ocr_par' dir='ltr' id='par_1_23' title="bbox 280 2266 1966 2360">
     <span class='ocr_line' id='line_1_23' title="bbox 280 2266 1966 2360; baseline 0.011 -30"><span class='ocrx_word' id='word_1_170' title='bbox 280 2266 287 2271; x_wconf 59' lang='grc'>’</span> <span class='ocrx_word' id='word_1_171' title='bbox 382 2288 667 2349; x_wconf 90' lang='lat' dir='ltr'><strong>utrumque</strong></span> <span class='ocrx_word' id='word_1_172' title='bbox 713 2283 935 2354; x_wconf 75' lang='lat' dir='ltr'><strong>intelligi</strong></span> <span class='ocrx_word' id='word_1_173' title='bbox 966 2294 1162 2353; x_wconf 84' lang='lat' dir='ltr'><strong>potest,</strong></span> <span class='ocrx_word' id='word_1_174' title='bbox 1208 2295 1264 2340; x_wconf 90' lang='lat' dir='ltr'><strong>et</strong></span> <span class='ocrx_word' id='word_1_175' title='bbox 1302 2288 1460 2342; x_wconf 90' lang='lat' dir='ltr'><strong>arbor</strong></span> <span class='ocrx_word' id='word_1_176' title='bbox 1503 2289 1643 2344; x_wconf 81' lang='lat' dir='ltr'><strong>foliis</strong></span> <span class='ocrx_word' id='word_1_177' title='bbox 1684 2266 1860 2360; x_wconf 81' lang='lat' dir='ltr'><strong>plena,</strong></span> <span class='ocrx_word' id='word_1_178' title='bbox 1910 2266 1966 2348; x_wconf 80' lang='lat' dir='ltr'><strong>et</strong></span> 
     </span>
    </p>
   </div>
   <div class='ocr_carea' id='block_1_24' title="bbox 377 2368 1962 2450">
    <p class='ocr_par' dir='ltr' id='par_1_24' title="bbox 377 2368 1962 2450">
     <span class='ocr_line' id='line_1_24' title="bbox 377 2368 1962 2450; baseline 0.011 -29"><span class='ocrx_word' id='word_1_179' title='bbox 377 2368 539 2424; x_wconf 86' lang='lat' dir='ltr'><strong>arbor</strong></span> <span class='ocrx_word' id='word_1_180' title='bbox 584 2369 842 2427; x_wconf 81' lang='lat' dir='ltr'><strong>fructibus</strong></span> <span class='ocrx_word' id='word_1_181' title='bbox 891 2375 1044 2443; x_wconf 90' lang='lat' dir='ltr'><strong>plena</strong></span> <span class='ocrx_word' id='word_1_182' title='bbox 1079 2392 1093 2429; x_wconf 90' lang='lat'><strong>:</strong></span> <span class='ocrx_word' id='word_1_183' title='bbox 1124 2391 1227 2429; x_wconf 89' lang='lat' dir='ltr'><strong>una</strong></span> <span class='ocrx_word' id='word_1_184' title='bbox 1264 2377 1424 2431; x_wconf 86' lang='lat' dir='ltr'><strong>arbor</strong></span> <span class='ocrx_word' id='word_1_185' title='bbox 1468 2378 1518 2431; x_wconf 90' lang='lat' dir='ltr'><strong>in</strong></span> <span class='ocrx_word' id='word_1_186' title='bbox 1562 2390 1819 2450; x_wconf 87' lang='lat' dir='ltr'><strong>utroque,</strong></span> <span class='ocrx_word' id='word_1_187' title='bbox 1868 2383 1962 2438; x_wconf 88' lang='lat' dir='ltr'><strong>sed</strong></span> 
     </span>
    </p>
   </div>
   <div class='ocr_carea' id='block_1_25' title="bbox 380 2457 1962 2539">
    <p class='ocr_par' dir='ltr' id='par_1_25' title="bbox 380 2457 1962 2539">
     <span class='ocr_line' id='line_1_25' title="bbox 380 2457 1962 2539; baseline 0.009 -28"><span class='ocrx_word' id='word_1_188' title='bbox 380 2457 522 2514; x_wconf 79' lang='lat' dir='ltr'><strong>foliis</strong></span> <span class='ocrx_word' id='word_1_189' title='bbox 549 2459 938 2532; x_wconf 81' lang='lat' dir='ltr'><strong>diSpergendis,</strong></span> <span class='ocrx_word' id='word_1_190' title='bbox 972 2463 1229 2519; x_wconf 84' lang='lat' dir='ltr'><strong>fructibus</strong></span> <span class='ocrx_word' id='word_1_191' title='bbox 1258 2466 1589 2535; x_wconf 84' lang='lat' dir='ltr'><strong>colligendis.</strong></span> <span class='ocrx_word' id='word_1_192' title='bbox 1623 2469 1783 2539; x_wconf 76' lang='lat' dir='ltr'><strong>Ergo,</strong></span> <span class='ocrx_word' id='word_1_193' title='bbox 1827 2472 1962 2526; x_wconf 84' lang='lat' dir='ltr'><strong>lide-</strong></span> 
     </span>
    </p>
   </div>
   <div class='ocr_carea' id='block_1_26' title="bbox 381 2549 1959 2631">
    <p class='ocr_par' dir='ltr' id='par_1_26' title="bbox 381 2549 1959 2631">
     <span class='ocr_line' id='line_1_26' title="bbox 381 2549 1959 2631; baseline 0.008 -26"><span class='ocrx_word' id='word_1_194' title='bbox 381 2549 463 2606; x_wconf 87' lang='lat' dir='ltr'><strong>les</strong></span> <span class='ocrx_word' id='word_1_195' title='bbox 489 2551 607 2622; x_wconf 82' lang='lat' dir='ltr'><strong>ejus</strong></span> <span class='ocrx_word' id='word_1_196' title='bbox 626 2595 641 2619; x_wconf 94' lang='lat'><strong>,</strong></span> <span class='ocrx_word' id='word_1_197' title='bbox 669 2553 809 2609; x_wconf 84' lang='lat' dir='ltr'><strong>servi</strong></span> <span class='ocrx_word' id='word_1_198' title='bbox 835 2555 952 2626; x_wconf 90' lang='lat' dir='ltr'><strong>ejus</strong></span> <span class='ocrx_word' id='word_1_199' title='bbox 979 2555 1021 2622; x_wconf 84' lang='grc'><strong>³,</strong></span> <span class='ocrx_word' id='word_1_200' title='bbox 1051 2555 1336 2617; x_wconf 87' lang='lat' dir='ltr'><strong>dilectores</strong></span> <span class='ocrx_word' id='word_1_201' title='bbox 1366 2558 1512 2627; x_wconf 82' lang='lat' dir='ltr'><strong>ejus,</strong></span> <span class='ocrx_word' id='word_1_202' title='bbox 1543 2575 1766 2628; x_wconf 87' lang='lat' dir='ltr'><strong>quorum</strong></span> <span class='ocrx_word' id='word_1_203' title='bbox 1792 2563 1959 2631; x_wconf 83' lang='lat' dir='ltr'><strong>gloria</strong></span> 
     </span>
    </p>
   </div>
   <div class='ocr_carea' id='block_1_27' title="bbox 376 2649 1956 2719">
    <p class='ocr_par' dir='ltr' id='par_1_27' title="bbox 376 2649 1956 2719">
     <span class='ocr_line' id='line_1_27' title="bbox 376 2649 1956 2719; baseline 0.006 -23"><span class='ocrx_word' id='word_1_204' title='bbox 376 2650 492 2705; x_wconf 86' lang='lat' dir='ltr'><strong>est,</strong></span> <span class='ocrx_word' id='word_1_205' title='bbox 525 2659 751 2712; x_wconf 87' lang='lat' dir='ltr'><strong>quorum</strong></span> <span class='ocrx_word' id='word_1_206' title='bbox 781 2660 903 2713; x_wconf 88' lang='lat' dir='ltr'><strong>spes</strong></span> <span class='ocrx_word' id='word_1_207' title='bbox 924 2686 940 2709; x_wconf 90' lang='lat'><strong>,</strong></span> <span class='ocrx_word' id='word_1_208' title='bbox 970 2661 1196 2714; x_wconf 87' lang='lat' dir='ltr'><strong>quorum</strong></span> <span class='ocrx_word' id='word_1_209' title='bbox 1227 2661 1313 2701; x_wconf 89' lang='lat' dir='ltr'><strong>res</strong></span> <span class='ocrx_word' id='word_1_210' title='bbox 1340 2656 1455 2713; x_wconf 89' lang='lat' dir='ltr'><strong>est;</strong></span> <span class='ocrx_word' id='word_1_211' title='bbox 1501 2649 1714 2719; x_wconf 85' lang='lat' dir='ltr'><strong>quando</strong></span> <span class='ocrx_word' id='word_1_212' title='bbox 1741 2652 1956 2718; x_wconf 87' lang='lat' dir='ltr'><strong>auditis,</strong></span> 
     </span>
    </p>
   </div>
   <div class='ocr_carea' id='block_1_28' title="bbox 374 2730 1959 2810">
    <p class='ocr_par' dir='ltr' id='par_1_28' title="bbox 374 2730 1959 2810">
     <span class='ocr_line' id='line_1_28' title="bbox 374 2730 1959 2810; baseline 0.009 -25"><span class='ocrx_word' id='word_1_213' title='bbox 374 2730 472 2786; x_wconf 83' lang='lat' dir='ltr'><strong>Sui</strong></span> <span class='ocrx_word' id='word_1_214' title='bbox 499 2748 613 2785; x_wconf 85' lang='lat' dir='ltr'><strong>eum</strong></span> <span class='ocrx_word' id='word_1_215' title='bbox 641 2749 742 2786; x_wconf 88' lang='lat' dir='ltr'><strong>non</strong></span> <span class='ocrx_word' id='word_1_216' title='bbox 766 2744 1077 2806; x_wconf 85' lang='lat' dir='ltr'><strong>receperunt,</strong></span> <span class='ocrx_word' id='word_1_217' title='bbox 1103 2738 1267 2792; x_wconf 88' lang='lat' dir='ltr'><strong>nolite</strong></span> <span class='ocrx_word' id='word_1_218' title='bbox 1292 2738 1472 2794; x_wconf 87' lang='lat' dir='ltr'><strong>dolere</strong></span> <span class='ocrx_word' id='word_1_219' title='bbox 1498 2757 1511 2793; x_wconf 91' lang='lat'><strong>:</strong></span> <span class='ocrx_word' id='word_1_220' title='bbox 1538 2740 1661 2810; x_wconf 89' lang='lat' dir='ltr'><strong>quia</strong></span> <span class='ocrx_word' id='word_1_221' title='bbox 1687 2743 1959 2799; x_wconf 88' lang='lat' dir='ltr'><strong>credendo</strong></span> 
     </span>
    </p>
   </div>
   <div class='ocr_carea' id='block_1_29' title="bbox 373 2823 1958 2899">
    <p class='ocr_par' dir='ltr' id='par_1_29' title="bbox 373 2823 1958 2899">
     <span class='ocr_line' id='line_1_29' title="bbox 373 2823 1958 2899; baseline 0.007 -21"><span class='ocrx_word' id='word_1_222' title='bbox 373 2823 543 2894; x_wconf 84' lang='lat' dir='ltr'><strong>ipsius</strong></span> <span class='ocrx_word' id='word_1_223' title='bbox 570 2824 722 2879; x_wconf 88' lang='lat' dir='ltr'><strong>estis.</strong></span> <span class='ocrx_word' id='word_1_224' title='bbox 771 2825 869 2879; x_wconf 87' lang='lat' dir='ltr'><strong>Sui</strong></span> <span class='ocrx_word' id='word_1_225' title='bbox 905 2842 1022 2880; x_wconf 89' lang='lat' dir='ltr'><strong>eum</strong></span> <span class='ocrx_word' id='word_1_226' title='bbox 1059 2844 1159 2881; x_wconf 87' lang='lat' dir='ltr'><strong>non</strong></span> <span class='ocrx_word' id='word_1_227' title='bbox 1186 2840 1496 2899; x_wconf 89' lang='lat' dir='ltr'><strong>receperunt.</strong></span> <span class='ocrx_word' id='word_1_228' title='bbox 1545 2831 1645 2899; x_wconf 88' lang='lat' dir='ltr'><strong>Qui</strong></span> <span class='ocrx_word' id='word_1_229' title='bbox 1681 2833 1764 2887; x_wconf 87' lang='lat' dir='ltr'><strong>isti</strong></span> <span class='ocrx_word' id='word_1_230' title='bbox 1791 2836 1958 2890; x_wconf 79' lang='lat' dir='ltr'><strong>sunt?</strong></span> 
     </span>
    </p>
   </div>
   <div class='ocr_carea' id='block_1_30' title="bbox 373 2914 1957 2993">
    <p class='ocr_par' dir='ltr' id='par_1_30' title="bbox 373 2914 1957 2993">
     <span class='ocr_line' id='line_1_30' title="bbox 373 2914 1957 2993; baseline 0.008 -24"><span class='ocrx_word' id='word_1_231' title='bbox 373 2914 535 2971; x_wconf 89' lang='lat' dir='ltr'><strong>Forte</strong></span> <span class='ocrx_word' id='word_1_232' title='bbox 559 2915 730 2971; x_wconf 67' lang='lat' dir='ltr'><strong>Iudici</strong></span> <span class='ocrx_word' id='word_1_233' title='bbox 757 2917 882 2970; x_wconf 90' lang='lat' dir='ltr'><strong>olim</strong></span> <span class='ocrx_word' id='word_1_234' title='bbox 909 2919 1080 2973; x_wconf 82' lang='lat' dir='ltr'><strong>vocati</strong></span> <span class='ocrx_word' id='word_1_235' title='bbox 1109 2935 1173 2974; x_wconf 80' lang='lat' dir='ltr'><strong>ex</strong></span> <span class='ocrx_word' id='word_1_236' title='bbox 1198 2918 1452 2993; x_wconf 66' lang='lat' dir='ltr'><strong>Egypto,</strong></span> <span class='ocrx_word' id='word_1_237' title='bbox 1482 2922 1689 2978; x_wconf 86' lang='lat' dir='ltr'><strong>liberati</strong></span> <span class='ocrx_word' id='word_1_238' title='bbox 1717 2925 1769 2979; x_wconf 91' lang='lat' dir='ltr'><strong>in</strong></span> <span class='ocrx_word' id='word_1_239' title='bbox 1797 2942 1957 2982; x_wconf 89' lang='lat' dir='ltr'><strong>manu</strong></span> 
     </span>
    </p>
   </div>
   <div class='ocr_carea' id='block_1_31' title="bbox 371 3007 1954 3081">
    <p class='ocr_par' dir='ltr' id='par_1_31' title="bbox 371 3007 1954 3081">
     <span class='ocr_line' id='line_1_31' title="bbox 371 3007 1954 3081; baseline 0.009 -23"><span class='ocrx_word' id='word_1_240' title='bbox 371 3008 596 3075; x_wconf 87' lang='lat' dir='ltr'><strong>potenti,</strong></span> <span class='ocrx_word' id='word_1_241' title='bbox 642 3023 737 3077; x_wconf 90' lang='lat' dir='ltr'><strong>per</strong></span> <span class='ocrx_word' id='word_1_242' title='bbox 762 3007 1184 3065; x_wconf 28' lang='lat' dir='ltr'><strong>Rubrum’mare</strong></span> <span class='ocrx_word' id='word_1_243' title='bbox 1222 3012 1451 3080; x_wconf 87' lang='lat' dir='ltr'><strong>trajecti,</strong></span> <span class='ocrx_word' id='word_1_244' title='bbox 1483 3029 1576 3081; x_wconf 88' lang='lat' dir='ltr'><strong>per</strong></span> <span class='ocrx_word' id='word_1_245' title='bbox 1599 3015 1799 3069; x_wconf 89' lang='lat' dir='ltr'><strong>siccum</strong></span> <span class='ocrx_word' id='word_1_246' title='bbox 1827 3033 1954 3073; x_wconf 80' lang='lat' dir='ltr'><strong>eva-</strong></span> 
     </span>
    </p>
   </div>
   <div class='ocr_carea' id='block_1_32' title="bbox 369 3095 1952 3175">
    <p class='ocr_par' dir='ltr' id='par_1_32' title="bbox 369 3095 1952 3175">
     <span class='ocr_line' id='line_1_32' title="bbox 369 3095 1952 3175; baseline 0.006 -24"><span class='ocrx_word' id='word_1_247' title='bbox 369 3095 581 3164; x_wconf 86' lang='lat' dir='ltr'><strong>dentes,</strong></span> <span class='ocrx_word' id='word_1_248' title='bbox 606 3097 847 3152; x_wconf 88' lang='lat' dir='ltr'><strong>hostibus</strong></span> <span class='ocrx_word' id='word_1_249' title='bbox 870 3100 1270 3169; x_wconf 89' lang='lat' dir='ltr'><strong>insequentibus</strong></span> <span class='ocrx_word' id='word_1_250' title='bbox 1294 3111 1557 3170; x_wconf 89' lang='lat' dir='ltr'><strong>carentes,</strong></span> <span class='ocrx_word' id='word_1_251' title='bbox 1578 3119 1769 3158; x_wconf 90' lang='lat' dir='ltr'><strong>manna</strong></span> <span class='ocrx_word' id='word_1_252' title='bbox 1793 3108 1952 3175; x_wconf 87' lang='lat' dir='ltr'><strong>pasti,</strong></span> 
     </span>
    </p>
   </div>
   <div class='ocr_carea' id='block_1_33' title="bbox 369 3185 1954 3261">
    <p class='ocr_par' dir='ltr' id='par_1_33' title="bbox 369 3185 1954 3261">
     <span class='ocr_line' id='line_1_33' title="bbox 369 3185 1954 3261; baseline 0.006 -19"><span class='ocrx_word' id='word_1_253' title='bbox 369 3185 437 3242; x_wconf 88' lang='lat' dir='ltr'><strong>de</strong></span> <span class='ocrx_word' id='word_1_254' title='bbox 466 3188 720 3244; x_wconf 75' lang='lat' dir='ltr'><strong>servitute</strong></span> <span class='ocrx_word' id='word_1_255' title='bbox 750 3190 907 3253; x_wconf 89' lang='lat' dir='ltr'><strong>eruti,</strong></span> <span class='ocrx_word' id='word_1_256' title='bbox 937 3190 1003 3244; x_wconf 89' lang='lat' dir='ltr'><strong>ad</strong></span> <span class='ocrx_word' id='word_1_257' title='bbox 1031 3206 1249 3261; x_wconf 81' lang='lat' dir='ltr'><strong>regnum</strong></span> <span class='ocrx_word' id='word_1_258' title='bbox 1280 3192 1548 3261; x_wconf 88' lang='lat' dir='ltr'><strong>perducti,</strong></span> <span class='ocrx_word' id='word_1_259' title='bbox 1578 3201 1657 3248; x_wconf 85' lang='lat' dir='ltr'><strong>tot</strong></span> <span class='ocrx_word' id='word_1_260' title='bbox 1683 3196 1954 3253; x_wconf 87' lang='lat' dir='ltr'><strong>beneﬁciis</strong></span> 
     </span>
    </p>
   </div>
   <div class='ocr_carea' id='block_1_34' title="bbox 366 3280 1951 3351">
    <p class='ocr_par' dir='ltr' id='par_1_34' title="bbox 366 3280 1951 3351">
     <span class='ocr_line' id='line_1_34' title="bbox 366 3280 1951 3351; baseline 0.008 -19"><span class='ocrx_word' id='word_1_261' title='bbox 366 3280 552 3350; x_wconf 76' lang='lat' dir='ltr'><strong>empti.</strong></span> <span class='ocrx_word' id='word_1_262' title='bbox 596 3280 735 3334; x_wconf 86' lang='lat' dir='ltr'><strong>Ecce</strong></span> <span class='ocrx_word' id='word_1_263' title='bbox 759 3280 875 3347; x_wconf 93' lang='lat' dir='ltr'><strong>sui,</strong></span> <span class='ocrx_word' id='word_1_264' title='bbox 905 3282 994 3350; x_wconf 90' lang='lat' dir='ltr'><strong>qui</strong></span> <span class='ocrx_word' id='word_1_265' title='bbox 1030 3298 1132 3336; x_wconf 91' lang='lat' dir='ltr'><strong>non</strong></span> <span class='ocrx_word' id='word_1_266' title='bbox 1163 3293 1485 3351; x_wconf 85' lang='lat' dir='ltr'><strong>receperunt</strong></span> <span class='ocrx_word' id='word_1_267' title='bbox 1514 3303 1526 3339; x_wconf 89' lang='lat'><strong>:</strong></span> <span class='ocrx_word' id='word_1_268' title='bbox 1553 3286 1645 3341; x_wconf 85' lang='lat' dir='ltr'><strong>sed</strong></span> <span class='ocrx_word' id='word_1_269' title='bbox 1677 3303 1783 3342; x_wconf 89' lang='lat' dir='ltr'><strong>non</strong></span> <span class='ocrx_word' id='word_1_270' title='bbox 1811 3291 1951 3345; x_wconf 86' lang='lat' dir='ltr'><strong>reci-</strong></span> 
     </span>
    </p>
   </div>
   <div class='ocr_carea' id='block_1_35' title="bbox 367 3369 1951 3447">
    <p class='ocr_par' dir='ltr' id='par_1_35' title="bbox 367 3369 1951 3447">
     <span class='ocr_line' id='line_1_35' title="bbox 367 3369 1951 3447; baseline 0.01 -26"><span class='ocrx_word' id='word_1_271' title='bbox 367 3369 561 3437; x_wconf 88' lang='lat' dir='ltr'><strong>piendo</strong></span> <span class='ocrx_word' id='word_1_272' title='bbox 589 3369 711 3424; x_wconf 79' lang='lat' dir='ltr'><strong>facti</strong></span> <span class='ocrx_word' id='word_1_273' title='bbox 741 3382 867 3425; x_wconf 87' lang='lat' dir='ltr'><strong>sunt</strong></span> <span class='ocrx_word' id='word_1_274' title='bbox 896 3372 1073 3425; x_wconf 90' lang='lat' dir='ltr'><strong>alieni.</strong></span> <span class='ocrx_word' id='word_1_275' title='bbox 1113 3372 1167 3426; x_wconf 92' lang='lat' dir='ltr'><strong>lu</strong></span> <span class='ocrx_word' id='word_1_276' title='bbox 1196 3372 1334 3427; x_wconf 89' lang='lat' dir='ltr'><strong>oliva</strong></span> <span class='ocrx_word' id='word_1_277' title='bbox 1365 3384 1547 3442; x_wconf 91' lang='lat' dir='ltr'><strong>erant,</strong></span> <span class='ocrx_word' id='word_1_278' title='bbox 1595 3380 1951 3447; x_wconf 89' lang='lat' dir='ltr'><strong>superbiendo</strong></span> 
     </span>
    </p>
   </div>
   <div class='ocr_carea' id='block_1_36' title="bbox 365 3459 1951 3539">
    <p class='ocr_par' dir='ltr' id='par_1_36' title="bbox 365 3459 1951 3539">
     <span class='ocr_line' id='line_1_36' title="bbox 365 3459 1951 3539; baseline 0.008 -25"><span class='ocrx_word' id='word_1_279' title='bbox 365 3459 518 3514; x_wconf 79' lang='lat' dir='ltr'><strong>fracti</strong></span> <span class='ocrx_word' id='word_1_280' title='bbox 549 3471 691 3515; x_wconf 90' lang='lat' dir='ltr'><strong>sunt.</strong></span> <span class='ocrx_word' id='word_1_281' title='bbox 722 3462 962 3516; x_wconf 89' lang='lat' dir='ltr'><strong>Oleaster</strong></span> <span class='ocrx_word' id='word_1_282' title='bbox 986 3465 1420 3531; x_wconf 85' lang='lat' dir='ltr'><strong>contemptibilis,</strong></span> <span class='ocrx_word' id='word_1_283' title='bbox 1448 3468 1801 3539; x_wconf 80' lang='lat' dir='ltr'><strong>amaritudine</strong></span> <span class='ocrx_word' id='word_1_284' title='bbox 1826 3472 1951 3526; x_wconf 87' lang='lat' dir='ltr'><strong>bac-</strong></span> 
     </span>
    </p>
   </div>
   <div class='ocr_carea' id='block_1_37' title="bbox 362 3550 1948 3622">
    <p class='ocr_par' dir='ltr' id='par_1_37' title="bbox 362 3550 1948 3622">
     <span class='ocr_line' id='line_1_37' title="bbox 362 3550 1948 3622; baseline 0.006 -17"><span class='ocrx_word' id='word_1_285' title='bbox 362 3565 544 3605; x_wconf 83' lang='lat' dir='ltr'><strong>carum</strong></span> <span class='ocrx_word' id='word_1_286' title='bbox 575 3552 924 3619; x_wconf 88' lang='lat' dir='ltr'><strong>aspernabilis</strong></span> <span class='ocrx_word' id='word_1_287' title='bbox 952 3550 974 3582; x_wconf 68' lang='grc' dir='ltr'>δ</span> <span class='ocrx_word' id='word_1_288' title='bbox 993 3592 1007 3614; x_wconf 92' lang='grc'><em>,</em></span> <span class='ocrx_word' id='word_1_289' title='bbox 1047 3568 1142 3620; x_wconf 90' lang='lat' dir='ltr'><strong>per</strong></span> <span class='ocrx_word' id='word_1_290' title='bbox 1170 3562 1335 3605; x_wconf 88' lang='lat' dir='ltr'><strong>totum</strong></span> <span class='ocrx_word' id='word_1_291' title='bbox 1369 3554 1622 3608; x_wconf 88' lang='lat' dir='ltr'><strong>mundum</strong></span> <span class='ocrx_word' id='word_1_292' title='bbox 1651 3567 1766 3610; x_wconf 88' lang='lat' dir='ltr'><strong>erat</strong></span> <span class='ocrx_word' id='word_1_293' title='bbox 1791 3575 1804 3622; x_wconf 92' lang='lat'>;</span> <span class='ocrx_word' id='word_1_294' title='bbox 1856 3561 1948 3614; x_wconf 92' lang='lat' dir='ltr'><strong>illo</strong></span> 
     </span>
    </p>
   </div>
   <div class='ocr_carea' id='block_1_38' title="bbox 365 3628 1946 3704">
    <p class='ocr_par' dir='ltr' id='par_1_38' title="bbox 365 3628 1946 3704">
     <span class='ocr_line' id='line_1_38' title="bbox 365 3628 1946 3704; baseline 0.008 -13"><span class='ocrx_word' id='word_1_295' title='bbox 365 3649 507 3694; x_wconf 85' lang='lat' dir='ltr'><strong>totus</strong></span> <span class='ocrx_word' id='word_1_296' title='bbox 530 3628 761 3695; x_wconf 81' lang='lat' dir='ltr'><strong>mundus</strong></span> <span class='ocrx_word' id='word_1_297' title='bbox 788 3640 1039 3694; x_wconf 87' lang='lat' dir='ltr'><strong>horrebat</strong></span> <span class='ocrx_word' id='word_1_298' title='bbox 1065 3642 1296 3695; x_wconf 74' lang='lat' dir='ltr'><strong>silvestri</strong></span> <span class='ocrx_word' id='word_1_299' title='bbox 1320 3643 1552 3697; x_wconf 83' lang='lat' dir='ltr'><strong>oleastro</strong></span> <span class='ocrx_word' id='word_1_300' title='bbox 1573 3645 1594 3676; x_wconf 81' lang='grc'><strong><em>⁵</em></strong></span> <span class='ocrx_word' id='word_1_301' title='bbox 1615 3663 1628 3698; x_wconf 94' lang='lat'>:</span> <span class='ocrx_word' id='word_1_302' title='bbox 1652 3647 1744 3701; x_wconf 89' lang='lat' dir='ltr'><strong>sed</strong></span> <span class='ocrx_word' id='word_1_303' title='bbox 1771 3658 1946 3704; x_wconf 90' lang='lat' dir='ltr'><strong>tamen</strong></span> 
     </span>
    </p>
   </div>
   <div class='ocr_carea' id='block_1_39' title="bbox 366 3730 1943 3808">
    <p class='ocr_par' dir='ltr' id='par_1_39' title="bbox 366 3730 1943 3808">
     <span class='ocr_line' id='line_1_39' title="bbox 366 3730 1943 3808; baseline 0.007 -26"><span class='ocrx_word' id='word_1_304' title='bbox 366 3744 461 3798; x_wconf 83' lang='lat' dir='ltr'><strong>per</strong></span> <span class='ocrx_word' id='word_1_305' title='bbox 488 3730 836 3785; x_wconf 86' lang='lat' dir='ltr'><strong>humilitatem</strong></span> <span class='ocrx_word' id='word_1_306' title='bbox 868 3731 937 3784; x_wconf 89' lang='lat' dir='ltr'><strong>ibi</strong></span> <span class='ocrx_word' id='word_1_307' title='bbox 968 3733 1162 3785; x_wconf 86' lang='lat' dir='ltr'><strong>meruit</strong></span> <span class='ocrx_word' id='word_1_308' title='bbox 1193 3732 1349 3787; x_wconf 77' lang='lat' dir='ltr'><strong>inseri</strong></span> <span class='ocrx_word' id='word_1_309' title='bbox 1370 3774 1384 3797; x_wconf 89' lang='lat'><strong>,</strong></span> <span class='ocrx_word' id='word_1_310' title='bbox 1415 3734 1558 3789; x_wconf 89' lang='lat' dir='ltr'><strong>unde</strong></span> <span class='ocrx_word' id='word_1_311' title='bbox 1584 3736 1729 3791; x_wconf 83' lang='lat' dir='ltr'><strong>oliva</strong></span> <span class='ocrx_word' id='word_1_312' title='bbox 1755 3752 1943 3808; x_wconf 89' lang='lat' dir='ltr'><strong>super-</strong></span> 
     </span>
    </p>
   </div>
   <div class='ocr_carea' id='block_1_40' title="bbox 360 3818 1942 3899">
    <p class='ocr_par' dir='ltr' id='par_1_40' title="bbox 360 3818 1942 3899">
     <span class='ocr_line' id='line_1_40' title="bbox 360 3818 1942 3899; baseline 0.007 -25"><span class='ocrx_word' id='word_1_313' title='bbox 360 3819 559 3875; x_wconf 88' lang='lat' dir='ltr'><strong>biendo</strong></span> <span class='ocrx_word' id='word_1_314' title='bbox 588 3819 802 3889; x_wconf 80' lang='lat' dir='ltr'><strong>praicidi</strong></span> <span class='ocrx_word' id='word_1_315' title='bbox 853 3818 1038 3891; x_wconf 86' lang='lat' dir='ltr'><strong>(Rom.</strong></span> <span class='ocrx_word' id='word_1_316' title='bbox 1067 3838 1150 3887; x_wconf 79' lang='lat' dir='ltr'><strong>XI,</strong></span> <span class='ocrx_word' id='word_1_317' title='bbox 1184 3823 1294 3892; x_wconf 81' lang='grc'><strong>17).</strong></span> <span class='ocrx_word' id='word_1_318' title='bbox 1339 3824 1473 3878; x_wconf 79' lang='lat' dir='ltr'><strong>Audi</strong></span> <span class='ocrx_word' id='word_1_319' title='bbox 1520 3827 1710 3881; x_wconf 90' lang='lat' dir='ltr'><strong>olivam</strong></span> <span class='ocrx_word' id='word_1_320' title='bbox 1752 3844 1942 3899; x_wconf 88' lang='lat' dir='ltr'><strong>super-</strong></span> 
     </span>
    </p>
   </div>
   <div class='ocr_carea' id='block_1_41' title="bbox 355 3909 1943 3980">
    <p class='ocr_par' dir='ltr' id='par_1_41' title="bbox 355 3909 1943 3980">
     <span class='ocr_line' id='line_1_41' title="bbox 355 3909 1943 3980; baseline 0.008 -17"><span class='ocrx_word' id='word_1_321' title='bbox 355 3909 629 3975; x_wconf 88' lang='lat' dir='ltr'><strong>bientem,</strong></span> <span class='ocrx_word' id='word_1_322' title='bbox 674 3918 727 3965; x_wconf 88' lang='lat' dir='ltr'><strong>et</strong></span> <span class='ocrx_word' id='word_1_323' title='bbox 774 3909 945 3980; x_wconf 78' lang='lat' dir='ltr'><strong>frangi</strong></span> <span class='ocrx_word' id='word_1_324' title='bbox 986 3910 1243 3980; x_wconf 84' lang='lat' dir='ltr'><strong>dignam:</strong></span> <span class='ocrx_word' id='word_1_325' title='bbox 1279 3911 1390 3967; x_wconf 83' lang='lat' dir='ltr'><strong>Nos</strong></span> <span class='ocrx_word' id='word_1_326' title='bbox 1457 3915 1518 3969; x_wconf 87' lang='lat' dir='ltr'><strong>de</strong></span> <span class='ocrx_word' id='word_1_327' title='bbox 1564 3920 1797 3972; x_wconf 85' lang='lat' dir='ltr'><strong>servitute</strong></span> <span class='ocrx_word' id='word_1_328' title='bbox 1842 3937 1943 3975; x_wconf 87' lang='lat' dir='ltr'><strong>non</strong></span> 
     </span>
    </p>
   </div>
   <div class='ocr_carea' id='block_1_42' title="bbox 354 4001 1933 4076">
    <p class='ocr_par' dir='ltr' id='par_1_42' title="bbox 354 4001 1933 4076">
     <span class='ocr_line' id='line_1_42' title="bbox 354 4001 1933 4076; baseline 0.007 -23"><span class='ocrx_word' id='word_1_329' title='bbox 354 4015 529 4053; x_wconf 79' lang='lat' dir='ltr'><strong>sumus</strong></span> <span class='ocrx_word' id='word_1_330' title='bbox 556 4001 661 4052; x_wconf 87' lang='lat' dir='ltr'><strong>nati</strong></span> <span class='ocrx_word' id='word_1_331' title='bbox 679 4042 694 4066; x_wconf 89' lang='lat'><strong>,</strong></span> <span class='ocrx_word' id='word_1_332' title='bbox 725 4010 919 4071; x_wconf 85' lang='lat' dir='ltr'><strong>patrem</strong></span> <span class='ocrx_word' id='word_1_333' title='bbox 946 4001 1184 4055; x_wconf 82' lang='lat' dir='ltr'><strong>habemus</strong></span> <span class='ocrx_word' id='word_1_334' title='bbox 1214 4003 1487 4057; x_wconf 80' lang='lat' dir='ltr'><strong>Abraham.</strong></span> <span class='ocrx_word' id='word_1_335' title='bbox 1521 4006 1889 4076; x_wconf 78' lang='lat' dir='ltr'><strong>RCSpondetur</strong></span> <span class='ocrx_word' id='word_1_336' title='bbox 1920 4027 1933 4064; x_wconf 90' lang='lat'><strong>:</strong></span> 
     </span>
    </p>
   </div>
   <div class='ocr_carea' id='block_1_43' title="bbox 353 4088 1938 4165">
    <p class='ocr_par' dir='ltr' id='par_1_43' title="bbox 353 4088 1938 4165">
     <span class='ocr_line' id='line_1_43' title="bbox 353 4088 1938 4165; baseline 0.01 -24"><span class='ocrx_word' id='word_1_337' title='bbox 353 4088 416 4142; x_wconf 85' lang='lat' dir='ltr'><strong>Si</strong></span> <span class='ocrx_word' id='word_1_338' title='bbox 444 4090 540 4159; x_wconf 83' lang='lat' dir='ltr'><strong>ﬁlii</strong></span> <span class='ocrx_word' id='word_1_339' title='bbox 570 4091 786 4144; x_wconf 74' lang='lat' dir='ltr'><strong>Abrahae</strong></span> <span class='ocrx_word' id='word_1_340' title='bbox 809 4092 981 4146; x_wconf 84' lang='lat' dir='ltr'><strong>essetis</strong></span> <span class='ocrx_word' id='word_1_341' title='bbox 1002 4132 1016 4155; x_wconf 94' lang='lat'><strong>,</strong></span> <span class='ocrx_word' id='word_1_342' title='bbox 1050 4096 1187 4162; x_wconf 78' lang='lat' dir='ltr'><strong>facta</strong></span> <span class='ocrx_word' id='word_1_343' title='bbox 1217 4094 1435 4149; x_wconf 75' lang='lat' dir='ltr'><strong>Abi-alite</strong></span> <span class='ocrx_word' id='word_1_344' title='bbox 1464 4098 1713 4165; x_wconf 76' lang='lat' dir='ltr'><strong>faceretis.</strong></span> <span class='ocrx_word' id='word_1_345' title='bbox 1745 4099 1938 4157; x_wconf 86' lang='lat' dir='ltr'><strong>Contra</strong></span> 
     </span>
    </p>
   </div>
   <div class='ocr_carea' id='block_1_44' title="bbox 353 4179 1940 4248">
    <p class='ocr_par' dir='ltr' id='par_1_44' title="bbox 353 4179 1940 4248">
     <span class='ocr_line' id='line_1_44' title="bbox 353 4179 1940 4248; baseline 0.008 -15"><span class='ocrx_word' id='word_1_346' title='bbox 353 4179 404 4233; x_wconf 97' lang='lat' dir='ltr'><strong>id</strong></span> <span class='ocrx_word' id='word_1_347' title='bbox 435 4180 576 4248; x_wconf 85' lang='lat' dir='ltr'><strong>quod</strong></span> <span class='ocrx_word' id='word_1_348' title='bbox 609 4180 809 4233; x_wconf 91' lang='lat' dir='ltr'><strong>dictum</strong></span> <span class='ocrx_word' id='word_1_349' title='bbox 842 4191 923 4234; x_wconf 89' lang='lat' dir='ltr'><strong>est</strong></span> <span class='ocrx_word' id='word_1_350' title='bbox 943 4221 957 4244; x_wconf 94' lang='lat'><strong>,</strong></span> <span class='ocrx_word' id='word_1_351' title='bbox 991 4180 1069 4234; x_wconf 87' lang='lat' dir='ltr'><strong>De</strong></span> <span class='ocrx_word' id='word_1_352' title='bbox 1105 4184 1339 4238; x_wconf 85' lang='lat' dir='ltr'><strong>servitute</strong></span> <span class='ocrx_word' id='word_1_353' title='bbox 1370 4202 1471 4239; x_wconf 91' lang='lat' dir='ltr'><strong>non</strong></span> <span class='ocrx_word' id='word_1_354' title='bbox 1498 4204 1672 4241; x_wconf 84' lang='lat' dir='ltr'><strong>smnus</strong></span> <span class='ocrx_word' id='word_1_355' title='bbox 1701 4192 1808 4244; x_wconf 90' lang='lat' dir='ltr'><strong>nati</strong></span> <span class='ocrx_word' id='word_1_356' title='bbox 1834 4207 1853 4245; x_wconf 91' lang='lat'><strong><em>:</em></strong></span> <span class='ocrx_word' id='word_1_357' title='bbox 1878 4192 1940 4248; x_wconf 90' lang='lat' dir='ltr'><strong>Si</strong></span> 
     </span>
    </p>
   </div>
   <div class='ocr_carea' id='block_1_45' title="bbox 350 4269 1936 4338">
    <p class='ocr_par' dir='ltr' id='par_1_45' title="bbox 350 4269 1936 4338">
     <span class='ocr_line' id='line_1_45' title="bbox 350 4269 1936 4338; baseline 0.011 -17"><span class='ocrx_word' id='word_1_358' title='bbox 350 4285 435 4323; x_wconf 85' lang='lat' dir='ltr'><strong>vos</strong></span> <span class='ocrx_word' id='word_1_359' title='bbox 464 4269 632 4323; x_wconf 86' lang='lat' dir='ltr'><strong>Filius</strong></span> <span class='ocrx_word' id='word_1_360' title='bbox 676 4271 992 4335; x_wconf 83' lang='lat' dir='ltr'><strong>liberaverit,</strong></span> <span class='ocrx_word' id='word_1_361' title='bbox 1040 4288 1153 4326; x_wconf 86' lang='lat' dir='ltr'><strong>vere</strong></span> <span class='ocrx_word' id='word_1_362' title='bbox 1196 4274 1339 4327; x_wconf 77' lang='lat' dir='ltr'><strong>liberi</strong></span> <span class='ocrx_word' id='word_1_363' title='bbox 1383 4277 1542 4331; x_wconf 88' lang='lat' dir='ltr'><strong>eritis.</strong></span> <span class='ocrx_word' id='word_1_364' title='bbox 1595 4279 1816 4335; x_wconf 86' lang='lat' dir='ltr'><strong>Liberos</strong></span> <span class='ocrx_word' id='word_1_365' title='bbox 1840 4298 1936 4338; x_wconf 88' lang='lat' dir='ltr'><strong>vos</strong></span> 
     </span>
    </p>
   </div>
   <div class='ocr_carea' id='block_1_46' title="bbox 348 4360 1936 4436">
    <p class='ocr_par' dir='ltr' id='par_1_46' title="bbox 348 4360 1936 4436">
     <span class='ocr_line' id='line_1_46' title="bbox 348 4360 1936 4436; baseline 0.009 -23"><span class='ocrx_word' id='word_1_366' title='bbox 348 4375 469 4415; x_wconf 88' lang='lat' dir='ltr'><strong>esse</strong></span> <span class='ocrx_word' id='word_1_367' title='bbox 506 4360 755 4429; x_wconf 85' lang='lat' dir='ltr'><strong>jactatis?</strong></span> <span class='ocrx_word' id='word_1_368' title='bbox 802 4361 981 4415; x_wconf 83' lang='lat' dir='ltr'><strong>Omnis</strong></span> <span class='ocrx_word' id='word_1_369' title='bbox 1024 4362 1112 4432; x_wconf 89' lang='lat' dir='ltr'><strong>qui</strong></span> <span class='ocrx_word' id='word_1_370' title='bbox 1156 4365 1282 4435; x_wconf 82' lang='lat' dir='ltr'><strong>facit</strong></span> <span class='ocrx_word' id='word_1_371' title='bbox 1314 4378 1573 4436; x_wconf 87' lang='lat' dir='ltr'><strong>peccatum</strong></span> <span class='ocrx_word' id='word_1_372' title='bbox 1598 4411 1613 4435; x_wconf 90' lang='lat'><strong>,</strong></span> <span class='ocrx_word' id='word_1_373' title='bbox 1657 4387 1828 4427; x_wconf 88' lang='lat' dir='ltr'><strong>servus</strong></span> <span class='ocrx_word' id='word_1_374' title='bbox 1863 4384 1936 4429; x_wconf 86' lang='lat' dir='ltr'><strong>est</strong></span> 
     </span>
    </p>
   </div>
   <div class='ocr_carea' id='block_1_47' title="bbox 348 4449 1933 4529">
    <p class='ocr_par' dir='ltr' id='par_1_47' title="bbox 348 4449 1933 4529">
     <span class='ocr_line' id='line_1_47' title="bbox 348 4449 1933 4529; baseline 0.009 -25"><span class='ocrx_word' id='word_1_375' title='bbox 348 4451 534 4521; x_wconf 84' lang='lat' dir='ltr'><strong>peccati</strong></span> <span class='ocrx_word' id='word_1_376' title='bbox 565 4449 743 4521; x_wconf 87' lang='lat' dir='ltr'><strong>(Joan.</strong></span> <span class='ocrx_word' id='word_1_377' title='bbox 771 4467 863 4506; x_wconf 88' lang='lat' dir='ltr'><strong>vui</strong></span> <span class='ocrx_word' id='word_1_378' title='bbox 883 4492 897 4518; x_wconf 92' lang='lat'><strong>,</strong></span> <span class='ocrx_word' id='word_1_379' title='bbox 929 4451 1151 4524; x_wconf 74' lang='lat'><strong>53-59).</strong></span> <span class='ocrx_word' id='word_1_380' title='bbox 1182 4453 1393 4523; x_wconf 87' lang='lat' dir='ltr'><strong>Quanto</strong></span> <span class='ocrx_word' id='word_1_381' title='bbox 1419 4473 1546 4529; x_wconf 79' lang='lat' dir='ltr'><strong>ergo</strong></span> <span class='ocrx_word' id='word_1_382' title='bbox 1578 4461 1741 4515; x_wconf 80' lang='lat' dir='ltr'><strong>tutius</strong></span> <span class='ocrx_word' id='word_1_383' title='bbox 1771 4462 1933 4518; x_wconf 91' lang='lat' dir='ltr'><strong>homo</strong></span> 
     </span>
    </p>
   </div>
   <div class='ocr_carea' id='block_1_48' title="bbox 345 4543 1931 4621">
    <p class='ocr_par' dir='ltr' id='par_1_48' title="bbox 345 4543 1931 4621">
     <span class='ocr_line' id='line_1_48' title="bbox 345 4543 1931 4621; baseline 0.011 -26"><span class='ocrx_word' id='word_1_384' title='bbox 345 4556 530 4595; x_wconf 81' lang='lat' dir='ltr'><strong>servus</strong></span> <span class='ocrx_word' id='word_1_385' title='bbox 580 4557 728 4597; x_wconf 85' lang='lat' dir='ltr'><strong>esses</strong></span> <span class='ocrx_word' id='word_1_386' title='bbox 775 4543 1026 4612; x_wconf 89' lang='lat' dir='ltr'><strong>hominis,</strong></span> <span class='ocrx_word' id='word_1_387' title='bbox 1053 4561 1213 4615; x_wconf 90' lang='lat' dir='ltr'><strong>quam</strong></span> <span class='ocrx_word' id='word_1_388' title='bbox 1260 4562 1524 4617; x_wconf 72' lang='lat' dir='ltr'><strong>perversa:</strong></span> <span class='ocrx_word' id='word_1_389' title='bbox 1576 4553 1931 4621; x_wconf 79' lang='lat' dir='ltr'><strong>cupiditatis?</strong></span> 
     </span>
    </p>
   </div>
   <div class='ocr_carea' id='block_1_49' title="bbox 349 4634 1926 4714">
    <p class='ocr_par' dir='ltr' id='par_1_49' title="bbox 349 4634 1926 4714">
     <span class='ocr_line' id='line_1_49' title="bbox 349 4634 1926 4714; baseline 0.01 -29"><span class='ocrx_word' id='word_1_390' title='bbox 349 4634 424 4686; x_wconf 91' lang='lat' dir='ltr'><strong>llli</strong></span> <span class='ocrx_word' id='word_1_391' title='bbox 479 4644 653 4688; x_wconf 76' lang='lat' dir='ltr'><strong>tamen</strong></span> <span class='ocrx_word' id='word_1_392' title='bbox 709 4636 1069 4704; x_wconf 87' lang='lat' dir='ltr'><strong>superbiendo</strong></span> <span class='ocrx_word' id='word_1_393' title='bbox 1123 4638 1389 4699; x_wconf 67' lang='lat' dir='ltr'><strong>humilem,</strong></span> <span class='ocrx_word' id='word_1_394' title='bbox 1434 4657 1539 4696; x_wconf 84' lang='lat' dir='ltr'><strong>non</strong></span> <span class='ocrx_word' id='word_1_395' title='bbox 1592 4657 1926 4714; x_wconf 89' lang='lat' dir='ltr'><strong>receperunt.</strong></span> 
     </span>
    </p>
   </div>
   <div class='ocr_carea' id='block_1_50' title="bbox 346 4722 1922 4802">
    <p class='ocr_par' dir='ltr' id='par_1_50' title="bbox 346 4722 1922 4802">
     <span class='ocr_line' id='line_1_50' title="bbox 346 4722 1922 4802; baseline 0.01 -27"><span class='ocrx_word' id='word_1_396' title='bbox 346 4722 478 4777; x_wconf 90' lang='lat' dir='ltr'><strong>Vide</strong></span> <span class='ocrx_word' id='word_1_397' title='bbox 513 4724 801 4778; x_wconf 87' lang='lat' dir='ltr'><strong>oleastrum</strong></span> <span class='ocrx_word' id='word_1_398' title='bbox 844 4726 1063 4796; x_wconf 74' lang='lat' dir='ltr'><strong>dignum</strong></span> <span class='ocrx_word' id='word_1_399' title='bbox 1094 4727 1290 4795; x_wconf 88' lang='lat' dir='ltr'><strong>inseri,</strong></span> <span class='ocrx_word' id='word_1_400' title='bbox 1331 4728 1706 4787; x_wconf 89' lang='lat' dir='ltr'><strong>Centurionem</strong></span> <span class='ocrx_word' id='word_1_401' title='bbox 1754 4736 1922 4802; x_wconf 89' lang='lat' dir='ltr'><strong>illum,</strong></span> 
     </span>
    </p>
   </div>
   <div class='ocr_carea' id='block_1_51' title="bbox 343 4811 1926 4892">
    <p class='ocr_par' dir='ltr' id='par_1_51' title="bbox 343 4811 1926 4892">
     <span class='ocr_line' id='line_1_51' title="bbox 343 4811 1926 4892; baseline 0.011 -27"><span class='ocrx_word' id='word_1_402' title='bbox 343 4827 448 4865; x_wconf 88' lang='lat' dir='ltr'><strong>non</strong></span> <span class='ocrx_word' id='word_1_403' title='bbox 479 4811 545 4867; x_wconf 90' lang='lat' dir='ltr'><strong>de</strong></span> <span class='ocrx_word' id='word_1_404' title='bbox 572 4812 877 4869; x_wconf 89' lang='lat' dir='ltr'><strong>lsraeliticis</strong></span> <span class='ocrx_word' id='word_1_405' title='bbox 896 4857 911 4883; x_wconf 92' lang='lat'><strong>,</strong></span> <span class='ocrx_word' id='word_1_406' title='bbox 941 4816 1038 4871; x_wconf 89' lang='lat' dir='ltr'><strong>sed</strong></span> <span class='ocrx_word' id='word_1_407' title='bbox 1076 4816 1145 4873; x_wconf 87' lang='lat' dir='ltr'><strong>de</strong></span> <span class='ocrx_word' id='word_1_408' title='bbox 1174 4818 1470 4874; x_wconf 86' lang='lat' dir='ltr'><strong>Gentilibus</strong></span> <span class='ocrx_word' id='word_1_409' title='bbox 1492 4822 1531 4875; x_wconf 84' lang='grc'><strong>⁶;</strong></span> <span class='ocrx_word' id='word_1_410' title='bbox 1561 4821 1794 4892; x_wconf 87' lang='lat' dir='ltr'><strong>Domine,</strong></span> <span class='ocrx_word' id='word_1_411' title='bbox 1826 4843 1926 4883; x_wconf 87' lang='lat' dir='ltr'><strong>non</strong></span> 
     </span>
    </p>
   </div>
   <div class='ocr_carea' id='block_1_52' title="bbox 342 4904 1922 4977">
    <p class='ocr_par' dir='ltr' id='par_1_52' title="bbox 342 4904 1922 4977">
     <span class='ocr_line' id='line_1_52' title="bbox 342 4904 1922 4977; baseline 0.011 -20"><span class='ocrx_word' id='word_1_412' title='bbox 342 4920 452 4957; x_wconf 86' lang='lat' dir='ltr'><strong>sum</strong></span> <span class='ocrx_word' id='word_1_413' title='bbox 477 4904 659 4977; x_wconf 84' lang='lat' dir='ltr'><strong>dignus</strong></span> <span class='ocrx_word' id='word_1_414' title='bbox 678 4948 692 4973; x_wconf 91' lang='lat'><strong>,</strong></span> <span class='ocrx_word' id='word_1_415' title='bbox 724 4916 778 4962; x_wconf 82' lang='lat' dir='ltr'><strong>ut</strong></span> <span class='ocrx_word' id='word_1_416' title='bbox 807 4908 897 4961; x_wconf 85' lang='lat' dir='ltr'><strong>sub</strong></span> <span class='ocrx_word' id='word_1_417' title='bbox 927 4917 1109 4963; x_wconf 86' lang='lat' dir='ltr'><strong>tectum</strong></span> <span class='ocrx_word' id='word_1_418' title='bbox 1134 4926 1301 4964; x_wconf 89' lang='lat' dir='ltr'><strong>meum</strong></span> <span class='ocrx_word' id='word_1_419' title='bbox 1328 4911 1501 4967; x_wconf 83' lang='lat' dir='ltr'><strong>intres.</strong></span> <span class='ocrx_word' id='word_1_420' title='bbox 1536 4915 1602 4969; x_wconf 80' lang='lat' dir='ltr'><strong>Et</strong></span> <span class='ocrx_word' id='word_1_421' title='bbox 1628 4916 1882 4974; x_wconf 88' lang='lat' dir='ltr'><strong>Dominus</strong></span> <span class='ocrx_word' id='word_1_422' title='bbox 1909 4938 1922 4976; x_wconf 91' lang='lat'><strong>:</strong></span> 
     </span>
    </p>
   </div>
   <div class='ocr_carea' id='block_1_53' title="bbox 401 5038 1922 5167">
    <p class='ocr_par' dir='ltr' id='par_1_53' title="bbox 401 5038 1922 5167">
     <span class='ocr_line' id='line_1_53' title="bbox 402 5038 1856 5125; baseline 0.006 -37"><span class='ocrx_word' id='word_1_423' title='bbox 402 5040 422 5073; x_wconf 73' lang='grc' dir='ltr'>ί</span> <span class='ocrx_word' id='word_1_424' title='bbox 449 5038 577 5089; x_wconf 88' lang='lat' dir='ltr'><strong>Idem</strong></span> <span class='ocrx_word' id='word_1_425' title='bbox 600 5039 753 5091; x_wconf 82' lang='lat' dir='ltr'><strong>codex</strong></span> <span class='ocrx_word' id='word_1_426' title='bbox 777 5040 862 5091; x_wconf 82' lang='lat' dir='ltr'><strong>eL:</strong></span> <span class='ocrx_word' id='word_1_427' title='bbox 884 5039 1010 5091; x_wconf 73' lang='lat' dir='ltr'><strong>Audi</strong></span> <span class='ocrx_word' id='word_1_428' title='bbox 1023 5047 1216 5106; x_wconf 84' lang='lat' dir='ltr'><strong>propter</strong></span> <span class='ocrx_word' id='word_1_429' title='bbox 1239 5055 1357 5116; x_wconf 76' lang='lat' dir='ltr'><strong>quos</strong></span> <span class='ocrx_word' id='word_1_430' title='bbox 1368 5043 1568 5098; x_wconf 80' lang='lat' dir='ltr'><strong>venerit.</strong></span> <span class='ocrx_word' id='word_1_431' title='bbox 1847 5114 1856 5125; x_wconf 82' lang='lat'><em>_</em></span> 
     </span>
     <span class='ocr_line' id='line_1_54' title="bbox 401 5101 1922 5167; baseline 0.011 -19"><span class='ocrx_word' id='word_1_432' title='bbox 401 5101 582 5167; x_wconf 77' lang='lat' dir='ltr'><strong>&#39;_lllud,</strong></span> <span class='ocrx_word' id='word_1_433' title='bbox 606 5108 652 5153; x_wconf 87' lang='lat' dir='ltr'><strong>et</strong></span> <span class='ocrx_word' id='word_1_434' title='bbox 691 5102 768 5154; x_wconf 88' lang='lat' dir='ltr'><strong>sui</strong></span> <span class='ocrx_word' id='word_1_435' title='bbox 800 5109 1106 5167; x_wconf 81' lang='lat' dir='ltr'><strong>receperunt,</strong></span> <span class='ocrx_word' id='word_1_436' title='bbox 1143 5113 1416 5167; x_wconf 78' lang='lat' dir='ltr'><strong>restituitur</strong></span> <span class='ocrx_word' id='word_1_437' title='bbox 1440 5121 1505 5158; x_wconf 84' lang='lat' dir='ltr'><strong>ex</strong></span> <span class='ocrx_word' id='word_1_438' title='bbox 1545 5110 1720 5160; x_wconf 89' lang='lat' dir='ltr'><strong>eodem</strong></span> <span class='ocrx_word' id='word_1_439' title='bbox 1753 5113 1922 5165; x_wconf 87' lang='lat' dir='ltr'><strong>codice</strong></span> 
     </span>
    </p>
   </div>
   <div class='ocr_carea' id='block_1_54' title="bbox 337 5137 1920 5287">
    <p class='ocr_par' dir='ltr' id='par_1_54' title="bbox 337 5137 1920 5287">
     <span class='ocr_line' id='line_1_55' title="bbox 439 5137 1920 5181; baseline 0.01 -33"><span class='ocrx_word' id='word_1_440' title='bbox 439 5137 582 5162; x_wconf 69' lang='lat' dir='ltr'><strong>u-uu,</strong></span> <span class='ocrx_word' id='word_1_441' title='bbox 606 5137 651 5153; x_wconf 65' lang='grc' dir='ltr'><strong>ιν</strong></span> <span class='ocrx_word' id='word_1_442' title='bbox 691 5137 768 5154; x_wconf 67' lang='grc' dir='ltr'><strong>σμ’</strong></span> <span class='ocrx_word' id='word_1_443' title='bbox 801 5137 983 5167; x_wconf 72' lang='grc' dir='ltr'><strong>ιιιινμνι</strong></span> <span class='ocrx_word' id='word_1_444' title='bbox 999 5137 1106 5163; x_wconf 72' lang='lat' dir='ltr'><strong>ww,</strong></span> <span class='ocrx_word' id='word_1_445' title='bbox 1145 5137 1406 5157; x_wconf 68' lang='lat' dir='ltr'><strong>Iwuuuswl</strong></span> <span class='ocrx_word' id='word_1_446' title='bbox 1440 5137 1505 5180; x_wconf 54' lang='lat' dir='ltr'><strong>UA.</strong></span> <span class='ocrx_word' id='word_1_447' title='bbox 1541 5137 1720 5181; x_wconf 56' lang='lat' dir='ltr'><strong>.CUUUIII</strong></span> <span class='ocrx_word' id='word_1_448' title='bbox 1753 5137 1920 5165; x_wconf 74' lang='grc' dir='ltr'>ωυιυυ</span> 
     </span>
     <span class='ocr_line' id='line_1_56' title="bbox 337 5160 1621 5244; baseline 0.005 -30"><span class='ocrx_word' id='word_1_449' title='bbox 337 5160 400 5214; x_wconf 83' lang='lat' dir='ltr'><strong>cl.</strong></span> <span class='ocrx_word' id='word_1_450' title='bbox 424 5163 533 5225; x_wconf 86' lang='lat' dir='ltr'><strong>[sui</strong></span> <span class='ocrx_word' id='word_1_451' title='bbox 561 5177 654 5214; x_wconf 89' lang='lat' dir='ltr'><strong>non</strong></span> <span class='ocrx_word' id='word_1_452' title='bbox 676 5172 955 5228; x_wconf 88' lang='lat' dir='ltr'><strong>receperunt</strong></span> <span class='ocrx_word' id='word_1_453' title='bbox 973 5201 987 5225; x_wconf 90' lang='lat'><strong>,</strong></span> <span class='ocrx_word' id='word_1_454' title='bbox 1010 5165 1217 5217; x_wconf 88' lang='lat' dir='ltr'><strong>mundus</strong></span> <span class='ocrx_word' id='word_1_455' title='bbox 1251 5180 1344 5218; x_wconf 88' lang='lat' dir='ltr'><strong>non</strong></span> <span class='ocrx_word' id='word_1_456' title='bbox 1361 5169 1621 5244; x_wconf 47' lang='lat' dir='ltr'><strong>credidi“</strong></span> 
     </span>
     <span class='ocr_line' id='line_1_57' title="bbox 399 5226 1920 5287; baseline 0.011 -16"><span class='ocrx_word' id='word_1_457' title='bbox 399 5226 557 5287; x_wconf 54' lang='grc' dir='ltr'><strong>ἒνοι,</strong></span> <span class='ocrx_word' id='word_1_458' title='bbox 582 5227 703 5287; x_wconf 86' lang='lat' dir='ltr'><strong>eius,</strong></span> <span class='ocrx_word' id='word_1_459' title='bbox 728 5226 808 5287; x_wconf 87' lang='lat' dir='ltr'><strong>hic</strong></span> <span class='ocrx_word' id='word_1_460' title='bbox 840 5229 1112 5287; x_wconf 86' lang='lat' dir='ltr'><strong>restituitur</strong></span> <span class='ocrx_word' id='word_1_461' title='bbox 1158 5242 1220 5279; x_wconf 78' lang='lat' dir='ltr'><strong>ex</strong></span> <span class='ocrx_word' id='word_1_462' title='bbox 1263 5232 1438 5280; x_wconf 84' lang='lat' dir='ltr'><strong>eodem</strong></span> <span class='ocrx_word' id='word_1_463' title='bbox 1481 5234 1647 5284; x_wconf 79' lang='lat' dir='ltr'><strong>codice</strong></span> <span class='ocrx_word' id='word_1_464' title='bbox 1688 5234 1750 5283; x_wconf 84' lang='lat' dir='ltr'><strong>el.</strong></span> <span class='ocrx_word' id='word_1_465' title='bbox 1775 5236 1920 5287; x_wconf 65' lang='lat' dir='ltr'><strong>[mae</strong></span> 
     </span>
    </p>
   </div>
   <div class='ocr_carea' id='block_1_55' title="bbox 337 5226 1891 5369">
    <p class='ocr_par' dir='ltr' id='par_1_55' title="bbox 337 5226 1891 5369">
     <span class='ocr_line' id='line_1_58' title="bbox 401 5226 1891 5301; baseline 0.01 -30"><span class='ocrx_word' id='word_1_466' title='bbox 401 5226 422 5259; x_wconf 79' lang='grc'><strong><em>³</em></strong></span> <span class='ocrx_word' id='word_1_467' title='bbox 443 5235 557 5289; x_wconf 78' lang='lat' dir='ltr'><strong>vox,</strong></span> <span class='ocrx_word' id='word_1_468' title='bbox 582 5227 703 5288; x_wconf 86' lang='lat' dir='ltr'><strong>eius,</strong></span> <span class='ocrx_word' id='word_1_469' title='bbox 728 5226 808 5275; x_wconf 84' lang='lat' dir='ltr'><strong>hic</strong></span> <span class='ocrx_word' id='word_1_470' title='bbox 840 5229 1112 5276; x_wconf 87' lang='lat' dir='ltr'><strong>restituitur</strong></span> <span class='ocrx_word' id='word_1_471' title='bbox 1136 5242 1220 5297; x_wconf 40' lang='lat' dir='ltr'><strong>.ex</strong></span> <span class='ocrx_word' id='word_1_472' title='bbox 1263 5232 1438 5280; x_wconf 84' lang='lat' dir='ltr'><strong>eodem</strong></span> <span class='ocrx_word' id='word_1_473' title='bbox 1481 5226 1647 5284; x_wconf 74' lang='lat' dir='ltr'><strong>codice</strong></span> <span class='ocrx_word' id='word_1_474' title='bbox 1688 5234 1750 5283; x_wconf 84' lang='lat' dir='ltr'><strong>el.</strong></span> <span class='ocrx_word' id='word_1_475' title='bbox 1775 5236 1891 5301; x_wconf 71' lang='lat' dir='ltr'><strong>[Erg</strong></span> 
     </span>
     <span class='ocr_line' id='line_1_59' title="bbox 337 5286 1870 5369; baseline 0 0"><span class='ocrx_word' id='word_1_476' title='bbox 337 5286 1294 5369; x_wconf 49' lang='lat' dir='ltr'><strong>ﬁdfiﬁi‘ifﬁﬂ&#39;ﬁ.‘I‘EC‘OLeiEI.&#39;f§J.__</strong></span> <span class='ocrx_word' id='word_1_477' title='bbox 1315 5351 1337 5369; x_wconf 55' lang='grc' dir='ltr'>ι</span> <span class='ocrx_word' id='word_1_478' title='bbox 1352 5366 1396 5369; x_wconf 15' lang='grc' dir='ltr'><strong>ξ,</strong></span> <span class='ocrx_word' id='word_1_479' title='bbox 1412 5366 1425 5369; x_wconf 75' lang='grc'><em>,</em></span> <span class='ocrx_word' id='word_1_480' title='bbox 1540 5368 1561 5369; x_wconf 59' lang='lat'><strong><em>,,</em></strong></span> <span class='ocrx_word' id='word_1_481' title='bbox 1794 5357 1804 5369; x_wconf 95' lang='lat'><strong>.</strong></span> 
     </span>
    </p>
   </div>
   <div class='ocr_carea' id='block_1_56' title="bbox 398 5346 1918 5423">
    <p class='ocr_par' dir='ltr' id='par_1_56' title="bbox 398 5346 1918 5423">
     <span class='ocr_line' id='line_1_60' title="bbox 398 5346 1918 5423; baseline 0.013 -33"><span class='ocrx_word' id='word_1_482' title='bbox 398 5346 419 5423; x_wconf 57' lang='grc' dir='ltr'><strong>ς</strong></span> <span class='ocrx_word' id='word_1_483' title='bbox 434 5351 482 5394; x_wconf 91' lang='lat' dir='ltr'><strong>in</strong></span> <span class='ocrx_word' id='word_1_484' title='bbox 503 5346 676 5420; x_wconf 73' lang='lat' dir='ltr'><strong>eodem</strong></span> <span class='ocrx_word' id='word_1_485' title='bbox 690 5350 856 5423; x_wconf 71' lang='lat' dir='ltr'><strong>codice</strong></span> <span class='ocrx_word' id='word_1_486' title='bbox 874 5347 956 5409; x_wconf 81' lang='lat' dir='ltr'><strong>eL,</strong></span> <span class='ocrx_word' id='word_1_487' title='bbox 974 5346 1295 5423; x_wconf 62' lang='lat' dir='ltr'><strong>amaritudine</strong></span> <span class='ocrx_word' id='word_1_488' title='bbox 1311 5351 1568 5423; x_wconf 70' lang='lat' dir='ltr'><strong>baccarum</strong></span> <span class='ocrx_word' id='word_1_489' title='bbox 1581 5357 1918 5423; x_wconf 84' lang='lat' dir='ltr'><strong>aspernabilis;</strong></span> 
     </span>
    </p>
   </div>
   <div class='ocr_carea' id='block_1_57' title="bbox 337 5405 1918 5483">
    <p class='ocr_par' dir='ltr' id='par_1_57' title="bbox 337 5405 1918 5483">
     <span class='ocr_line' id='line_1_61' title="bbox 337 5405 1918 5483; baseline 0.013 -32"><span class='ocrx_word' id='word_1_490' title='bbox 337 5405 417 5483; x_wconf 53' lang='lat' dir='ltr'><strong>ut}!</strong></span> <span class='ocrx_word' id='word_1_491' title='bbox 451 5409 746 5483; x_wconf 65' lang='lat' dir='ltr'><strong>scripsimus,</strong></span> <span class='ocrx_word' id='word_1_492' title='bbox 778 5405 1056 5461; x_wconf 79' lang='lat' dir='ltr'><strong>baccarum.</strong></span> <span class='ocrx_word' id='word_1_493' title='bbox 1079 5411 1429 5474; x_wconf 66' lang='lat' dir='ltr'><strong>[antaritudine</strong></span> <span class='ocrx_word' id='word_1_494' title='bbox 1454 5405 1918 5483; x_wconf 61' lang='lat' dir='ltr'><strong>batorui&#39;nasperna:</strong></span> 
     </span>
    </p>
   </div>
   <div class='ocr_carea' id='block_1_58' title="bbox 334 5463 1917 5607">
    <p class='ocr_par' dir='ltr' id='par_1_58' title="bbox 334 5463 1917 5607">
     <span class='ocr_line' id='line_1_62' title="bbox 334 5463 1917 5607; baseline 0.011 -31"><span class='ocrx_word' id='word_1_495' title='bbox 334 5463 572 5607; x_wconf 49' lang='grc' dir='ltr'>Μέδίῆωέ</span> <span class='ocrx_word' id='word_1_496' title='bbox 594 5530 1035 5607; x_wconf 50' lang='grc' dir='ltr'><strong>εἰιρρξεινὶ.θιςειιδετνς)ἱ</strong></span> <span class='ocrx_word' id='word_1_497' title='bbox 1057 5533 1245 5607; x_wconf 69' lang='lat' dir='ltr'><strong>additur</strong></span> <span class='ocrx_word' id='word_1_498' title='bbox 1263 5549 1327 5586; x_wconf 80' lang='lat' dir='ltr'><strong>ex</strong></span> <span class='ocrx_word' id='word_1_499' title='bbox 1344 5537 1519 5589; x_wconf 78' lang='lat' dir='ltr'><strong>eodem</strong></span> <span class='ocrx_word' id='word_1_500' title='bbox 1541 5540 1706 5591; x_wconf 89' lang='lat' dir='ltr'><strong>codice</strong></span> <span class='ocrx_word' id='word_1_501' title='bbox 1729 5542 1790 5592; x_wconf 91' lang='lat' dir='ltr'><strong>cl.</strong></span> <span class='ocrx_word' id='word_1_502' title='bbox 1814 5544 1917 5607; x_wconf 78' lang='grc' dir='ltr'><strong>[Το-</strong></span> 
     </span>
    </p>
   </div>
   <div class='ocr_carea' id='block_1_59' title="bbox 333 5591 1893 5673">
    <p class='ocr_par' dir='ltr' id='par_1_59' title="bbox 333 5591 1893 5673">
     <span class='ocr_line' id='line_1_63' title="bbox 333 5591 1893 5673; baseline 0.009 -33"><span class='ocrx_word' id='word_1_503' title='bbox 333 5591 1000 5673; x_wconf 46' lang='grc' dir='ltr'><strong>ιγξνξξξιηάυδρρςζεὺιζξςεεᾳ</strong></span> <span class='ocrx_word' id='word_1_504' title='bbox 1611 5662 1622 5673; x_wconf 81' lang='lat'>_</span> <span class='ocrx_word' id='word_1_505' title='bbox 1691 5591 1749 5673; x_wconf 22' lang='grc' dir='ltr'><strong>,ί</strong></span> 
     </span>
    </p>
   </div>
   <div class='ocr_carea' id='block_1_60' title="bbox 331 5650 1913 5765">
    <p class='ocr_par' dir='ltr' id='par_1_60' title="bbox 331 5650 1913 5765">
     <span class='ocr_line' id='line_1_64' title="bbox 331 5650 1913 5761; baseline 0.009 -60"><span class='ocrx_word' id='word_1_506' title='bbox 331 5712 357 5761; x_wconf 55' lang='lat' dir='ltr'><strong><em>b</em></strong></span> <span class='ocrx_word' id='word_1_507' title='bbox 394 5650 413 5682; x_wconf 82' lang='grc'><strong><em>⁸</em></strong></span> <span class='ocrx_word' id='word_1_508' title='bbox 440 5653 571 5703; x_wconf 84' lang='lat' dir='ltr'><strong>idem</strong></span> <span class='ocrx_word' id='word_1_509' title='bbox 621 5655 776 5704; x_wconf 82' lang='lat' dir='ltr'><strong>codex</strong></span> <span class='ocrx_word' id='word_1_510' title='bbox 828 5650 925 5717; x_wconf 66' lang='grc' dir='ltr'><strong>(ξιξ,</strong></span> <span class='ocrx_word' id='word_1_511' title='bbox 971 5670 1066 5708; x_wconf 87' lang='lat' dir='ltr'><strong>non</strong></span> <span class='ocrx_word' id='word_1_512' title='bbox 1112 5658 1176 5709; x_wconf 86' lang='lat' dir='ltr'><strong>de</strong></span> <span class='ocrx_word' id='word_1_513' title='bbox 1215 5650 1483 5722; x_wconf 69' lang='lat' dir='ltr'><strong>&#39;Israelitts,</strong></span> <span class='ocrx_word' id='word_1_514' title='bbox 1537 5662 1622 5713; x_wconf 79' lang='lat' dir='ltr'><strong>sed</strong></span> <span class='ocrx_word' id='word_1_515' title='bbox 1668 5664 1730 5715; x_wconf 85' lang='lat' dir='ltr'><strong>de</strong></span> <span class='ocrx_word' id='word_1_516' title='bbox 1762 5665 1913 5717; x_wconf 76' lang='lat' dir='ltr'><strong>ccuti-</strong></span> 
     </span>
     <span class='ocr_line' id='line_1_65' title="bbox 364 5728 429 5765; baseline 0.046 -3"><span class='ocrx_word' id='word_1_517' title='bbox 364 5728 429 5765; x_wconf 76' lang='lat' dir='ltr'><strong>us.</strong></span> 
     </span>
    </p>
   </div>
   <div class='ocr_carea' id='block_1_61' title="bbox 1634 271 2431 338">
    <p class='ocr_par' dir='ltr' id='par_1_61' title="bbox 1634 271 2431 338">
     <span class='ocr_line' id='line_1_66' title="bbox 1634 271 2431 338; baseline 0.015 -12"><span class='ocrx_word' id='word_1_518' title='bbox 1634 273 1689 327; x_wconf 84' lang='lat' dir='ltr'><strong>S.</strong></span> <span class='ocrx_word' id='word_1_519' title='bbox 1732 271 2091 329; x_wconf 79' lang='lat' dir='ltr'><strong>AUGUSTINI</strong></span> <span class='ocrx_word' id='word_1_520' title='bbox 2133 276 2431 338; x_wconf 84' lang='lat' dir='ltr'><strong>EPlSCOPl</strong></span> 
     </span>
    </p>
   </div>
   <div class='ocr_carea' id='block_1_62' title="bbox 3538 308 3669 366">
    <p class='ocr_par' dir='ltr' id='par_1_62' title="bbox 3538 308 3669 366">
     <span class='ocr_line' id='line_1_67' title="bbox 3538 308 3669 366; baseline 0.023 -3"><span class='ocrx_word' id='word_1_521' title='bbox 3538 308 3669 366; x_wconf 72' lang='grc' dir='ltr'><strong>15υηῦ</strong></span> 
     </span>
    </p>
   </div>
   <div class='ocr_carea' id='block_1_63' title="bbox 2093 391 3673 483">
    <p class='ocr_par' dir='ltr' id='par_1_63' title="bbox 2093 391 3673 483">
     <span class='ocr_line' id='line_1_68' title="bbox 2093 391 3673 483; baseline 0.022 -40"><span class='ocrx_word' id='word_1_522' title='bbox 2093 391 2251 446; x_wconf 82' lang='lat' dir='ltr'><strong>Amen</strong></span> <span class='ocrx_word' id='word_1_523' title='bbox 2297 394 2409 450; x_wconf 83' lang='lat' dir='ltr'><strong>dico</strong></span> <span class='ocrx_word' id='word_1_524' title='bbox 2452 399 2618 465; x_wconf 86' lang='lat' dir='ltr'><strong>vobis,</strong></span> <span class='ocrx_word' id='word_1_525' title='bbox 2665 418 2763 457; x_wconf 88' lang='lat' dir='ltr'><strong>non</strong></span> <span class='ocrx_word' id='word_1_526' title='bbox 2809 404 2976 462; x_wconf 85' lang='lat' dir='ltr'><strong>inveni</strong></span> <span class='ocrx_word' id='word_1_527' title='bbox 2999 417 3192 465; x_wconf 83' lang='lat' dir='ltr'><strong>tantam</strong></span> <span class='ocrx_word' id='word_1_528' title='bbox 3224 416 3374 483; x_wconf 79' lang='lat' dir='ltr'><strong>fidem</strong></span> <span class='ocrx_word' id='word_1_529' title='bbox 3406 419 3459 472; x_wconf 88' lang='lat' dir='ltr'><strong>in</strong></span> <span class='ocrx_word' id='word_1_530' title='bbox 3489 416 3673 482; x_wconf 70' lang='lat' dir='ltr'><strong>Issaei.</strong></span> 
     </span>
    </p>
   </div>
   <div class='ocr_carea' id='block_1_64' title="bbox 2093 479 3677 585">
    <p class='ocr_par' dir='ltr' id='par_1_64' title="bbox 2093 479 3677 585">
     <span class='ocr_line' id='line_1_69' title="bbox 2093 479 3677 585; baseline 0.022 -50"><span class='ocrx_word' id='word_1_531' title='bbox 2093 479 2149 536; x_wconf 89' lang='lat' dir='ltr'><strong>In</strong></span> <span class='ocrx_word' id='word_1_532' title='bbox 2180 482 2318 538; x_wconf 77' lang='lat' dir='ltr'><strong>oliva</strong></span> <span class='ocrx_word' id='word_1_533' title='bbox 2362 502 2467 541; x_wconf 90' lang='lat' dir='ltr'><strong>non</strong></span> <span class='ocrx_word' id='word_1_534' title='bbox 2516 490 2691 546; x_wconf 87' lang='lat' dir='ltr'><strong>iiiveiii</strong></span> <span class='ocrx_word' id='word_1_535' title='bbox 2733 497 2873 565; x_wconf 89' lang='lat' dir='ltr'><strong>quod</strong></span> <span class='ocrx_word' id='word_1_536' title='bbox 2906 500 3078 555; x_wconf 82' lang='lat' dir='ltr'><strong>inveni</strong></span> <span class='ocrx_word' id='word_1_537' title='bbox 3126 505 3177 558; x_wconf 90' lang='lat' dir='ltr'><strong>in</strong></span> <span class='ocrx_word' id='word_1_538' title='bbox 3228 507 3480 565; x_wconf 87' lang='lat' dir='ltr'><strong>oleastro.</strong></span> <span class='ocrx_word' id='word_1_539' title='bbox 3534 512 3677 585; x_wconf 77' lang='lat' dir='ltr'><strong>Ergo</strong></span> 
     </span>
    </p>
   </div>
   <div class='ocr_carea' id='block_1_65' title="bbox 2090 571 3668 659">
    <p class='ocr_par' dir='ltr' id='par_1_65' title="bbox 2090 571 3668 659">
     <span class='ocr_line' id='line_1_70' title="bbox 2090 571 3668 659; baseline 0.023 -35"><span class='ocrx_word' id='word_1_540' title='bbox 2090 571 2229 628; x_wconf 76' lang='lat' dir='ltr'><strong>oliva</strong></span> <span class='ocrx_word' id='word_1_541' title='bbox 2256 578 2570 645; x_wconf 91' lang='lat' dir='ltr'><strong>superbicns</strong></span> <span class='ocrx_word' id='word_1_542' title='bbox 2601 585 2940 654; x_wconf 59' lang='lat' dir='ltr'><strong>praecidatur,</strong></span> <span class='ocrx_word' id='word_1_543' title='bbox 2965 596 3196 648; x_wconf 83' lang='lat' dir='ltr'><strong>oleaster</strong></span> <span class='ocrx_word' id='word_1_544' title='bbox 3225 598 3438 654; x_wconf 88' lang='lat' dir='ltr'><strong>humilis</strong></span> <span class='ocrx_word' id='word_1_545' title='bbox 3470 602 3668 659; x_wconf 81' lang='lat' dir='ltr'><strong>insera-</strong></span> 
     </span>
    </p>
   </div>
   <div class='ocr_carea' id='block_1_66' title="bbox 2090 665 3674 765">
    <p class='ocr_par' dir='ltr' id='par_1_66' title="bbox 2090 665 3674 765">
     <span class='ocr_line' id='line_1_71' title="bbox 2090 665 3674 765; baseline 0.021 -49"><span class='ocrx_word' id='word_1_546' title='bbox 2090 670 2195 718; x_wconf 89' lang='lat' dir='ltr'><strong>tur.</strong></span> <span class='ocrx_word' id='word_1_547' title='bbox 2228 665 2360 723; x_wconf 89' lang='lat' dir='ltr'><strong>Vide</strong></span> <span class='ocrx_word' id='word_1_548' title='bbox 2388 668 2711 729; x_wconf 87' lang='lat' dir='ltr'><strong>inserentem</strong></span> <span class='ocrx_word' id='word_1_549' title='bbox 2732 718 2746 742; x_wconf 91' lang='lat'><strong>,</strong></span> <span class='ocrx_word' id='word_1_550' title='bbox 2791 679 2911 733; x_wconf 92' lang='lat' dir='ltr'><strong>vide</strong></span> <span class='ocrx_word' id='word_1_551' title='bbox 2939 684 3316 751; x_wconf 67' lang='lat' dir='ltr'><strong>praeeideutem</strong></span> <span class='ocrx_word' id='word_1_552' title='bbox 3345 707 3359 744; x_wconf 94' lang='lat'><strong>:</strong></span> <span class='ocrx_word' id='word_1_553' title='bbox 3394 691 3674 765; x_wconf 76' lang='lat' dir='ltr'><strong>PrOpterea</strong></span> 
     </span>
    </p>
   </div>
   <div class='ocr_carea' id='block_1_67' title="bbox 2087 752 3668 851">
    <p class='ocr_par' dir='ltr' id='par_1_67' title="bbox 2087 752 3668 851">
     <span class='ocr_line' id='line_1_72' title="bbox 2087 752 3668 851; baseline 0.023 -47"><span class='ocrx_word' id='word_1_554' title='bbox 2087 752 2200 807; x_wconf 86' lang='lat' dir='ltr'><strong>dico</strong></span> <span class='ocrx_word' id='word_1_555' title='bbox 2227 756 2362 813; x_wconf 88' lang='lat' dir='ltr'><strong>vobis</strong></span> <span class='ocrx_word' id='word_1_556' title='bbox 2386 801 2400 825; x_wconf 92' lang='lat'><strong>,</strong></span> <span class='ocrx_word' id='word_1_557' title='bbox 2444 762 2563 831; x_wconf 87' lang='lat' dir='ltr'><strong>quia</strong></span> <span class='ocrx_word' id='word_1_558' title='bbox 2592 766 2739 820; x_wconf 90' lang='lat' dir='ltr'><strong>multi</strong></span> <span class='ocrx_word' id='word_1_559' title='bbox 2767 768 2828 822; x_wconf 86' lang='lat' dir='ltr'><strong>ab</strong></span> <span class='ocrx_word' id='word_1_560' title='bbox 2854 771 3042 826; x_wconf 73' lang='lat' dir='ltr'><strong>oriente</strong></span> <span class='ocrx_word' id='word_1_561' title='bbox 3076 784 3123 828; x_wconf 92' lang='lat' dir='ltr'><strong>et</strong></span> <span class='ocrx_word' id='word_1_562' title='bbox 3154 779 3406 834; x_wconf 88' lang='lat' dir='ltr'><strong>occidente</strong></span> <span class='ocrx_word' id='word_1_563' title='bbox 3441 786 3668 851; x_wconf 79' lang='lat' dir='ltr'><strong>venient;</strong></span> 
     </span>
    </p>
   </div>
   <div class='ocr_carea' id='block_1_68' title="bbox 2087 847 3671 939">
    <p class='ocr_par' dir='ltr' id='par_1_68' title="bbox 2087 847 3671 939">
     <span class='ocr_line' id='line_1_73' title="bbox 2087 847 3671 939; baseline 0.023 -41"><span class='ocrx_word' id='word_1_564' title='bbox 2087 847 2283 902; x_wconf 92' lang='lat' dir='ltr'><strong>multus</strong></span> <span class='ocrx_word' id='word_1_565' title='bbox 2306 853 2481 908; x_wconf 82' lang='lat' dir='ltr'><strong>veniet</strong></span> <span class='ocrx_word' id='word_1_566' title='bbox 2507 856 2739 913; x_wconf 91' lang='lat' dir='ltr'><strong>oleaster</strong></span> <span class='ocrx_word' id='word_1_567' title='bbox 2770 861 3083 921; x_wconf 87' lang='lat' dir='ltr'><strong>inserendus</strong></span> <span class='ocrx_word' id='word_1_568' title='bbox 3112 868 3163 922; x_wconf 92' lang='lat' dir='ltr'><strong>in</strong></span> <span class='ocrx_word' id='word_1_569' title='bbox 3192 871 3330 927; x_wconf 81' lang='lat' dir='ltr'><strong>oliva</strong></span> <span class='ocrx_word' id='word_1_570' title='bbox 3358 890 3373 939; x_wconf 91' lang='lat'>;</span> <span class='ocrx_word' id='word_1_571' title='bbox 3406 888 3451 929; x_wconf 87' lang='lat' dir='ltr'><strong>et</strong></span> <span class='ocrx_word' id='word_1_572' title='bbox 3474 871 3671 933; x_wconf 73' lang='lat' dir='ltr'><strong>recum-</strong></span> 
     </span>
    </p>
   </div>
   <div class='ocr_carea' id='block_1_69' title="bbox 2083 1118 3670 1211">
    <p class='ocr_par' dir='ltr' id='par_1_69' title="bbox 2083 1118 3670 1211">
     <span class='ocr_line' id='line_1_74' title="bbox 2083 1118 3670 1211; baseline 0.023 -42"><span class='ocrx_word' id='word_1_573' title='bbox 2083 1118 2205 1172; x_wconf 89' lang='lat' dir='ltr'><strong>audi</strong></span> <span class='ocrx_word' id='word_1_574' title='bbox 2232 1125 2680 1196; x_wconf 86' lang='lat' dir='ltr'><strong>quemadmodum</strong></span> <span class='ocrx_word' id='word_1_575' title='bbox 2710 1132 2848 1188; x_wconf 83' lang='lat' dir='ltr'><strong>oliva</strong></span> <span class='ocrx_word' id='word_1_576' title='bbox 2889 1138 3118 1206; x_wconf 87' lang='lat' dir='ltr'><strong>superba</strong></span> <span class='ocrx_word' id='word_1_577' title='bbox 3150 1145 3507 1211; x_wconf 68' lang='lat' dir='ltr'><strong>prmcidatur:</strong></span> <span class='ocrx_word' id='word_1_578' title='bbox 3541 1118 3670 1205; x_wconf 80' lang='lat' dir='ltr'><strong>Filii</strong></span> 
     </span>
    </p>
   </div>
   <div class='ocr_carea' id='block_1_70' title="bbox 2082 1215 3671 1309">
    <p class='ocr_par' dir='ltr' id='par_1_70' title="bbox 2082 1215 3671 1309">
     <span class='ocr_line' id='line_1_75' title="bbox 2082 1215 3671 1309; baseline 0.022 -50"><span class='ocrx_word' id='word_1_579' title='bbox 2082 1219 2247 1263; x_wconf 89' lang='lat' dir='ltr'><strong>autem</strong></span> <span class='ocrx_word' id='word_1_580' title='bbox 2276 1215 2417 1284; x_wconf 88' lang='lat' dir='ltr'><strong>regni</strong></span> <span class='ocrx_word' id='word_1_581' title='bbox 2444 1217 2585 1271; x_wconf 87' lang='lat' dir='ltr'><strong>ibunt</strong></span> <span class='ocrx_word' id='word_1_582' title='bbox 2613 1219 2665 1273; x_wconf 85' lang='lat' dir='ltr'><strong>in</strong></span> <span class='ocrx_word' id='word_1_583' title='bbox 2711 1222 2936 1278; x_wconf 86' lang='lat' dir='ltr'><strong>tenebras</strong></span> <span class='ocrx_word' id='word_1_584' title='bbox 2962 1231 3271 1297; x_wconf 73' lang='lat' dir='ltr'><strong>exteriores;</strong></span> <span class='ocrx_word' id='word_1_585' title='bbox 3300 1236 3368 1288; x_wconf 88' lang='lat' dir='ltr'><strong>ibi</strong></span> <span class='ocrx_word' id='word_1_586' title='bbox 3394 1239 3487 1290; x_wconf 84' lang='lat' dir='ltr'><strong>erit</strong></span> <span class='ocrx_word' id='word_1_587' title='bbox 3515 1242 3671 1309; x_wconf 79' lang='lat' dir='ltr'><strong>ﬂetus</strong></span> 
     </span>
    </p>
   </div>
   <div class='ocr_carea' id='block_1_71' title="bbox 2082 1303 3664 1397">
    <p class='ocr_par' dir='ltr' id='par_1_71' title="bbox 2082 1303 3664 1397">
     <span class='ocr_line' id='line_1_76' title="bbox 2082 1303 3664 1397; baseline 0.022 -46"><span class='ocrx_word' id='word_1_588' title='bbox 2082 1309 2130 1352; x_wconf 87' lang='lat' dir='ltr'><strong>et</strong></span> <span class='ocrx_word' id='word_1_589' title='bbox 2172 1303 2359 1356; x_wconf 88' lang='lat' dir='ltr'><strong>stridor</strong></span> <span class='ocrx_word' id='word_1_590' title='bbox 2396 1306 2619 1362; x_wconf 84' lang='lat' dir='ltr'><strong>dentium</strong></span> <span class='ocrx_word' id='word_1_591' title='bbox 2666 1311 2877 1381; x_wconf 76' lang='lat' dir='ltr'><strong>(Matth.</strong></span> <span class='ocrx_word' id='word_1_592' title='bbox 2912 1333 3025 1382; x_wconf 74' lang='lat' dir='ltr'><strong>mi,</strong></span> <span class='ocrx_word' id='word_1_593' title='bbox 3054 1321 3237 1391; x_wconf 62' lang='lat'><strong>842).</strong></span> <span class='ocrx_word' id='word_1_594' title='bbox 3278 1303 3664 1397; x_wconf 58' lang='lat' dir='ltr'><strong>Quarei&#39;ouia</strong></span> 
     </span>
    </p>
   </div>
   <div class='ocr_carea' id='block_1_72' title="bbox 2080 1391 3665 1477">
    <p class='ocr_par' dir='ltr' id='par_1_72' title="bbox 2080 1391 3665 1477">
     <span class='ocr_line' id='line_1_77' title="bbox 2080 1391 3665 1477; baseline 0.021 -35"><span class='ocrx_word' id='word_1_595' title='bbox 2080 1391 2159 1442; x_wconf 84' lang='lat' dir='ltr'><strong>sui</strong></span> <span class='ocrx_word' id='word_1_596' title='bbox 2185 1406 2298 1445; x_wconf 91' lang='lat' dir='ltr'><strong>eum</strong></span> <span class='ocrx_word' id='word_1_597' title='bbox 2329 1411 2428 1449; x_wconf 87' lang='lat' dir='ltr'><strong>non</strong></span> <span class='ocrx_word' id='word_1_598' title='bbox 2468 1413 2778 1469; x_wconf 87' lang='lat' dir='ltr'><strong>receperunt.</strong></span> <span class='ocrx_word' id='word_1_599' title='bbox 2828 1405 2894 1459; x_wconf 85' lang='lat' dir='ltr'><strong>Et</strong></span> <span class='ocrx_word' id='word_1_600' title='bbox 2921 1422 3085 1477; x_wconf 88' lang='lat' dir='ltr'><strong>quare</strong></span> <span class='ocrx_word' id='word_1_601' title='bbox 3127 1412 3361 1469; x_wconf 83' lang='lat' dir='ltr'><strong>insertus</strong></span> <span class='ocrx_word' id='word_1_602' title='bbox 3391 1418 3665 1475; x_wconf 85' lang='lat' dir='ltr'><strong>oleaster?</strong></span> 
     </span>
    </p>
   </div>
   <div class='ocr_carea' id='block_1_73' title="bbox 2080 1480 3663 1580">
    <p class='ocr_par' dir='ltr' id='par_1_73' title="bbox 2080 1480 3663 1580">
     <span class='ocr_line' id='line_1_78' title="bbox 2080 1480 3663 1580; baseline 0.022 -47"><span class='ocrx_word' id='word_1_603' title='bbox 2080 1480 2211 1546; x_wconf 89' lang='lat' dir='ltr'><strong>Quia</strong></span> <span class='ocrx_word' id='word_1_604' title='bbox 2257 1496 2496 1557; x_wconf 86' lang='lat' dir='ltr'><strong>quotquot</strong></span> <span class='ocrx_word' id='word_1_605' title='bbox 2541 1509 2656 1546; x_wconf 90' lang='lat' dir='ltr'><strong>eum</strong></span> <span class='ocrx_word' id='word_1_606' title='bbox 2684 1509 3013 1569; x_wconf 84' lang='lat' dir='ltr'><strong>receperunt,</strong></span> <span class='ocrx_word' id='word_1_607' title='bbox 3063 1503 3201 1558; x_wconf 85' lang='lat' dir='ltr'><strong>dedit</strong></span> <span class='ocrx_word' id='word_1_608' title='bbox 3247 1507 3317 1561; x_wconf 87' lang='lat' dir='ltr'><strong>eis</strong></span> <span class='ocrx_word' id='word_1_609' title='bbox 3364 1520 3663 1580; x_wconf 84' lang='lat' dir='ltr'><strong>potestatem</strong></span> 
     </span>
    </p>
   </div>
   <div class='ocr_carea' id='block_1_74' title="bbox 2078 1572 2497 1648">
    <p class='ocr_par' dir='ltr' id='par_1_74' title="bbox 2078 1572 2497 1648">
     <span class='ocr_line' id='line_1_79' title="bbox 2078 1572 2497 1648; baseline 0.026 -24"><span class='ocrx_word' id='word_1_610' title='bbox 2078 1572 2213 1640; x_wconf 83' lang='lat' dir='ltr'><strong>ﬁlios</strong></span> <span class='ocrx_word' id='word_1_611' title='bbox 2242 1575 2339 1630; x_wconf 87' lang='lat' dir='ltr'><strong>Dei</strong></span> <span class='ocrx_word' id='word_1_612' title='bbox 2366 1580 2497 1648; x_wconf 81' lang='lat' dir='ltr'><strong>ﬁeri.</strong></span> 
     </span>
    </p>
   </div>
   <div class='ocr_carea' id='block_1_75' title="bbox 2148 1665 3658 1767">
    <p class='ocr_par' dir='ltr' id='par_1_75' title="bbox 2148 1665 3658 1767">
     <span class='ocr_line' id='line_1_80' title="bbox 2148 1665 3658 1767; baseline 0.025 -51"><span class='ocrx_word' id='word_1_613' title='bbox 2148 1665 2201 1717; x_wconf 68' lang='grc' dir='ltr'><strong>Β.</strong></span> <span class='ocrx_word' id='word_1_614' title='bbox 2246 1665 2477 1726; x_wconf 81' lang='lat' dir='ltr'><strong>Potestas</strong></span> <span class='ocrx_word' id='word_1_615' title='bbox 2516 1673 2636 1728; x_wconf 86' lang='lat' dir='ltr'><strong>data</strong></span> <span class='ocrx_word' id='word_1_616' title='bbox 2674 1686 2731 1730; x_wconf 86' lang='lat' dir='ltr'><strong>ut</strong></span> <span class='ocrx_word' id='word_1_617' title='bbox 2759 1680 3031 1750; x_wconf 72' lang='lat' dir='ltr'><strong>efﬁciamur</strong></span> <span class='ocrx_word' id='word_1_618' title='bbox 3059 1687 3157 1756; x_wconf 80' lang='lat' dir='ltr'><strong>ﬁlii</strong></span> <span class='ocrx_word' id='word_1_619' title='bbox 3184 1688 3297 1744; x_wconf 84' lang='lat' dir='ltr'><strong>Dei.</strong></span> <span class='ocrx_word' id='word_1_620' title='bbox 3345 1691 3505 1764; x_wconf 85' lang='lat' dir='ltr'><strong>Erige</strong></span> <span class='ocrx_word' id='word_1_621' title='bbox 3543 1711 3658 1767; x_wconf 87' lang='lat' dir='ltr'><strong>cor,</strong></span> 
     </span>
    </p>
   </div>
   <div class='ocr_carea' id='block_1_76' title="bbox 2075 1758 3660 1846">
    <p class='ocr_par' dir='ltr' id='par_1_76' title="bbox 2075 1758 3660 1846">
     <span class='ocr_line' id='line_1_81' title="bbox 2075 1758 3660 1846; baseline 0.024 -38"><span class='ocrx_word' id='word_1_622' title='bbox 2075 1771 2244 1825; x_wconf 78' lang='lat' dir='ltr'><strong>genus</strong></span> <span class='ocrx_word' id='word_1_623' title='bbox 2271 1758 2581 1831; x_wconf 90' lang='lat' dir='ltr'><strong>humanum,</strong></span> <span class='ocrx_word' id='word_1_624' title='bbox 2614 1772 2815 1839; x_wconf 73' lang='lat' dir='ltr'><strong>TCSpll‘a</strong></span> <span class='ocrx_word' id='word_1_625' title='bbox 2847 1773 2897 1828; x_wconf 91' lang='lat' dir='ltr'><strong>iu</strong></span> <span class='ocrx_word' id='word_1_626' title='bbox 2925 1790 3050 1831; x_wconf 87' lang='lat' dir='ltr'><strong>aura</strong></span> <span class='ocrx_word' id='word_1_627' title='bbox 3079 1781 3199 1835; x_wconf 75' lang='lat' dir='ltr'><strong>vita:</strong></span> <span class='ocrx_word' id='word_1_628' title='bbox 3226 1792 3280 1838; x_wconf 90' lang='lat' dir='ltr'><strong>et</strong></span> <span class='ocrx_word' id='word_1_629' title='bbox 3306 1788 3660 1846; x_wconf 78' lang='lat' dir='ltr'><strong>seeiirissima:</strong></span> 
     </span>
    </p>
   </div>
   <div class='ocr_carea' id='block_1_77' title="bbox 2077 1847 3660 1940">
    <p class='ocr_par' dir='ltr' id='par_1_77' title="bbox 2077 1847 3660 1940">
     <span class='ocr_line' id='line_1_82' title="bbox 2077 1847 3660 1940; baseline 0.023 -41"><span class='ocrx_word' id='word_1_630' title='bbox 2077 1847 2333 1906; x_wconf 88' lang='lat' dir='ltr'><strong>libertatis</strong></span> <span class='ocrx_word' id='word_1_631' title='bbox 2364 1855 2404 1908; x_wconf 86' lang='grc'><strong>¹.</strong></span> <span class='ocrx_word' id='word_1_632' title='bbox 2433 1855 2567 1923; x_wconf 85' lang='lat' dir='ltr'><strong>Quid</strong></span> <span class='ocrx_word' id='word_1_633' title='bbox 2598 1861 2794 1918; x_wconf 84' lang='lat' dir='ltr'><strong>audis?</strong></span> <span class='ocrx_word' id='word_1_634' title='bbox 2832 1866 2957 1935; x_wconf 92' lang='lat' dir='ltr'><strong>quid</strong></span> <span class='ocrx_word' id='word_1_635' title='bbox 2989 1869 3082 1924; x_wconf 89' lang='lat' dir='ltr'><strong>tibi</strong></span> <span class='ocrx_word' id='word_1_636' title='bbox 3113 1874 3479 1940; x_wconf 84' lang='lat' dir='ltr'><strong>promittitur?</strong></span> <span class='ocrx_word' id='word_1_637' title='bbox 3511 1879 3660 1936; x_wconf 83' lang='lat' dir='ltr'><strong>Dedit</strong></span> 
     </span>
    </p>
   </div>
   <div class='ocr_carea' id='block_1_78' title="bbox 2076 1938 3659 2026">
    <p class='ocr_par' dir='ltr' id='par_1_78' title="bbox 2076 1938 3659 2026">
     <span class='ocr_line' id='line_1_83' title="bbox 2076 1938 3659 2026; baseline 0.024 -37"><span class='ocrx_word' id='word_1_638' title='bbox 2076 1938 2146 1992; x_wconf 87' lang='lat' dir='ltr'><strong>eis</strong></span> <span class='ocrx_word' id='word_1_639' title='bbox 2172 1952 2484 2010; x_wconf 87' lang='lat' dir='ltr'><strong>potestatem.</strong></span> <span class='ocrx_word' id='word_1_640' title='bbox 2518 1948 2686 2016; x_wconf 89' lang='lat' dir='ltr'><strong>Quam</strong></span> <span class='ocrx_word' id='word_1_641' title='bbox 2726 1961 3090 2022; x_wconf 86' lang='lat' dir='ltr'><strong>potestatem?</strong></span> <span class='ocrx_word' id='word_1_642' title='bbox 3114 1938 3209 2017; x_wconf 20' lang='lat' dir='ltr'><strong>VAn</strong></span> <span class='ocrx_word' id='word_1_643' title='bbox 3236 1964 3377 2022; x_wconf 82' lang='lat' dir='ltr'><strong>forte</strong></span> <span class='ocrx_word' id='word_1_644' title='bbox 3406 1969 3546 2025; x_wconf 90' lang='lat' dir='ltr'><strong>unde</strong></span> <span class='ocrx_word' id='word_1_645' title='bbox 3573 1972 3659 2026; x_wconf 85' lang='lat' dir='ltr'><strong>in-</strong></span> 
     </span>
    </p>
   </div>
   <div class='ocr_carea' id='block_1_79' title="bbox 2075 2026 3655 2125">
    <p class='ocr_par' dir='ltr' id='par_1_79' title="bbox 2075 2026 3655 2125">
     <span class='ocr_line' id='line_1_84' title="bbox 2075 2026 3655 2125; baseline 0.023 -45"><span class='ocrx_word' id='word_1_646' title='bbox 2075 2026 2269 2085; x_wconf 76' lang='lat' dir='ltr'><strong>[lantur</strong></span> <span class='ocrx_word' id='word_1_647' title='bbox 2314 2032 2590 2103; x_wconf 90' lang='lat' dir='ltr'><strong>homines,</strong></span> <span class='ocrx_word' id='word_1_648' title='bbox 2638 2041 2909 2109; x_wconf 87' lang='lat' dir='ltr'><strong>jiidieandi</strong></span> <span class='ocrx_word' id='word_1_649' title='bbox 2962 2048 3031 2104; x_wconf 92' lang='lat' dir='ltr'><strong>de</strong></span> <span class='ocrx_word' id='word_1_650' title='bbox 3076 2053 3340 2122; x_wconf 87' lang='lat' dir='ltr'><strong>capitibus</strong></span> <span class='ocrx_word' id='word_1_651' title='bbox 3386 2056 3655 2125; x_wconf 89' lang='lat' dir='ltr'><strong>humanis,</strong></span> 
     </span>
    </p>
   </div>
   <div class='ocr_carea' id='block_1_80' title="bbox 2073 2116 3657 2209">
    <p class='ocr_par' dir='ltr' id='par_1_80' title="bbox 2073 2116 3657 2209">
     <span class='ocr_line' id='line_1_85' title="bbox 2073 2116 3657 2209; baseline 0.023 -38"><span class='ocrx_word' id='word_1_652' title='bbox 2073 2116 2277 2176; x_wconf 82' lang='lat' dir='ltr'><strong>ferendi</strong></span> <span class='ocrx_word' id='word_1_653' title='bbox 2326 2131 2617 2185; x_wconf 86' lang='lat' dir='ltr'><strong>sententias</strong></span> <span class='ocrx_word' id='word_1_654' title='bbox 2667 2132 2735 2188; x_wconf 90' lang='lat' dir='ltr'><strong>de</strong></span> <span class='ocrx_word' id='word_1_655' title='bbox 2784 2116 3159 2197; x_wconf 73' lang='lat' dir='ltr'><strong>innocentibus</strong></span> <span class='ocrx_word' id='word_1_656' title='bbox 3202 2152 3257 2199; x_wconf 91' lang='lat' dir='ltr'><strong>et</strong></span> <span class='ocrx_word' id='word_1_657' title='bbox 3304 2152 3657 2209; x_wconf 80' lang='lat' dir='ltr'><strong>nocentibus?</strong></span> 
     </span>
    </p>
   </div>
   <div class='ocr_carea' id='block_1_81' title="bbox 2078 2209 3660 2306">
    <p class='ocr_par' dir='ltr' id='par_1_81' title="bbox 2078 2209 3660 2306">
     <span class='ocr_line' id='line_1_86' title="bbox 2078 2209 3660 2306; baseline 0.025 -43"><span class='ocrx_word' id='word_1_658' title='bbox 2078 2209 2410 2283; x_wconf 89' lang='lat' dir='ltr'><strong>Potestatem,</strong></span> <span class='ocrx_word' id='word_1_659' title='bbox 2444 2219 2633 2291; x_wconf 85' lang='lat' dir='ltr'><strong>inquit,</strong></span> <span class='ocrx_word' id='word_1_660' title='bbox 2663 2225 2798 2279; x_wconf 86' lang='lat' dir='ltr'><strong>dedit</strong></span> <span class='ocrx_word' id='word_1_661' title='bbox 2824 2229 2895 2282; x_wconf 87' lang='lat' dir='ltr'><strong>eis</strong></span> <span class='ocrx_word' id='word_1_662' title='bbox 2924 2232 3057 2298; x_wconf 79' lang='lat' dir='ltr'><strong>ﬁlios</strong></span> <span class='ocrx_word' id='word_1_663' title='bbox 3088 2233 3182 2289; x_wconf 90' lang='lat' dir='ltr'><strong>Dei</strong></span> <span class='ocrx_word' id='word_1_664' title='bbox 3208 2238 3336 2306; x_wconf 81' lang='lat' dir='ltr'><strong>ﬁeri.</strong></span> <span class='ocrx_word' id='word_1_665' title='bbox 3368 2241 3484 2297; x_wconf 84' lang='lat' dir='ltr'><strong>Jam</strong></span> <span class='ocrx_word' id='word_1_666' title='bbox 3511 2247 3660 2301; x_wconf 77' lang='lat' dir='ltr'><strong>enim</strong></span> 
     </span>
    </p>
   </div>
   <div class='ocr_carea' id='block_1_82' title="bbox 2074 2310 3655 2404">
    <p class='ocr_par' dir='ltr' id='par_1_82' title="bbox 2074 2310 3655 2404">
     <span class='ocr_line' id='line_1_87' title="bbox 2074 2310 3655 2404; baseline 0.025 -50"><span class='ocrx_word' id='word_1_667' title='bbox 2074 2313 2229 2357; x_wconf 88' lang='lat' dir='ltr'><strong>erant</strong></span> <span class='ocrx_word' id='word_1_668' title='bbox 2257 2322 2363 2361; x_wconf 90' lang='lat' dir='ltr'><strong>non</strong></span> <span class='ocrx_word' id='word_1_669' title='bbox 2392 2310 2479 2363; x_wconf 86' lang='lat' dir='ltr'><strong>lilii</strong></span> <span class='ocrx_word' id='word_1_670' title='bbox 2503 2354 2517 2376; x_wconf 87' lang='lat'><strong>,</strong></span> <span class='ocrx_word' id='word_1_671' title='bbox 2569 2323 2623 2367; x_wconf 91' lang='lat' dir='ltr'><strong>ct</strong></span> <span class='ocrx_word' id='word_1_672' title='bbox 2651 2315 2848 2372; x_wconf 83' lang='lat' dir='ltr'><strong>ﬂebant</strong></span> <span class='ocrx_word' id='word_1_673' title='bbox 2878 2320 2968 2374; x_wconf 76' lang='lat' dir='ltr'><strong>filii</strong></span> <span class='ocrx_word' id='word_1_674' title='bbox 2992 2325 3012 2355; x_wconf 85' lang='grc'>¹</span> <span class='ocrx_word' id='word_1_675' title='bbox 3037 2340 3050 2386; x_wconf 88' lang='grc'>;</span> <span class='ocrx_word' id='word_1_676' title='bbox 3094 2328 3214 2396; x_wconf 89' lang='lat' dir='ltr'><strong>quia</strong></span> <span class='ocrx_word' id='word_1_677' title='bbox 3248 2330 3335 2387; x_wconf 91' lang='lat' dir='ltr'><strong>ille</strong></span> <span class='ocrx_word' id='word_1_678' title='bbox 3379 2350 3472 2401; x_wconf 89' lang='lat' dir='ltr'><strong>per</strong></span> <span class='ocrx_word' id='word_1_679' title='bbox 3500 2354 3655 2404; x_wconf 89' lang='lat' dir='ltr'><strong>quem</strong></span> 
     </span>
    </p>
   </div>
   <div class='ocr_carea' id='block_1_83' title="bbox 2074 2392 3655 2482">
    <p class='ocr_par' dir='ltr' id='par_1_83' title="bbox 2074 2392 3655 2482">
     <span class='ocr_line' id='line_1_88' title="bbox 2074 2392 3655 2482; baseline 0.024 -38"><span class='ocrx_word' id='word_1_680' title='bbox 2074 2392 2209 2448; x_wconf 79' lang='lat' dir='ltr'><strong>fiunt</strong></span> <span class='ocrx_word' id='word_1_681' title='bbox 2236 2396 2326 2451; x_wconf 83' lang='lat' dir='ltr'><strong>ﬁlii</strong></span> <span class='ocrx_word' id='word_1_682' title='bbox 2358 2399 2483 2467; x_wconf 91' lang='lat' dir='ltr'><strong>Dei,</strong></span> <span class='ocrx_word' id='word_1_683' title='bbox 2510 2403 2621 2471; x_wconf 87' lang='lat' dir='ltr'><strong>jam</strong></span> <span class='ocrx_word' id='word_1_684' title='bbox 2648 2417 2763 2461; x_wconf 88' lang='lat' dir='ltr'><strong>erat</strong></span> <span class='ocrx_word' id='word_1_685' title='bbox 2788 2408 2952 2465; x_wconf 80' lang='lat' dir='ltr'><strong>Filius</strong></span> <span class='ocrx_word' id='word_1_686' title='bbox 2982 2413 3095 2476; x_wconf 89' lang='lat' dir='ltr'><strong>Dei,</strong></span> <span class='ocrx_word' id='word_1_687' title='bbox 3114 2392 3179 2471; x_wconf 73' lang='grc' dir='ltr'><strong>ἐι</strong></span> <span class='ocrx_word' id='word_1_688' title='bbox 3208 2392 3483 2478; x_wconf 66' lang='lat' dir='ltr'><strong>factuscst</strong></span> <span class='ocrx_word' id='word_1_689' title='bbox 3509 2392 3655 2482; x_wconf 74' lang='lat' dir='ltr'><strong>iuius</strong></span> 
     </span>
    </p>
   </div>
   <div class='ocr_carea' id='block_1_84' title="bbox 2073 2480 3654 2578">
    <p class='ocr_par' dir='ltr' id='par_1_84' title="bbox 2073 2480 3654 2578">
     <span class='ocr_line' id='line_1_89' title="bbox 2073 2480 3654 2578; baseline 0.025 -45"><span class='ocrx_word' id='word_1_690' title='bbox 2073 2480 2322 2539; x_wconf 89' lang='lat' dir='ltr'><strong>hominis.</strong></span> <span class='ocrx_word' id='word_1_691' title='bbox 2370 2488 2486 2543; x_wconf 84' lang='lat' dir='ltr'><strong>Jam</strong></span> <span class='ocrx_word' id='word_1_692' title='bbox 2526 2507 2657 2563; x_wconf 81' lang='lat' dir='ltr'><strong>ergo</strong></span> <span class='ocrx_word' id='word_1_693' title='bbox 2694 2509 2749 2550; x_wconf 91' lang='lat' dir='ltr'><strong>et</strong></span> <span class='ocrx_word' id='word_1_694' title='bbox 2789 2498 2861 2551; x_wconf 91' lang='lat' dir='ltr'><strong>illi</strong></span> <span class='ocrx_word' id='word_1_695' title='bbox 2902 2512 3057 2556; x_wconf 87' lang='lat' dir='ltr'><strong>erant</strong></span> <span class='ocrx_word' id='word_1_696' title='bbox 3100 2504 3192 2560; x_wconf 84' lang='lat' dir='ltr'><strong>lilii</strong></span> <span class='ocrx_word' id='word_1_697' title='bbox 3239 2508 3510 2567; x_wconf 88' lang='lat' dir='ltr'><strong>hominum</strong></span> <span class='ocrx_word' id='word_1_698' title='bbox 3539 2557 3552 2578; x_wconf 90' lang='lat'><strong>,</strong></span> <span class='ocrx_word' id='word_1_699' title='bbox 3599 2528 3654 2572; x_wconf 82' lang='lat' dir='ltr'><strong>ct</strong></span> 
     </span>
    </p>
   </div>
   <div class='ocr_carea' id='block_1_85' title="bbox 2070 2570 3649 2671">
    <p class='ocr_par' dir='ltr' id='par_1_85' title="bbox 2070 2570 3649 2671">
     <span class='ocr_line' id='line_1_90' title="bbox 2070 2570 3649 2671; baseline 0.024 -48"><span class='ocrx_word' id='word_1_700' title='bbox 2070 2570 2192 2625; x_wconf 80' lang='lat' dir='ltr'><strong>facti</strong></span> <span class='ocrx_word' id='word_1_701' title='bbox 2239 2585 2363 2631; x_wconf 80' lang='lat' dir='ltr'><strong>Stttit</strong></span> <span class='ocrx_word' id='word_1_702' title='bbox 2404 2577 2499 2633; x_wconf 83' lang='lat' dir='ltr'><strong>ﬁlii</strong></span> <span class='ocrx_word' id='word_1_703' title='bbox 2547 2581 2662 2637; x_wconf 88' lang='lat' dir='ltr'><strong>Dei.</strong></span> <span class='ocrx_word' id='word_1_704' title='bbox 2718 2586 2999 2645; x_wconf 90' lang='lat' dir='ltr'><strong>Descendit</strong></span> <span class='ocrx_word' id='word_1_705' title='bbox 3027 2593 3093 2647; x_wconf 87' lang='lat' dir='ltr'><strong>ad</strong></span> <span class='ocrx_word' id='word_1_706' title='bbox 3124 2594 3176 2651; x_wconf 92' lang='lat' dir='ltr'><strong>id</strong></span> <span class='ocrx_word' id='word_1_707' title='bbox 3205 2599 3345 2667; x_wconf 87' lang='lat' dir='ltr'><strong>quod</strong></span> <span class='ocrx_word' id='word_1_708' title='bbox 3377 2616 3481 2656; x_wconf 93' lang='lat' dir='ltr'><strong>non</strong></span> <span class='ocrx_word' id='word_1_709' title='bbox 3514 2570 3649 2671; x_wconf 68' lang='lat' dir='ltr'><strong>erat,</strong></span> 
     </span>
    </p>
   </div>
   <div class='ocr_carea' id='block_1_86' title="bbox 2069 2663 3654 2765">
    <p class='ocr_par' dir='ltr' id='par_1_86' title="bbox 2069 2663 3654 2765">
     <span class='ocr_line' id='line_1_91' title="bbox 2069 2663 3654 2765; baseline 0.023 -51"><span class='ocrx_word' id='word_1_710' title='bbox 2069 2663 2191 2731; x_wconf 91' lang='lat' dir='ltr'><strong>quia</strong></span> <span class='ocrx_word' id='word_1_711' title='bbox 2234 2665 2378 2721; x_wconf 88' lang='lat' dir='ltr'><strong>aliud</strong></span> <span class='ocrx_word' id='word_1_712' title='bbox 2425 2680 2558 2725; x_wconf 88' lang='lat' dir='ltr'><strong>erat.</strong></span> <span class='ocrx_word' id='word_1_713' title='bbox 2611 2673 2830 2731; x_wconf 75' lang='lat' dir='ltr'><strong>chavit</strong></span> <span class='ocrx_word' id='word_1_714' title='bbox 2876 2689 2927 2735; x_wconf 90' lang='lat' dir='ltr'><strong>te</strong></span> <span class='ocrx_word' id='word_1_715' title='bbox 2973 2682 3039 2737; x_wconf 90' lang='lat' dir='ltr'><strong>ad</strong></span> <span class='ocrx_word' id='word_1_716' title='bbox 3088 2685 3138 2739; x_wconf 89' lang='lat' dir='ltr'><strong>id</strong></span> <span class='ocrx_word' id='word_1_717' title='bbox 3181 2663 3320 2758; x_wconf 86' lang='lat' dir='ltr'><strong>quod</strong></span> <span class='ocrx_word' id='word_1_718' title='bbox 3365 2708 3469 2747; x_wconf 86' lang='lat' dir='ltr'><strong>non</strong></span> <span class='ocrx_word' id='word_1_719' title='bbox 3510 2711 3654 2765; x_wconf 70' lang='lat' dir='ltr'><strong>cras,</strong></span> 
     </span>
    </p>
   </div>
   <div class='ocr_carea' id='block_1_87' title="bbox 2068 2754 3651 2856">
    <p class='ocr_par' dir='ltr' id='par_1_87' title="bbox 2068 2754 3651 2856">
     <span class='ocr_line' id='line_1_92' title="bbox 2068 2754 3651 2856; baseline 0.025 -53"><span class='ocrx_word' id='word_1_720' title='bbox 2068 2754 2190 2821; x_wconf 89' lang='lat' dir='ltr'><strong>quia</strong></span> <span class='ocrx_word' id='word_1_721' title='bbox 2217 2755 2352 2811; x_wconf 90' lang='lat' dir='ltr'><strong>alius</strong></span> <span class='ocrx_word' id='word_1_722' title='bbox 2376 2773 2495 2814; x_wconf 85' lang='lat' dir='ltr'><strong>eras</strong></span> <span class='ocrx_word' id='word_1_723' title='bbox 2517 2761 2558 2815; x_wconf 86' lang='grc'><strong>³.</strong></span> <span class='ocrx_word' id='word_1_724' title='bbox 2592 2764 2750 2835; x_wconf 82' lang='lat' dir='ltr'><strong>Erige</strong></span> <span class='ocrx_word' id='word_1_725' title='bbox 2778 2784 2905 2839; x_wconf 80' lang='lat' dir='ltr'><strong>ergo</strong></span> <span class='ocrx_word' id='word_1_726' title='bbox 2932 2787 3102 2842; x_wconf 78' lang='lat' dir='ltr'><strong>spem.</strong></span> <span class='ocrx_word' id='word_1_727' title='bbox 3132 2754 3375 2847; x_wconf 65' lang='lat' dir='ltr'><strong>Mdgnum</strong></span> <span class='ocrx_word' id='word_1_728' title='bbox 3402 2793 3485 2839; x_wconf 85' lang='lat' dir='ltr'><strong>est</strong></span> <span class='ocrx_word' id='word_1_729' title='bbox 3510 2754 3651 2856; x_wconf 85' lang='lat' dir='ltr'><strong>quod</strong></span> 
     </span>
    </p>
   </div>
   <div class='ocr_carea' id='block_1_88' title="bbox 2071 2844 3647 2941">
    <p class='ocr_par' dir='ltr' id='par_1_88' title="bbox 2071 2844 3647 2941">
     <span class='ocr_line' id='line_1_93' title="bbox 2071 2844 3647 2941; baseline 0.027 -46"><span class='ocrx_word' id='word_1_730' title='bbox 2071 2844 2161 2898; x_wconf 89' lang='lat' dir='ltr'><strong>tibi</strong></span> <span class='ocrx_word' id='word_1_731' title='bbox 2207 2851 2527 2915; x_wconf 87' lang='lat' dir='ltr'><strong>promissum</strong></span> <span class='ocrx_word' id='word_1_732' title='bbox 2569 2854 2688 2922; x_wconf 69' lang='lat' dir='ltr'><strong>est,</strong></span> <span class='ocrx_word' id='word_1_733' title='bbox 2737 2860 2832 2915; x_wconf 91' lang='lat' dir='ltr'><strong>sed</strong></span> <span class='ocrx_word' id='word_1_734' title='bbox 2873 2878 2903 2916; x_wconf 90' lang='lat' dir='ltr'><strong>a</strong></span> <span class='ocrx_word' id='word_1_735' title='bbox 2947 2881 3137 2937; x_wconf 77' lang='lat' dir='ltr'><strong>magno</strong></span> <span class='ocrx_word' id='word_1_736' title='bbox 3179 2875 3499 2941; x_wconf 80' lang='lat' dir='ltr'><strong>promissum</strong></span> <span class='ocrx_word' id='word_1_737' title='bbox 3547 2889 3647 2937; x_wconf 87' lang='lat' dir='ltr'><strong>cst.</strong></span> 
     </span>
    </p>
   </div>
   <div class='ocr_carea' id='block_1_89' title="bbox 2066 2934 3651 3038">
    <p class='ocr_par' dir='ltr' id='par_1_89' title="bbox 2066 2934 3651 3038">
     <span class='ocr_line' id='line_1_94' title="bbox 2066 2934 3651 3038; baseline 0.024 -50"><span class='ocrx_word' id='word_1_738' title='bbox 2066 2934 2287 2992; x_wconf 83' lang='lat' dir='ltr'><strong>Multum</strong></span> <span class='ocrx_word' id='word_1_739' title='bbox 2329 2950 2383 2996; x_wconf 90' lang='lat' dir='ltr'><strong>et</strong></span> <span class='ocrx_word' id='word_1_740' title='bbox 2424 2942 2739 3004; x_wconf 88' lang='lat' dir='ltr'><strong>incredibile</strong></span> <span class='ocrx_word' id='word_1_741' title='bbox 2767 2952 2978 3009; x_wconf 84' lang='lat' dir='ltr'><strong>videtur</strong></span> <span class='ocrx_word' id='word_1_742' title='bbox 3002 2934 3057 3024; x_wconf 63' lang='lat'><strong>‘,</strong></span> <span class='ocrx_word' id='word_1_743' title='bbox 3086 2969 3139 3014; x_wconf 92' lang='lat' dir='ltr'><strong>et</strong></span> <span class='ocrx_word' id='word_1_744' title='bbox 3179 2934 3330 3032; x_wconf 75' lang='lat' dir='ltr'><strong>quasi</strong></span> <span class='ocrx_word' id='word_1_745' title='bbox 3358 2982 3462 3021; x_wconf 90' lang='lat' dir='ltr'><strong>non</strong></span> <span class='ocrx_word' id='word_1_746' title='bbox 3495 2984 3651 3038; x_wconf 86' lang='lat' dir='ltr'><strong>posse</strong></span> 
     </span>
    </p>
   </div>
   <div class='ocr_carea' id='block_1_90' title="bbox 2066 3029 3650 3129">
    <p class='ocr_par' dir='ltr' id='par_1_90' title="bbox 2066 3029 3650 3129">
     <span class='ocr_line' id='line_1_95' title="bbox 2066 3029 3650 3129; baseline 0.024 -51"><span class='ocrx_word' id='word_1_747' title='bbox 2066 3029 2362 3085; x_wconf 69' lang='lat' dir='ltr'><strong>aestimatur</strong></span> <span class='ocrx_word' id='word_1_748' title='bbox 2406 3035 2545 3090; x_wconf 91' lang='lat' dir='ltr'><strong>lilios</strong></span> <span class='ocrx_word' id='word_1_749' title='bbox 2590 3036 2863 3096; x_wconf 85' lang='lat' dir='ltr'><strong>hominum</strong></span> <span class='ocrx_word' id='word_1_750' title='bbox 2907 3046 3018 3100; x_wconf 87' lang='lat' dir='ltr'><strong>lieri</strong></span> <span class='ocrx_word' id='word_1_751' title='bbox 3069 3029 3209 3105; x_wconf 76' lang='lat' dir='ltr'><strong>lilios</strong></span> <span class='ocrx_word' id='word_1_752' title='bbox 3235 3054 3347 3108; x_wconf 86' lang='lat' dir='ltr'><strong>Dei.</strong></span> <span class='ocrx_word' id='word_1_753' title='bbox 3396 3029 3512 3112; x_wconf 47' lang='lat' dir='ltr'><strong>Sed.</strong></span> <span class='ocrx_word' id='word_1_754' title='bbox 3532 3060 3650 3129; x_wconf 89' lang='lat' dir='ltr'><strong>plus</strong></span> 
     </span>
    </p>
   </div>
   <div class='ocr_carea' id='block_1_91' title="bbox 2065 3122 3651 3206">
    <p class='ocr_par' dir='ltr' id='par_1_91' title="bbox 2065 3122 3651 3206">
     <span class='ocr_line' id='line_1_96' title="bbox 2065 3122 3651 3206; baseline 0.024 -37"><span class='ocrx_word' id='word_1_755' title='bbox 2065 3132 2162 3185; x_wconf 89' lang='lat' dir='ltr'><strong>pro</strong></span> <span class='ocrx_word' id='word_1_756' title='bbox 2193 3122 2295 3175; x_wconf 85' lang='lat' dir='ltr'><strong>illis</strong></span> <span class='ocrx_word' id='word_1_757' title='bbox 2327 3122 2522 3180; x_wconf 78' lang='lat' dir='ltr'><strong>factum</strong></span> <span class='ocrx_word' id='word_1_758' title='bbox 2551 3139 2663 3197; x_wconf 89' lang='lat' dir='ltr'><strong>est,</strong></span> <span class='ocrx_word' id='word_1_759' title='bbox 2694 3135 2813 3202; x_wconf 89' lang='lat' dir='ltr'><strong>quia</strong></span> <span class='ocrx_word' id='word_1_760' title='bbox 2845 3135 3010 3192; x_wconf 87' lang='lat' dir='ltr'><strong>Filius</strong></span> <span class='ocrx_word' id='word_1_761' title='bbox 3042 3140 3133 3195; x_wconf 81' lang='lat' dir='ltr'><strong>Dei</strong></span> <span class='ocrx_word' id='word_1_762' title='bbox 3177 3143 3345 3201; x_wconf 84' lang='lat' dir='ltr'><strong>lactus</strong></span> <span class='ocrx_word' id='word_1_763' title='bbox 3387 3158 3470 3203; x_wconf 78' lang='lat' dir='ltr'><strong>est</strong></span> <span class='ocrx_word' id='word_1_764' title='bbox 3512 3122 3651 3206; x_wconf 82' lang='lat' dir='ltr'><strong>lilius</strong></span> 
     </span>
    </p>
   </div>
   <div class='ocr_carea' id='block_1_92' title="bbox 2064 3206 3648 3303">
    <p class='ocr_par' dir='ltr' id='par_1_92' title="bbox 2064 3206 3648 3303">
     <span class='ocr_line' id='line_1_97' title="bbox 2064 3206 3648 3303; baseline 0.025 -45"><span class='ocrx_word' id='word_1_765' title='bbox 2064 3206 2319 3265; x_wconf 88' lang='lat' dir='ltr'><strong>hominis.</strong></span> <span class='ocrx_word' id='word_1_766' title='bbox 2370 3215 2527 3286; x_wconf 82' lang='lat' dir='ltr'><strong>Erige</strong></span> <span class='ocrx_word' id='word_1_767' title='bbox 2555 3235 2683 3290; x_wconf 83' lang='lat' dir='ltr'><strong>ergo</strong></span> <span class='ocrx_word' id='word_1_768' title='bbox 2710 3238 2897 3293; x_wconf 88' lang='lat' dir='ltr'><strong>spem,</strong></span> <span class='ocrx_word' id='word_1_769' title='bbox 2937 3228 3191 3298; x_wconf 83' lang='lat' dir='ltr'><strong>o-liomo,</strong></span> <span class='ocrx_word' id='word_1_770' title='bbox 3241 3236 3375 3303; x_wconf 87' lang='lat' dir='ltr'><strong>pelle</strong></span> <span class='ocrx_word' id='word_1_771' title='bbox 3415 3253 3443 3292; x_wconf 88' lang='lat' dir='ltr'><strong>a</strong></span> <span class='ocrx_word' id='word_1_772' title='bbox 3484 3242 3648 3297; x_wconf 84' lang='lat' dir='ltr'><strong>corde</strong></span> 
     </span>
    </p>
   </div>
   <div class='ocr_carea' id='block_1_93' title="bbox 2063 3296 3644 3400">
    <p class='ocr_par' dir='ltr' id='par_1_93' title="bbox 2063 3296 3644 3400">
     <span class='ocr_line' id='line_1_98' title="bbox 2063 3296 3644 3400; baseline 0.025 -50"><span class='ocrx_word' id='word_1_773' title='bbox 2063 3296 2454 3359; x_wconf 79' lang='lat' dir='ltr'><strong>inﬁdelitatem.</strong></span> <span class='ocrx_word' id='word_1_774' title='bbox 2506 3308 2871 3370; x_wconf 89' lang='lat' dir='ltr'><strong>lncredibilius</strong></span> <span class='ocrx_word' id='word_1_775' title='bbox 2907 3317 3015 3387; x_wconf 89' lang='lat' dir='ltr'><strong>jam</strong></span> <span class='ocrx_word' id='word_1_776' title='bbox 3062 3296 3256 3390; x_wconf 15' lang='lat' dir='ltr'><strong>provte</strong></span> <span class='ocrx_word' id='word_1_777' title='bbox 3302 3326 3500 3386; x_wconf 78' lang='lat' dir='ltr'><strong>factum</strong></span> <span class='ocrx_word' id='word_1_778' title='bbox 3541 3344 3644 3400; x_wconf 86' lang='lat' dir='ltr'><strong>est,</strong></span> 
     </span>
    </p>
   </div>
   <div class='ocr_carea' id='block_1_94' title="bbox 2062 3394 3645 3477">
    <p class='ocr_par' dir='ltr' id='par_1_94' title="bbox 2062 3394 3645 3477">
     <span class='ocr_line' id='line_1_99' title="bbox 2062 3394 3645 3477; baseline 0.023 -36"><span class='ocrx_word' id='word_1_779' title='bbox 2062 3402 2219 3457; x_wconf 89' lang='lat' dir='ltr'><strong>quam</strong></span> <span class='ocrx_word' id='word_1_780' title='bbox 2248 3394 2387 3462; x_wconf 92' lang='lat' dir='ltr'><strong>quod</strong></span> <span class='ocrx_word' id='word_1_781' title='bbox 2425 3397 2517 3452; x_wconf 89' lang='lat' dir='ltr'><strong>tibi</strong></span> <span class='ocrx_word' id='word_1_782' title='bbox 2553 3403 2877 3470; x_wconf 91' lang='lat' dir='ltr'><strong>promissum</strong></span> <span class='ocrx_word' id='word_1_783' title='bbox 2908 3420 3010 3463; x_wconf 89' lang='lat' dir='ltr'><strong>est.</strong></span> <span class='ocrx_word' id='word_1_784' title='bbox 3055 3411 3262 3468; x_wconf 85' lang='lat' dir='ltr'><strong>Miraris</strong></span> <span class='ocrx_word' id='word_1_785' title='bbox 3288 3418 3330 3471; x_wconf 89' lang='lat' dir='ltr'><strong>si</strong></span> <span class='ocrx_word' id='word_1_786' title='bbox 3361 3419 3521 3476; x_wconf 89' lang='lat' dir='ltr'><strong>homo</strong></span> <span class='ocrx_word' id='word_1_787' title='bbox 3547 3394 3645 3477; x_wconf 53' lang='lat' dir='ltr'><strong>ha;</strong></span> 
     </span>
    </p>
   </div>
   <div class='ocr_carea' id='block_1_95' title="bbox 2063 3478 3642 3576">
    <p class='ocr_par' dir='ltr' id='par_1_95' title="bbox 2063 3478 3642 3576">
     <span class='ocr_line' id='line_1_100' title="bbox 2063 3478 3642 3576; baseline 0.023 -44"><span class='ocrx_word' id='word_1_788' title='bbox 2063 3478 2186 3534; x_wconf 89' lang='lat' dir='ltr'><strong>beat</strong></span> <span class='ocrx_word' id='word_1_789' title='bbox 2212 3483 2371 3539; x_wconf 88' lang='lat' dir='ltr'><strong>vitam</strong></span> <span class='ocrx_word' id='word_1_790' title='bbox 2402 3492 2701 3546; x_wconf 71' lang='lat' dir='ltr'><strong>mternam?</strong></span> <span class='ocrx_word' id='word_1_791' title='bbox 2750 3495 2961 3553; x_wconf 88' lang='lat' dir='ltr'><strong>miraris</strong></span> <span class='ocrx_word' id='word_1_792' title='bbox 3005 3500 3051 3554; x_wconf 87' lang='lat' dir='ltr'><strong>si</strong></span> <span class='ocrx_word' id='word_1_793' title='bbox 3083 3502 3243 3559; x_wconf 91' lang='lat' dir='ltr'><strong>homo</strong></span> <span class='ocrx_word' id='word_1_794' title='bbox 3274 3512 3549 3576; x_wconf 87' lang='lat' dir='ltr'><strong>perveniat</strong></span> <span class='ocrx_word' id='word_1_795' title='bbox 3576 3516 3642 3569; x_wconf 90' lang='lat' dir='ltr'><strong>ad</strong></span> 
     </span>
    </p>
   </div>
   <div class='ocr_carea' id='block_1_96' title="bbox 2064 3570 3645 3672">
    <p class='ocr_par' dir='ltr' id='par_1_96' title="bbox 2064 3570 3645 3672">
     <span class='ocr_line' id='line_1_101' title="bbox 2064 3570 3645 3672; baseline 0.027 -53"><span class='ocrx_word' id='word_1_796' title='bbox 2064 3570 2226 3623; x_wconf 82' lang='lat' dir='ltr'><strong>vitam</strong></span> <span class='ocrx_word' id='word_1_797' title='bbox 2274 3581 2571 3633; x_wconf 63' lang='lat' dir='ltr'><strong>aeternam?</strong></span> <span class='ocrx_word' id='word_1_798' title='bbox 2620 3584 2815 3641; x_wconf 86' lang='lat' dir='ltr'><strong>mirare</strong></span> <span class='ocrx_word' id='word_1_799' title='bbox 2866 3590 3040 3658; x_wconf 89' lang='lat' dir='ltr'><strong>potius</strong></span> <span class='ocrx_word' id='word_1_800' title='bbox 3086 3596 3228 3663; x_wconf 92' lang='lat' dir='ltr'><strong>quod</strong></span> <span class='ocrx_word' id='word_1_801' title='bbox 3272 3598 3410 3654; x_wconf 90' lang='lat' dir='ltr'><strong>Deus</strong></span> <span class='ocrx_word' id='word_1_802' title='bbox 3456 3618 3551 3672; x_wconf 88' lang='lat' dir='ltr'><strong>pro</strong></span> <span class='ocrx_word' id='word_1_803' title='bbox 3594 3616 3645 3661; x_wconf 86' lang='lat' dir='ltr'><strong>te</strong></span> 
     </span>
    </p>
   </div>
   <div class='ocr_carea' id='block_1_97' title="bbox 2058 3665 3639 3761">
    <p class='ocr_par' dir='ltr' id='par_1_97' title="bbox 2058 3665 3639 3761">
     <span class='ocr_line' id='line_1_102' title="bbox 2058 3665 3639 3761; baseline 0.027 -51"><span class='ocrx_word' id='word_1_804' title='bbox 2058 3665 2299 3727; x_wconf 85' lang='lat' dir='ltr'><strong>pervenit</strong></span> <span class='ocrx_word' id='word_1_805' title='bbox 2352 3667 2419 3719; x_wconf 88' lang='lat' dir='ltr'><strong>ad</strong></span> <span class='ocrx_word' id='word_1_806' title='bbox 2474 3680 2725 3727; x_wconf 89' lang='lat' dir='ltr'><strong>mortem.</strong></span> <span class='ocrx_word' id='word_1_807' title='bbox 2784 3678 2920 3744; x_wconf 86' lang='lat' dir='ltr'><strong>Quid</strong></span> <span class='ocrx_word' id='word_1_808' title='bbox 2971 3683 3183 3741; x_wconf 88' lang='lat' dir='ltr'><strong>dubitas</strong></span> <span class='ocrx_word' id='word_1_809' title='bbox 3231 3689 3298 3744; x_wconf 87' lang='lat' dir='ltr'><strong>de</strong></span> <span class='ocrx_word' id='word_1_810' title='bbox 3352 3665 3639 3761; x_wconf 79' lang='lat' dir='ltr'><strong>promisso,</strong></span> 
     </span>
    </p>
   </div>
   <div class='ocr_carea' id='block_1_98' title="bbox 2058 3755 3640 3844">
    <p class='ocr_par' dir='ltr' id='par_1_98' title="bbox 2058 3755 3640 3844">
     <span class='ocr_line' id='line_1_103' title="bbox 2058 3755 3640 3844; baseline 0.027 -42"><span class='ocrx_word' id='word_1_811' title='bbox 2058 3759 2203 3806; x_wconf 78' lang='lat' dir='ltr'><strong>tanto</strong></span> <span class='ocrx_word' id='word_1_812' title='bbox 2248 3755 2468 3824; x_wconf 86' lang='lat' dir='ltr'><strong>pignore</strong></span> <span class='ocrx_word' id='word_1_813' title='bbox 2494 3766 2760 3831; x_wconf 81' lang='lat' dir='ltr'><strong>accepto?</strong></span> <span class='ocrx_word' id='word_1_814' title='bbox 2792 3767 2923 3823; x_wconf 88' lang='lat' dir='ltr'><strong>Vide</strong></span> <span class='ocrx_word' id='word_1_815' title='bbox 2954 3788 3079 3841; x_wconf 84' lang='lat' dir='ltr'><strong>ergo</strong></span> <span class='ocrx_word' id='word_1_816' title='bbox 3106 3755 3373 3844; x_wconf 71' lang='lat' dir='ltr'><strong>quomodo</strong></span> <span class='ocrx_word' id='word_1_817' title='bbox 3417 3794 3467 3840; x_wconf 91' lang='lat' dir='ltr'><strong>te</strong></span> <span class='ocrx_word' id='word_1_818' title='bbox 3508 3804 3640 3843; x_wconf 86' lang='lat' dir='ltr'><strong>con-</strong></span> 
     </span>
    </p>
   </div>
   <div class='ocr_carea' id='block_1_99' title="bbox 2058 3842 3638 3941">
    <p class='ocr_par' dir='ltr' id='par_1_99' title="bbox 2058 3842 3638 3941">
     <span class='ocr_line' id='line_1_104' title="bbox 2058 3842 3638 3941; baseline 0.025 -47"><span class='ocrx_word' id='word_1_819' title='bbox 2058 3842 2265 3907; x_wconf 85' lang='lat' dir='ltr'><strong>lirmat,</strong></span> <span class='ocrx_word' id='word_1_820' title='bbox 2303 3850 2572 3915; x_wconf 90' lang='lat' dir='ltr'><strong>quomodo</strong></span> <span class='ocrx_word' id='word_1_821' title='bbox 2606 3857 3012 3921; x_wconf 86' lang='lat' dir='ltr'><strong>promissionem</strong></span> <span class='ocrx_word' id='word_1_822' title='bbox 3047 3864 3137 3919; x_wconf 91' lang='lat' dir='ltr'><strong>Dei</strong></span> <span class='ocrx_word' id='word_1_823' title='bbox 3183 3870 3399 3926; x_wconf 80' lang='lat' dir='ltr'><strong>roborat</strong></span> <span class='ocrx_word' id='word_1_824' title='bbox 3431 3893 3443 3927; x_wconf 76' lang='grc' dir='ltr'><strong><em>τ</em></strong></span> <span class='ocrx_word' id='word_1_825' title='bbox 3479 3878 3638 3941; x_wconf 79' lang='lat' dir='ltr'><strong>Quot-</strong></span> 
     </span>
    </p>
   </div>
   <div class='ocr_carea' id='block_1_100' title="bbox 2053 3937 3639 4033">
    <p class='ocr_par' dir='ltr' id='par_1_100' title="bbox 2053 3937 3639 4033">
     <span class='ocr_line' id='line_1_105' title="bbox 2053 3937 3639 4033; baseline 0.024 -49"><span class='ocrx_word' id='word_1_826' title='bbox 2053 3944 2194 4003; x_wconf 89' lang='lat' dir='ltr'><strong>quot,</strong></span> <span class='ocrx_word' id='word_1_827' title='bbox 2221 3937 2411 4007; x_wconf 88' lang='lat' dir='ltr'><strong>inquit,</strong></span> <span class='ocrx_word' id='word_1_828' title='bbox 2438 3956 2729 4013; x_wconf 82' lang='lat' dir='ltr'><strong>receperunt</strong></span> <span class='ocrx_word' id='word_1_829' title='bbox 2760 3964 2894 4014; x_wconf 87' lang='lat' dir='ltr'><strong>eum,</strong></span> <span class='ocrx_word' id='word_1_830' title='bbox 2926 3952 3063 4006; x_wconf 83' lang='lat' dir='ltr'><strong>dedit</strong></span> <span class='ocrx_word' id='word_1_831' title='bbox 3091 3956 3160 4009; x_wconf 87' lang='lat' dir='ltr'><strong>cis</strong></span> <span class='ocrx_word' id='word_1_832' title='bbox 3186 3969 3477 4027; x_wconf 83' lang='lat' dir='ltr'><strong>potestatem</strong></span> <span class='ocrx_word' id='word_1_833' title='bbox 3504 3969 3639 4033; x_wconf 86' lang='lat' dir='ltr'><strong>ﬁlios</strong></span> 
     </span>
    </p>
   </div>
   <div class='ocr_carea' id='block_1_101' title="bbox 2052 4026 3629 4122">
    <p class='ocr_par' dir='ltr' id='par_1_101' title="bbox 2052 4026 3629 4122">
     <span class='ocr_line' id='line_1_106' title="bbox 2052 4026 3629 4122; baseline 0.022 -44"><span class='ocrx_word' id='word_1_834' title='bbox 2052 4026 2148 4080; x_wconf 88' lang='lat' dir='ltr'><strong>Dei</strong></span> <span class='ocrx_word' id='word_1_835' title='bbox 2198 4030 2329 4097; x_wconf 84' lang='lat' dir='ltr'><strong>ﬁeri.</strong></span> <span class='ocrx_word' id='word_1_836' title='bbox 2384 4031 2497 4101; x_wconf 84' lang='lat' dir='ltr'><strong>Qua</strong></span> <span class='ocrx_word' id='word_1_837' title='bbox 2540 4038 2931 4105; x_wconf 81' lang='lat' dir='ltr'><strong>generatione?</strong></span> <span class='ocrx_word' id='word_1_838' title='bbox 2976 4044 3089 4098; x_wconf 83' lang='lat' dir='ltr'><strong>Non</strong></span> <span class='ocrx_word' id='word_1_839' title='bbox 3124 4026 3208 4103; x_wconf 88' lang='lat' dir='ltr'><strong>illa</strong></span> <span class='ocrx_word' id='word_1_840' title='bbox 3254 4051 3478 4122; x_wconf 69' lang='lat' dir='ltr'><strong>usitata,</strong></span> <span class='ocrx_word' id='word_1_841' title='bbox 3524 4073 3629 4113; x_wconf 90' lang='lat' dir='ltr'><strong>nou</strong></span> 
     </span>
    </p>
   </div>
   <div class='ocr_carea' id='block_1_102' title="bbox 2050 4120 3633 4217">
    <p class='ocr_par' dir='ltr' id='par_1_102' title="bbox 2050 4120 3633 4217">
     <span class='ocr_line' id='line_1_107' title="bbox 2050 4120 3633 4217; baseline 0.021 -48"><span class='ocrx_word' id='word_1_842' title='bbox 2050 4120 2249 4185; x_wconf 69' lang='lat' dir='ltr'><strong>veteri,</strong></span> <span class='ocrx_word' id='word_1_843' title='bbox 2295 4137 2399 4176; x_wconf 93' lang='lat' dir='ltr'><strong>non</strong></span> <span class='ocrx_word' id='word_1_844' title='bbox 2447 4127 2747 4182; x_wconf 86' lang='lat' dir='ltr'><strong>transitoria</strong></span> <span class='ocrx_word' id='word_1_845' title='bbox 2790 4132 2872 4185; x_wconf 83' lang='lat' dir='ltr'><strong>vel</strong></span> <span class='ocrx_word' id='word_1_846' title='bbox 2923 4138 3139 4190; x_wconf 87' lang='lat' dir='ltr'><strong>carnali.</strong></span> <span class='ocrx_word' id='word_1_847' title='bbox 3195 4140 3315 4195; x_wconf 85' lang='lat' dir='ltr'><strong>Non</strong></span> <span class='ocrx_word' id='word_1_848' title='bbox 3359 4160 3421 4198; x_wconf 73' lang='lat' dir='ltr'><strong>ea:</strong></span> <span class='ocrx_word' id='word_1_849' title='bbox 3459 4163 3633 4217; x_wconf 87' lang='lat' dir='ltr'><strong>carne,</strong></span> 
     </span>
    </p>
   </div>
   <div class='ocr_carea' id='block_1_103' title="bbox 2051 4198 3634 4302">
    <p class='ocr_par' dir='ltr' id='par_1_103' title="bbox 2051 4198 3634 4302">
     <span class='ocr_line' id='line_1_108' title="bbox 2051 4198 3634 4302; baseline 0.021 -42"><span class='ocrx_word' id='word_1_850' title='bbox 2051 4208 2256 4278; x_wconf 86' lang='lat' dir='ltr'><strong>inquit,</strong></span> <span class='ocrx_word' id='word_1_851' title='bbox 2282 4198 2388 4267; x_wconf 87' lang='lat' dir='ltr'><strong>non</strong></span> <span class='ocrx_word' id='word_1_852' title='bbox 2419 4232 2480 4269; x_wconf 67' lang='lat' dir='ltr'><strong>ea“</strong></span> <span class='ocrx_word' id='word_1_853' title='bbox 2506 4219 2750 4287; x_wconf 82' lang='lat' dir='ltr'><strong>sanguine</strong></span> <span class='ocrx_word' id='word_1_854' title='bbox 2769 4261 2784 4286; x_wconf 91' lang='lat'><strong>,</strong></span> <span class='ocrx_word' id='word_1_855' title='bbox 2830 4239 2986 4295; x_wconf 70' lang='lat' dir='ltr'><strong>neque</strong></span> <span class='ocrx_word' id='word_1_856' title='bbox 3014 4244 3075 4281; x_wconf 78' lang='lat' dir='ltr'><strong>ea:</strong></span> <span class='ocrx_word' id='word_1_857' title='bbox 3102 4231 3355 4286; x_wconf 88' lang='lat' dir='ltr'><strong>voluntate</strong></span> <span class='ocrx_word' id='word_1_858' title='bbox 3378 4235 3473 4289; x_wconf 79' lang='lat' dir='ltr'><strong>viri</strong></span> <span class='ocrx_word' id='word_1_859' title='bbox 3490 4279 3503 4302; x_wconf 92' lang='lat'><strong>,</strong></span> <span class='ocrx_word' id='word_1_860' title='bbox 3544 4240 3634 4292; x_wconf 86' lang='lat' dir='ltr'><strong>sed</strong></span> 
     </span>
    </p>
   </div>
   <div class='ocr_carea' id='block_1_104' title="bbox 2048 4299 3637 4384">
    <p class='ocr_par' dir='ltr' id='par_1_104' title="bbox 2048 4299 3637 4384">
     <span class='ocr_line' id='line_1_109' title="bbox 2048 4299 3637 4384; baseline 0.02 -34"><span class='ocrx_word' id='word_1_861' title='bbox 2048 4314 2110 4351; x_wconf 76' lang='lat' dir='ltr'><strong>ex</strong></span> <span class='ocrx_word' id='word_1_862' title='bbox 2139 4299 2242 4354; x_wconf 85' lang='lat' dir='ltr'><strong>Deo</strong></span> <span class='ocrx_word' id='word_1_863' title='bbox 2268 4304 2374 4355; x_wconf 87' lang='lat' dir='ltr'><strong>nali</strong></span> <span class='ocrx_word' id='word_1_864' title='bbox 2403 4314 2537 4358; x_wconf 89' lang='lat' dir='ltr'><strong>sunt.</strong></span> <span class='ocrx_word' id='word_1_865' title='bbox 2587 4307 2794 4363; x_wconf 85' lang='lat' dir='ltr'><strong>Miraris</strong></span> <span class='ocrx_word' id='word_1_866' title='bbox 2815 4352 2830 4373; x_wconf 90' lang='lat'><strong>,</strong></span> <span class='ocrx_word' id='word_1_867' title='bbox 2874 4329 2978 4368; x_wconf 91' lang='lat' dir='ltr'><strong>iion</strong></span> <span class='ocrx_word' id='word_1_868' title='bbox 3006 4318 3219 4374; x_wconf 88' lang='lat' dir='ltr'><strong>credis?</strong></span> <span class='ocrx_word' id='word_1_869' title='bbox 3274 4321 3483 4378; x_wconf 82' lang='lat' dir='ltr'><strong>Verbum</strong></span> <span class='ocrx_word' id='word_1_870' title='bbox 3513 4344 3637 4384; x_wconf 86' lang='lat' dir='ltr'><strong>caro</strong></span> 
     </span>
    </p>
   </div>
   <div class='ocr_carea' id='block_1_105' title="bbox 2045 4393 3633 4488">
    <p class='ocr_par' dir='ltr' id='par_1_105' title="bbox 2045 4393 3633 4488">
     <span class='ocr_line' id='line_1_110' title="bbox 2045 4393 3633 4488; baseline 0.023 -49"><span class='ocrx_word' id='word_1_871' title='bbox 2045 4393 2235 4460; x_wconf 79' lang='lat' dir='ltr'><strong>factum</strong></span> <span class='ocrx_word' id='word_1_872' title='bbox 2262 4404 2355 4458; x_wconf 85' lang='lat' dir='ltr'><strong>est,</strong></span> <span class='ocrx_word' id='word_1_873' title='bbox 2376 4405 2420 4448; x_wconf 88' lang='lat' dir='ltr'><strong>et</strong></span> <span class='ocrx_word' id='word_1_874' title='bbox 2444 4396 2683 4451; x_wconf 80' lang='lat' dir='ltr'><strong>habitavit</strong></span> <span class='ocrx_word' id='word_1_875' title='bbox 2712 4401 2762 4454; x_wconf 91' lang='lat' dir='ltr'><strong>in</strong></span> <span class='ocrx_word' id='word_1_876' title='bbox 2784 4403 2925 4457; x_wconf 88' lang='lat' dir='ltr'><strong>nobis</strong></span> <span class='ocrx_word' id='word_1_877' title='bbox 2943 4404 3118 4477; x_wconf 84' lang='lat' dir='ltr'><strong>(Joan.</strong></span> <span class='ocrx_word' id='word_1_878' title='bbox 3136 4425 3174 4474; x_wconf 83' lang='lat' dir='ltr'><strong>I,</strong></span> <span class='ocrx_word' id='word_1_879' title='bbox 3196 4411 3243 4477; x_wconf 88' lang='lat' dir='ltr'><strong>l,</strong></span> <span class='ocrx_word' id='word_1_880' title='bbox 3261 4411 3315 4476; x_wconf 71' lang='lat'><strong>2,</strong></span> <span class='ocrx_word' id='word_1_881' title='bbox 3335 4415 3475 4488; x_wconf 86' lang='lat' dir='ltr'><strong>etc.).</strong></span> <span class='ocrx_word' id='word_1_882' title='bbox 3495 4417 3633 4475; x_wconf 81' lang='lat' dir='ltr'><strong>Ecce</strong></span> 
     </span>
    </p>
   </div>
   <div class='ocr_carea' id='block_1_106' title="bbox 2048 4481 3631 4567">
    <p class='ocr_par' dir='ltr' id='par_1_106' title="bbox 2048 4481 3631 4567">
     <span class='ocr_line' id='line_1_111' title="bbox 2048 4481 3631 4567; baseline 0.02 -34"><span class='ocrx_word' id='word_1_883' title='bbox 2048 4481 2187 4535; x_wconf 91' lang='lat' dir='ltr'><strong>unde</strong></span> <span class='ocrx_word' id='word_1_884' title='bbox 2227 4482 2422 4539; x_wconf 78' lang='lat' dir='ltr'><strong>factum</strong></span> <span class='ocrx_word' id='word_1_885' title='bbox 2463 4497 2545 4541; x_wconf 88' lang='lat' dir='ltr'><strong>est</strong></span> <span class='ocrx_word' id='word_1_886' title='bbox 2582 4491 2902 4548; x_wconf 79' lang='lat' dir='ltr'><strong>sacriﬁcium</strong></span> <span class='ocrx_word' id='word_1_887' title='bbox 2931 4502 3313 4567; x_wconf 80' lang='lat' dir='ltr'><strong>vespertinum.</strong></span> <span class='ocrx_word' id='word_1_888' title='bbox 3367 4506 3631 4563; x_wconf 75' lang='lat' dir='ltr'><strong>Inhaerea-</strong></span> 
     </span>
    </p>
   </div>
   <div class='ocr_carea' id='block_1_107' title="bbox 2043 4574 3628 4660">
    <p class='ocr_par' dir='ltr' id='par_1_107' title="bbox 2043 4574 3628 4660">
     <span class='ocr_line' id='line_1_112' title="bbox 2043 4574 3628 4660; baseline 0.018 -35"><span class='ocrx_word' id='word_1_889' title='bbox 2043 4587 2161 4626; x_wconf 91' lang='lat' dir='ltr'><strong>mus</strong></span> <span class='ocrx_word' id='word_1_890' title='bbox 2191 4574 2263 4627; x_wconf 90' lang='lat' dir='ltr'><strong>illi</strong></span> <span class='ocrx_word' id='word_1_891' title='bbox 2295 4593 2307 4628; x_wconf 94' lang='lat'>:</span> <span class='ocrx_word' id='word_1_892' title='bbox 2342 4577 2617 4633; x_wconf 90' lang='lat' dir='ltr'><strong>nobiscum</strong></span> <span class='ocrx_word' id='word_1_893' title='bbox 2658 4583 2913 4639; x_wconf 85' lang='lat' dir='ltr'><strong>oll&#39;cratur</strong></span> <span class='ocrx_word' id='word_1_894' title='bbox 2934 4627 2948 4651; x_wconf 93' lang='lat'><strong>,</strong></span> <span class='ocrx_word' id='word_1_895' title='bbox 2989 4590 3078 4658; x_wconf 90' lang='lat' dir='ltr'><strong>qui</strong></span> <span class='ocrx_word' id='word_1_896' title='bbox 3108 4607 3205 4660; x_wconf 89' lang='lat' dir='ltr'><strong>pro</strong></span> <span class='ocrx_word' id='word_1_897' title='bbox 3236 4594 3389 4648; x_wconf 88' lang='lat' dir='ltr'><strong>nobis</strong></span> <span class='ocrx_word' id='word_1_898' title='bbox 3419 4596 3628 4653; x_wconf 88' lang='lat' dir='ltr'><strong>oblatus</strong></span> 
     </span>
    </p>
   </div>
   <div class='ocr_carea' id='block_1_108' title="bbox 2042 4664 3703 4747">
    <p class='ocr_par' dir='ltr' id='par_1_108' title="bbox 2042 4664 3703 4747">
     <span class='ocr_line' id='line_1_113' title="bbox 2042 4664 3703 4747; baseline 0.019 -31"><span class='ocrx_word' id='word_1_899' title='bbox 2042 4673 2142 4716; x_wconf 83' lang='lat' dir='ltr'><strong>est.</strong></span> <span class='ocrx_word' id='word_1_900' title='bbox 2191 4664 2281 4720; x_wconf 91' lang='lat' dir='ltr'><strong>Sic</strong></span> <span class='ocrx_word' id='word_1_901' title='bbox 2319 4669 2459 4721; x_wconf 92' lang='lat' dir='ltr'><strong>enim</strong></span> <span class='ocrx_word' id='word_1_902' title='bbox 2488 4673 2793 4741; x_wconf 86' lang='lat' dir='ltr'><strong>vespertino</strong></span> <span class='ocrx_word' id='word_1_903' title='bbox 2831 4677 3096 4734; x_wconf 83' lang='lat' dir='ltr'><strong>sacriﬁcio</strong></span> <span class='ocrx_word' id='word_1_904' title='bbox 3128 4683 3233 4737; x_wconf 72' lang='lat' dir='ltr'><strong>vita</strong></span> <span class='ocrx_word' id='word_1_905' title='bbox 3264 4692 3417 4739; x_wconf 82' lang='lat' dir='ltr'><strong>vetus</strong></span> <span class='ocrx_word' id='word_1_906' title='bbox 3458 4686 3624 4742; x_wconf 90' lang='lat' dir='ltr'><strong>inter-</strong></span> <span class='ocrx_word' id='word_1_907' title='bbox 3700 4744 3703 4747; x_wconf 44' lang='grc' dir='ltr'>η</span> 
     </span>
    </p>
   </div>
   <div class='ocr_carea' id='block_1_109' title="bbox 2041 4753 2962 4822">
    <p class='ocr_par' dir='ltr' id='par_1_109' title="bbox 2041 4753 2962 4822">
     <span class='ocr_line' id='line_1_114' title="bbox 2041 4753 2962 4822; baseline 0.016 -16"><span class='ocrx_word' id='word_1_908' title='bbox 2041 4753 2237 4822; x_wconf 79' lang='lat' dir='ltr'><strong>licitur,</strong></span> <span class='ocrx_word' id='word_1_909' title='bbox 2268 4765 2321 4811; x_wconf 90' lang='lat' dir='ltr'><strong>et</strong></span> <span class='ocrx_word' id='word_1_910' title='bbox 2351 4758 2583 4815; x_wconf 91' lang='lat' dir='ltr'><strong>diluculo</strong></span> <span class='ocrx_word' id='word_1_911' title='bbox 2610 4778 2753 4817; x_wconf 24' lang='lat' dir='ltr'><strong>nova.</strong></span> <span class='ocrx_word' id='word_1_912' title='bbox 2774 4765 2962 4821; x_wconf 91' lang='lat' dir='ltr'><strong>oritur.</strong></span> 
     </span>
    </p>
   </div>
   <div class='ocr_carea' id='block_1_110' title="bbox 2037 4953 3624 5062">
    <p class='ocr_par' dir='ltr' id='par_1_110' title="bbox 2037 4953 3624 5062">
     <span class='ocr_line' id='line_1_115' title="bbox 2037 4953 3624 5062; baseline 0.02 -63"><span class='ocrx_word' id='word_1_913' title='bbox 2037 5011 2065 5061; x_wconf 60' lang='grc' dir='ltr'><strong>ὁ</strong></span> <span class='ocrx_word' id='word_1_914' title='bbox 2102 4953 2273 5062; x_wconf 58' lang='grc' dir='ltr'><strong>ιιιάςηι</strong></span> <span class='ocrx_word' id='word_1_915' title='bbox 2289 4956 2443 5006; x_wconf 80' lang='lat' dir='ltr'><strong>codex</strong></span> <span class='ocrx_word' id='word_1_916' title='bbox 2468 4958 2551 5017; x_wconf 90' lang='lat' dir='ltr'><strong>cl.,</strong></span> <span class='ocrx_word' id='word_1_917' title='bbox 2576 4960 2764 5025; x_wconf 84' lang='lat' dir='ltr'><strong>respiro</strong></span> <span class='ocrx_word' id='word_1_918' title='bbox 2794 4962 2845 5015; x_wconf 87' lang='lat' dir='ltr'><strong>in</strong></span> <span class='ocrx_word' id='word_1_919' title='bbox 2864 4976 3011 5018; x_wconf 85' lang='lat' dir='ltr'><strong>auras</strong></span> <span class='ocrx_word' id='word_1_920' title='bbox 3028 4966 3137 5018; x_wconf 72' lang='lat' dir='ltr'><strong>vim:</strong></span> <span class='ocrx_word' id='word_1_921' title='bbox 3157 4974 3203 5018; x_wconf 86' lang='lat' dir='ltr'><strong>et</strong></span> <span class='ocrx_word' id='word_1_922' title='bbox 3219 4969 3542 5027; x_wconf 70' lang='lat' dir='ltr'><strong>serenissima</strong></span> <span class='ocrx_word' id='word_1_923' title='bbox 3566 4978 3624 5030; x_wconf 85' lang='lat' dir='ltr'><strong>li-</strong></span> 
     </span>
     <span class='ocr_line' id='line_1_116' title="bbox 2068 5026 2249 5062; baseline 0 0"><span class='ocrx_word' id='word_1_924' title='bbox 2068 5026 2119 5062; x_wconf 88' lang='lat' dir='ltr'><strong>er</strong></span> <span class='ocrx_word' id='word_1_925' title='bbox 2142 5027 2249 5062; x_wconf 82' lang='lat' dir='ltr'><strong>utts.</strong></span> 
     </span>
    </p>
   </div>
   <div class='ocr_carea' id='block_1_111' title="bbox 2068 5026 2249 5067">
    <p class='ocr_par' dir='ltr' id='par_1_111' title="bbox 2068 5026 2249 5067">
     <span class='ocr_line' id='line_1_117' title="bbox 2068 5026 2249 5067; baseline 0.011 -5"><span class='ocrx_word' id='word_1_926' title='bbox 2068 5026 2249 5067; x_wconf 73' lang='lat' dir='ltr'><strong>crauis.</strong></span> 
     </span>
    </p>
   </div>
   <div class='ocr_carea' id='block_1_112' title="bbox 2094 5077 3619 5160">
    <p class='ocr_par' dir='ltr' id='par_1_112' title="bbox 2094 5077 3619 5160">
     <span class='ocr_line' id='line_1_118' title="bbox 2094 5077 3619 5160; baseline 0.017 -36"><span class='ocrx_word' id='word_1_927' title='bbox 2094 5077 2112 5145; x_wconf 66' lang='grc' dir='ltr'><strong>ξ</strong></span> <span class='ocrx_word' id='word_1_928' title='bbox 2137 5084 2263 5127; x_wconf 79' lang='lat' dir='ltr'><strong>lianc</strong></span> <span class='ocrx_word' id='word_1_929' title='bbox 2293 5079 2579 5160; x_wconf 46' lang='lat' dir='ltr'><strong>adhilllecﬂ&#39;llls</strong></span> <span class='ocrx_word' id='word_1_930' title='bbox 2599 5082 2866 5160; x_wconf 60' lang='lat' dir='ltr'><strong>legionem</strong></span> <span class='ocrx_word' id='word_1_931' title='bbox 2887 5101 2961 5160; x_wconf 40' lang='lat' dir='ltr'><strong>‘ex</strong></span> <span class='ocrx_word' id='word_1_932' title='bbox 2986 5090 3161 5140; x_wconf 85' lang='lat' dir='ltr'><strong>eodem</strong></span> <span class='ocrx_word' id='word_1_933' title='bbox 3192 5093 3361 5145; x_wconf 86' lang='lat' dir='ltr'><strong>codice</strong></span> <span class='ocrx_word' id='word_1_934' title='bbox 3396 5096 3462 5147; x_wconf 89' lang='lat' dir='ltr'><strong>cl.</strong></span> <span class='ocrx_word' id='word_1_935' title='bbox 3488 5099 3619 5160; x_wconf 79' lang='lat' dir='ltr'><strong>[Jam</strong></span> 
     </span>
    </p>
   </div>
   <div class='ocr_carea' id='block_1_113' title="bbox 2032 5135 3410 5230">
    <p class='ocr_par' dir='ltr' id='par_1_113' title="bbox 2032 5135 3410 5230">
     <span class='ocr_line' id='line_1_119' title="bbox 2032 5135 3410 5230; baseline 0 -36"><span class='ocrx_word' id='word_1_936' title='bbox 2032 5135 2156 5185; x_wconf 77' lang='lat' dir='ltr'><strong>enim</strong></span> <span class='ocrx_word' id='word_1_937' title='bbox 2181 5152 2273 5189; x_wconf 82' lang='lat' dir='ltr'><strong>non</strong></span> <span class='ocrx_word' id='word_1_938' title='bbox 2291 5148 2428 5191; x_wconf 83' lang='lat' dir='ltr'><strong>erant</strong></span> <span class='ocrx_word' id='word_1_939' title='bbox 2449 5140 2557 5212; x_wconf 66' lang='lat' dir='ltr'><strong>ﬁlii,</strong></span> <span class='ocrx_word' id='word_1_940' title='bbox 2575 5152 2619 5195; x_wconf 90' lang='lat' dir='ltr'><strong>et</strong></span> <span class='ocrx_word' id='word_1_941' title='bbox 2635 5135 2756 5218; x_wconf 75' lang='lat' dir='ltr'><strong>ﬁunt</strong></span> <span class='ocrx_word' id='word_1_942' title='bbox 2777 5135 2916 5230; x_wconf 51' lang='grc' dir='ltr'><strong>ῥῶ]</strong></span> <span class='ocrx_word' id='word_1_943' title='bbox 2931 5135 2961 5138; x_wconf 67' lang='grc'><em>”</em></span> <span class='ocrx_word' id='word_1_944' title='bbox 2992 5135 3161 5230; x_wconf 37' lang='lat' dir='ltr'><strong>&quot;&quot;f</strong></span> <span class='ocrx_word' id='word_1_945' title='bbox 3195 5135 3410 5230; x_wconf 42' lang='lat' dir='ltr'><strong>&quot;Tm</strong></span> 
     </span>
     <span class='ocr_line' id='line_1_120' title="bbox 2096 5199 3086 5230; baseline 0 0"><span class='ocrx_word' id='word_1_946' title='bbox 2096 5199 2254 5230; x_wconf 70' lang='grc' dir='ltr'><strong>3111-ιή</strong></span> <span class='ocrx_word' id='word_1_947' title='bbox 2316 5211 2493 5230; x_wconf 66' lang='lat' dir='ltr'><strong>[nn/acu!</strong></span> <span class='ocrx_word' id='word_1_948' title='bbox 2533 5212 2575 5230; x_wconf 75' lang='grc' dir='ltr'><strong>ιι.</strong></span> <span class='ocrx_word' id='word_1_949' title='bbox 2615 5208 2677 5230; x_wconf 65' lang='grc' dir='ltr'><strong>...Δ</strong></span> <span class='ocrx_word' id='word_1_950' title='bbox 2701 5209 2752 5230; x_wconf 69' lang='grc' dir='ltr'><strong>-,ι</strong></span> <span class='ocrx_word' id='word_1_951' title='bbox 2779 5223 2861 5230; x_wconf 80' lang='lat'><strong>_.-_</strong></span> <span class='ocrx_word' id='word_1_952' title='bbox 2921 5224 3010 5230; x_wconf 63' lang='grc' dir='ltr'><strong>---η</strong></span> <span class='ocrx_word' id='word_1_953' title='bbox 3044 5226 3086 5230; x_wconf 47' lang='grc' dir='ltr'><strong>,μ</strong></span> 
     </span>
    </p>
   </div>
   <div class='ocr_carea' id='block_1_114' title="bbox 2096 5199 3614 5288">
    <p class='ocr_par' dir='ltr' id='par_1_114' title="bbox 2096 5199 3614 5288">
     <span class='ocr_line' id='line_1_121' title="bbox 2096 5199 3614 5288; baseline 0.019 -43"><span class='ocrx_word' id='word_1_954' title='bbox 2096 5199 2254 5288; x_wconf 40' lang='grc' dir='ltr'><strong>ἔξηυά</strong></span> <span class='ocrx_word' id='word_1_955' title='bbox 2276 5239 2288 5251; x_wconf 93' lang='grc'><strong>.</strong></span> <span class='ocrx_word' id='word_1_956' title='bbox 2310 5199 2520 5288; x_wconf 44' lang='lat' dir='ltr'><strong>Ling?“</strong></span> <span class='ocrx_word' id='word_1_957' title='bbox 2530 5199 2677 5288; x_wconf 39' lang='lat' dir='ltr'><strong>te.</strong></span> <span class='ocrx_word' id='word_1_958' title='bbox 2694 5199 2905 5288; x_wconf 48' lang='lat' dir='ltr'><strong>qugd</strong></span> <span class='ocrx_word' id='word_1_959' title='bbox 2919 5224 3012 5288; x_wconf 76' lang='lat' dir='ltr'><strong>non</strong></span> <span class='ocrx_word' id='word_1_960' title='bbox 3033 5226 3160 5288; x_wconf 65' lang='lat' dir='ltr'><strong>eras,</strong></span> <span class='ocrx_word' id='word_1_961' title='bbox 3191 5217 3305 5280; x_wconf 85' lang='lat' dir='ltr'><strong>quia</strong></span> <span class='ocrx_word' id='word_1_962' title='bbox 3341 5218 3465 5288; x_wconf 74' lang='lat' dir='ltr'><strong>alius</strong></span> <span class='ocrx_word' id='word_1_963' title='bbox 3484 5232 3614 5275; x_wconf 73' lang='lat' dir='ltr'><strong>eras.</strong></span> 
     </span>
    </p>
   </div>
   <div class='ocr_carea' id='block_1_115' title="bbox 2031 5259 3613 5345">
    <p class='ocr_par' dir='ltr' id='par_1_115' title="bbox 2031 5259 3613 5345">
     <span class='ocr_line' id='line_1_122' title="bbox 2031 5259 3613 5345; baseline 0.015 -38"><span class='ocrx_word' id='word_1_964' title='bbox 2031 5259 2219 5345; x_wconf 55' lang='lat' dir='ltr'><strong>additqr</strong></span> <span class='ocrx_word' id='word_1_965' title='bbox 2245 5277 2307 5313; x_wconf 82' lang='lat' dir='ltr'><strong>ex</strong></span> <span class='ocrx_word' id='word_1_966' title='bbox 2348 5266 2522 5314; x_wconf 88' lang='lat' dir='ltr'><strong>eodem</strong></span> <span class='ocrx_word' id='word_1_967' title='bbox 2542 5268 2708 5318; x_wconf 79' lang='lat' dir='ltr'><strong>codice</strong></span> <span class='ocrx_word' id='word_1_968' title='bbox 2731 5259 2796 5320; x_wconf 70' lang='lat' dir='ltr'><strong>cii</strong></span> <span class='ocrx_word' id='word_1_969' title='bbox 2837 5259 3303 5333; x_wconf 60' lang='grc' dir='ltr'><strong>[φηέάὶιὶἑιὶᾶἐῖἇῐ</strong></span> <span class='ocrx_word' id='word_1_970' title='bbox 3316 5259 3463 5343; x_wconf 61' lang='grc' dir='ltr'><strong>ιῖέῖᾆὲ</strong></span> <span class='ocrx_word' id='word_1_971' title='bbox 3484 5259 3613 5345; x_wconf 52' lang='lat' dir='ltr'><strong>Er};</strong></span> 
     </span>
    </p>
   </div>
   <div class='ocr_carea' id='block_1_116' title="bbox 2028 5325 3609 5471">
    <p class='ocr_par' dir='ltr' id='par_1_116' title="bbox 2028 5325 3609 5471">
     <span class='ocr_line' id='line_1_123' title="bbox 2837 5325 3608 5345; baseline 0.01 -12"><span class='ocrx_word' id='word_1_972' title='bbox 2837 5325 2877 5333; x_wconf 79' lang='lat'><strong>-.</strong></span> <span class='ocrx_word' id='word_1_973' title='bbox 3107 5325 3129 5327; x_wconf 55' lang='grc' dir='ltr'><em>η</em></span> <span class='ocrx_word' id='word_1_974' title='bbox 3173 5325 3208 5329; x_wconf 74' lang='grc'><strong>-.</strong></span> <span class='ocrx_word' id='word_1_975' title='bbox 3316 5325 3363 5329; x_wconf 87' lang='grc'><strong><em>--</em></strong></span> <span class='ocrx_word' id='word_1_976' title='bbox 3382 5325 3450 5343; x_wconf 65' lang='grc' dir='ltr'><strong>-σ-</strong></span> <span class='ocrx_word' id='word_1_977' title='bbox 3501 5325 3608 5345; x_wconf 59' lang='grc' dir='ltr'><strong>με.-</strong></span> 
     </span>
     <span class='ocr_line' id='line_1_124' title="bbox 2028 5325 3609 5471; baseline 0.014 -41"><span class='ocrx_word' id='word_1_978' title='bbox 2270 5386 2386 5471; x_wconf 42' lang='grc' dir='ltr'><em>ελερά</em></span> <span class='ocrx_word' id='word_1_979' title='bbox 2408 5400 2440 5435; x_wconf 89' lang='lat' dir='ltr'><strong>a</strong></span> <span class='ocrx_word' id='word_1_980' title='bbox 2459 5401 2634 5471; x_wconf 56' lang='lat' dir='ltr'><strong>magno</strong></span> <span class='ocrx_word' id='word_1_981' title='bbox 2655 5391 2943 5471; x_wconf 74' lang='lat' dir='ltr'><strong>promissum</strong></span> <span class='ocrx_word' id='word_1_982' title='bbox 2978 5405 3080 5471; x_wconf 64' lang='lat' dir='ltr'><strong>est._</strong></span> <span class='ocrx_word' id='word_1_983' title='bbox 3095 5400 3304 5471; x_wconf 52' lang='lat' dir='ltr'><strong>stultum,</strong></span> <span class='ocrx_word' id='word_1_984' title='bbox 3329 5400 3519 5471; x_wconf 81' lang='lat' dir='ltr'><strong>additur</strong></span> <span class='ocrx_word' id='word_1_985' title='bbox 3546 5417 3609 5452; x_wconf 75' lang='lat' dir='ltr'><strong>ex</strong></span> 
     </span>
    </p>
   </div>
   <div class='ocr_carea' id='block_1_117' title="bbox 2031 5445 3610 5526">
    <p class='ocr_par' dir='ltr' id='par_1_117' title="bbox 2031 5445 3610 5526">
     <span class='ocr_line' id='line_1_125' title="bbox 2031 5445 3610 5526; baseline 0.016 -34"><span class='ocrx_word' id='word_1_986' title='bbox 2031 5445 2416 5526; x_wconf 37' lang='lat' dir='ltr'><strong>eoden‘i‘ggdicej</strong></span> <span class='ocrx_word' id='word_1_987' title='bbox 2515 5445 2759 5526; x_wconf 67' lang='grc' dir='ltr'><strong>[ξιααίιιιηι</strong></span> <span class='ocrx_word' id='word_1_988' title='bbox 2785 5463 2854 5508; x_wconf 79' lang='lat' dir='ltr'><strong>est</strong></span> <span class='ocrx_word' id='word_1_989' title='bbox 3549 5445 3610 5517; x_wconf 35' lang='lat' dir='ltr'><strong>et.</strong></span> 
     </span>
    </p>
   </div>
   <div class='ocr_carea' id='block_1_118' title="bbox 2030 5503 2863 5576">
    <p class='ocr_par' dir='ltr' id='par_1_118' title="bbox 2030 5503 2863 5576">
     <span class='ocr_line' id='line_1_126' title="bbox 2030 5503 2863 5576; baseline 0.013 -22"><span class='ocrx_word' id='word_1_990' title='bbox 2030 5503 2313 5561; x_wconf 82' lang='lat' dir='ltr'><strong>incredibile</strong></span> <span class='ocrx_word' id='word_1_991' title='bbox 2335 5503 2565 5576; x_wconf 70' lang='lat' dir='ltr'><strong>tideth]</strong></span> <span class='ocrx_word' id='word_1_992' title='bbox 2610 5503 2636 5517; x_wconf 75' lang='lat'><strong><em>&quot;</em></strong></span> 
     </span>
    </p>
   </div>
  </div>
