3996 6192
274 304 420 359 15θό

700 430 927 485 SERMO
966 428 1248 483 cchLtu
1282 433 1293 448 -
1328 428 1423 497 (τι).

286 554 373 607 De
398 550 634 605 Susanna
675 557 720 599 et
754 544 945 616 Ioseph
984 561 1003 598 :
1044 561 1155 598 cum
1194 543 1538 597 exhortatione
1588 540 1653 593 ad
1699 538 1851 591 casti-

924 644 1072 688 tatem
1110 634 1180 705 (b)
1194 673 1205 685 .

353 774 404 827 ί.
437 772 674 823 Susanna
716 768 998 838 exemplum
1025 766 1278 834 pudicitia:
1304 764 1604 834 conjugalis.
1641 762 1855 817 Castitas

266 866 467 916 donum
499 861 606 914 Dei.
628 860 868 915 Susanna
896 858 1133 911 divinitus
1162 858 1370 910 liberata
1395 873 1425 907 a
1452 856 1598 924 falsis
1630 854 1851 907 testibus.

277 955 485 1009 Divina:
515 952 803 1014 lectiones,
846 957 901 1003 et
934 957 1111 1003 sancta
1142 948 1352 1001 oracula
1385 948 1514 1012 Dei,
1545 962 1661 1017 quae
1706 948 1855 1000 inso-

274 1052 509 1097 uuerunt
551 1042 770 1095 auribus
798 1040 994 1094 nostris
1015 1080 1029 1104 ,
1070 1040 1248 1093 nidum
1279 1037 1475 1092 faciant
1507 1039 1558 1091 in
1590 1038 1857 1091 mentibus

272 1135 478 1190 nostxis
507 1152 521 1187 :
555 1149 659 1186 non
703 1132 883 1186 volent
924 1140 978 1185 et
1022 1141 1327 1194 transeant,
1374 1141 1464 1184 aut
1502 1130 1756 1196 sedeant,
1802 1139 1857 1185 et

275 1227 627 1289 discedant‘;
662 1223 755 1277 sed
786 1222 986 1291 aliquid
1014 1223 1242 1294 pariant.
1296 1221 1424 1275 Nam
1454 1225 1497 1275 si
1526 1238 1695 1290 passer
1720 1222 1858 1274 inve-

279 1324 355 1373 stit
392 1320 485 1374 sibi
526 1318 729 1369 domum
753 1356 768 1381 ,
817 1324 864 1369 et
909 1324 1076 1367 turtur
1104 1314 1278 1367 nidum
1314 1313 1400 1367 ubi
1437 1322 1645 1383 reponat
1692 1313 1858 1383 pullos

279 1428 397 1464 suos
426 1410 596 1482 (ρςαι.
626 1424 852 1471 cxxxiii,
885 1407 939 1466 4)
963 1423 977 1473 ;
1005 1417 1202 1475 quanto
1229 1408 1394 1475 magis
1424 1422 1607 1475 passer
1635 1407 1855 1461 verbum

280 1504 375 1558 Dei
423 1510 475 1555 et
514 1510 688 1554 turtur
716 1498 1079 1552 misericordia
1112 1498 1249 1552 Dei?
1294 1498 1603 1553 Andivimus
1644 1497 1709 1551 de
1750 1498 1855 1552 Su-

279 1609 454 1647 sanna
490 1593 768 1646 lectionem
800 1608 813 1642 :
844 1589 1137 1644 aedificetur
1166 1588 1410 1658 pudicitia
1441 1589 1731 1659 conjugalis
1751 1630 1765 1654 ,
1804 1596 1858 1643 et

293 1696 401 1738 tam
448 1683 597 1737 firmo
644 1681 988 1735 fundamento
1032 1681 1285 1734 innitatur
1322 1694 1581 1750 muroque
1613 1680 1855 1745 valletur,

282 1785 340 1827 nt
368 1783 424 1828 et
449 1771 757 1826 insidiantes
782 1771 1004 1842 repellat
1028 1811 1043 1835 ,
1085 1781 1139 1823 et
1166 1768 1330 1824 falsos
1358 1776 1519 1824 testes
1555 1770 1854 1823 convincat.

280 1866 627 1919 Remanscrat
656 1871 799 1917 casta
838 1862 1027 1915 mulier
1053 1862 1304 1925 moritura
1327 1901 1340 1924 ,
1384 1861 1482 1913 nisi
1517 1860 1727 1915 adesset
1767 1861 1856 1931 qui

280 1958 489 2011 videbat
541 1954 682 2025 quod
740 1953 1035 2020 iudicantes
1092 1952 1306 2007 latebat.
1368 1950 1677 2021 Conscripta
1734 1960 1858 2005 sunt

280 2050 440 2103 verba
466 2048 585 2116 ejus
606 2089 621 2109 ,
657 2061 773 2113 qua:
802 2045 982 2099 habuit
1011 2045 1064 2097 in
1094 2043 1367 2111 paradiso,
1402 2042 1503 2097 hoc
1534 2052 1615 2098 est
1651 2043 1702 2096 in
1730 2043 1861 2097 viri-

234 2116 237 2127 ί
278 2138 429 2192 dar‘o
452 2153 548 2189 suo
579 2153 593 2190 :
627 2150 745 2205 qua:
774 2134 933 2187 verba
966 2133 1141 2188 nullus
1187 2132 1459 2186 hominum
1489 2132 1727 2197 audivit,
1756 2133 1855 2187 nisi

276 2231 375 2283 soli
404 2230 509 2281 duo
530 2269 545 2291 ,
586 2226 677 2295 qui
718 2226 902 2293 pudori
943 2224 1125 2277 uxoris
1157 2224 1343 2278 alienm
1375 2223 1782 2289 insidiabantur,
1807 2232 1861 2278 et

280 2320 564 2375 reluctanti
624 2316 813 2371 falsum
880 2315 1237 2368 testimonium
1304 2316 1712 2370 meditabantur.
1774 2314 1859 2371 Illi

278 2410 383 2463 soli
413 2408 690 2461 audierunt
720 2405 862 2475 quod
888 2406 1085 2459 dictum
1112 2415 1195 2459 est
1225 2422 1239 2457 :
1270 2407 1526 2475 Angustias
1551 2408 1676 2461 mihi
1706 2408 1860 2460 undi-

278 2518 405 2568 que.
438 2498 501 2552 Si
530 2498 657 2551 enim
685 2495 773 2550 hoc
802 2499 996 2565 fecero,
1028 2512 1164 2549 mors
1189 2495 1313 2548 mihi
1341 2504 1413 2548 est
1436 2512 1455 2561 ;
1492 2498 1534 2550 si
1564 2506 1729 2550 autem
1758 2515 1860 2551 non

279 2592 469 2653 fecero,
487 2604 587 2639 non
604 2585 839 2656 e/I'ugimn
853 2602 1031 2639 manus
1050 2596 1254 2641 vestras.
1272 2585 1325 2639 Μ
1333 2587 1456 2640 elius
1468 2597 1538 2641 est
1554 2598 1721 2641 autem
1738 2589 1860 2642 mihi

280 2696 459 2731 manus
479 2688 666 2731 vestras
684 2694 783 2730 non
800 2676 1027 2742 evadere,
1046 2692 1196 2746 quant
1210 2677 1262 2728 in
1278 2688 1546 2746 conspectu
1566 2677 1663 2732 Dei
1680 2695 1858 2749 pecca-

281 2788 331 2824 re
354 2768 517 2836 (Dan.
538 2784 651 2834 xm,
680 2766 795 2837 22).
827 2765 1217 2822 Coutemuebat
1265 2767 1404 2837 quod
1441 2768 1708 2835 audiebat,
1739 2769 1861 2838 quia

284 2861 500 2914 timebat
519 2875 677 2929 quem
701 2875 803 2911 non
827 2857 1074 2921 videbat;
1098 2857 1247 2926 cujus
1276 2866 1451 2912 tamen
1476 2858 1670 2912 divinis
1695 2860 1863 2915 oculis

281 2962 397 3005 erat
423 2953 534 3019 ipsa
561 2950 874 3020 conspicua.
904 2946 1086 3017 Neque
1115 2949 1256 3002 enim
1286 2948 1552 3018 quomodo
1580 2947 1670 3002 illa
1697 2949 1862 3004 Deum

284 3059 391 3096 non
419 3040 633 3095 videdat
655 3081 670 3101 ,
712 3040 790 3093 sic
818 3054 920 3092 non
953 3039 1231 3093 videbatur
1257 3052 1284 3091 a
1313 3039 1443 3093 Deo.
1474 3038 1700 3093 Videbat
1726 3039 1864 3095 Deus

284 3133 426 3202 quod
459 3131 795 3197 arditicabat,
847 3130 1159 3200 inspiciebat
1183 3145 1317 3200 opus
1354 3145 1505 3185 suum
1530 3173 1547 3198 ,
1595 3132 1865 3187 habitabat

284 3227 540 3295 templum
565 3239 721 3278 suum
747 3241 763 3290 ;
812 3223 882 3278 ibi
913 3232 1025 3277 erat
1054 3224 1166 3292 ipse
1186 3263 1201 3287 ,
1242 3223 1611 3279 insidiantibus
1638 3240 1865 3296 respon-

284 3316 462 3370 debat.
492 3314 620 3369 Nam
660 3314 702 3367 si
748 3314 1008 3368 castitatis
1051 3314 1207 3367 dator
1235 3312 1595 3379 deseruisset,
1648 3318 1865 3370 castitas

288 3409 600 3462 interiisset.
647 3407 736 3461 Ait
764 3421 890 3476 ergo
912 3445 929 3471 ,
963 3406 1223 3475 Augustin:
1250 3406 1375 3459 mihi
1401 3408 1637 3477 undique.
1679 3408 1781 3463 Sed
1812 3417 1866 3463 et

288 3500 627 3568 exSpectabat
658 3515 777 3555 eum
801 3540 816 3562 ,
861 3499 949 3567 qui
980 3513 1096 3552 eam
1129 3498 1329 3551 salvam
1362 3498 1559 3553 faceret
1586 3514 1614 3552 a
1649 3500 1865 3567 pusilla-

287 3594 533 3647 nimitate
558 3632 573 3658 ,
624 3600 677 3645 et
705 3597 1022 3658 tempestate
1050 3589 1302 3645 falsorum
1335 3591 1545 3645 testium
1568 3633 1582 3657 ,
1618 3601 1865 3661 tanquam

288 3693 577 3737 ventorum
605 3682 881 3735 malorum.
916 3679 971 3733 ln
1007 3680 1112 3734 illis
1143 3689 1318 3733 tamen
1347 3680 1519 3733 ventis
1544 3690 1595 3733 et
1624 3679 1867 3736 fluctibus

289 3773 638 3841 naufragium
667 3774 871 3825 castitas
900 3789 1004 3827 non
1033 3771 1193 3837 fecit;
1240 3774 1361 3843 quia
1390 3772 1645 3827 Dominus
1671 3776 1868 3844 guber-

287 3864 463 3917 navit.
510 3863 801 3915 (llantatum
830 3872 942 3927 est,
991 3871 1208 3917 ventum
1238 3872 1312 3915 est
1340 3902 1355 3927 ,
1400 3877 1708 3933 processum
1738 3876 1819 3919 est
1852 3885 1866 3922 :

286 3955 544 4026 pervenit
582 3968 733 4007 causa
760 3953 822 4006 ad
865 3953 1141 4023 judicium.
1192 3954 1387 4007 Domus
1413 3954 1671 4009 Susanna:
1695 3958 1869 4012 credi-

288 4048 445 4100 derat
483 4054 665 4097 contra
697 4043 967 4097 dominam
998 4044 1299 4098 senioribus
1330 4045 1473 4099 falsis
1506 4063 1518 4098 :
1551 4056 1604 4100 ct
1631 4050 1874 4116 quamvis

292 4144 533 4188 anteacta
561 4135 726 4188 illtesa
755 4144 808 4187 et
835 4135 1172 4188 immaculata
1195 4136 1301 4189 vita
1330 4135 1577 4191 idoneum
1603 4139 1874 4195 videretur

298 4227 565 4297 pudicitia:
595 4229 959 4281 testimonium
997 4228 1275 4297 perhibere
1300 4245 1315 4294 ;
1362 4230 1465 4283 illis
1495 4240 1669 4285 tamen
1698 4234 1874 4289 irreli-

296 4320 502 4387 giosum
555 4317 835 4373 videbatur
888 4318 1186 4373 senioribus
1236 4335 1339 4373 non
1393 4321 1633 4377 credere.
1689 4322 1876 4378 Nullus

299 4413 421 4467 talis
450 4427 627 4466 sermo
671 4426 907 4482 unquam
949 4412 1289 4467 sonueratde
1316 4412 1576 4467 Susanna.
1629 4414 1707 4469 llli
1748 4430 1877 4486 ergo

297 4503 415 4556 falsi
464 4512 662 4566 testes;
712 4502 807 4557 sed
844 4502 952 4556 noti
994 4503 1123 4557 Deo.
1177 4503 1333 4557 Aliud
1376 4505 1624 4560 credebat
1666 4506 1875 4574 domus,

292 4592 441 4647 aliud
481 4592 694 4648 videbat
734 4593 1032 4649 Dominus:
1064 4593 1156 4649 sed
1187 4595 1327 4664 quod
1356 4595 1562 4651 videbat
1602 4597 1876 4665 Dominus,

294 4684 548 4739 homines
569 4684 899 4751 nesciebant,
924 4686 1221 4740 senioribus
1248 4696 1389 4741 recte
1412 4688 1555 4741 credi
1579 4689 1876 4745 videbatur.

294 4776 435 4845 Ergo
463 4776 803 4830 moriendum
830 4785 944 4830 erat
976 4794 989 4830 :
1018 4776 1112 4830 sed
1142 4777 1187 4831 si
1216 4792 1342 4831 caro
1368 4788 1694 4847 moreretur,
1724 4782 1884 4835 casti-

294 4877 375 4921 tas
400 4877 775 4923 coronaretur.
819 4868 1002 4922 Adfuit
1029 4869 1281 4924 Dominus
1310 4872 1583 4939 precanti,
1612 4873 1880 4928 exaudivit

290 4975 454 5025 quam
491 4968 713 5012 noverat
740 4977 753 5012 :
788 4974 892 5012 non
920 4958 1157 5014 deseruit
1186 4975 1251 5013 ne
1278 4971 1603 5025 moreretur,
1638 4964 1722 5018 cui
1752 4965 1880 5018 sub-

294 5050 446 5103 venit
490 5064 557 5103 ne
598 5047 1006 5104 adulterarctur.
1056 5051 1314 5104 Excitavit
1356 5052 1608 5107 Dominus
1638 5055 1880 5124 spiritum

359 5282 377 5312 ί
408 5279 547 5342 Apud
569 5280 967 5344 Chrysostomum,
1005 5282 1090 5332 sed
1120 5282 1334 5343 sedeant,
1361 5296 1448 5334 nec
1471 5284 1738 5336 discedant.

356 5364 373 5383 ⁸
392 5365 484 5413 ωε
506 5376 667 5413 sermo
690 5365 737 5412 iu
761 5365 938 5413 nostris
954 5372 1055 5414 Mss.
1081 5366 1276 5427 integer
1291 5379 1383 5413 non
1407 5368 1667 5417 invenitur.

354 5444 632 5517 (aiebas,
673 5445 707 5494 2
749 5446 877 5495 inter
911 5446 1065 5495 editos
1106 5459 1167 5495 ex
1208 5448 1467 5498 Cartbusia:
1500 5451 1690 5513 majoris
1720 5464 1889 5499 manu-

287 5514 759 5633 ﬁguﬁccensitus
789 5574 865 5633 est
886 5581 914 5618 a
938 5568 1142 5633 Possidio
1180 5570 1227 5618 in
1261 5570 1452 5619 lndiculi
1486 5584 1591 5633 mp.
1634 5573 1704 5623 to.
1731 5579 1892 5623 Exstat

291 5628 431 5676 idem
454 5640 640 5685 sermo,
672 5630 761 5678 sed
793 5629 901 5738 plus
935 5631 1092 5678 media
1118 5640 1253 5691 parte
1289 5634 1523 5687 minutus,
1544 5628 1680 5682 inter
1723 5634 1892 5684 latinas

291 5688 531 5738 Mutilus
553 5727 560 5737 .
580 5691 747 5738 cannis
762 5698 792 5737 [ζ
827 5693 1076 5738 rvsostomi
1097 5693 1289 5738 nomine
1309 5692 1585 5738 publicatos.

290 5688 531 5738 δοωίιω
553 5727 560 5737 .
580 5691 747 5739 cannis
762 5688 1077 5754 (:brysostom't
1097 5688 1289 5741 nomine
1308 5692 1585 5755 publicatas.

1654 282 1877 348 SEllSlO
1915 284 2224 373 C'CCXHII.

3397 300 3424 360 ί
3446 295 3550 351 506

1968 408 2207 452 sanctum
2242 399 2467 455 Daniclis
2514 401 2685 456 adhuc
2733 404 2925 459 novelli
2955 414 3149 483 tetate,
3202 409 3298 466 sed
3339 405 3555 468 robusti

1964 489 2180 557 pietate.
2225 492 2354 560 Quia
2397 509 2524 562 ergo
2566 505 2679 549 erat
2723 496 2772 549 in
2819 512 2884 550 eo
2914 498 3260 568 propheticus
3288 502 3539 573 Spiritus,

1964 581 2217 635 Continuo
2260 584 2703 653 nequissimorum
2751 588 3021 642 seniormn
3074 592 3207 647 vidit
3254 594 3539 649 fallaciam.

1965 668 2069 723 Sed
2097 671 2237 740 quod
2260 674 2347 729 ille
2371 675 2689 740 intuebatur,
2718 680 3103 749 providendum
3133 694 3247 738 erat
3274 693 3543 757 quomodo

1965 763 2175 817 caneris
2200 774 2599 821 monstraretur.
2633 767 2797 836 Falsi,
2825 772 3013 842 inquit,
3038 782 3181 829 testes
3206 789 3357 844 sunt;
3384 780 3547 833 redite

1965 852 2018 906 in
2036 853 2308 924 judicium.
2344 855 2448 910 Sed
2474 858 2615 927 quod
2642 858 2759 915 falsi
2790 871 2970 916 essent
2989 904 3002 927 ,
3036 865 3122 919 ille
3153 878 3407 936 noverat,
3454 871 3538 925 cui

1965 943 2304 1012 prOpheticus
2334 946 2558 1015 Spiritus
2588 949 2916 1005 revelaverat
2944 969 2955 1004 :
2988 953 3213 1009 docendi
3259 970 3409 1013 erant
3450 962 3538 1030 qui

1965 1036 2290 1091 nesciebant.
2342 1038 2481 1107 Ergo
2519 1039 2562 1093 si
2607 1040 2812 1108 judices
2838 1041 3103 1111 docendi,
3153 1056 3313 1104 testes
3355 1053 3539 1121 procul

1965 1125 2125 1180 dubio
2155 1130 2522 1185 convincendi.
2552 1132 2888 1190 Convinccns
2930 1149 3056 1205 ergo
3100 1152 3195 1193 eos
3219 1182 3232 1204 ,
3258 1141 3538 1199 intendens

1964 1213 2246 1271 falsitatem
2274 1221 2595 1285 testimonii,
2641 1238 2795 1293 quam
2823 1223 2937 1295 ipse
2962 1226 3070 1297 jam
3099 1241 3349 1297 noverat,
3380 1236 3541 1303 jussit

1963 1322 2057 1361 eos
2080 1308 2147 1361 ab
2174 1310 2395 1365 invicem
2422 1316 2676 1383 separari.
2708 1316 3057 1388 interrogavit
3080 1320 3315 1391 singulos
3341 1342 3355 1379 :
3379 1340 3538 1383 unam

1962 1396 2105 1451 enim
2136 1403 2616 1470 concupiscentiam
2649 1404 2845 1461 habere
2872 1409 3032 1463 ambo
3074 1420 3397 1480 potuerunt,
3448 1417 3540 1471 sed

1964 1502 2128 1542 unum
2171 1491 2447 1545 consilium
2482 1494 2723 1549 meditari
2755 1512 2858 1551 non
2890 1508 3194 1567 potuerunt.
3240 1503 3541 1577 Interroga-

1965 1585 2048 1630 tus
2088 1588 2171 1633 est
2213 1597 2384 1648 unus,
2431 1584 2530 1638 sub
2569 1601 2727 1653 quam
2771 1588 3015 1642 arborem
3046 1594 3542 1661 comprehendisset

1962 1668 2273 1737 adulteros;
2316 1674 2619 1742 respondit,
2658 1676 2765 1731 Sub
2803 1678 3026 1734 lentisco.
3061 1681 3419 1754 Interrogatus
3456 1701 3539 1744 est

1964 1760 2117 1827 alius;
2148 1764 2438 1833 respondit,
2464 1766 2571 1821 Sub
2596 1768 2728 1820 ilice.
2755 1769 3085 1826 Dissonantia
3118 1776 3542 1833 testimoniorum

1965 1853 2212 1922 patefecit
2251 1856 2563 1925 veritatem,
2609 1859 2850 1914 liberavit
2887 1864 3182 1919 castitatem
3211 1865 3375 1935 (Dan.
3404 1872 3542 1940 xm).

2034 1946 2087 1998 2.
2120 1946 2402 2011 Susannaz,
2439 1950 2557 2021 quia
2582 1951 2791 2004 liberata
2812 1962 2912 2017 est,
2942 1969 3041 2007 non
3068 1956 3231 2025 major
3259 1958 3438 2013 cn'nde
3465 1965 3545 2030 fe-

1966 2033 2147 2088 licitas.
2174 2037 2237 2089 Et
2267 2037 2481 2091 castitas
2501 2039 2734 2108 quidem,
2766 2040 2990 2107 fratres,
3022 2045 3281 2114 sicutjam
3310 2048 3452 2113 dixi,
3483 2049 3547 2104 li-
3614 2072 3627 2087 ι

1964 2124 2243 2181 beraretur
2286 2137 2342 2182 et
2389 2140 2765 2198 coronaretur,
2811 2134 3016 2187 etiamsi
3058 2150 3184 2189 caro
3230 2138 3547 2210 quandoque

1966 2218 2219 2271 moritura
2240 2259 2255 2283 ,
2286 2218 2377 2273 illo
2402 2218 2604 2289 judicio
2645 2230 2962 2277 moreretur.
2992 2224 3231 2281 Morituri
3271 2229 3414 2284 enim
3452 2246 3543 2284 sn-

1966 2324 2086 2363 mus
2112 2325 2335 2364 omnes:
2368 2326 2465 2365 nec
2490 2314 2598 2381 agit
2623 2314 2901 2383 quisquam
2928 2318 3014 2385 qni
3046 2321 3188 2386 cupit
3209 2321 3456 2389 evadere,
3488 2334 3549 2380 ut

1967 2411 2192 2455 mortem
2224 2400 2458 2466 auferat;
2489 2404 2582 2457 sed
2612 2409 2670 2458 ιιι
2693 2405 2901 2459 differat
2928 2406 3184 2461 debitum.
3214 2409 3326 2465 lloc
3354 2427 3546 2471 omnes

1970 2500 2141 2558 tenet,
2171 2492 2270 2545 hoc
2314 2505 2503 2547 omnes
2545 2493 2798 2565 reddituri
2829 2510 3042 2563 sumus,
3076 2499 3217 2567 quod
3264 2500 3330 2555 de
3376 2502 3546 2559 Adam

1966 2582 2261 2648 traximus;
2292 2592 2346 2638 et
2372 2583 2510 2651 quod
2542 2586 2675 2639 mori
2706 2586 2953 2641 nolumus
2977 2629 2991 2653 ,
3020 2590 3087 2644 ab
3112 2604 3362 2648 exactore
3393 2594 3550 2666 hujus

1967 2672 2128 2727 debiti
2181 2689 2285 2727 non
2327 2676 2585 2729 securitas
2631 2675 2828 2744 datur,
2858 2678 2954 2733 sed
3002 2679 3185 2736 dilatio
3231 2685 3545 2752 postulatur.

1968 2760 2206 2816 Susanna
2232 2778 2361 2833 ergo
2390 2763 2633 2834 religiosa
2675 2768 2866 2822 mulier
2909 2778 2963 2823 et
2991 2770 3181 2839 pudica
3215 2774 3406 2844 conjux
3434 2785 3552 2833 erat

1970 2852 2151 2923 utique
2178 2855 2494 2926 quandoque
2537 2858 2793 2913 moritura
2824 2867 2915 2915 :et
2956 2860 3129 2930 ipsum
3160 2865 3477 2939 quandoque
3504 2870 3551 2925 si

1971 2953 2093 2999 tunc
2122 2955 2304 3011 esset,
2332 2948 2597 3017 pudicitim
2627 2951 2751 3020 quid
2777 2952 3021 3023 obesset,
3047 2954 3173 3011 dum
3201 2972 3326 3015 caro
3349 2962 3551 3019 conde-

1969 3043 2117 3090 retur
2142 3037 2386 3105 sepulcro
2407 3080 2422 3104 ,
2464 3047 2520 3093 et
2565 3040 2779 3095 castitas
2807 3042 3121 3101 redderetur
3165 3047 3299 3118 Deo,
3330 3065 3553 3109 corona-

1970 3136 2119 3183 retur
2146 3143 2176 3181 a
2206 3129 2358 3183 Deo?
2386 3130 2587 3186 Putatis
2613 3133 2753 3186 enim
2775 3174 2792 3201 ,
2822 3133 3033 3202 fratres,
3068 3147 3314 3210 tanquam
3340 3142 3406 3197 ad
3435 3160 3548 3199 ma-

1972 3235 2131 3290 gnum
2156 3221 2403 3276 meritum
2436 3221 2736 3291 pertinere,
2766 3226 2809 3279 si
2836 3225 2951 3281 fulsi
2991 3237 3153 3285 testes
3210 3248 3314 3286 non
3345 3248 3549 3304 praeva-

1970 3311 2113 3365 leant
2162 3312 2419 3368 adversus
2460 3315 2838 3371 innocentem?
2871 3318 2985 3373 Non
3026 3330 3107 3374 est
3154 3338 3403 3392 magnum
3441 3343 3555 3383 me-

1969 3403 2130 3455 ritum
2150 3444 2165 3468 ,
2195 3404 2238 3455 si
2264 3418 2366 3455 non
2392 3406 2675 3472 praevaleat
2698 3404 2890 3460 falsum
2917 3409 3275 3465 testimonium
3297 3414 3556 3473 adversus

1973 3492 2333 3545 innocentem.
2359 3490 2602 3563 Magnum
2630 3496 2876 3550 meritum
2898 3506 3074 3565 esset,
3107 3502 3149 3554 si
3175 3502 3429 3559 adversus
3452 3507 3555 3562 Do-

1972 3582 2174 3637 minum
2201 3597 2305 3637 non
2331 3584 2714 3652 prtevaluisset.
2748 3586 2863 3657 Ipse
2885 3598 3062 3645 autem
3084 3592 3342 3649 Dominus
3374 3609 3555 3655 noster

1971 3674 2125 3730 Jesus
2150 3674 2395 3731 Christus
2422 3692 2519 3746 per
2546 3677 2749 3749 linguas
2792 3679 3044 3737 falsorum
3076 3686 3286 3741 testium
3322 3697 3404 3743 est
3431 3705 3558 3746 cru-

1973 3768 2181 3822 cifixus.
2211 3768 2315 3823 Sed
2343 3769 2441 3839 ipsi
2468 3769 2682 3839 quidem
2713 3769 2829 3827 falsi
2860 3782 3021 3830 testes
3046 3776 3111 3830 ad
3136 3778 3317 3833 horam
3349 3796 3556 3850 praeva-

1976 3858 2227 3926 luerunt,
2255 3869 2626 3916 resurrecturo
2651 3862 2775 3932 quid
2810 3866 3145 3921 nocuerunt?
3171 3869 3428 3940 Exemplo
3455 3877 3557 3927 lla-

1976 3966 2079 4021 que
2107 3965 2204 4005 suo
2252 3951 2507 4005 Dominus
2546 3954 2686 4007 Deus
2716 3962 2898 4008 noster
2939 3956 2990 4008 in
3030 3971 3192 4013 carne
3236 3976 3329 4013 sua
3355 4002 3369 4025 ,
3403 3963 3453 4015 in
3480 3963 3559 4017 in-

1978 4041 2227 4095 firmitate
2247 4055 2361 4106 sua,
2387 4050 2439 4095 et
2474 4041 2527 4094 in
2548 4040 2718 4095 forma
2746 4043 2890 4096 servi
2918 4083 2930 4106 ,
2962 4032 3119 4113 quam
3152 4048 3385 4118 suscepit
3409 4050 3473 4103 ad
3495 4052 3558 4105 li-

1978 4131 2273 4186 berandum
2294 4146 2505 4186 servum
2527 4173 2541 4197 ,
2568 4131 2634 4185 ad
2660 4132 3002 4202 qumrendum
3029 4133 3303 4204 fugitivum
3325 4179 3340 4205 ,
3372 4139 3437 4193 ad
3468 4156 3556 4196 re—

1980 4222 2286 4277 dimendum
2316 4223 2601 4292 captivum,
2630 4224 2944 4279 solvendum
2979 4226 3233 4295 vinctum,
3258 4228 3561 4289 faciendum

1982 4315 2048 4369 de
2072 4330 2228 4369 servo
2259 4314 2508 4381 fratrem;
2540 4314 2605 4369 ad
2644 4314 2746 4371 hoc
2774 4318 2990 4372 veniens
3014 4318 3066 4372 in
3111 4317 3277 4374 forma
3305 4325 3442 4378 servi
3468 4324 3562 4381 de.

1984 4407 2302 4459 monstravit
2325 4420 2482 4460 servo
2503 4408 2835 4477 exemplum,
2865 4424 2932 4463 ne
2958 4409 3120 4466 falsos
3150 4421 3312 4468 testes
3341 4417 3561 4485 perhor-

1983 4511 2155 4555 rescat
2180 4517 2193 4565 ;
2222 4510 2271 4555 et
2302 4516 2420 4555 cum
2463 4500 2769 4567 creduntur,
2794 4518 2896 4555 non
2927 4503 3125 4557 timeat.
3156 4503 3382 4562 Possunt
3418 4510 3561 4564 enim

1984 4591 2162 4645 facere
2206 4591 2398 4644 malam
2451 4589 2682 4657 famam;
2713 4591 2804 4645 sed
2842 4608 2946 4646 non
2997 4604 3218 4663 possunt
3263 4597 3564 4655 interficere

1986 4682 2365 4735 conscientiam
2416 4696 2624 4749 puram.
2667 4681 2896 4737 Liberali
2938 4693 3062 4738 sunt
3096 4694 3205 4742 tres
3232 4688 3330 4742 viri
3374 4689 3442 4745 de
3468 4706 3562 4745 ca-

1988 4775 2133 4827 mino
2160 4773 2294 4843 ignis
2322 4773 2589 4838 ardentis,
2623 4772 2790 4827 adfuit
2836 4774 2972 4829 Deus
3012 4792 3196 4832 eorum
3222 4820 3235 4844 ,
3260 4779 3568 4837 deambula-

1989 4873 2177 4917 verunt
2222 4864 2357 4917 inter
2400 4863 2548 4932 ignes
2577 4863 2841 4930 innoxios,
2870 4864 3068 4920 circum
3095 4867 3343 4924 ardentes
3378 4880 3431 4927 et
3459 4887 3565 4928 non

1991 4968 2238 5017 urentes,
2270 4964 2325 5008 et
2364 4954 2414 5007 in
2459 4954 2571 5024 ipsa
2610 4955 3037 5013 deambulatione
3088 4959 3270 5015 laudes
3311 4961 3564 5019 dixerunt

1992 5048 2122 5111 Deo,
2155 5055 2207 5099 et
2250 5046 2397 5100 illmsi
2446 5047 2582 5101 sicut
2622 5047 2768 5101 missi
2796 5046 3035 5116 fuerant,
3061 5064 3374 5119 evaserunt;
3401 5055 3571 5110 adfuit

1992 5154 2118 5205 ergo
2169 5137 2306 5190 Deus
2347 5151 2529 5191 eorum
2560 5136 2577 5205 (
2604 5135 2737 5190 Dan.
2770 5135 2900 5210 in):
2933 5142 3187 5212 numquid
3230 5142 3396 5197 defuit
3430 5145 3571 5201 Deus

1992 5227 2413 5283 Macbabtcorum
2460 5226 2535 5301 (ll
2566 5226 2803 5282 Macltab.
2843 5245 2913 5284 vn
2935 5230 2999 5301 )‘t
3034 5231 3113 5286 llli
3156 5244 3469 5303 evaserunt,
3499 5236 3574 5291 illi

1996 5336 2119 5374 mox
2147 5330 2389 5375 arserunt
2418 5337 2430 5374 :
2457 5323 2665 5391 utrique
2708 5323 2889 5377 tentati
2912 5364 2927 5391 ,
2955 5323 3007 5378 hi
3047 5341 3209 5382 carne
3232 5331 3528 5400 consumpti
3556 5371 3571 5396 ,

1998 5413 2048 5465 hi
2098 5428 2257 5467 carne
2296 5411 2479 5474 illaesi;
2512 5413 2603 5467 sed
2629 5414 2836 5483 utrique
2880 5418 3141 5472 coronati.
3171 5418 3236 5473 Ut
3285 5420 3574 5477 evaderent

1998 5506 2239 5561 flammas
2288 5514 2394 5560 tres
2435 5506 2570 5571 viri,
2597 5506 3088 5566 Nabuchodonosor
3115 5512 3407 5580 praestitum
3453 5523 3571 5581 est,

2000 5605 2057 5650 ut
2086 5595 2327 5651 crederet
2350 5596 2401 5650 in
2443 5597 2608 5651 Deum
2650 5613 2857 5653 eorum.
2900 5598 3030 5653 Nam
3073 5615 3160 5668 qui
3185 5616 3279 5655 eos
3318 5605 3489 5672 potuit
3519 5604 3571 5659 in

2003 5688 2283 5747 nianifesto
2312 5691 2554 5755 liberare,
2586 5690 2830 5760 potuitet
2855 5690 2908 5743 in
2939 5690 3147 5747 occulto
3167 5706 3442 5752 coronare.
3468 5694 3573 5754 Sed
