3996 6192
416 274 546 333 i507

414 395 458 444 si
486 390 605 443 illos
634 401 687 439 in
712 391 919 438 oceuito
962 381 1275 437 coronasset
1292 418 1306 441 ,
1332 387 1508 443 regem
1534 411 1550 437 ,
1585 369 1677 439 qui
1705 366 1951 421 saevierat
1973 402 1988 425 ,

418 497 523 534 non
549 479 844 534 liberasset.
886 474 1040 530 Salus
1074 469 1314 540 corporis
1343 467 1552 519 illorum
1574 503 1587 527 ,
1615 460 1759 515 salus
1801 456 1993 511 animae

417 574 553 626 facta
579 579 662 625 est
701 570 858 624 illius.
909 567 987 621 llli
1030 567 1191 619 Deum
1240 558 1500 615 laudando
1538 560 1815 609 evaserunt
1841 546 1993 627 ,sed

417 671 702 730 prmsentes
748 661 894 730 ignes
940 675 955 713 :
998 658 1089 711 ille
1144 657 1195 709 in
1255 654 1419 706 Deum
1466 645 1733 702 credendo
1782 641 1990 707 evasit,

418 752 512 805 sed
566 760 796 805 internas
831 750 1122 819 gehennas.
1176 745 1301 798 Plus
1343 756 1469 810 ergo
1515 739 1810 807 illi,quam
1855 734 1991 794 illis.

417 843 711 909 prteutitum
749 848 850 893 est.
881 836 1175 891 Antiochus
1219 843 1396 887 autem
1428 846 1532 885 non
1558 839 1670 883 erat
1697 827 1886 896 dignus
1908 825 1994 879 cui

418 932 541 983 talia
590 940 996 996 praestarentur,
1025 942 1055 980 a
1093 941 1198 996 quo
1241 922 1525 978 Machabtei
1566 920 1989 989 torquebantur:

416 1020 539 1075 ideo
567 1020 669 1075 illis
695 1020 813 1089 igne
858 1020 1241 1087 tormentisque
1270 1013 1597 1083 consumptis
1616 1054 1630 1077 ,
1658 1009 1944 1066 exsultavit
1977 1027 1991 1062 :

416 1110 510 1163 sed
539 1110 623 1179 qui
645 1126 697 1163 se
726 1110 911 1162 exaltat
930 1149 944 1175 ,
973 1107 1317 1161 humiliabilur
1359 1106 1376 1174 (
1402 1103 1529 1157 Luc.
1561 1118 1689 1158 xvtn
1709 1142 1723 1165 ,
1751 1102 1861 1169 14).

491 1203 545 1255 ὅ.
574 1200 746 1255 Maria
766 1218 796 1253 α
823 1202 954 1272 falsa
981 1201 1263 1270 suspicione
1278 1196 1473 1266 Ioseph
1499 1195 1726 1248 liberata.
1747 1192 1849 1260 Qui
1869 1206 1996 1260 ergo

422 1291 663 1347 liberavit
694 1292 988 1347 Susannam
1018 1292 1292 1344 mulierem
1315 1298 1533 1349 castam,
1565 1285 1844 1353 conjugem
1876 1283 1997 1336 lide-

418 1383 522 1436 lem
549 1399 577 1437 a
606 1376 738 1438 falso
762 1384 1061 1438 testimonio
1089 1381 1379 1445 seniorum,
1409 1378 1523 1448 ipse
1545 1376 1785 1432 liberavit
1809 1384 1863 1429 et
1886 1375 1995 1428 vir-

418 1477 596 1545 ginem
624 1476 841 1530 Mariam
867 1492 896 1528 a
924 1475 1054 1528 falsa
1094 1472 1395 1543 suspicione
1436 1467 1609 1523 mariti
1650 1468 1751 1521 sui.
1780 1465 1995 1520 Iuventa

420 1576 503 1619 est
528 1581 652 1635 ergo
680 1567 831 1634 virgo
861 1566 946 1618 illa
969 1578 1266 1633 praegnans,
1297 1562 1362 1615 ad
1389 1576 1546 1631 quam
1574 1560 1652 1612 vir
1677 1575 1782 1613 non
1813 1572 1996 1610 acces-

422 1665 587 1709 serat.
623 1655 813 1710 Uterus
843 1656 1053 1724 quidem
1084 1654 1192 1708 fetu
1237 1657 1588 1716 intumuerat;
1612 1650 1705 1704 sed
1728 1647 1996 1718 virginalis

422 1747 700 1816 integritas
721 1756 1007 1802 manserat.
1035 1746 1418 1802 Seminatorem
1461 1743 1583 1797 fidei
1613 1740 1715 1795 ﬁde
1735 1754 1995 1808 concepe-

420 1848 541 1902 rat,
573 1841 740 1894 Deum
782 1840 833 1892 iu
881 1854 1033 1893 suum
1080 1851 1274 1905 corpus
1311 1841 1704 1902 assumpserat,
1749 1830 1839 1899 qui
1880 1829 1998 1897 ejus

419 1942 613 1998 corpus
654 1931 838 1984 violari
884 1946 988 1984 non
1035 1930 1348 1998 permiserat
1379 1943 1393 1980 :
1423 1926 1611 1978 marito
1652 1931 1824 1976 tamen
1880 1930 1999 1973 tan-

421 2034 579 2085 quam
606 2019 805 2073 homini
834 2022 975 2075 venit
1004 2020 1056 2074 in
1084 2019 1462 2087 suspicionem.
1491 2013 1715 2069 Aliunde
1744 2026 1861 2067 esse
1882 2025 1999 2064 ere-

422 2109 610 2176 debat,
639 2111 779 2181 quod
805 2111 871 2165 de
901 2126 959 2165 se
990 2127 1092 2163 non
1119 2125 1239 2164 esse
1262 2108 1482 2173 sciebat,
1510 2114 1564 2160 et
1590 2106 1760 2173 ipsum
1786 2101 1998 2156 aliunde

424 2201 742 2255 adulterium
769 2202 1154 2271 suspicabatur.
1184 2201 1265 2254 Ab
1290 2198 1476 2267 angelo
1500 2195 1799 2263 corrigitur.
1824 2194 1997 2262 Quare

422 2290 609 2359 dignus
652 2292 749 2345 fuit
792 2294 859 2347 ab
911 2292 1099 2361 angelo
1126 2291 1351 2360 corrigi?
1379 2290 1509 2356 Quia
1536 2304 1641 2341 non
1673 2287 1725 2340 in
1755 2286 1844 2340 illo
1884 2292 1999 2339 erat

422 2381 677 2435 malevola
718 2383 1183 2450 suspiciozquales
1226 2379 1510 2449 Apostolus
1538 2378 1664 2431 dicit
1712 2375 1999 2430 malevolus

422 2474 749 2541 suspiciones
793 2476 939 2530 nasci
992 2474 1130 2528 inter
1168 2473 1359 2527 fratres
1394 2470 1453 2541 (l
1496 2469 1629 2523 Tim.
1656 2486 1706 2522 vt
1732 2511 1746 2535 ,
1778 2468 1864 2540 4).
1892 2468 2001 2521 Ma-

423 2562 611 2618 lcvohe
660 2566 988 2635 suspiciones
1037 2572 1159 2617 sunt
1209 2561 1673 2624 calumniantium,
1730 2560 1999 2614 benevola;

422 2654 753 2723 suspiciones
792 2665 913 2709 sunt
942 2654 1369 2724 gubernantium.
1402 2650 1551 2705 Licet
1573 2650 1817 2719 cuiquam
1839 2648 1908 2703 de
1939 2650 2000 2701 fi-

424 2743 496 2796 lio
522 2744 657 2797 male
682 2744 937 2811 suspicari
964 2761 977 2807 ;
1022 2742 1113 2797 sed
1154 2742 1219 2796 de
1247 2742 1351 2795 filio
1380 2755 1483 2794 non
1510 2740 1633 2795 licet.
1653 2737 1995 2793 calumniari:

427 2834 604 2901 utique
628 2833 913 2902 suspicaris
946 2834 1173 2897 malum;
1204 2832 1296 2887 sed
1331 2840 1483 2901 optas
1511 2831 1751 2885 invenire
1777 2830 1995 2884 bonum.

424 2922 521 2987 Qui
550 2923 808 2977 benevole
829 2924 1145 2993 suspicatur,
1175 2923 1312 2977 vinci
1339 2923 1482 2992 cupit
1508 2940 1521 2974 :
1545 2930 1667 2976 tunc
1693 2921 1834 2976 enim
1864 2922 2000 2976 bene

427 3013 666 3079 letatur,
699 3015 909 3084 quando
946 3016 1133 3069 falsum
1163 3014 1431 3069 inventum
1478 3015 1634 3069 fuerit
1674 3014 1813 3083 quod
1863 3014 1999 3069 male

424 3106 811 3172 suspicabatur.
844 3106 983 3160 Talis
1008 3116 1123 3160 erat
1140 3105 1336 3175 Joseph
1358 3107 1497 3160 circa
1519 3106 1800 3175 conjugem
1824 3121 1995 3172 suam,

423 3195 507 3247 cui
536 3210 758 3263 corpore
786 3212 889 3250 non
916 3204 1030 3251 erat
1051 3197 1263 3263 mixtus,
1287 3196 1381 3250 sed
1410 3204 1582 3250 tamen
1611 3196 1712 3250 fide
1749 3198 1859 3265 jam
1890 3195 2002 3249 fuc-

424 3295 503 3338 r..t
529 3287 822 3354 copulatus.
854 3286 1151 3357 Venitergo
1177 3300 1230 3341 et
1269 3288 1416 3356 virgo
1442 3288 1493 3340 in
1525 3287 1709 3340 falsam
1740 3286 2000 3355 suspicio-

424 3392 544 3429 nem
572 3392 586 3429 :
611 3376 702 3430 sed
734 3380 868 3431 sicut
897 3393 991 3446 pro
1019 3378 1259 3433 Susanna
1286 3378 1454 3432 adfuit
1497 3378 1551 3433 in
1581 3379 1798 3433 Daniele
1836 3377 2001 3447 Spiri-

430 3479 513 3519 tus
534 3508 547 3529 ,
576 3467 650 3519 sic
680 3483 775 3534 pro
802 3468 961 3520 Maria
995 3467 1162 3522 adfuit
1200 3469 1439 3537 angelus.
1470 3467 1550 3521 Ad
1593 3467 1790 3537 Joseph
1835 3468 2003 3537 inquit

423 3556 641 3625 angelus
672 3572 682 3605 :
717 3554 841 3608 Noli
862 3558 1034 3610 timere
1062 3560 1288 3626 accipere
1305 3557 1525 3609 Mariam
1546 3559 1811 3627 conjugem
1832 3567 2000 3610 tuam:

423 3646 556 3712 quod
582 3646 711 3697 enim
733 3646 793 3696 de
813 3664 868 3697 ea
885 3648 1125 3711 nascitur,
1150 3647 1211 3699 de
1230 3647 1428 3716 Spiritu
1445 3656 1615 3700 sancto
1636 3657 1706 3699 est
1725 3646 1935 3717 (Matth.
1960 3664 1997 3713 ι,

426 3716 630 3801 lii-20).
650 3732 835 3786 Ahlata
853 3734 1080 3802 suspicio
1097 3744 1195 3800 est,
1215 3735 1336 3804 quia
1358 3735 1566 3789 inventa
1589 3716 1881 3805 redemptio
1896 3745 1997 3790 est.

496 3824 548 3877 4.
587 3822 845 3893 Virginum
871 3834 914 3878 et
943 3826 1323 3895 conjugatarum
1364 3827 1565 3879 castitas
1584 3865 1600 3893 ,
1634 3829 1894 3895 praemium
1918 3828 2001 3879 in-

426 3914 636 3981 a'quale,
654 3913 740 3966 scd
760 3924 999 3967 wternum
1025 3926 1234 3987 utraque
1272 3915 1434 3969 habet.
1463 3915 1651 3985 Iugum
1678 3914 1863 3971 Christi
1893 3917 2003 3971 lene

424 4015 468 4055 et
487 4004 683 4057 sarcina
717 4002 834 4058 levis
864 4005 1166 4058 amantibus.
1200 4004 1512 4061 Gaudebant
1540 4006 1697 4076 paulo
1721 4015 1844 4061 ante
1874 4021 2002 4061 con-

420 4094 614 4163 jugata:
638 4095 702 4149 ad
729 4095 1023 4151 Susannam
1043 4138 1058 4161 ,
1076 4097 1340 4166 gaudeant
1368 4098 1596 4168 virgines
1633 4099 1698 4152 ad
1742 4098 1958 4152 Mariam
1986 4117 1999 4153 :

425 4195 658 4253 utraeque
703 4194 918 4239 teneant
963 4188 1295 4252 castitatem;
1342 4189 1444 4241 ilice
1487 4189 1853 4259 coujugalem,
1900 4190 2001 4242 illa:

425 4273 754 4342 virginalem.
780 4272 1013 4344 Utraque
1039 4277 1179 4329 enim
1225 4279 1440 4332 castitas
1479 4278 1637 4332 habet
1669 4277 1807 4348 apud
1836 4278 2000 4331 Deum

426 4364 712 4417 meritum:
747 4366 848 4420 etsi
895 4367 1164 4435 virginalis
1213 4368 1382 4436 major
1423 4379 1531 4434 est,
1580 4371 1869 4439 conjugalis
1898 4370 1998 4424 mi-

424 4468 553 4519 nor;
590 4464 762 4509 tatt:en
814 4466 1031 4526 utraque
1072 4468 1219 4526 grata
1249 4470 1330 4513 est
1368 4459 1477 4512 Deo
1499 4499 1513 4523 ,
1548 4460 1666 4527 quia
1694 4461 1890 4514 donum
1921 4469 2003 4514 est.

429 4546 538 4600 Dei.
584 4546 665 4601 Ad
704 4547 863 4602 vitam
912 4558 1164 4605 aeternam
1213 4566 1398 4606 omnes
1435 4552 1779 4621 perveniunt;
1808 4552 1901 4606 sed
1948 4552 2000 4605 in

426 4637 528 4708 vita
550 4647 744 4691 {eterna
794 4656 898 4693 non
926 4657 1109 4695 omnes
1137 4642 1382 4696 eumdem
1430 4641 1684 4695 honorem
1709 4684 1724 4708 ,
1756 4642 1996 4697 eamdem

427 4729 755 4797 dignitatem,
792 4730 930 4787 idem
980 4734 1224 4788 meritmn
1269 4743 1596 4803 comparant.
1624 4733 1711 4787 Sic
1757 4734 1859 4788 erit
1896 4736 1999 4788 vita

424 4832 618 4874 aeterna
642 4832 695 4877 et
726 4839 944 4893 regnum
967 4825 1089 4888 Dei,
1114 4827 1399 4894 quomodo,
1430 4827 1788 4882 similitudinis
1817 4841 1996 4893 causa,

424 4913 562 4981 quod
613 4914 837 4968 dicimus
884 4916 1099 4970 caelum.
1132 4916 1187 4970 lu
1235 4918 1371 4972 caelo
1411 4928 1535 4973 sunt
1576 4922 1752 4973 omnia
1779 4918 1996 4972 sidera:

426 5005 500 5057 sic
528 5015 580 5058 et
631 5005 680 5058 itt
735 5021 897 5074 regno
941 5006 1030 5059 Dei
1083 5022 1269 5061 omnes
1292 5016 1447 5062 erunt
1482 5008 1603 5061 boni
1645 5008 1847 5062 fideles.
1882 5007 1997 5061 Vita

425 5105 618 5149 :etcrna
647 5111 743 5166 par
772 5096 874 5149 erit
902 5096 1148 5149 omnibus
1179 5115 1191 5150 :
1222 5112 1323 5150 non
1352 5099 1490 5151 enim
1523 5098 1590 5151 ibi
1620 5099 1753 5151 alius
1781 5098 1895 5167 plus
1916 5098 1997 5151 vi-

428 5188 534 5253 vit,
565 5189 698 5242 alias
727 5189 930 5250 minus;
963 5188 1174 5257 quando
1203 5204 1386 5243 omnes
1413 5192 1527 5243 sine
1570 5190 1673 5243 fine
1701 5190 1885 5243 victuri
1912 5206 2000 5244 su-

430 5294 565 5332 mus.
600 5279 715 5345 Ipse
735 5287 815 5331 est
840 5278 1088 5332 denarius
1115 5294 1270 5347 quem
1299 5279 1566 5348 accepturi
1593 5290 1716 5333 sunt
1745 5282 1993 5350 operarii,

427 5370 536 5422 sive
558 5370 643 5438 qui
673 5370 722 5422 iu
744 5368 892 5424 vinea
930 5386 1083 5424 mane
1110 5369 1521 5437 laboraverunt,
1554 5372 1664 5425 sive
1692 5372 1779 5441 qui
1810 5374 1873 5427 ad
1905 5373 1999 5426 ho-

431 5476 538 5514 ram
569 5461 900 5518 undecimam
930 5472 1188 5517 venerunt
1210 5464 1228 5536 (
1253 5462 1337 5517 Id.
1372 5480 1438 5517 xx
1465 5505 1478 5527 ,
1507 5464 1560 5529 9,
1591 5465 1676 5531 l0)
1708 5482 1719 5516 :
1750 5465 1998 5519 denarius

429 5554 516 5608 ille
547 5554 647 5606 vita
677 5565 872 5607 (eterna
922 5563 1002 5608 est
1026 5596 1038 5619 ,
1068 5570 1184 5623 qua:
1229 5554 1473 5608 oumibus
1518 5570 1611 5623 par
1648 5563 1745 5607 cst.
1789 5554 1892 5609 Sed
1923 5556 2001 5610 in-

432 5646 643 5702 tuemini
693 5649 914 5715 caalum,
959 5647 1303 5702 recordamini
1352 5648 1657 5717 Apostolnn
1689 5666 1700 5701 :
1734 5648 1847 5700 ,ΗΜ
1890 5666 1999 5703 cor-

1625 254 1679 308 S.
1721 241 2084 307 AUGUSTINI
2124 245 2425 303 EPISCOPl

3543 257 3679 314 i508

2106 374 2230 428 pora
2259 361 2495 428 ctelestia,
2514 370 2559 414 et
2585 361 2686 415 alia
2712 365 2984 417 terrestria.
3014 364 3129 418 Alia
3150 365 3314 436 gloria
3342 369 3484 435 solis,
3513 378 3560 423 et
3576 370 3681 423 alia

2101 449 2263 519 gloria
2284 450 2435 513 lunaz,
2455 460 2500 503 et
2526 453 2628 504 alia
2653 453 2816 522 gloria
2844 454 3101 507 stellarum
3118 473 3136 521 ;
3153 454 3296 509 stella
3327 458 3456 511 enim
3479 476 3510 511 a
3539 459 3681 513 stella

2102 540 2273 609 di/I'ert
2298 543 2348 596 in
2387 543 2549 613 gloria
2581 546 2693 597 :sic
2719 554 2764 597 et
2800 548 3097 599 resurrectio
3140 558 3451 602 mortuorum
3482 551 3501 621 (
3520 551 3537 604 Ι
3560 549 3679 605 Cor.

2100 649 2189 700 xv,
2218 633 2433 704 40-42).
2469 636 2609 706 Ergo
2632 637 3015 706 unusquisque,
3048 638 3234 693 fratres
3257 642 3388 705 mei,
3422 658 3516 711 pro
3540 643 3682 697 dono

2102 725 2240 795 quod
2266 726 2506 794 accepit,
2534 735 2703 780 certet
2724 727 2775 780 in
2818 727 2917 781 hoc
2939 730 3164 796 saaculo,
3194 740 3250 785 ut
3273 732 3497 801 gaudeat
3526 734 3575 787 in
3602 733 3679 799 ἦ.-

2104 826 2241 871 turo.
2267 817 2589 888 Conjugatus
2626 820 2721 873 es?
2769 819 2994 876 Inferior
3016 821 3121 875 vita
3159 834 3273 889 est,
3305 825 3523 879 inferius
3546 841 3682 894 pra:-

2104 908 2267 962 mium
2299 924 2450 976 spera
2477 926 2491 973 ;
2522 918 2776 965 mternum
2809 922 2984 968 tamen
3012 930 3230 985 regnum
3277 933 3380 972 non
3431 918 3677 987 deSpcra.

2106 997 2372 1066 Praecepta
2404 999 2493 1053 tibi
2532 1001 2824 1071 coujugalia
2857 1005 3132 1059 retinenda
3174 1018 3314 1060 sunt.
3343 1007 3477 1073 Quid
3499 1010 3638 1064 enim
3658 1051 3676 1077 ,

2103 1088 2221 1156 quia
2266 1105 2483 1143 uxorem
2522 1091 2710 1156 habes,
2766 1107 2869 1147 non
2902 1103 2953 1149 te
2992 1095 3155 1149 debes
3198 1114 3483 1167 agnoscere
3526 1116 3681 1170 pere-

2102 1180 2299 1248 grinari
2343 1180 2394 1233 in
2423 1181 2523 1236 hoc
2562 1183 2793 1249 mundo,
2821 1185 3133 1240 moriturum
3178 1204 3282 1241 non
3328 1200 3377 1245 te
3403 1192 3564 1247 debes
3588 1210 3680 1248 co-

2103 1271 2301 1340 gitare,
2334 1274 2595 1327 exiturum
2625 1274 2692 1328 de
2732 1277 2867 1331 lecto
2897 1279 3213 1348 voluptatis?
3236 1291 3287 1335 et
3315 1283 3432 1338 vide
3460 1302 3564 1353 quo
3591 1296 3679 1341 ut-

2104 1376 2329 1430 cumque
2382 1378 2598 1432 pergas,
2642 1366 2708 1419 ad
2748 1374 3064 1422 tormentum
3111 1371 3456 1438 calamitatis,
3499 1388 3563 1429 an
3610 1379 3677 1433 ad

2104 1452 2375 1520 praemium
2406 1455 2735 1511 :eternitatis.
2767 1457 2945 1526 Cogita
2975 1475 3121 1529 ergo,
3150 1476 3301 1516 serva
3341 1466 3478 1533 quod
3523 1482 3679 1523 acce-

2106 1542 2253 1610 pisti,
2297 1544 2430 1597 fetto
2471 1547 2732 1600 sarcinam
2771 1556 2910 1603 tuam
2944 1568 2957 1603 :
2988 1552 3107 1618 quia
3150 1553 3278 1607 levis
3314 1564 3428 1619 est,
3472 1557 3516 1609 si
3561 1558 3679 1611 dili-

2102 1635 2213 1703 gis;
2245 1637 2447 1704 gravis,
2478 1637 2522 1690 si
2564 1637 2741 1691 odisti.
2767 1639 2882 1693 Non
2907 1642 3046 1695 enirn
3075 1643 3263 1698 frustra
3289 1646 3537 1701 Dominus
3569 1649 3673 1713 ait,

2103 1736 2195 1777 aut
2216 1742 2340 1779 vere
2365 1743 2486 1781 cum
2515 1728 2618 1783 hoc
2640 1732 2734 1797 ait,
2760 1733 2887 1787 solis
2911 1735 3304 1790 continentibus
3326 1739 3637 1808 loquebatur
3660 1759 3676 1796 :

2114 1815 2286 1870 Venite
2312 1818 2380 1871 ad
2409 1835 2517 1882 me,
2551 1837 2719 1875 omnes
2762 1824 2847 1892 qui
2895 1824 3131 1879 laboratis
3166 1837 3211 1879 et
3245 1832 3439 1881 onerati
3457 1831 3602 1895 estis,
3633 1841 3679 1884 et

2103 1923 2193 1977 ego
2231 1909 2453 1976 reﬁciam
2500 1926 2602 1965 vos.
2649 1911 2826 1967 Tollite
2857 1916 3040 1985 jugum
3093 1934 3255 1971 meum
3292 1936 3443 1989 super
3482 1938 3598 1987 vos,
3632 1934 3677 1976 et

2105 1998 2278 2051 discite
2305 2016 2335 2050 a
2357 2017 2434 2053 me
2453 2002 2569 2070 quia
2606 2004 2739 2056 mitis
2765 2021 2876 2058 sum
2901 2016 2945 2059 et
2973 2008 3176 2060 Immitis
3196 2010 3361 2072 corde,
3388 2021 3432 2063 et
3460 2012 3678 2066 invenie-

2106 2088 2169 2141 tis
2196 2090 2415 2157 requiem
2466 2093 2729 2146 animabus
2776 2097 2947 2148 vestris
2970 2112 2988 2149 :
3021 2112 3125 2150 non
3162 2101 3411 2154 carnibus
3452 2104 3675 2167 vestris,

2103 2180 2195 2234 sed
2237 2182 2511 2236 animabus
2539 2185 2745 2238 vestris.
2774 2184 2966 2257 Jugum
2993 2190 3126 2241 enim
3158 2205 3318 2243 meum
3358 2193 3469 2244 lene
3496 2202 3600 2257 est,
3632 2206 3679 2247 et

2103 2271 2299 2323 sarcina
2324 2288 2433 2324 mea
2456 2274 2573 2325 levis
2592 2284 2662 2328 est
2685 2274 2899 2341 (Matth.
2929 2293 3011 2342 ιι,
3034 2278 3222 2349 28-50)
3245 2298 3257 2332 :
3284 2281 3415 2335 levis
3446 2283 3641 2337 amanti
3660 2325 3674 2346 ,

2104 2360 2278 2428 gravis
2301 2362 2534 2429 neganti.
2562 2362 2750 2432 Jugum
2780 2365 2986 2420 Domini
3013 2368 3065 2421 in
3092 2371 3351 2424 cervicem
3378 2374 3680 2441 sumpsisti?

2103 2447 2247 2503 Lcne
2269 2460 2369 2515 est,
2400 2452 2445 2505 si
2470 2452 2607 2508 bene
2635 2457 2863 2520 conaris;
2882 2471 3146 2526 asperum,
3168 2461 3210 2513 si
3241 2462 3533 2517 reluctaris.
3562 2464 3681 2518 Cir-

2103 2550 2363 2594 cumstant
2385 2544 2699 2598 tentationes
2710 2545 3036 2615 coujugalem
3058 2550 3237 2601 vitam.
3255 2550 3521 2619 Numquid
3537 2555 3678 2607 enim

2104 2633 2203 2687 ista
2224 2633 2457 2687 Susanna
2488 2635 2608 2689 ideo
2635 2650 2736 2690 non
2760 2644 2956 2691 tentata
2976 2648 3055 2693 est
3073 2640 3121 2693 in
3140 2641 3246 2709 ipsa
3270 2641 3538 2711 pudicitia,
3557 2644 3679 2713 quia

2104 2723 2293 2777 marito
2316 2732 2430 2777 erat
2455 2725 2769 2794 conjuncta?
2791 2726 3053 2797 Numquid
3075 2729 3156 2782 ha:
3177 2730 3305 2783 sola:
3332 2731 3383 2784 in
3412 2730 3510 2786 hac
3532 2741 3680 2801 parte

2104 2828 2211 2867 non
2257 2823 2551 2879 tentantur,
2583 2831 2700 2884 quae
2732 2816 2854 2871 viris
2893 2818 3229 2887 coliulantur?
3256 2820 3393 2874 Ecce
3438 2819 3678 2875 SuSanna

2105 2919 2240 2957 uxor
2284 2905 2453 2959 aliena
2498 2915 2647 2971 erat,
2679 2907 2925 2961 maritum
2972 2908 3199 2964 habebat
3231 2928 3244 2964 :
3278 2919 3452 2965 tamen
3480 2921 3679 2967 tentata

2105 3003 2214 3060 est,
2255 2995 2525 3050 ﬂuctuavit
2570 2997 2621 3050 in
2668 3005 3000 3067 tempestate.
3031 3000 3307 3070 Angustite,
3333 3002 3526 3071 inquit,
3558 3005 3682 3057 milii

2105 3096 2218 3138 sunt
2240 3086 2477 3155 undique.
2511 3088 2551 3141 A
2583 3086 2729 3142 falsis
2755 3089 2898 3142 enim
2926 3090 3149 3145 testibus
3180 3092 3354 3146 timuit
3378 3094 3512 3147 mori
3546 3112 3559 3147 :
3585 3095 3680 3148 sed

2106 3191 2135 3228 a
2168 3176 2275 3229 Deo
2301 3177 2477 3245 judice
2505 3195 2628 3233 vero
2658 3179 2827 3233 timuit
2853 3181 3060 3248 penitus
3107 3183 3261 3235 mori.
3291 3183 3330 3235 Α
3367 3182 3510 3237 falsis
3537 3185 3679 3239 enim

2108 3266 2327 3321 testibus
2348 3268 2412 3321 ad
2443 3277 2649 3338 tempus
2676 3280 2970 3324 moreretur
2994 3289 3005 3323 :
3034 3287 3062 3323 a
3087 3271 3264 3341 judice
3292 3273 3398 3327 Deo
3428 3274 3480 3326 in
3525 3284 3684 3328 aeter-

2106 3374 2230 3411 num
2285 3360 2577 3427 puniretur.
2621 3361 2928 3431 Appendit,
2976 3364 3175 3433 elegit:
3211 3368 3354 3433 prius
3398 3365 3598 3431 timuit,
3628 3376 3681 3421 et

2106 3450 2385 3519 appendit;
2417 3451 2699 3520 appendit,
2726 3464 2779 3507 et
2808 3454 3000 3523 elegit;
3024 3457 3209 3526 elegit,
3242 3466 3293 3510 et
3320 3458 3459 3512 vicit.
3495 3458 3680 3512 Docuit

2106 3538 2331 3595 feminas
2356 3541 2660 3611 conjugatas
2697 3544 3004 3615 religiosas,
3038 3549 3279 3601 lentatori
3306 3550 3553 3605 resistere
3580 3551 3678 3604 do-

2106 3631 2251 3695 cuit,
2310 3647 2540 3700 pugnare
2595 3633 2801 3703 docuit,
2845 3635 3083 3691 laborare
3116 3637 3322 3707 docuit,
3362 3640 3680 3709 adjutorium

2106 3722 2390 3792 implorare
2415 3724 2612 3779 docuit.

2177 3814 2230 3869 5.
2261 3813 2488 3868 Feminis
2516 3816 2799 3886 exemplum
2826 3819 3085 3874 Susanna.
3105 3825 3363 3892 Agendum
3390 3842 3489 3879 non
3518 3828 3683 3881 solum

2107 3914 2160 3957 ut
2208 3905 2335 3958 bona
2371 3909 2435 3958 sit
2482 3907 2611 3972 vita,
2664 3908 2752 3960 sed
2795 3917 2838 3961 et
2879 3910 3017 3976 fama
3056 3912 3234 3965 illwsa.
3283 3914 3338 3968 Si
3384 3915 3448 3969 de
3489 3916 3680 3971 femina

2111 4007 2253 4051 tanta
2292 3999 2560 4067 Scriptura
2609 4001 2755 4053 testis
2793 4010 2902 4064 est;
2945 4003 3196 4071 numquid
3225 4005 3364 4057 viros
3408 4007 3683 4062 deseruit?

2110 4088 2360 4156 numquid
2389 4088 2466 4142 eis
2488 4089 2786 4157 exemplum
2816 4090 3121 4143 imitationis
3166 4092 3353 4145 deesse
3402 4097 3682 4162 permisit?

2108 4180 2448 4234 Intuebamnr
2469 4180 2763 4235 Susannam
2795 4189 3044 4235 tentatam
3080 4199 3107 4235 a
3140 4184 3265 4236 viris
3293 4187 3680 4255 concupiscen-

2109 4276 2248 4329 tibus
2277 4274 2393 4343 ejus
2422 4279 2813 4343 corruptionem
2835 4317 2848 4339 ,
2877 4277 3210 4331 intuebamnr
3234 4288 3547 4334 certantem.
3578 4279 3681 4335 Le-

2107 4368 2209 4420 ctio
2254 4368 2340 4421 illa
2382 4368 2643 4421 theatrum
2678 4369 2844 4423 nostri
2886 4370 3062 4425 cordis
3101 4382 3248 4438 erat,
3298 4373 3551 4428 athletam
3582 4375 3680 4430 Dei

2110 4457 2352 4526 pudicum
2384 4459 2625 4528 spiritum
2666 4461 3131 4529 exspectabamus,
3160 4472 3450 4520 certantem
3490 4467 3678 4522 adver-

2108 4551 2301 4602 Sat-inn
2334 4551 2669 4613 videbamus,
2703 4552 2767 4606 de
2811 4553 2950 4607 victo
2993 4569 3112 4607 cum
3138 4555 3361 4613 victrice
3388 4558 3681 4628 triumphe-

2107 4658 2245 4695 mus.
2297 4642 2504 4696 llabent
2547 4644 2845 4713 exemplum
2889 4658 3042 4697 suum
3088 4646 3349 4714 religiosae
3390 4649 3676 4717 conjuges,

2108 4732 2303 4786 habent
2345 4733 2484 4801 quod
2525 4734 2812 4787 imitentur.
2861 4735 2970 4789 Deo
2999 4735 3227 4790 debeant
3264 4738 3400 4804 quod
3429 4749 3675 4803 servant.

2106 4839 2210 4876 non
2259 4823 2457 4877 hzmnni
2494 4842 2505 4876 :
2543 4835 2665 4879 tunc
2709 4827 2850 4879 enim
2891 4838 3135 4892 servant,
3177 4828 3218 4881 si
3266 4828 3373 4881 Deo
3419 4829 3673 4891 debeant;

2108 4924 2233 4969 tunc
2258 4924 2465 4968 Servant
2487 4956 2500 4980 ,
2531 4917 2572 4968 si
2605 4916 2679 4969 illi
2710 4916 2971 4981 debeant,
2999 4918 3086 4986 qui
3113 4916 3252 4969 videt
3274 4917 3411 4984 quod
3439 4929 3673 4983 servant,

2106 5004 2247 5072 quod
2274 5004 2429 5057 etiam
2464 5005 2680 5059 maritus
2713 5021 2815 5058 non
2842 5006 2998 5059 videt.
3030 5005 3179 5072 Smpe
3207 5004 3348 5058 enim
3379 5006 3571 5059 absens
3598 5018 3679 5060 est

2107 5098 2364 5163 maritus,
2414 5113 2623 5166 semper
2661 5107 2745 5152 est
2792 5112 3026 5167 praesens
3066 5095 3243 5149 Deus:
3277 5107 3331 5151 et
3357 5097 3676 5166 aliquando,

2107 5189 2227 5258 quia
2257 5189 2415 5242 homo
2440 5197 2521 5257 est
2547 5191 2765 5243 maritus
2791 5231 2804 5253 ,
2835 5187 3130 5256 suspicatur
3153 5186 3376 5253 falsum;
3410 5197 3532 5242 tunc
3562 5200 3677 5243 oret

2108 5281 2298 5334 mulier
2345 5296 2441 5349 pro
2488 5279 2677 5332 marito
2729 5294 2825 5331 suo
2871 5276 3172 5345 suspicante
3212 5277 3433 5344 falsum;
3478 5289 3591 5333 oret
3623 5289 3679 5333 ut

2109 5372 2199 5426 ille
2228 5372 2475 5434 salvetur,
2512 5385 2613 5423 non
2658 5378 2713 5422 ut
2760 5369 2845 5421 ille
2872 5368 3171 5422 damnetur.
3219 5369 3367 5422 Falsa
3408 5370 3547 5423 enim
3580 5368 3677 5423 viri

2108 5464 2338 5533 SnSpitio
2391 5479 2494 5517 non
2539 5462 2736 5518 claudit
2778 5462 2963 5515 oculos
3004 5461 3118 5516 Dei.
3175 5460 3314 5515 illius
3356 5460 3677 5515 conscientia

2108 5557 2245 5610 nuda
2289 5565 2369 5609 est
2416 5571 2591 5609 coram
2638 5556 2761 5615 illo,
2796 5554 2882 5621 qui
2914 5563 3059 5607 creat
3103 5568 3239 5607 cam.
3288 5551 3401 5618 Ipse
3439 5552 3578 5606 enim
3611 5551 3676 5605 ad

2111 5661 2639 5718 tempusoppressam
2684 5647 2871 5700 liberat
2915 5645 2964 5698 in
2993 5654 3266 5697 :etcrnum.
3296 5641 3401 5697 Sed
3444 5652 3555 5695 oret
3588 5653 3684 5708 pro
