4026 6186
275 293 424 352 15οῦ

277 413 512 472 marito,
545 413 597 460 et
639 404 728 459 det
769 419 984 476 operam
1012 418 1115 458 non
1141 403 1311 458 solum
1339 399 1536 456 habere
1562 399 1756 453 bonam
1784 395 1864 449 vi-

276 510 414 560 tam.
433 496 526 551 sed
548 497 707 552 etiam
731 497 950 552 illmsam
970 495 1180 550 famam.
1201 495 1397 549 Bonam
1417 493 1558 548 enim
1576 492 1734 545 vitam
1753 489 1864 558 ipsa

279 587 532 654 pudicitia
562 587 785 648 liberat,
813 603 879 641 ne
911 585 1191 641 damnetur
1215 603 1228 639 :
1253 585 1398 639 bona.
1420 597 1546 638 vero
1567 581 1704 635 fama
1731 579 1866 632 alios

279 681 494 744 lzherat,
528 693 596 732 ne
623 677 814 731 falsum
862 676 1180 746 suspicando
1225 674 1492 737 labantur,
1524 681 1579 726 et
1618 669 1754 724 forte
1811 667 1865 722 in

281 777 560 828 teccatum
589 766 871 833 decidant,
898 766 1024 821 dum
1061 758 1201 836 quod
1245 779 1350 819 non
1377 763 1555 818 vident
1577 761 1815 832 judicant
1849 777 1862 812 :

279 862 435 916 sicuti
459 861 665 930 judices
698 859 784 916 isti
809 860 1144 920 ceciderunt,
1175 867 1230 912 et
1280 856 1459 912 Daniel
1487 863 1730 919 sanctus,
1760 851 1866 904 imo

279 967 380 1021 per
419 951 694 1010 Danielem
744 949 1030 1016 Dominus,
1072 948 1239 1018 magis
1265 949 1382 1003 illos
1419 944 1665 1016 judices,
1706 955 1864 1012 quam

278 1044 616 1105 Susannam,
659 1039 728 1095 ab
782 1039 1036 1096 interiore
1083 1046 1254 1094 morte
1297 1035 1556 1093 liberavit.
1597 1030 1866 1088 Liberavit

279 1133 425 1186 enim
479 1132 622 1186 illam
652 1173 668 1200 ,
712 1147 781 1186 ne
827 1131 894 1186 ad
943 1139 1149 1200 tempus
1203 1130 1546 1185 damnaretur
1597 1143 1610 1180 :
1669 1124 1864 1179 libera-

281 1223 355 1277 vit
397 1231 573 1275 autem
623 1221 777 1286 illos,
821 1236 890 1274 ne
937 1221 1074 1274 male
1107 1219 1393 1289 judicando
1436 1227 1490 1272 et
1528 1217 1863 1272 innocentem

281 1312 613 1378 damnando,
649 1312 700 1365 in
727 1320 988 1365 :eternum
1019 1311 1336 1380 supplicium
1360 1309 1614 1365 caderent
1636 1308 1752 1377 ejus
1778 1307 1862 1376 jn-

281 1404 442 1465 tllClS,
489 1419 646 1473 quem
675 1417 832 1457 nemo
863 1410 1038 1472 potest
1078 1416 1419 1472 corrumpere
1445 1443 1460 1468 ,
1502 1415 1532 1454 a
1572 1414 1678 1470 quo
1706 1411 1862 1454 nemo

281 1513 340 1550 se
371 1505 540 1565 potest
569 1494 920 1549 abscondere.

355 1587 405 1640 6.
439 1585 626 1656 Ioseph
657 1586 774 1638 viris
801 1585 1086 1654 exemplum
1124 1584 1394 1654 pudicitiw.
1438 1582 1686 1637 Dicebam
1735 1595 1862 1650 ergo

280 1678 349 1732 de
375 1678 529 1743 viris,
553 1677 673 1747 quia
703 1691 802 1731 nec
829 1676 928 1746 ipsi
955 1676 1070 1730 sine
1090 1675 1332 1744 exemplo
1354 1673 1556 1729 dimissi
1583 1681 1726 1729 sunt.
1751 1671 1860 1726 Viri

281 1768 447 1831 casti,
479 1768 576 1822 viri
606 1768 852 1822 timentes
885 1767 1049 1821 Deum
1073 1805 1087 1830 ,
1111 1765 1208 1818 viri
1227 1764 1416 1834 quibus
1442 1763 1711 1818 sufficiunt
1735 1777 1862 1815 con-

271 1861 430 1929 juges
453 1874 595 1923 suce;
624 1861 722 1913 viri
767 1859 856 1929 qui
903 1874 1009 1912 non
1052 1857 1259 1912 violatis
1299 1855 1440 1927 quod
1483 1856 1632 1910 vobis
1672 1853 1860 1909 violari

284 1967 395 2006 non
437 1951 622 2014 vultis;
652 1950 750 2004 viri
778 1949 866 2020 qui
896 1949 1050 2003 [idem
1072 1988 1087 2014 ,
1117 1962 1271 2018 quam
1310 1946 1559 2017 exegistis
1579 1987 1593 2012 ,
1623 1945 1858 2000 reddidi-

280 2041 415 2106 stis;
442 2049 747 2110 exspectate
776 2051 829 2094 et
855 2054 950 2094 vos
977 2055 1062 2094 me
1081 2050 1553 2103 commemorante,
1583 2037 1723 2107 quod
1767 2051 1860 2091 ex-

278 2131 587 2198 spectabant
617 2145 812 2185 uxores
839 2139 1029 2185 vestra:
1059 2130 1260 2184 lectore
1298 2129 1576 2184 recitante.
1615 2127 1724 2183 Nec
1759 2143 1854 2183 vos

280 2221 398 2274 sine
423 2219 668 2288 exemplo
709 2219 982 2289 Scriptura
1038 2219 1216 2274 divina
1261 2219 1480 2274 dimisit.
1528 2218 1637 2273 Illae
1661 2219 1860 2273 Susan-

277 2326 403 2363 nam
433 2311 748 2374 audiebant,
781 2321 831 2366 et
859 2311 908 2364 in
933 2326 995 2365 ea
1025 2311 1270 2366 vincente
1296 2309 1632 2380 gaudebant:
1657 2324 1750 2364 vos
1769 2309 1858 2364 Jo-

283 2403 422 2471 scph
467 2401 763 2464 attendite;
805 2418 904 2456 nou
948 2402 1096 2456 illum
1143 2401 1376 2470 .loseph,
1419 2401 1504 2454 cui
1541 2401 1857 2469 desponsata

282 2495 463 2548 fuerat
493 2495 638 2564 virgo
663 2494 817 2548 Maria
838 2536 851 2556 ,
879 2512 996 2566 qua:
1025 2495 1231 2564 peperit
1256 2494 1519 2548 Christum
1545 2510 1558 2557 ;
1603 2508 1724 2546 nam
1769 2492 1859 2547 ille

276 2585 585 2654 suspicione
613 2593 839 2639 tentatus
881 2595 994 2650 est,
1029 2596 1082 2641 et
1126 2587 1194 2638 ah
1235 2585 1424 2654 angelo
1475 2599 1595 2638 mox
1642 2595 1858 2650 sanatus

277 2684 377 2726 est.
425 2673 600 2728 Alium
631 2673 826 2743 Joseph
865 2683 1048 2729 saneta
1097 2674 1369 2743 Scriptura
1415 2682 1657 2738 testatur,
1701 2689 1855 2744 quem

283 2761 501 2819 'cntavit
531 2764 793 2835 impudica
819 2783 833 2818 :
863 2765 1060 2819 amavit
1097 2763 1373 2834 pulchrum
1404 2779 1509 2818 non
1551 2772 1692 2818 casta
1719 2805 1734 2830 ,
1764 2764 1857 2819 sed

281 2873 526 2923 perversa
574 2867 785 2924 mente,
815 2857 902 2912 ubi
944 2857 1127 2912 oculos
1154 2873 1260 2912 non
1289 2857 1553 2926 habebat,
1583 2858 1673 2913 ubi
1706 2857 1858 2914 vide-

282 2958 424 3002 retur
442 2948 729 3018 spiritualis
750 2957 804 3004 ct
824 2949 1101 3004 invisibilis
1125 2948 1499 3018 pulchritudo;
1529 2964 1686 3019 quem
1712 2964 1859 3003 ama-

285 3042 371 3094 hat
417 3041 729 3110 pulchrum,
780 3042 994 3096 nolebat
1046 3048 1271 3096 castum.
1327 3043 1536 3097 Amavit
1589 3043 1854 3110 alienum,

282 3134 474 3187 amavit
496 3149 706 3189 servum
727 3134 828 3188 viri
850 3133 930 3189 sui
964 3151 979 3189 :
1007 3134 1101 3189 sed
1132 3135 1288 3190 ﬁdem
1315 3144 1616 3190 servantem
1639 3135 1856 3189 domino

279 3239 380 3279 διιο
407 3240 509 3279 non
537 3226 753 3280 amavit.
803 3227 882 3279 An
930 3235 1084 3295 putas
1111 3227 1308 3281 amavit
1353 3227 1497 3281 illum
1519 3268 1534 3290 ,
1579 3242 1646 3281 an
1680 3219 1856 3294 potius

278 3316 379 3370 se?
409 3317 517 3386 Ego
549 3327 674 3387 puto
701 3317 824 3387 quia
856 3332 953 3372 nec
988 3317 1134 3372 illum
1157 3359 1172 3383 ,
1206 3333 1303 3373 nec
1329 3332 1408 3373 se.
1455 3316 1510 3373 Si
1536 3317 1676 3373 enim
1705 3317 1855 3371 illum

277 3410 505 3474 amabat,
530 3425 695 3479 quare
727 3410 937 3465 volebat
967 3410 1231 3479 perdere?
1256 3411 1301 3465 si
1329 3427 1388 3466 se
1416 3411 1660 3474 amabat,
1692 3424 1857 3479 quare

280 3501 490 3554 volebat
518 3502 729 3570 perire?
763 3502 899 3556 Ecce
937 3502 1158 3571 probavi
1195 3502 1316 3572 quia
1346 3517 1451 3556 non
1477 3501 1705 3555 amabat.
1746 3500 1856 3556 Ve-

279 3607 419 3645 neno
441 3592 674 3646 libidinis
693 3592 930 3656 ardebat,
959 3608 1065 3646 non
1088 3591 1300 3646 ﬂamma
1322 3591 1594 3646 ebaritatis
1623 3591 1853 3647 lucebat.

279 3681 389 3734 Sed
421 3682 510 3734 ille
538 3692 754 3736 noverat
781 3682 958 3737 videre
980 3725 993 3745 ,
1021 3682 1164 3752 quod
1192 3683 1278 3736 illa
1305 3696 1410 3736 non
1455 3691 1696 3737 noverat.
1728 3682 1856 3737 Phl-

283 3775 471 3830 chrior
496 3787 606 3830 erat
629 3777 782 3843 intus,
801 3794 956 3848 quam
981 3777 1138 3841 foris;
1163 3777 1432 3860 pulchrior
1448 3777 1499 3832 in
1519 3777 1696 3833 cordis
1714 3778 1858 3849 luce,

279 3882 444 3935 quam
467 3867 518 3920 in
537 3867 708 3922 carnis
723 3877 870 3922 cute:
900 3883 1007 3938 quo
1027 3869 1166 3923 illius
1194 3868 1401 3924 feminze
1423 3868 1560 3923 oculi
1580 3884 1683 3922 non
1704 3883 1858 3937 pene-

280 3956 495 4008 trabant
513 3997 527 4018 ,
556 3955 624 4010 ibi
652 3956 762 4026 ipse
791 3973 886 4012 sua
913 3958 1301 4027 pulchritudine
1328 3958 1616 4012 fruebatur.
1641 3955 1856 4012 lntuens

276 4063 408 4115 ergo
438 4048 742 4104 interiorem
772 4049 1217 4120 pulchritudinem
1247 4047 1524 4113 castitatis,
1557 4047 1768 4116 quando
1791 4047 1855 4100 il-

277 4139 383 4192 lam
416 4139 685 4204 maculari,
709 4141 920 4210 quando
951 4140 1134 4194 violari
1164 4139 1302 4193 illius
1328 4136 1539 4192 femina:
1566 4139 1855 4193 tentatione

279 4230 637 4296 permitteret?
663 4231 891 4284 Amabat
917 4231 1033 4292 illa;
1066 4228 1158 4284 sed
1185 4228 1396 4284 amabat
1419 4236 1474 4284 et
1499 4228 1589 4282 ille
1614 4246 1628 4282 :
1660 4236 1714 4283 et
1740 4229 1862 4298 plus

278 4328 396 4372 erat
434 4319 570 4388 quod
599 4320 816 4374 amabat
844 4321 932 4375 ille
953 4361 968 4387 ,
999 4336 1156 4391 quam
1183 4320 1323 4391 quod
1349 4321 1560 4376 amabat
1587 4319 1706 4386 illa;
1739 4321 1859 4390 quia

279 4412 490 4466 videbat
516 4413 631 4478 ille,
661 4411 804 4483 quod
834 4428 936 4468 non
964 4413 1174 4468 videbat
1203 4413 1313 4467 illa.

355 4503 408 4554 7.
438 4500 733 4558 Castitatem
767 4503 820 4557 in
848 4504 962 4558 aliis
990 4503 1232 4575 impudici
1254 4505 1330 4559 vel
1357 4503 1456 4574 ipsi
1483 4511 1676 4558 nutant.
1705 4502 1762 4558 Si
1786 4502 1862 4556 vis

283 4593 463 4648 videre
514 4595 1014 4666 quomodocumque
1042 4596 1370 4665 spiritualem
1415 4595 1859 4666 pulchritudinem

281 4683 549 4750 pudicitiae
572 4725 587 4748 ,
620 4685 664 4738 si
693 4684 858 4740 habes
902 4686 967 4740 ad
1015 4685 1157 4740 illam
1188 4685 1602 4755 qualescumque
1635 4685 1819 4740 oculos
1843 4725 1859 4751 ,

280 4776 517 4844 exempli
543 4777 712 4846 gratia
743 4776 940 4848 aliquid
964 4777 1056 4832 tibi
1099 4793 1338 4848 propono
1372 4795 1385 4830 :
1420 4779 1588 4846 ipsam
1633 4793 1780 4833 amas
1811 4778 1861 4833 in

280 4865 511 4935 «ruiijuge
561 4876 668 4922 tua.
702 4865 822 4923 Noli
862 4884 988 4939 ergo
1033 4868 1210 4924 odisse
1239 4870 1288 4923 in
1327 4869 1518 4932 aliena,
1550 4869 1690 4939 quod
1717 4884 1865 4924 amas

282 4953 336 5006 in
386 4965 493 5010 tua.
536 4957 798 5026 Quidnam
846 4975 996 5015 amas
1040 4961 1090 5014 in
1136 4961 1263 5015 tua?
1309 4960 1503 5032 Utique
1543 4963 1862 5017 castitatem.

286 5044 432 5098 llatae
459 5047 616 5102 odisti
645 5049 697 5104 in
721 5051 889 5105 aliena
910 5093 926 5117 ,
951 5067 1107 5119 quam
1130 5066 1277 5104 amas
1304 5049 1356 5105 in
1385 5060 1470 5105 tua
1502 5070 1514 5104 :
1546 5052 1683 5106 hanc
1707 5052 1865 5106 odisti

284 5137 335 5186 in
366 5135 536 5190 aliena
557 5178 574 5205 ,
604 5153 723 5192 cum
748 5155 850 5208 qua
878 5140 1278 5194 concumbendo
1300 5140 1414 5209 ejus
1441 5140 1520 5193 vis
1544 5140 1765 5210 perdere
1786 5157 1868 5196 ca-

281 5229 540 5281 stitatem.
569 5229 723 5296 Quod
770 5245 919 5284 amas
962 5231 1014 5284 in
1065 5239 1188 5295 tua,
1241 5230 1338 5284 hoc
1365 5231 1440 5283 vis
1470 5230 1768 5285 interficere
1815 5231 1866 5284 in

283 5317 491 5370 aziena?
518 5319 670 5386 Quod
694 5336 840 5375 amas
871 5322 922 5375 in
955 5328 1062 5383 tua,
1093 5319 1193 5374 hoc
1223 5321 1299 5373 vis
1328 5320 1550 5389 perdere
1579 5321 1630 5374 in
1658 5322 1871 5377 aliena?

285 5406 567 5470 Quomodo
603 5408 822 5464 habebis
849 5411 1141 5464 orationem
1193 5411 1402 5478 pietatis
1422 5451 1436 5473 ,
1483 5410 1748 5465 homicida
1774 5427 1868 5466 ca-

285 5496 513 5548 ssilatis?
570 5497 734 5553 Serva
763 5515 891 5568 ergo
915 5499 969 5552 in
999 5500 1191 5566 aliena,
1232 5499 1371 5569 quod
1411 5501 1608 5554 servari
1639 5501 1790 5571 cupis
1820 5502 1870 5556 in

284 5597 377 5640 tua
411 5606 424 5641 :
455 5589 624 5658 ip~am
651 5593 952 5645 castitatem
982 5592 1154 5660 potius
1197 5593 1385 5662 dilige,
1434 5608 1591 5663 quam
1634 5608 1869 5650 carnem.

284 5679 393 5732 Sed
425 5679 562 5736 forte
589 5684 863 5737 exiSIimas
893 5692 942 5736 te
973 5693 1259 5740 amatorem
1303 5700 1420 5740 es-e
1467 5689 1641 5742 carnis
1693 5688 1872 5744 uxoris

1628 289 1854 334 bmtazv
1889 278 2198 339 LICCXLIII.

3411 292 3549 349 l5l0

1974 406 2115 463 tuze,
2163 413 2268 453 non
2308 399 2585 455 castitatis.
2610 400 2835 456 Sordida
2883 401 3095 472 quidem
3139 403 3420 474 cogitatio;
3449 403 3543 461 sed

1974 503 2079 542 non
2129 490 2180 544 te
2227 490 2436 546 dimitto
2465 493 2579 548 sine
2606 494 2868 564 exemplo.
2901 495 3012 566 Ego
3039 497 3180 550 enim
3233 505 3360 567 puto
3403 499 3542 568 quod

1972 580 2267 634 castitatem
2299 580 2417 650 plus
2444 597 2590 638 ames
2632 585 2686 638 in
2713 585 2936 656 conjuge
2964 596 3067 652 tua,
3102 604 3260 657 quam
3297 605 3536 644 carnem.

1974 669 2080 724 Sed
2102 679 2160 724 ιιι
2198 681 2250 726 te
2274 672 2665 729 absolutissime
2694 677 2967 732 ostendam
2994 687 3284 733 amatorem
3313 695 3431 734 esse
3458 696 3546 734 ea-

1972 762 2164 816 stitatis
2192 764 2360 834 magis
2397 781 2552 835 quam
2580 780 2776 835 carnis,
2809 767 2946 823 hanc
2985 783 3131 824 amas
3181 771 3234 824 in
3285 771 3389 824 filia
3434 780 3540 825 tua.

1971 851 2098 919 Quis
2129 852 2400 909 hominum
2429 867 2510 911 est
2535 858 2625 927 qui
2655 874 2759 912 non
2792 859 2926 914 filias
2951 875 3074 914 suas
3102 869 3276 916 castas
3303 877 3423 917 esse
3449 878 3544 917 ve-

1973 939 2066 994 lit?
2089 942 2206 1011 quis
2235 942 2508 998 hominum
2539 957 2620 1001 est
2649 948 2736 1016 qui
2767 965 2869 1003 non
2912 949 3139 1003 ﬁliarum
3167 965 3381 1004 suarum
3407 965 3540 1005 con-

1970 1032 2196 1100 gaudeat
2247 1035 2514 1088 castitati?
2570 1035 2832 1106 Numquid
2875 1046 2928 1091 et
2972 1039 3041 1092 ibi
3097 1054 3311 1093 carnem
3357 1037 3541 1093 amas?

1971 1127 2224 1198 numquid
2251 1129 2579 1196 concupiscis
2602 1144 2798 1199 corpus
2837 1129 3112 1199 pulchrum
3131 1173 3144 1198 ,
3174 1132 3262 1187 ubi
3288 1131 3540 1187 exhorre-

1968 1218 2074 1271 scis
2102 1219 2396 1272 incestum?
2443 1221 2578 1275 Ecce
2602 1220 2816 1289 probavi
2845 1228 2895 1275 te
2920 1230 3210 1275 amatorem
3239 1238 3356 1277 esse
3380 1224 3540 1278 casti-

1971 1311 2112 1362 tatis.
2145 1309 2198 1365 Si
2227 1327 2352 1380 ergo
2381 1321 2671 1367 amatorem
2702 1313 2958 1367 castitatis
2986 1314 3193 1367 ostendi
3228 1325 3298 1379 te,
3334 1315 3457 1384 quid
3487 1325 3542 1371 to

1966 1399 2264 1467 offendisti,
2290 1411 2346 1455 ut
2375 1417 2481 1456 non
2512 1402 2652 1456 illam
2684 1418 2833 1456 ames
2861 1403 2912 1457 in
2941 1404 3024 1458 te?
3046 1404 3182 1458 Ecce
3209 1402 3369 1458 habes
3394 1419 3541 1458 com-

1966 1492 2237 1560 pendium,
2266 1507 2382 1546 ama
2423 1493 2476 1547 in
2508 1501 2559 1548 te
2587 1493 2727 1562 quod
2751 1509 2898 1548 amas
2925 1495 2978 1548 in
3008 1493 3113 1547 ﬁlia
3140 1503 3226 1548 tua
3253 1513 3266 1548 :
3296 1509 3412 1548 ama
3440 1494 3543 1550 hoc

1966 1583 2020 1637 in
2045 1597 2209 1637 uxore
2231 1583 2434 1650 aliena;
2461 1583 2586 1653 quia
2614 1592 2668 1638 et
2688 1584 2793 1638 filia
2815 1593 2901 1638 tua
2928 1599 3059 1638 uxor
3079 1585 3182 1638 erit
3202 1585 3541 1639 aliena.Ama

1965 1689 2092 1745 ergo
2119 1684 2175 1730 et
2216 1677 2267 1729 in
2297 1682 2348 1730 te
2373 1676 2693 1732 castitatem.
2723 1676 2780 1731 Si
2821 1691 3046 1730 uxorem
3073 1676 3300 1732 alienam
3331 1692 3542 1732 amaveo

1965 1762 2075 1828 ris,
2127 1777 2232 1818 non
2290 1765 2542 1819 continuo
2572 1764 2900 1820 habebis:si
2926 1766 3224 1821 castitatem
3254 1768 3538 1832 amaveris,

1964 1869 2090 1909 mox
2119 1855 2353 1910 habebis.
2386 1856 2520 1911 Ama
2550 1870 2677 1927 ergo
2719 1857 3016 1912 castitatem
3036 1897 3052 1924 ,
3084 1867 3139 1912 ut
3167 1858 3364 1914 habeas
3388 1867 3538 1913 aeter-

1963 1963 2084 2002 nam
2112 1948 2438 2002 felicitatem.

2035 2038 2087 2092 8.
2123 2035 2392 2092 Pudicitiw
2416 2054 2586 2092 amore
2620 2040 2951 2094 resistendum
2977 2041 3029 2094 in
3068 2041 3339 2094 tentatione
3375 2057 3542 2095 exem-

1964 2128 2050 2197 plo
2077 2126 2330 2183 Susanna:
2357 2137 2404 2182 et
2427 2128 2639 2199 Ioseph.
2670 2128 2777 2185 Sed
2827 2131 2960 2185 forte
3008 2132 3300 2186 tentaberis
3328 2173 3342 2196 ,
3393 2147 3542 2185 ama-

1962 2219 2040 2274 bit
2069 2228 2121 2274 te
2149 2221 2338 2275 mulier
2361 2220 2643 2290 impudica,
2673 2221 2907 2276 inveniet
2931 2231 2984 2276 te
3016 2222 3070 2276 in
3105 2222 3424 2288 solitudine,
3453 2237 3543 2276 co-

1965 2310 2178 2364 nabitur
2220 2319 2539 2380 extorquere
2567 2311 2938 2379 complexum;
2972 2312 3016 2366 si
3042 2314 3317 2375 renueris,
3366 2314 3542 2367 mina-

1964 2400 2105 2454 bitur
2135 2398 2440 2454 infamando
2479 2400 2815 2469 supplicium.
2856 2401 2967 2455 lloc
3003 2403 3242 2456 seniores
3272 2401 3384 2456 falsi
3432 2402 3536 2457 Su-

1962 2504 2145 2544 sanna:
2187 2488 2458 2554 fecerunt,
2493 2490 2594 2544 hoc
2630 2505 2764 2544 uxor
2811 2490 3011 2546 domini
3060 2491 3140 2546 sui
3183 2491 3308 2547 fecit
3358 2503 3543 2547 sancto

1962 2576 2160 2650 Ioseph
2213 2579 2317 2634 Sed
2352 2579 2610 2635 attendite
2653 2580 2840 2646 illum,
2882 2595 3039 2648 quem
3077 2582 3301 2636 attendit
3343 2591 3396 2636 et
3439 2579 3542 2636 Su-

1962 2687 2129 2727 sanna
2159 2680 2212 2726 et
2241 2671 2459 2741 Ioseph.
2491 2671 2624 2725 Num
2655 2672 2774 2741 quia
2821 2672 2997 2726 nullus
3046 2672 3197 2726 testis
3239 2681 3354 2738 est,
3403 2673 3543 2726 Deus

1963 2763 2036 2818 ibi
2087 2779 2190 2818 non
2239 2765 2358 2818 est?
2403 2764 2529 2832 Ejus
2558 2765 2741 2818 oculos
2783 2763 2948 2818 noluit
2993 2762 3265 2818 oﬂ‘endere
3305 2763 3542 2833 Joseph.

1963 2855 2149 2910 oculos
2195 2854 2402 2909 Domini
2449 2855 2530 2908 sui
2571 2855 2868 2924 prmsentis.
2909 2854 3086 2908 Noluit
3116 2839 3394 2924 impudicae
3424 2870 3541 2908 mu-

1963 2939 2080 2999 lieri
2107 2945 2172 2999 ad
2199 2945 2539 3000 concubitum
2563 2944 2803 2998 illicitum
2829 2945 3146 2998 consentire.
3178 2943 3392 3014 Repulit
3416 2959 3544 2999 con-

1963 3036 2345 3107 cupiscentiam
2363 3036 2588 3092 alienam
2611 3076 2626 3101 ,
2651 3036 2924 3106 amplexus
2941 3045 3023 3091 est
3043 3036 3347 3105 pudicitiam
3369 3051 3541 3090 suam.

1963 3127 2112 3182 Fecit
2141 3136 2316 3182 tamen
2344 3128 2428 3180 illa
2449 3170 2462 3191 ,
2489 3127 2629 3198 quod
2661 3128 2856 3182 minata
2886 3136 2966 3182 est
2997 3145 3010 3181 :
3041 3127 3258 3181 mentita
3286 3135 3368 3181 est
3395 3128 3542 3191 viro;

1962 3217 2162 3272 credita
2202 3225 2285 3272 est
2311 3233 2340 3272 a
2371 3231 2469 3271 suo
2499 3220 2710 3272 marito.
2743 3217 2933 3272 Adhuc
2974 3219 3178 3286 patiens
3227 3217 3384 3271 Deus.
3412 3215 3544 3269 Tra-

1961 3307 2106 3362 ditur
2129 3307 2326 3376 Joseph
2356 3309 2407 3362 ln
2449 3325 2717 3363 carcerem
2741 3326 2754 3371 ;
2783 3309 3079 3363 custoditur
3107 3317 3354 3376 tanquam
3382 3322 3506 3359 reus
3524 3347 3541 3370 ,

1963 3415 1992 3453 a
2038 3415 2144 3470 quo
2195 3414 2301 3454 non
2349 3409 2432 3454 est
2478 3401 2711 3454 offensus
2760 3400 3060 3454 Deuszsed
3110 3414 3210 3453 nec
3257 3399 3327 3454 ibi
3375 3397 3545 3454 defuit

1965 3490 2138 3558 Deus,
2170 3491 2292 3560 quia
2343 3491 2432 3545 ille
2481 3506 2586 3543 non
2634 3500 2748 3544 erat
2775 3503 2919 3544 reus.
2949 3488 3133 3544 Adfuit
3173 3489 3426 3544 Dominus
3452 3489 3545 3545 Jo-

1963 3580 2096 3650 seph
2127 3581 2388 3651 patienti:
2423 3581 2564 3649 quod
2607 3597 2709 3635 non
2758 3582 2864 3634 cito
2909 3581 3186 3646 subvenit,
3235 3581 3300 3634 ad
3343 3581 3541 3650 majora

1965 3672 2182 3740 praemia
2209 3670 2413 3726 distulit
2443 3669 2591 3741 (Gen.
2623 3687 2802 3736 χχχιχ,
2832 3674 2962 3741 xu).
2994 3671 3300 3726 Lmtilicavit
3327 3673 3538 3737 merito,

1964 3778 2124 3833 quem
2153 3764 2395 3818 exercuit
2420 3763 2698 3833 supplicio.
2756 3762 2944 3816 Debuit
2985 3764 3125 3818 enim
3171 3775 3384 3818 sanctus
3432 3764 3546 3832 ipso

1963 3853 2162 3924 Joseph
2213 3869 2308 3922 pro
2339 3853 2448 3922 ipsa
2489 3853 2736 3922 pudicitia
2765 3853 2960 3921 aliquid
2990 3855 3148 3907 etiam
3179 3853 3370 3907 durum
3400 3853 3539 3922 pati,

1967 3943 2068 3999 hoc
2110 3952 2218 4008 est,
2264 3959 2526 3998 amarum.
2572 3944 2626 3998 Si
2673 3944 2843 4012 ipsam
2899 3944 3215 4011 impudicam
3262 3943 3540 3998 mulierem

1966 4035 2184 4089 forsitan
2211 4044 2446 4099 amaret,
2479 4050 2574 4103 pro
2604 4034 2690 4086 illa
2719 4042 2932 4102 paratus
2959 4044 3099 4088 esset
3122 4034 3254 4088 dura
3282 4036 3490 4103 perpeti
3524 4053 3537 4088 :

1965 4135 2019 4182 et
2062 4127 2148 4180 illa
2201 4141 2438 4181 amorem
2490 4140 2643 4178 suum
2691 4139 2814 4192 erga
2863 4139 2922 4178 se
2965 4139 3069 4178 non
3118 4124 3399 4193 probaret,
3439 4125 3542 4178 nisi

1967 4227 2184 4288 propter
2211 4219 2356 4272 illam
2401 4217 2522 4269 talia
2567 4215 2791 4269 molesta
2841 4216 2923 4269 vel
2971 4214 3103 4268 dura
3150 4214 3438 4280 toleraret,
3489 4223 3546 4268 et

1967 4309 2210 4365 charitati
2235 4351 2250 4376 ,
2284 4310 2391 4362 imo
2431 4323 2539 4362 non
2567 4307 2846 4372 charitati,
2891 4305 2982 4360 sed
3032 4308 3185 4360 mala:
3225 4306 3543 4375 cupiditati,

1967 4402 2134 4457 vicem
2164 4401 2429 4455 redderet.
2462 4398 2847 4453 Exardesccrct
2873 4398 2959 4451 illa
3001 4399 3052 4451 iu
3095 4397 3241 4451 illum
3273 4397 3504 4451 vicissim
3524 4438 3539 4460 ,

1967 4495 2088 4563 quia
2132 4491 2335 4548 videret
2377 4507 2496 4545 eum
2525 4501 2672 4546 tanto
2697 4504 2880 4544 amore
2923 4506 3019 4542 suo
3063 4489 3439 4554 inardescere,
3488 4497 3544 4543 ut

1968 4595 2247 4657 pr0ptcrca
2279 4600 2382 4638 non
2431 4592 2706 4638 recusaret
2730 4597 3076 4653 quaecumque
3107 4581 3362 4651 supplicia
3409 4583 3545 4636 tole-

1969 4692 2109 4732 rare.
2139 4676 2191 4731 Si
2223 4676 2323 4729 hoc
2344 4671 2444 4743 'pro
2496 4672 2754 4742 impudica
2776 4713 2790 4735 ,
2837 4681 3034 4741 quanto
3091 4673 3260 4741 magis
3308 4687 3403 4740 pro
3433 4672 3544 4742 ipsa

1971 4767 2258 4837 pudicitia?
2285 4765 2428 4820 Bene
2470 4778 2596 4832 ergo
2641 4763 2931 4832 aliquando
2960 4763 3097 4816 Deus
3124 4763 3302 4816 differt
3329 4763 3546 4832 adjuto-

1971 4863 2109 4917 rium
2139 4875 2322 4925 suum;
2353 4867 2410 4912 ut
2439 4857 2627 4926 probet
2656 4855 2922 4909 hominem
2945 4895 2960 4919 ,
2994 4863 3051 4908 ut
3088 4864 3333 4910 exerceat
3379 4856 3546 4910 homi-

1974 4967 2127 5017 nem,
2155 4960 2215 5005 ut
2243 4951 2354 5020 ipse
2381 4947 2481 5003 sibi
2523 4947 2682 5001 homo
2713 4947 3028 5001 innotescat.
3058 4944 3187 4999 Nam
3221 4946 3383 5001 Deum
3417 4945 3548 5000 nihil

1972 5043 2118 5098 latet.

2045 5135 2098 5188 9.
2133 5133 2239 5186 Pro
2262 5133 2502 5203 pudicitia
2522 5130 2816 5202 spernendis
2841 5128 3192 5183 delectationes
3217 5135 3265 5180 et
3291 5127 3548 5180 molestia

1977 5227 2088 5281 lloc
2113 5242 2240 5296 ergo
2267 5225 2561 5280 monuerim
2591 5223 2915 5278 Charitatem
2943 5229 3170 5273 vestram
3191 5259 3206 5284 ,
3239 5217 3425 5272 fratres
3447 5257 3461 5281 ,
3495 5227 3554 5272 ιιι

1977 5328 2099 5372 ante
2127 5316 2302 5373 omnia
2333 5313 2776 5384 concupiscentiis
2813 5309 3114 5364 carnalibus
3139 5318 3193 5362 et
3215 5307 3419 5377 gaudiis
3448 5322 3553 5360 ste-

1979 5410 2247 5464 cularibus
2275 5417 2328 5462 et
2369 5423 2516 5460 vana:
2545 5419 2752 5475 pompm
2779 5411 2834 5457 et
2853 5402 3094 5456 volatica
3114 5442 3130 5466 ,
3163 5397 3452 5466 vaporique
3476 5396 3554 5450 vi-

1981 5513 2046 5558 ta:
2080 5501 2236 5571 hujus
2278 5499 2558 5568 pra-sentis
2594 5496 2912 5567 prreponatis
2937 5493 3100 5550 decus
3122 5500 3176 5546 et
3203 5489 3556 5560 pulehritudi-
3606 5515 3624 5536 κ

1983 5609 2103 5651 nem
2135 5593 2408 5663 sapientiae
2432 5633 2447 5658 ,
2491 5590 2812 5660 prteponatis
2840 5585 3172 5642 dulcedinem
3211 5582 3557 5640 suavitatem-

1982 5704 2084 5755 que
2109 5685 2399 5754 sapientiae,
2431 5681 2745 5754 praeponatis
2775 5679 2935 5732 decus
2981 5676 3244 5747 pudicitia:
3265 5715 3279 5740 ,
3321 5675 3555 5745 pulchri-
