3996 6192
424 269 549 326 1511

420 383 657 438 tudinem
706 378 985 436 castitatis.
1033 378 1156 432 "me
1195 376 1371 429 omnia
1418 371 1726 427 abscmdita
1772 375 1897 423 sunt
1944 365 1996 421 in

422 474 673 528 thesauro
718 471 957 537 caelesti,
1002 468 1157 523 nudm
1199 480 1379 521 coram
1425 463 1592 518 oculis
1638 461 1730 516 Dei
1772 472 1997 531 gemmae

425 574 547 620 sunt
576 566 689 619 ista:
717 565 961 635 pretiosa:
981 602 996 627 ,
1025 560 1247 615 multum
1287 556 1497 620 lucent;
1528 554 1574 608 si
1602 552 1785 607 oculos
1830 550 1998 605 babe-

426 656 525 722 tis,
554 654 764 709 videtis.
803 652 1035 707 Diversis
1078 664 1204 719 ergo
1233 656 1287 702 et
1323 645 1517 700 illicitis
1558 640 2000 698 delectationibus

426 745 525 799 ista
556 744 876 815 przeponite;
920 750 974 797 et
1013 741 1059 796 si
1090 736 1310 794 tentatio
1354 750 1521 806 usque
1568 732 1892 797 accesserit,
1943 737 2002 783 ut

427 837 588 890 etiam
633 835 931 890 molestiam
972 830 1275 901 patiamini,
1323 827 1515 882 fratres
1556 825 1695 890 mei,
1736 822 1855 893 quis
1894 834 2001 875 non

429 930 663 998 patiatur
693 936 909 996 propter
936 923 1205 980 sacculum
1240 921 1439 976 suum?
1478 917 1597 989 quis
1638 932 1743 971 non
1775 913 2003 985 patiatur

429 1033 525 1087 pro
556 1033 684 1087 agro
712 1032 810 1071 suo
834 1057 849 1081 ,
879 1029 976 1085 pro
1005 1029 1110 1068 uno
1133 1011 1307 1082 lapide
1335 1010 1517 1065 limitis
1542 1009 1655 1079 agri
1684 1008 1799 1063 sui?
1826 1006 1879 1062 Si
1907 1019 2004 1074 pro

432 1109 514 1162 his
553 1109 711 1162 rebus
754 1102 1054 1176 patiamini,
1100 1119 1232 1173 quas
1259 1118 1363 1157 non
1391 1100 1599 1156 habetis
1628 1100 1680 1155 in
1710 1106 2002 1170 potestate,

427 1197 681 1268 quamdiu
722 1197 880 1252 vultis
923 1195 1188 1259 retinere,
1219 1202 1273 1248 et
1300 1193 1492 1262 quibus
1515 1191 1673 1246 vultis
1696 1190 2003 1254 dimittere;

426 1289 522 1344 sed
549 1304 692 1358 saepe
716 1288 1060 1353 amittuntur,
1093 1301 1213 1340 cum
1241 1285 1466 1338 vivimus
1486 1325 1501 1351 ,
1545 1298 1687 1352 srcpe
1711 1291 1831 1351 post
1856 1296 2004 1337 mor-

429 1392 537 1438 tem
566 1390 800 1435 nostram
829 1381 897 1435 ab
940 1380 1019 1435 eis
1063 1393 1196 1448 quos
1240 1377 1485 1442 odimus,
1528 1375 1863 1446 possidentur
1902 1389 1916 1427 :
1962 1373 2007 1428 si

428 1490 524 1544 pro
551 1474 635 1529 his
658 1474 811 1528 bonis
841 1473 905 1541 (si
935 1481 1111 1527 tamen
1141 1469 1364 1525 dicenda
1393 1477 1518 1523 sunt
1543 1470 1708 1534 bona,
1753 1482 1873 1538 qua:
1899 1482 2006 1521 non

431 1565 630 1620 faciunt
674 1564 886 1635 bonos)
921 1572 1061 1618 tanta
1088 1564 1225 1618 mala
1255 1562 1499 1617 homines
1526 1577 1679 1631 teque
1703 1561 1882 1614 animo
1910 1573 2008 1629 pa-

429 1656 663 1720 tiuntur;
694 1669 789 1724 pro
821 1654 924 1709 fide
952 1668 1116 1724 quare
1148 1652 1277 1722 pigri
1308 1651 1474 1705 sunt?
1496 1666 1591 1721 pro
1618 1650 1878 1705 thesauro
1906 1664 2011 1704 coe-

430 1745 548 1800 lesti
577 1760 741 1815 quare
769 1744 936 1798 timidi
966 1744 1120 1797 sunt?
1150 1757 1246 1813 pro
1275 1742 1378 1796 illis
1420 1740 1619 1798 divitiis
1648 1741 1689 1807 ί,
1736 1754 1869 1810 quas
1908 1754 2008 1796 nec

431 1836 699 1907 naufragia
730 1836 883 1891 nobis
911 1844 1129 1907 possunt
1153 1835 1401 1891 auferre?
1427 1833 1608 1889 Justus
1636 1834 1778 1889 enim
1804 1831 2007 1888 naufra—

427 1943 524 1997 gus
546 1927 721 1982 evadit
745 1928 894 1983 dives
914 1936 969 1982 et
994 1928 1187 1981 nudus.

503 2018 589 2072 10.
632 2017 734 2072 Job
770 2018 824 2072 in
854 2027 1072 2072 stercore
1108 2033 1259 2087 quam
1289 2017 1447 2071 dives.
1476 2015 1570 2071 His
1595 2014 1792 2071 divitiis
1818 2015 2010 2084 plenus

432 2118 547 2162 erat
576 2117 794 2163 sanctus
818 2108 919 2163 Job
949 2123 969 2162 :
996 2108 1170 2162 omnia
1197 2122 1304 2161 uno
1332 2107 1437 2162 ictu
1463 2106 1767 2177 perierunt,
1798 2106 1928 2160 nihil
1955 2105 2010 2160 in

431 2196 592 2251 domo
618 2198 732 2267 ejus
760 2207 1116 2262 remanserat,
1141 2198 1335 2268 quibus
1360 2198 1520 2267 paulo
1561 2206 1685 2251 ante
1728 2197 2012 2267 opulentus

435 2289 727 2354 videbatur,
756 2290 931 2344 subito
962 2289 1236 2345 mendicus
1256 2329 1270 2354 ,
1299 2290 1352 2344 in
1390 2298 1628 2345 stercore
1656 2303 1686 2343 a
1712 2293 1885 2360 capite
1918 2304 2013 2344 us-

432 2397 535 2451 que
559 2381 625 2435 ad
658 2381 819 2451 pedes
845 2382 1113 2437 vermibus
1140 2388 1367 2436 scatens.
1387 2381 1523 2447 Quid
1545 2382 1645 2436 ista
1674 2382 1886 2436 miseria
1908 2380 2015 2435 mi-

432 2472 605 2525 serius
623 2470 649 2523 τ
674 2470 810 2537 Quid
856 2471 1110 2525 interiore
1154 2469 1407 2524 felicitate
1435 2469 1679 2523 felicius?
1702 2469 2019 2524 Perdiderat

434 2561 612 2616 omnia
642 2561 727 2615 illa
758 2576 877 2631 qua:
906 2559 1128 2615 dederat
1171 2559 1350 2613 Deus:
1380 2557 1474 2612 sed
1522 2556 1753 2612 habebat
1800 2552 2011 2627 ipsum,

436 2651 527 2721 qui
568 2651 791 2705 dederat
830 2649 1042 2717 omnia,
1088 2648 1277 2702 Deum.
1321 2645 1537 2711 Nudus,
1567 2645 1768 2715 inquit,
1798 2645 1927 2700 exivi
1954 2644 2019 2699 de

439 2751 579 2795 utero
610 2740 786 2794 matris
814 2754 961 2805 ntere,
993 2738 1159 2791 nudus
1187 2746 1408 2791 revertar
1442 2736 1496 2789 in
1536 2744 1741 2790 terram.
1769 2734 2017 2791 Dominus

436 2834 607 2899 dedit,
633 2830 885 2885 Dominus
910 2828 1146 2893 abstulit;
1175 2830 1305 2883 sicut
1330 2828 1543 2883 Domino
1572 2828 1801 2900 placuit,
1831 2829 1903 2882 ita
1929 2828 2015 2898 [a-

437 2934 571 2977 ctum
600 2932 713 2977 est:
737 2923 803 2976 sit
831 2938 1012 2977 nomen
1035 2920 1240 2975 Domini
1270 2919 1602 2975 benedictum.
1628 2919 1786 2975 Certe
1818 2934 2021 2990 pauper

437 3014 559 3067 est?
588 3022 735 3068 certe
760 3012 892 3068 nihil
921 3012 1111 3067 habet?
1142 3011 1198 3067 Si
1225 3011 1359 3066 nihil
1384 3018 1645 3075 remanet,
1674 3009 1743 3065 de
1771 3025 1881 3081 quo
1903 3011 2021 3065 the-

438 3120 598 3160 sauro
625 3119 851 3175 gemmae
875 3104 989 3159 ista:
1010 3103 1184 3158 laudis
1212 3103 1309 3158 Dei
1352 3101 1799 3172 proferebantur?
1830 3102 2021 3157 Postea

439 3214 602 3267 usque
622 3197 688 3252 ad
714 3212 930 3251 carnem
954 3204 1183 3251 tentator
1201 3195 1428 3251 accessit
1458 3212 1472 3248 :
1503 3194 1753 3250 omnibus
1777 3194 2019 3261 sublatis,

442 3290 776 3344 tentatricem
826 3289 1102 3344 mulierem
1156 3287 1393 3358 reliquit.
1444 3287 1605 3341 Evam
1653 3285 1895 3351 dimisit;
1926 3285 2021 3340 sed

442 3381 609 3434 Adam
638 3380 728 3435 ille
754 3395 863 3433 non
889 3378 1004 3433 fuit.
1037 3379 1103 3433 Et
1132 3378 1202 3433 ibi
1231 3378 1404 3447 qualis
1449 3377 1697 3431 iuventus
1724 3376 1840 3431 est?
1885 3391 2025 3445 quo-

443 3473 603 3528 modo
631 3472 907 3541 respondit
934 3472 1088 3527 uxori
1118 3471 1502 3540 blasphemiam
1544 3469 1892 3540 suggerentil
1922 3468 2024 3523 Lo-

442 3579 560 3622 cuta
588 3584 662 3635 es,
698 3568 904 3637 inquit,
934 3575 1173 3637 tanquam
1203 3581 1306 3617 una
1344 3580 1406 3617 ea:
1430 3563 1776 3632 insipientibus
1801 3564 2029 3616 mulieri-

448 3662 554 3715 bus.
589 3662 650 3715 Si
692 3660 821 3713 bona
862 3659 1173 3727 suscepimus
1199 3655 1262 3708 de
1290 3671 1443 3707 manu
1473 3652 1714 3717 Domini,
1762 3653 1898 3705 mala
1937 3668 2028 3705 cur

446 3767 548 3805 non
570 3749 841 3804 toleramus
868 3746 990 3817 (Job
1038 3762 1054 3801 I
1090 3755 1137 3800 et
1162 3745 1264 3816 u)?
1292 3744 1336 3799 Ο
1364 3744 1534 3797 virum
1574 3752 1782 3811 putrem
1810 3751 1862 3797 et
1886 3742 2028 3797 inte-

450 3842 636 3911 grum!
665 3855 697 3895 ο
723 3837 923 3894 foedum
952 3846 1005 3892 et
1050 3834 1364 3905 pulchrum!
1396 3848 1430 3888 ο
1476 3833 1811 3887 vulneratum
1853 3841 1907 3887 et
1943 3847 2030 3887 sa-

450 3930 612 3985 num!
663 3944 698 3985 o
744 3930 798 3983 in
843 3936 1081 3983 stercore
1124 3925 1433 3991 sedentem,
1460 3932 1516 3978 et
1556 3925 1608 3977 in
1639 3921 1777 3978 caelo
1806 3938 2036 3992 regnan-

452 4024 591 4077 tem!
618 4020 673 4077 Si
699 4034 961 4085 amamus,
987 4018 1287 4080 imitemur;
1318 4024 1375 4070 ut
1394 4015 1681 4080 imitemur,
1701 4013 2030 4081 laboremus;

453 4125 508 4169 et
532 4115 576 4169 si
600 4114 652 4167 in
683 4113 867 4167 labore
893 4110 1293 4174 subdcticimus,
1314 4107 1638 4178 adjutorium
1666 4106 2032 4176 imploremus.

454 4205 1003 4273 Adjuvatcertantcm
1042 4202 1130 4271 qui
1177 4209 1447 4255 certamen
1479 4199 1686 4254 indixit.
1730 4198 1847 4253 Non
1892 4200 2034 4254 enim

454 4297 533 4351 sic
559 4304 609 4349 te
637 4295 777 4349 Deus
797 4300 1069 4362 exspectat
1087 4298 1403 4355 certantem,
1422 4300 1479 4345 ut
1506 4291 1733 4361 populus
1757 4291 1990 4362 aurigam
2019 4309 2034 4347 :

454 4388 685 4441 clamare
729 4385 913 4451 novit,
942 4384 1195 4453 adjuvare
1234 4398 1338 4438 non
1376 4384 1541 4438 novit.
1571 4384 1686 4438 Non
1717 4385 1795 4441 sic
1820 4394 1870 4440 te
1896 4387 2039 4443 Deus

456 4484 725 4546 csxpeetat
750 4483 1063 4539 certantem,
1086 4482 1145 4528 ut
1167 4473 1405 4544 agonista
1435 4483 1710 4544 exspectat
1736 4476 1989 4531 athletam
2020 4495 2034 4531 :

457 4584 707 4623 coronam
762 4567 970 4623 l'eneam
1021 4574 1196 4635 parat,
1245 4566 1385 4620 vires
1426 4565 1835 4622 subministrare
1881 4567 2040 4623 Iaho-

459 4660 595 4712 ranti
626 4672 732 4711 non
764 4657 937 4719 novit;
971 4671 1069 4711 nec
1098 4656 1240 4711 enim
1280 4664 1492 4727 potest,
1541 4655 1702 4712 homo
1731 4658 1872 4712 enim
1919 4668 2036 4725 est,

468 4763 565 4802 mn
595 4748 752 4803 Dens.
805 4747 872 4801 Et
901 4746 1036 4802 forte
1061 4746 1185 4801 dum
1217 4754 1531 4816 exspectat,
1573 4748 1691 4817 plus
1718 4748 1922 4803 laborat
1950 4763 2039 4803 se-

460 4840 670 4906 dendo,
698 4854 854 4909 quam
884 4839 973 4894 ille
1003 4837 1272 4892 luctando.
1317 4837 1450 4893 Nam
1501 4839 1642 4894 Deus
1687 4838 1900 4909 quando
1945 4855 2041 4894 ex-

458 4938 665 5003 spectat
691 4939 978 4984 certatores
1005 4943 1158 4991 suos,
1186 4927 1401 4997 adjuvat
1437 4943 1530 4983 eos
1558 4928 1829 4983 invocatus
1872 4946 1884 4982 :
1918 4944 2039 4983 nam

461 5024 577 5093 ejus
602 5020 816 5074 athletae
840 5034 939 5073 vox
980 5026 1062 5072 est
1090 5019 1142 5072 in
1174 5018 1420 5085 Psalmo,
1476 5019 1539 5073 Si
1582 5019 1836 5085 dicebam,
1873 5019 2042 5074 Motus

462 5122 535 5167 est
557 5128 643 5181 pes
671 5125 847 5173 uicus;
876 5109 1218 5163 misericordia
1244 5118 1331 5161 tua
1349 5150 1365 5175 ,
1401 5107 1646 5176 Domine,
1670 5108 1939 5181 adjuvabat
1966 5126 2044 5163 me

464 5202 637 5275 (Psal.
665 5217 789 5257 xcut
810 5242 824 5267 ,
856 5201 968 5271 t8).
995 5199 1107 5255 Non
1131 5214 1257 5270 ergo
1284 5200 1450 5255 simus
1478 5200 1648 5270 pigri,
1679 5199 1867 5255 fratres
1897 5202 2001 5256 mei
2028 5220 2041 5256 :

466 5303 739 5364 petamus,
763 5308 1061 5363 quaeramus
1082 5331 1098 5357 ,
1130 5293 1420 5361 pulsemus.
1454 5290 1632 5346 Omnis
1676 5292 1807 5346 enim
1843 5294 1928 5362 qui
1956 5309 2044 5362 pe-

466 5388 545 5450 tit,
576 5385 793 5455 accipit,
822 5392 867 5438 et
908 5394 1132 5453 quietem
1160 5382 1370 5437 inveniet
1388 5422 1405 5450 ,
1449 5390 1496 5437 et
1542 5382 1765 5453 pulsanti
1792 5384 2045 5453 aperietur

467 5474 681 5543 (Matth.
705 5491 774 5531 vu
793 5516 809 5542 ,
841 5474 922 5547 8).

534 5609 549 5637 ι
575 5612 714 5670 Ante,
736 5617 835 5670 pro
871 5602 982 5670 illis
1010 5602 1388 5670 diri:iis,__fortc
1422 5603 1684 5670 legendum
1705 5641 1718 5668 ,
1765 5619 1914 5670 quare
1956 5618 2048 5655 non

465 5678 573 5717 sunt
594 5664 782 5716 solliciti
798 5665 823 5717 7
840 5667 917 5718 vel
940 5664 1117 5732 aliquid
1136 5664 1312 5715 simile.

1631 258 1687 313 S.
1729 248 2091 311 AUGUSTINI
2131 247 2433 305 EPISCOPI

3578 261 3720 318 ιειε

2557 365 2786 423 saeuo
2822 366 3109 424 cccxuv
3140 370 3260 441 ‘(a).

2408 454 2488 509 De
2509 472 2678 510 amore
2705 456 2802 513 Dei
2822 469 2869 512 et
2896 477 3066 515 amore
3101 462 3258 517 seculi
3282 463 3386 541 (b).

2185 568 2233 621 1.
2264 566 2448 639 Pugna
2473 568 2602 623 inter
2620 585 2840 628 amorem
2868 572 2963 626 Dei
2995 582 3042 628 et
3069 591 3290 630 amorem
3313 578 3521 633 seaculi.
3544 577 3715 633 Amo-

2112 673 2202 713 res
2226 658 2332 729 duo
2358 659 2409 714 in
2442 659 2540 714 hac
2568 661 2670 715 vita
2697 676 2876 717 secum
2905 664 2956 717 in
2988 666 3131 720 omni
3162 669 3463 725 teutatione
3491 669 3717 724 luctan-

2114 760 2215 815 tur,
2245 766 2396 807 amor
2419 752 2621 817 smculi,
2646 762 2698 808 et
2719 769 2871 810 amor
2894 756 3020 822 Dei;
3052 765 3108 813 et
3134 757 3322 815 horum
3352 762 3596 816 duorum
3621 760 3717 829 qui

2110 841 2320 909 vicerit,
2366 842 2494 898 illuc
2552 853 2816 900 amantem
2889 855 3139 918 tanquam
3203 851 3445 920 pondere
3517 852 3712 907 trahit.

2112 931 2227 988 Non
2255 933 2395 988 enim
2425 933 2615 1003 pennis
2635 943 2727 990 aut
2752 935 2995 1006 pedibus,
3023 939 3116 993 sed
3145 940 3421 997 aﬂ‘ectibus
3449 943 3715 997 venimus

2112 1026 2178 1081 ad
2202 1027 2389 1083 Deum.
2416 1027 2483 1083 Et
2506 1042 2721 1084 rursum
2748 1044 2852 1085 non
2880 1032 3155 1100 corporeis
3180 1033 3333 1089 nodis
3359 1045 3415 1090 et
3444 1035 3714 1102 vinculis,

2111 1118 2206 1173 sed
2226 1118 2506 1174 contrariis
2525 1120 2798 1177 affectibus
2816 1131 2971 1176 terra:
2994 1121 3333 1179 inhaeremus.
3356 1124 3522 1181 Venit
3546 1124 3722 1181 Chri-

2112 1217 2226 1266 stus
2246 1219 2452 1265 mutare
2477 1225 2737 1278 amorem,
2764 1220 2817 1267 et
2844 1211 2912 1267 de
2936 1221 3154 1268 terreno
3180 1213 3354 1270 facere
3381 1215 3515 1270 vita:
3542 1216 3719 1272 coele—

2113 1300 2209 1355 stis
2268 1308 2559 1356 amatorem
2605 1319 2619 1356 :
2667 1302 2827 1357 homo
2888 1311 3105 1372 propter
3174 1318 3273 1359 nos
3348 1303 3571 1373 factus,
3625 1306 3721 1377 qui

2116 1407 2215 1447 nos
2272 1391 2517 1448 homines
2582 1391 2736 1459 fecit;
2779 1401 2833 1450 et
2887 1409 3166 1449 assumens
3217 1394 3496 1451 hominem
3546 1397 3717 1464 Deus,

2116 1492 2173 1539 ut
2222 1484 2464 1539 homines
2535 1483 2733 1540 faceret
2808 1485 2957 1541 deos.
3015 1486 3111 1541 llic
3175 1489 3487 1557 propositus
3555 1488 3722 1545 nobis

2114 1588 2273 1644 agon,
2308 1573 2422 1629 haec
2462 1574 2604 1628 lucta
2638 1589 2760 1629 cum
2789 1589 2971 1641 carne,
3003 1574 3118 1630 haec
3145 1575 3285 1631 lucta
3312 1592 3437 1631 cum
3466 1577 3719 1642 diabolo,

2117 1665 2233 1720 hare
2255 1665 2390 1719 lucta
2412 1680 2532 1720 cum
2562 1665 2782 1721 smculo.
2812 1666 2918 1721 Sed
2950 1666 3192 1732 ﬁdamus,
3224 1669 3481 1738 quoniam
3514 1668 3611 1724 ille
3626 1672 3722 1740 qui

2119 1755 2219 1811 hoc
2247 1767 2514 1812 certamen
2538 1756 2751 1824 indixit,
2782 1772 2886 1812 non
2912 1758 3026 1829 sine
3056 1757 3317 1828 adjutorio
3346 1772 3449 1816 suo
3477 1769 3720 1830 spectat,

2118 1862 2219 1902 nec
2247 1846 2315 1902 de
2336 1848 2537 1902 viribus
2564 1848 2763 1903 nostris
2791 1856 2847 1902 ut
2886 1863 3273 1919 praesumamus
3303 1848 3577 1905 hortatur.
3613 1849 3723 1919 Qui

2121 1938 2264 1993 enim
2285 1938 2351 1993 de
2372 1938 2571 1994 viribus
2598 1941 2709 1994 suis
2732 1940 3026 2009 praesumit,
3058 1940 3243 2011 utique
3261 1940 3384 2012 quia
3413 1941 3589 1997 homo
3611 1950 3719 2007 est,

2116 2029 2185 2085 de
2211 2030 2408 2086 viribus
2431 2031 2707 2101 praesumit
2734 2030 2965 2087 hominis
2989 2048 3002 2083 :
3022 2040 3076 2086 ct
3107 2033 3402 2088 maledictus
3425 2035 3600 2089 omnis
3629 2036 3725 2105 qui

2119 2137 2258 2193 spem
2283 2137 2427 2174 suam
2454 2123 2594 2192 ponit
2617 2122 2670 2175 in
2694 2121 2894 2176 homine
2916 2121 3127 2195 (Jerem.
3159 2139 3288 2192 xvu,
3318 2124 3395 2199 5).
3433 2125 3611 2196 Hujus
3644 2128 3720 2195 pii

2119 2219 2173 2267 et
2214 2212 2383 2266 sancti
2426 2212 2623 2266 amoris
2671 2211 2882 2267 flamma
2926 2212 3173 2269 ardentes
3201 2224 3489 2287 martyres,
3524 2214 3719 2271 fenum

2120 2303 2333 2375 quidem
2375 2303 2552 2359 carnis
2594 2305 2790 2359 robore
2830 2306 3024 2360 mentis
3072 2316 3346 2374 arserunt;
3380 2309 3481 2377 ipsi
3525 2319 3718 2364 autem
3782 2324 3783 2329 ‘

2122 2393 2315 2466 integri
2346 2395 2397 2448 in
2424 2395 2611 2465 spiritu
2638 2394 2706 2449 ad
2734 2410 2880 2459 eum,
2906 2410 3011 2465 quo
3032 2390 3243 2451 accensi
3267 2405 3409 2462 sunt,
3440 2412 3723 2468 pervene-

2121 2494 2265 2538 runt.
2298 2486 2644 2539 Prmstabitur
2688 2494 2862 2538 tamen
2903 2486 3013 2553 ipsa
3045 2489 3408 2541 contemnenti
3433 2490 3593 2544 carni
3620 2489 3728 2545 ho-

2120 2586 2222 2626 nor
2244 2571 2452 2627 debitus
2494 2573 2550 2626 in
2594 2574 2985 2627 resurrectione
3015 2582 3366 2631 mortuorum.
3395 2576 3526 2635 Ideo
3569 2581 3724 2638 enim

2121 2660 2383 2715 seminata
2411 2668 2493 2715 est
2522 2660 2575 2715 in
2597 2661 2937 2725 contumelia,
2962 2670 3019 2717 ut
3047 2674 3291 2735 resurgat
3318 2666 3368 2720 in
3400 2666 3606 2737 gloria.

2192 2752 2248 2805 2.
2276 2750 2538 2805 Amandus
2563 2749 2699 2805 Deus
2722 2767 2872 2821 super
2894 2762 3143 2822 parentes.
3168 2753 3279 2809 Hoc
3305 2770 3491 2813 amore
3518 2773 3725 2817 accen-

2123 2842 2220 2910 sis,
2264 2841 2352 2898 vel
2394 2842 2570 2912 potius
2610 2850 2672 2898 ut
2710 2842 3067 2898 accendantur
3104 2842 3208 2900 hoc
3248 2840 3412 2902 dicit:
3441 2848 3548 2917 Qui
3577 2863 3729 2908 ansas

2124 2940 2318 3004 patrem
2346 2941 2433 2986 aut
2466 2943 2677 2987 matrem
2715 2949 2868 3003 super
2905 2950 3003 3000 me,
3047 2952 3147 2990 non
3191 2944 3262 2992 est
3300 2955 3379 2993 me
3411 2941 3605 3013 dignus
3632 2959 3652 2998 :
3674 2955 3729 3000 et

2123 3024 2209 3095 qui
2241 3040 2342 3079 non
2385 3024 2556 3079 tulerit
2597 3040 2796 3079 crucem
2836 3041 2979 3079 suam
3013 3036 3060 3080 et
3087 3038 3285 3083 secutus
3306 3032 3457 3102 fuerit
3487 3050 3593 3103 me,
3618 3052 3726 3093 non

2124 3123 2197 3169 est
2219 3130 2298 3168 me
2317 3114 2500 3186 dignus
2524 3114 2802 3187 (Matth.x,
2829 3116 2898 3171 57
2922 3127 2967 3171 et
2989 3115 3101 3189 58).
3125 3122 3375 3175 Amorem
3405 3134 3721 3192 parentum,

2126 3206 2328 3272 uxoris,
2382 3206 2635 3272 filiorum,
2679 3221 2786 3260 non
2833 3206 3072 3274 abstulit,
3126 3209 3219 3264 sed
3259 3210 3576 3269 ordinavit:
3612 3232 3724 3272 non

2126 3293 2279 3357 dixit,
2314 3294 2416 3362 Qui
2452 3303 2625 3359 amat;
2658 3295 2787 3360 sed,
2825 3297 2912 3365 qui
2954 3306 3094 3350 amat
3136 3315 3287 3368 super
3329 3316 3425 3354 me.
3475 3302 3594 3360 Hoc
3639 3316 3729 3362 est

2129 3385 2271 3456 quod
2302 3386 2535 3440 Ecclesia
2564 3385 2799 3455 loquitur
2824 3386 2876 3440 in
2907 3386 3140 3443 Canticis
3165 3389 3527 3447 canticorum:
3558 3395 3725 3451 Ordi-

2129 3479 2265 3532 navit
2293 3479 2347 3532 in
2382 3494 2459 3532 me
2496 3478 2789 3533 charitatem
2814 3475 2984 3550 (Cant.
3009 3495 3066 3545 ιι,
3094 3481 3170 3550 ιι).
3200 3482 3331 3536 Ama
3358 3493 3590 3554 patrem,
3624 3490 3725 3544 sed

2133 3569 2240 3624 noli
2261 3584 2421 3639 super
2443 3570 2724 3623 Dominum
2746 3586 2758 3622 :
2779 3584 2895 3623 ama
2939 3571 3256 3640 genitorem,
3281 3573 3374 3628 sed
3419 3576 3527 3631 noli
3555 3593 3726 3647 super

2131 3660 2464 3714 Creatorem.
2488 3661 2646 3715 Pater
2674 3661 2874 3730 genuit,
2901 3661 2995 3715 sed
3025 3675 3131 3716 non
3157 3662 3273 3733 ipse
3299 3663 3576 3721 formavit:
3598 3684 3726 3724 nam

2133 3751 2272 3820 quis,
2297 3758 2387 3804 aut
2416 3750 2586 3819 qualis
2606 3751 2705 3805 sibi
2730 3753 3032 3806 nasciturus
3054 3762 3218 3819 esset,
3252 3769 3373 3809 cum
3403 3758 3723 3825 seminaret,

2135 3841 2415 3911 ignoravit.
2440 3839 2595 3895 Pater
2623 3840 2863 3907 nutrivit,
2890 3841 2983 3896 sed
3010 3856 3115 3897 non
3137 3843 3204 3899 de
3228 3859 3327 3899 suo
3345 3855 3498 3916 pater
3526 3864 3725 3919 panem

2136 3932 2391 3988 esurienti
2427 3931 2673 3986 instituit.
2706 3931 2988 3987 Postremo
3014 3933 3269 4003 quidquid
3317 3937 3410 3991 tibi
3450 3948 3607 4008 pater
3633 3958 3728 3998 re-

2138 4032 2314 4077 servat
2352 4023 2405 4076 in
2449 4030 2614 4087 terra,
2637 4020 2847 4077 decedit
2877 4031 2933 4076 ut
2962 4022 3237 4091 succedas,
3265 4025 3387 4079 vita:
3416 4034 3517 4082 tua:
3541 4027 3726 4086 locum

2140 4115 2298 4171 faciet
2324 4124 2496 4170 morte
2525 4128 2641 4169 sua.
2670 4114 2827 4169 Pater
2848 4124 3023 4169 autem
3055 4116 3195 4169 Deus
3223 4116 3365 4187 quod
3396 4117 3489 4173 tibi
3518 4128 3724 4189 servat,

2141 4219 2319 4260 secum
2350 4213 2556 4271 servat;
2591 4214 2647 4259 ut
2674 4203 3034 4260 hmreditatem
3052 4220 3173 4260 eum
3195 4206 3309 4277 ipso
3335 4208 3609 4278 possideas
3626 4227 3727 4281 pa-

2143 4302 2243 4361 tre,
2275 4309 2375 4350 nec
2410 4309 2530 4349 eum
2569 4292 2908 4349 decessorem
2934 4295 3087 4364 quasi
3118 4310 3396 4352 successor
3422 4308 3727 4370 exspectes,

2143 4385 2235 4441 sed
2250 4384 2512 4439 inlucreas
2524 4399 2733 4454 semper
2746 4400 3012 4449 mansuro,
3024 4399 3236 4455 semper
3248 4387 3298 4440 in
3313 4388 3402 4443 illo
3417 4404 3726 4447 mansurus.

2144 4479 2275 4533 Ama
2289 4490 2417 4547 ergo
2436 4485 2658 4546 patrem,
2677 4476 2770 4530 sed
2794 4476 2896 4529 noli
2913 4490 3074 4546 super
3094 4476 3259 4532 Deum
3274 4486 3441 4534 tuum.
3463 4481 3593 4535 Ama
3611 4497 3729 4536 ma~

2146 4578 2280 4624 trem
2299 4576 2465 4632 tuam,
2488 4565 2580 4621 sed
2607 4566 2713 4619 noli
2734 4579 2894 4636 super
2914 4566 3227 4632 Ecclesiam,
3252 4584 3372 4638 qua:
3398 4570 3728 4640 tegenuitad

2144 4660 2305 4714 vitam
2322 4668 2599 4712 aeternam.
2620 4657 2859 4725 Denique
2885 4672 2949 4711 ex
2987 4656 3220 4727 ipsorum
3244 4668 3516 4727 parentum
3543 4672 3729 4712 amore

2147 4747 2419 4820 perpende
2436 4755 2690 4816 quantum
2707 4745 2929 4816 diligere
2946 4746 3142 4803 debeas
3160 4749 3322 4803 Deum
3340 4756 3392 4802 et
3408 4747 3724 4803 Ecclesiam.

2144 4840 2198 4896 Si
2214 4840 2353 4894 enim
2378 4846 2581 4892 tantum
2603 4836 2855 4907 diligendi
2886 4846 3008 4892 sunt
3048 4839 3137 4907 qui
3177 4845 3471 4908 genuerunt
3504 4837 3728 4891 moritu-

2147 4948 2284 4998 rum,
2313 4940 2507 5001 quanta
2536 4930 2793 4984 charitatc
2811 4929 3064 5001 diligendi
3089 4938 3212 4984 sunt
3238 4929 3323 4999 qui
3353 4930 3729 4999 genueruntad

2147 5023 2495 5079 mternitatem
2508 5022 2866 5084 venturum,in
2884 5022 3229 5076 aeternitatem
3246 5023 3727 5077 mansurumMma

2148 5131 2386 5181 uxorem,
2411 5130 2531 5169 ama
2560 5115 2697 5169 ﬁlios
2716 5114 3005 5169 secundum
3035 5113 3221 5177 Deum,
3262 5122 3322 5167 ut
3364 5116 3616 5170 consulas
3652 5114 3729 5167 eis

2148 5208 2214 5261 ad
2254 5207 2420 5262 Deum
2459 5203 2741 5259 colendum
2784 5212 2955 5258 tecum
2983 5218 2996 5253 :
3020 5202 3105 5255 cui
3149 5202 3365 5272 junctus
3388 5220 3511 5260 cum
3541 5202 3727 5268 fueris,

2149 5297 2535 5367 separationem
2576 5293 2773 5348 nullam
2821 5290 3051 5346 timebis.
3086 5290 3210 5347 Ideo
3255 5308 3361 5349 non
3402 5293 3563 5349 debes
3606 5290 3729 5345 illos
3766 5299 3773 5306 '

2152 5391 2269 5461 plus
2301 5390 2409 5444 Deo
2435 5386 2674 5456 diligere,
2692 5398 2823 5454 quos
2842 5385 3060 5439 omnino
3087 5385 3226 5441 male
3254 5384 3448 5454 diligis,
3481 5382 3522 5438 si
3546 5379 3729 5451 negle-

2219 5546 2234 5563 ’
2260 5548 2494 5603 ttepertus
2539 5540 2587 5588 in
2610 5537 2675 5603 γε
2692 5544 2876 5603 tantum
2909 5544 2961 5588 et
3002 5538 3057 5603 i_n
3083 5544 3216 5587 sum.

2216 5604 2288 5661 (α)
2323 5599 2460 5661 Alias,
2488 5603 2615 5649 inter
2636 5600 2986 5649 Sirmondianos
3005 5599 3079 5647 31.

2219 5604 2266 5661 (a
2323 5604 2460 5661 Alias,
2488 5604 2615 5649 inter
2636 5604 2941 5649 Sirmondlant

2219 5604 2288 5727 (ti;
2318 5667 2436 5712 Citat
2457 5661 2620 5711 Florus
2637 5661 2693 5710 ad
2712 5666 2746 5708 ιι
2767 5668 2870 5709 cor.
2897 5674 2941 5711 ν.
