4026 6186
312 375 453 429 iiii?)

314 486 457 540 xeris
484 493 657 539 tecum
697 481 764 536 ad
813 481 979 536 Deum
1026 482 1240 537 ducere.
1276 483 1461 537 Veniet
1499 483 1721 538 fortasse
1766 483 1893 538 hora

313 574 576 644 martyrii.
606 573 685 627 Tu
713 573 794 626 vis
830 574 1073 628 conﬁteri
1110 573 1399 629 Christum.
1429 575 1718 630 Confessus
1746 576 1894 629 exei-

311 667 424 735 pies
462 663 689 717 fortasse
735 665 990 735 temporis
1028 680 1261 734 pinnam,
1284 667 1516 736 excipias
1546 667 1892 734 temporalem

311 763 557 809 mortem.
593 754 772 818 Pater,
811 762 903 808 aut
946 770 1101 819 uxor,
1138 765 1230 810 aut
1269 756 1406 811 filius
1444 756 1784 812 blandiuntur
1826 772 1893 811 ne

310 844 573 908 moriaris,
598 852 653 899 et
682 844 1002 900 blandiendo
1027 844 1264 901 efﬁciunt
1307 856 1364 901 ut
1400 847 1665 903 moriaris.
1690 846 1748 903 Si
1786 863 1889 903 non

308 936 564 1000 efﬁciant,
593 935 700 991 illic
723 935 816 990 tibi
844 936 1021 990 veniet
1049 936 1102 990 in
1124 948 1375 1001 mentem,
1405 936 1887 1008 Quiamatpatrem.

308 1037 397 1078 aut
426 1034 654 1091 matrem,
687 1033 775 1079 aut
795 1042 1021 1093 uxorem,
1045 1036 1132 1079 aut
1151 1027 1286 1095 ﬁlios
1311 1044 1461 1097 super
1484 1044 1580 1095 me,
1605 1043 1705 1083 non
1723 1038 1794 1083 est
1814 1045 1892 1082 me

308 1120 509 1188 dignus.

378 1210 432 1263 5.
470 1207 740 1263 Ilumanus
765 1206 975 1277 affectus
994 1212 1221 1281 exemplo
1246 1212 1430 1266 Christi
1451 1212 1888 1269 vincendus.,Hu-

309 1317 459 1353 niana
482 1302 714 1355 voluntas
755 1302 808 1355 in
836 1300 1036 1356 Christo
1067 1313 1272 1359 mortem
1307 1306 1581 1376 refugiens.
1606 1305 1710 1361 Sed
1738 1307 1889 1362 blan-

307 1393 556 1448 dimentis
584 1408 803 1450 suorum
823 1394 1051 1449 ﬂectitur
1070 1398 1300 1451 carnalis
1316 1398 1559 1464 affectus,
1585 1408 1640 1455 et
1659 1399 1887 1470 quodam

309 1485 468 1537 modo
508 1486 701 1540 labitur
766 1486 993 1541 humana
1053 1489 1321 1543 mollities.
1378 1489 1658 1562 Restringe
1738 1493 1889 1547 sinus

310 1574 520 1628 fluentis
558 1577 738 1639 vestis,
752 1577 943 1631 virtute
965 1579 1485 1648 accingere.Cruciat
1515 1590 1567 1638 te
1593 1598 1744 1637 amor
1766 1599 1886 1638 car-

315 1665 435 1717 nis?
477 1665 625 1719 Tolle
668 1681 881 1721 crucem
924 1677 1085 1734 tuam,
1112 1677 1169 1723 et
1212 1686 1433 1740 sequere
1481 1673 1778 1726 Dominmn.
1824 1675 1889 1729 Et

314 1757 423 1824 ipse
448 1757 536 1809 tibi
560 1756 801 1813 Salvator
828 1769 969 1824 tuus,
990 1762 1231 1829 quamvis
1253 1761 1305 1814 in
1332 1778 1492 1817 carne
1520 1763 1679 1829 Deus,
1702 1780 1889 1832 quam-

313 1847 390 1899 vis
428 1863 546 1901 cum
574 1862 734 1903 carne
768 1849 926 1913 Deus,
956 1848 1244 1905 humanum
1286 1861 1462 1907 tamen
1504 1852 1888 1909 demonstravit

313 1935 574 2002 allectum,
608 1936 695 1990 ubi
721 1938 832 1992 ait:
862 1937 1037 2003 Pater,
1069 1940 1111 1992 si
1135 1940 1367 2009 possibile
1402 1952 1494 2007 est,
1516 1952 1735 1998 transeat
1759 1960 1790 1997 a
1810 1960 1887 1998 me

314 2031 445 2083 calix
492 2031 580 2083 iste
608 2029 821 2100 (Matth.
856 2048 1004 2097 xxvi,
1036 2034 1147 2102 59).
1174 2033 1400 2088 Noverat
1429 2036 1570 2105 quod
1611 2037 1743 2091 calix
1786 2037 1887 2093 iste

316 2121 535 2173 transire
564 2137 667 2174 non
693 2131 918 2190 poterat,
947 2122 1010 2175 ad
1035 2138 1153 2176 cum
1187 2123 1470 2177 bibendum
1505 2135 1741 2181 venerat.
1774 2127 1883 2182 V0-

312 2210 531 2276 luntate,
563 2229 669 2267 non
707 2214 1042 2280 necessitate,
1076 2213 1331 2269 bibendus
1376 2216 1465 2271 ille
1519 2218 1670 2271 calix.
1704 2217 1887 2273 Omni-

312 2314 499 2374 potens
544 2314 658 2359 erat
696 2323 711 2363 :
749 2307 791 2359 si
834 2307 1008 2370 vellet,
1058 2306 1236 2376 utique
1283 2308 1552 2374 transiret,
1585 2309 1705 2378 quia
1747 2310 1885 2365 Deus

310 2412 433 2450 cum
463 2396 642 2460 Patre,
672 2406 726 2452 et
751 2398 860 2466 ipse
886 2406 941 2452 et
976 2397 1114 2452 Deus
1143 2398 1301 2454 Pater
1327 2415 1464 2454 unus
1496 2400 1651 2454 Deus.
1679 2399 1784 2455 Sed
1820 2416 1882 2456 ex

309 2486 480 2540 forma
505 2487 665 2549 servi,
693 2502 756 2541 ex
783 2503 845 2541 eo
863 2488 999 2557 quod
1031 2490 1264 2557 suscepit
1288 2488 1384 2543 abs
1406 2498 1456 2543 te
1479 2504 1573 2558 pro
1600 2498 1671 2555 te,
1699 2505 1882 2544 vocem

310 2580 561 2644 ltomiuis,
594 2594 779 2635 vocem
824 2582 999 2634 carnis
1038 2581 1235 2635 emisit.
1268 2581 1343 2637 'l'e
1368 2582 1420 2635 in
1451 2597 1508 2636 se
1534 2581 1778 2651 dignatus
1804 2591 1886 2635 est

310 2672 707 2741 transﬁgurare,
734 2682 791 2725 ut
820 2671 885 2725 de
914 2673 1001 2725 illo
1038 2672 1331 2741 loquereris
1366 2672 1597 2741 inﬁrma,
1628 2682 1685 2727 ut
1713 2673 1764 2726 in
1796 2673 1885 2725 illo

306 2762 739 2831 apprehenderes
765 2762 941 2816 fortia.
977 2763 1309 2818 Voluntatem
1346 2764 1598 2830 ostendit,
1627 2780 1729 2834 qua
1772 2774 1888 2819 ten-

308 2854 406 2907 tari
438 2867 619 2921 posses
645 2862 731 2907 :ct
757 2855 1008 2908 continuo
1033 2853 1213 2909 docuit
1236 2870 1395 2925 quam
1422 2855 1767 2921 voluntatem,
1799 2854 1887 2911 cui

311 2945 566 2998 voluntati
607 2943 860 3015 praeferre
883 2946 1128 2999 deberes.
1156 2944 1331 3011 Pater,
1363 2946 1548 3015 inquit,
1577 2946 1620 2999 si
1648 2945 1763 3015 ﬁeri
1791 2962 1887 3020 po-

307 3047 418 3099 test,
450 3047 670 3091 transeat
714 3055 745 3091 a
789 3054 866 3091 me
904 3038 1040 3092 calix
1079 3039 1187 3092 iste.
1219 3038 1344 3092 Huic
1371 3039 1613 3096 voluntas
1656 3037 1888 3099 humana

307 3138 423 3192 est;
456 3131 723 3185 hominem
756 3146 903 3201 gero,
933 3148 995 3186 es
1025 3130 1193 3186 forma
1231 3133 1369 3187 servi
1405 3132 1613 3207 loquor.
1644 3138 1816 3204 Pater,
1844 3139 1889 3194 si

308 3222 419 3288 ﬁeri
446 3234 625 3291 potest,
649 3233 868 3277 transeat
894 3224 975 3277 hic
999 3224 1156 3279 calix.
1186 3222 1302 3284 Vox
1328 3230 1503 3284 carnis
1524 3240 1623 3291 est,
1655 3248 1757 3284 non
1780 3246 1889 3299 spi-

308 3317 472 3380 ritus;
501 3331 601 3369 vox
636 3315 980 3386 inﬁrmitatis,
1004 3331 1109 3374 non
1140 3321 1455 3375 divinitatis.
1487 3322 1548 3376 Si
1574 3323 1683 3390 ﬁeri
1705 3333 1882 3392 potest,

308 3416 529 3460 transeat
560 3409 694 3465 calix
733 3408 842 3466 iste.
883 3413 973 3466 illa
1010 3422 1093 3467 est
1120 3414 1393 3479 voluntas,
1425 3414 1490 3469 de
1515 3429 1616 3483 qua
1643 3422 1696 3468 et
1726 3415 1885 3468 Petro

307 3496 518 3565 dicitur,
548 3500 674 3555 Cum
696 3512 863 3556 autem
888 3505 1132 3571 senueris,
1163 3505 1292 3558 alter
1310 3514 1356 3559 te
1374 3507 1556 3575 cinget,
1578 3516 1624 3559 et
1648 3506 1809 3570 tollet,
1837 3516 1887 3562 et

309 3590 430 3657 [erat
453 3609 549 3659 quo
566 3603 617 3644 tu
634 3610 733 3646 non
755 3595 825 3647 vis
842 3592 1017 3663 (Joan.
1048 3611 1165 3659 XXI,
1207 3596 1317 3664 18).
1343 3595 1492 3651 Unde
1516 3611 1642 3666 ergo
1666 3606 1719 3651 et
1748 3614 1887 3652 mar-

314 3689 461 3749 tyres
490 3682 765 3736 vicerunt?
788 3683 921 3750 Quia
948 3684 1204 3739 voluntati
1235 3685 1409 3738 carnis
1430 3684 1748 3740 voluntatem
1774 3687 1884 3756 spi-

312 3772 451 3823 ritus
479 3784 883 3840 pnrposucruut.
919 3776 1181 3831 Amabant
1218 3776 1355 3830 hanc
1381 3776 1564 3842 vitam,
1594 3784 1649 3829 et
1683 3776 1887 3847 depon-

311 3863 591 3920 derabant.
624 3865 746 3921 Iade
772 3868 1179 3924 considerabant
1210 3878 1463 3939 quantum
1491 3869 1714 3923 amanda
1743 3878 1887 3924 esset

308 3965 532 4019 aeterna,
562 3958 606 4012 si
649 3959 725 4013 sic
766 3970 973 4015 amatur
1013 3960 1112 4014 ista
1156 3961 1409 4030 peritura.
1442 3961 1722 4016 Moriturus
1750 3961 1885 4015 mori

311 4064 418 4103 non
452 4052 589 4113 vult;
618 4062 673 4105 et
700 4060 872 4105 tamen
906 4052 1008 4106 erit
1036 4053 1336 4106 necessario
1358 4053 1613 4117 moriens,
1643 4053 1884 4122 quamvis

310 4143 555 4197 continue
585 4145 718 4197 mori
748 4144 952 4199 nolens.
975 4144 1060 4199 Nil
1082 4145 1193 4214 agis
1217 4144 1358 4214 quod
1391 4145 1524 4199 mori
1552 4161 1657 4199 non
1687 4146 1783 4207 vis,
1811 4145 1883 4200 nil

311 4232 495 4293 efﬁcis.
528 4233 601 4287 nil
644 4244 964 4305 extorques:
992 4235 1187 4289 nullam
1234 4235 1395 4289 habes
1434 4243 1746 4303 potestatem
1780 4235 1882 4289 tul-

314 4322 455 4376 lendi
499 4325 685 4379 mortis
728 4327 1119 4381 necessitatem.
1152 4326 1368 4390 Veniet,
1403 4336 1453 4381 te
1483 4327 1712 4389 uolente,
1742 4327 1881 4396 qum

317 4415 495 4481 times;
548 4416 739 4482 aderit,
784 4428 834 4473 te
882 4429 1177 4482 recusante,
1224 4418 1363 4488 quod
1416 4418 1617 4473 differs.
1664 4419 1882 4473 Mortem

314 4506 504 4575 quippe
544 4509 740 4579 satagis
788 4517 843 4563 ut
881 4509 1130 4571 diﬂ'eras;
1160 4510 1411 4578 numquid
1455 4519 1509 4562 ut
1552 4508 1797 4564 auferas?
1826 4511 1881 4565 Si

312 4611 440 4665 ergo
470 4598 520 4651 in
548 4600 873 4654 amatoribus
903 4585 1055 4668 hujus
1089 4601 1209 4653 vita:
1249 4609 1448 4653 tantum
1490 4599 1557 4653 de
1594 4599 1881 4654 diﬁ‘ereutla

314 4698 481 4743 morte
509 4691 782 4759 satagitur,
806 4701 1056 4759 quantum
1098 4693 1165 4746 de
1207 4691 1494 4745 auferenda
1539 4692 1881 4746 laborandum

310 4780 431 4832 est?
458 4779 582 4833 Mori
608 4791 755 4835 certe
783 4796 887 4834 non
919 4781 1017 4833 vis.
1040 4782 1177 4835 Muta
1206 4797 1463 4845 amorem,
1495 4789 1549 4835 et
1587 4781 1884 4836 ostenditur

311 4870 402 4922 iihi
426 4886 585 4933 mors,
608 4886 714 4925 non
742 4886 861 4941 qua:
900 4881 950 4926 te
983 4873 1193 4927 nolente
1218 4872 1407 4935 aderit,
1430 4871 1523 4926 sed
1550 4888 1689 4941 qum,
1717 4872 1760 4926 si
1786 4887 1880 4927 vo-

309 4957 486 5021 lueris,
518 4978 619 5016 non
648 4965 771 5016 erit.

382 5050 434 5102 li.
469 5049 608 5104 llers
637 5052 847 5120 duplex,
868 5053 1027 5123 prima
1052 5062 1097 5105 et
1121 5052 1357 5106 secunda.
1380 5051 1521 5104 Mors
1540 5052 1700 5119 prima
1720 5052 1882 5105 omni-

307 5139 402 5192 bns
454 5144 728 5197 necessarie
766 5143 1039 5208 subeunda,
1070 5143 1228 5196 altera
1266 5144 1385 5197 solis
1420 5143 1566 5196 malis
1611 5152 1808 5210 parata.
1841 5143 1881 5194 Α

309 5242 473 5285 morte
485 5232 747 5298 temporali
759 5234 906 5287 homo
918 5249 968 5286 se
979 5233 1190 5303 pecunia
1204 5232 1421 5296 redimit;
1434 5233 1494 5285 ab
1506 5243 1689 5286 a'terna
1702 5242 1877 5297 morte,

301 5322 525 5391 jnstitia.
572 5324 795 5394 Sanguis
834 5323 1019 5379 Christi
1061 5341 1152 5393 pro
1197 5334 1367 5378 nostra
1415 5324 1753 5393 redemptione
1799 5329 1882 5395 fu.

301 5428 411 5465 sus.
447 5412 574 5467 Vide
597 5429 745 5483 ergo,
774 5416 817 5467 si
840 5415 1163 5483 aliquantum
1196 5416 1246 5469 in
1283 5414 1442 5469 corde
1475 5424 1563 5467 luu
1596 5430 1745 5468 amor
1773 5416 1883 5469 evi-

303 5504 508 5571 pilavit,
535 5506 577 5558 si
606 5506 833 5559 scintilla
857 5508 922 5559 de
947 5508 1121 5561 cinere
1148 5508 1324 5563 curuis
1354 5509 1588 5572 emicuit,
1620 5509 1663 5561 si
1687 5509 1882 5578 aliquid

303 5593 514 5648 roboris
545 5595 596 5647 in
620 5596 783 5651 corde
812 5606 902 5649 tuo
934 5596 1353 5665 comprehendit,
1380 5597 1518 5667 quod
1561 5608 1718 5652 vento
1763 5606 1881 5653 ten-

308 5684 526 5738 Iationis
571 5702 676 5739 non
723 5686 894 5740 solum
929 5702 1031 5739 non
1063 5689 1445 5757 exs-tinguntur,
1477 5687 1569 5741 sed
1601 5689 1757 5742 etiam
1786 5704 1880 5743 vc-

304 5776 613 5830 lu-mentius
646 5777 1065 5831 accendaturzsi
1112 5792 1213 5831 nou
1261 5778 1414 5832 ardes
1463 5788 1516 5831 ut
1562 5788 1732 5846 stupa,
1765 5796 1882 5851 quae

494 5859 765 5917 PATROL.
805 5858 1089 5920 XXXIX.
1341 5865 1367 5889 '

1658 370 1881 427 SERMO
1920 370 2228 428 CCCXLIV.

3421 393 3569 451 ,κρυ

2006 500 2111 538 uno
2140 486 2237 539 levi
2266 486 2391 541 ﬂatu
2417 488 2799 559 exstinguaris;
2830 494 2921 547 sed
2952 496 3103 550 ardes
3123 505 3178 552 ut
3205 499 3387 566 robur,
3418 506 3576 560 ardes

2004 585 2059 627 ut
2084 577 2265 640 carbo,
2294 587 2350 631 ut
2379 579 2501 633 llatu
2532 583 2709 649 potius
2737 586 2983 639 exciteris
3011 606 3022 641 :
3050 589 3167 643 vide
3197 591 3327 645 duas
3354 605 3573 661 mortes,

2004 682 2159 719 unam
2210 670 2588 738 temporalem,
2644 674 2993 747 eamdemque
3050 681 3305 749 primam;
3356 685 3577 742 alteram

2000 759 2396 827 sempiternam,
2453 773 2507 817 et
2554 766 2794 821 eamdem
2844 772 3152 828 secundam.
3197 776 3372 831 Prima
3426 796 3575 837 mors

1999 850 2243 905 omnibus
2272 864 2561 922 praparata
2590 866 2672 910 est
2701 875 2712 911 :
2737 861 2967 916 secunda
3011 864 3141 918 solis
3170 866 3342 931 malis,
3375 870 3568 938 impiis,

2000 940 2319 1008 inﬁdelibus,
2349 946 2690 1014 blasphemis,
2716 957 2771 1005 et
2805 952 3058 1022 quidquid
3096 956 3237 1012 aliud
3284 973 3428 1014 sanie
3473 962 3572 1016 do-

1996 1034 2182 1088 ctrinze
2220 1036 2550 1093 adversatur.
2572 1040 2809 1104 Intende,
2830 1058 3064 1113 propone
3092 1049 3185 1103 tibi
3213 1050 3342 1104 istas
3372 1064 3569 1110 mortes

1995 1123 2146 1179 duas.
2179 1126 2233 1180 Si
2281 1128 2393 1182 ﬁeri
2444 1139 2637 1198 potest,
2668 1133 2851 1188 ambas
2891 1152 2998 1190 non
3034 1139 3113 1194 vis
3156 1144 3282 1210 pati.
3313 1146 3454 1212 Scio,
3485 1149 3567 1200 vi-

1995 1231 2121 1272 vere
2148 1231 2313 1285 amas,
2344 1221 2479 1274 mori
2507 1239 2610 1276 non
2640 1224 2754 1288 vis;
2784 1234 2836 1279 et
2873 1226 2941 1281 de
2966 1227 3066 1283 hac
3088 1230 3193 1284 vita
3222 1233 3271 1287 in
3301 1237 3457 1289 aliam
3488 1239 3567 1291 vi-

1995 1316 2100 1362 tam
2126 1310 2203 1365 sic
2226 1314 2451 1367 transire
2480 1316 2666 1381 velles,
2703 1326 2758 1370 ut
2801 1334 2906 1373 non
2952 1332 3194 1377 mortuus
3237 1340 3562 1396 resurgeres,

1993 1401 2088 1454 sed
2119 1401 2267 1456 vivus
2294 1403 2344 1457 in
2372 1405 2560 1460 melius
2589 1410 2892 1465 mutareris.
2924 1411 3035 1467 Hoc
3059 1415 3250 1481 velles,
3280 1416 3381 1473 hoc
3410 1418 3569 1476 habet

1995 1491 2256 1547 humanus
2272 1495 2527 1562 allectus;
2562 1499 2661 1553 hoc
2687 1500 2995 1569 ipsa'anima
3027 1508 3207 1562 nescio
3258 1524 3365 1579 quo
3410 1513 3569 1566 modo

1994 1583 2151 1638 habet
2188 1587 2238 1639 in
2270 1588 2540 1644 voluntate
2579 1600 2634 1645 et
2669 1594 2973 1662 cupiditate.
3006 1597 3264 1664 Quoniam
3298 1602 3568 1673 diligendo

1992 1675 2173 1740 vitam,
2202 1676 2315 1731 odit
2352 1689 2577 1734 mortem
2604 1692 2691 1737 :et
2734 1687 2981 1753 quoniam
3021 1704 3233 1744 carnem
3276 1708 3425 1748 suam
3462 1710 3566 1749 non

1991 1767 2119 1832 odit,
2154 1783 2253 1823 nec
2280 1771 2373 1839 ipsi
2398 1772 2507 1826 vult
2534 1774 2776 1831 accidere
2797 1778 2937 1847 quod
2968 1780 3095 1834 odit.
3132 1782 3295 1837 Nemo
3314 1788 3445 1839 enim
3475 1804 3562 1840 un-

1990 1875 2139 1928 quant
2164 1876 2363 1917 carnem
2396 1881 2541 1919 suam
2586 1869 2701 1921 odio
2743 1870 2913 1925 habuit
2953 1872 3165 1943 (Ep/tes.
3191 1893 3240 1941 v,
3270 1878 3385 1944 29).
3416 1879 3565 1935 Hunc

1990 1950 2236 2007 allectum
2258 1955 2491 2010 ostendit
2513 1958 2816 2027 Apostolus,
2845 1963 2929 2017 ubi
2953 1965 3056 2018 ait:
3084 1965 3455 2023 Habitationem
3474 1974 3553 2024 In:

1989 2042 2159 2098 bemus
2174 2062 2238 2101 ea:
2254 2046 2377 2113 Deo,
2400 2050 2601 2104 domum
2624 2070 2722 2106 non
2748 2071 2897 2107 manu
2917 2058 3123 2125 factam,
3140 2067 3379 2113 (sternam
3394 2061 3449 2118 in
3471 2083 3569 2119 rte-

1990 2134 2073 2186 lis.
2107 2134 2303 2190 Etenim
2338 2139 2390 2192 in
2429 2142 2523 2194 hoc
2550 2142 2941 2211 ingemisrimus,
2973 2146 3311 2203 habitaculum
3343 2165 3564 2209 nosti'um

1989 2227 2123 2293 quod
2137 2228 2198 2282 de
2222 2230 2342 2283 caelo
2369 2241 2440 2285 est
2459 2235 2753 2303 superindui
2779 2243 3050 2305 cupientes.
3097 2239 3166 2298 In
3184 2263 3283 2315 quo
3307 2248 3560 2313 nolumus,

1991 2317 2180 2387 inquit,
2203 2323 2495 2391 exspoliari,
2527 2325 2614 2377 sed
2637 2329 2977 2397 supervestiri,
3001 2343 3059 2386 ut
3084 2337 3406 2390 absorbeatur
3427 2356 3562 2392 mer-

1988 2408 2091 2461 tale
2113 2425 2143 2460 a
2170 2411 2287 2462 vita.
2320 2411 2433 2465 Non
2464 2414 2542 2467 vis
2583 2415 2797 2483 spoliari
2821 2433 2833 2467 ε
2855 2422 2951 2474 sed
2992 2424 3299 2491 Spoliandus
3341 2443 3419 2481 es.
3458 2429 3567 2483 Hoc

1992 2506 2165 2553 tamen
2208 2515 2332 2569 agas
2360 2512 2588 2571 oportet,
2617 2513 2675 2559 ut
2711 2506 2968 2580 spoliatus
3001 2529 3093 2582 per
3119 2526 3345 2571 mortem
3374 2534 3563 2575 carnea

1992 2590 2188 2653 tunica,
2229 2590 2514 2648 invenieris
2560 2594 2772 2655 indutus
2815 2602 2975 2657 lorica
3009 2606 3146 2662 lidei.
3174 2608 3283 2661 Hoc
3312 2612 3451 2663 enim
3483 2626 3568 2665 se-

1989 2690 2146 2736 cutus
2171 2682 2410 2757 adjungit
2434 2700 2445 2741 ξ
2473 2691 2532 2743 Si
2557 2700 2721 2744 tamen
2763 2702 2808 2745 et
2844 2694 3028 2761 induti,
3060 2714 3159 2750 non
3189 2700 3311 2752 nudi
3337 2702 3563 2755 invenia-

1989 2786 2105 2823 mur
2130 2769 2196 2847 (ll
2225 2771 2343 2831 Cor.
2369 2795 2419 2841 v,
2456 2780 2591 2850 ἱρά).
2624 2782 2753 2836 Nam
2798 2786 2965 2851 prima
2994 2802 3138 2841 mors
3167 2790 3453 2857 spoliatum
3484 2802 3564 2846 est

1994 2866 2048 2918 te
2090 2881 2269 2931 carne,
2302 2868 2509 2922 interim
2551 2873 2884 2939 seponeuda,
2916 2884 2969 2928 et
3014 2892 3111 2930 suo
3156 2887 3391 2947 tempore
3432 2884 3565 2937 reri.

1993 2954 2202 3023 pienda.
2233 2957 2342 3011 lloc
2373 2958 2524 3026 velis,
2555 2960 2712 3014 nolis.
2752 2961 2864 3017 Non
2915 2965 3055 3019 enim
3097 2968 3218 3035 quia
3261 2969 3359 3033 vis,
3386 2986 3563 3025 resur-

1991 3062 2115 3115 ges;
2144 3056 2235 3101 aut
2262 3049 2304 3103 si
2332 3049 2488 3116 nolis,
2528 3066 2633 3107 non
2674 3068 2955 3124 resurges;
2983 3064 3071 3111 aut
3118 3058 3161 3111 si
3205 3062 3563 3117 resurrectio.

1991 3154 2112 3193 nem
2138 3155 2243 3193 non
2270 3140 2463 3209 credis,
2491 3152 2769 3213 propterea
2797 3161 2900 3201 non
2931 3163 3196 3218 resurges.
3229 3149 3373 3220 Opus
3400 3162 3482 3208 est
3506 3163 3563 3209 ut

1993 3232 2168 3300 potius
2197 3247 2343 3303 agas,
2379 3243 2435 3289 ut
2480 3237 2567 3305 qui
2606 3248 2999 3295 resurrecturus
3035 3256 3115 3308 es,
3143 3244 3273 3298 velis
3304 3246 3459 3312 nolis,
3486 3247 3563 3301 sic

1993 3338 2240 3393 resurgas
2266 3333 2328 3378 ut
2363 3324 2557 3380 habeas
2591 3327 2733 3396 quod
2760 3329 2910 3382 velis.
2944 3330 3199 3384 Dominus
3222 3333 3419 3400 quippe
3452 3336 3564 3403 ipse

1988 3411 2144 3467 Iesus
2163 3413 2328 3467 dixit:
2358 3412 2502 3466 Venit
2522 3414 2667 3479 hora,
2688 3416 2888 3482 quando
2912 3432 3080 3469 omnes
3094 3419 3248 3485 quiin
3274 3435 3561 3475 monumen-

1991 3502 2054 3555 tis
2098 3510 2234 3566 sunt,
2269 3502 2473 3556 audient
2511 3518 2679 3557 vocem
2723 3505 2852 3574 ejus,
2893 3515 2939 3559 et
2969 3507 3253 3577 precedent,
3293 3510 3406 3566 sive
3440 3511 3567 3568 boni

1990 3592 2115 3656 sint,
2141 3592 2254 3648 sive
2292 3592 2418 3647 mali
2454 3593 2590 3659 sint;
2618 3609 2789 3647 omnes
2833 3597 2916 3665 qui
2956 3596 3007 3650 in
3055 3600 3386 3653 monumentis
3425 3610 3563 3669 sunt,

1989 3684 2195 3737 audient
2221 3699 2388 3737 vocem
2414 3684 2542 3754 ejus,
2571 3693 2617 3737 et
2646 3685 2935 3755 precedent,
2963 3695 3017 3742 et
3042 3688 3353 3744 emittentur
3373 3705 3439 3745 ex
3464 3692 3561 3745 ab-

1989 3774 2134 3830 ditis.
2162 3774 2315 3828 Nulla
2349 3785 2591 3830 creatura
2637 3785 2902 3831 mortuum
2943 3778 3145 3833 tenebit
3187 3780 3287 3835 sub
3310 3796 3439 3836 voce
3458 3782 3562 3836 vivi

1989 3863 2277 3918 Creatoris.
2311 3863 2517 3930 Omnes,
2551 3864 2740 3933 inquit,
2763 3867 2849 3935 qui
2874 3866 2925 3919 in
2952 3871 3285 3923 monumentis
3302 3880 3433 3935 sunt,
3467 3887 3561 3925 au-

1987 3953 2127 4007 dient
2155 3970 2319 4007 uocem
2340 3955 2468 4023 ejus,
2492 3964 2538 4007 et
2560 3956 2848 4024 precedent.
2872 3954 2983 4010 Hoc
3004 3966 3061 4010 ut
3085 3962 3181 4023 ait,
3205 3957 3410 4021 Omnes,
3441 3958 3565 4015 fecit

1988 4042 2138 4110 quasi
2168 4043 2529 4096 confusionem
2555 4051 2609 4096 et
2637 4045 3059 4111 permixtionem.
3090 4045 3193 4100 Sed
3218 4047 3339 4101 audi
3366 4048 3565 4103 discre-

1990 4136 2208 4197 tionem,
2236 4134 2358 4187 audi
2385 4143 2435 4188 et
2469 4135 2857 4202 separationem
2886 4137 3004 4204 :qui
3029 4135 3178 4203 bona,
3209 4137 3393 4205 inquit,
3425 4139 3560 4207 fece-

1986 4235 2131 4286 runt,
2161 4225 2213 4277 in
2252 4226 2662 4279 resurrectionem
2693 4225 2839 4288 vitm;
2865 4226 2951 4293 qui
2977 4225 3112 4279 mala
3139 4236 3365 4297 egerunt,
3392 4228 3444 4281 in
3475 4246 3561 4281 re-

1986 4314 2343 4368 sin-rectionem
2365 4314 2544 4382 iudicii
2571 4313 2753 4383 (Joan.
2781 4331 2833 4379 v,
2863 4316 2933 4370 28
2952 4356 2967 4379 ,
2997 4315 3110 4388 29).
3144 4316 3254 4372 Hoc
3275 4317 3553 4388 judicium,

1986 4407 2051 4464 ad
2079 4406 2218 4475 qum]
2253 4406 2584 4461 subeundum
2628 4417 2911 4478 resurgant
2957 4409 3124 4479 impii,
3152 4426 3297 4465 mors
3329 4413 3560 4467 secunda

1986 4500 2301 4569 appellatur.
2334 4500 2469 4566 Quid
2502 4515 2648 4571 ergo,
2682 4500 2992 4567 christiano,
3024 4502 3215 4556 utentis
3257 4502 3410 4557 istaut
3456 4504 3562 4573 pri-

1986 4591 2163 4645 mam?
2191 4593 2253 4645 lit
2279 4600 2329 4645 te
2355 4592 2519 4645 invito
2550 4592 2745 4657 veniet,
2773 4600 2827 4645 et
2853 4600 2904 4646 te
2936 4602 3214 4646 recusante
3238 4592 3427 4647 aderit.
3458 4594 3561 4649 Re-

1986 4684 2145 4737 tliutis
2194 4692 2245 4739 te
2284 4682 2418 4739 forte
2468 4698 2497 4735 a
2540 4682 2800 4749 barbaris,
2832 4697 2899 4738 ne
2940 4682 3470 4740 oceidariszredimis
3509 4694 3561 4743 te

1988 4790 2197 4845 magno,
2228 4791 2332 4829 non
2373 4774 2545 4843 parcis
2587 4774 2805 4828 omnino
2850 4774 3010 4829 rebus
3053 4774 3178 4841 tuis,
3206 4784 3259 4829 et
3281 4776 3414 4831 ﬁlios
3442 4786 3561 4832 tuos

1985 4869 2215 4936 spolias;
2243 4876 2296 4921 et
2318 4866 2627 4935 redemptus
2656 4867 2888 4921 crastino
2914 4867 3177 4921 morieris.
3208 4868 3251 4923 A
3275 4868 3487 4923 diabolo
3510 4878 3562 4923 te

1987 4959 2172 5012 redimi
2199 4966 2425 5027 oportet,
2456 4958 2542 5027 qui
2593 4967 2642 5011 te
2687 4972 2865 5013 secum
2905 4958 2971 5013 ad
3008 4959 3293 5015 secundam
3332 4969 3556 5015 mortem

1987 5048 2164 5110 trahit,
2191 5048 2279 5101 ulti
2309 5048 2524 5102 audient
2550 5047 2693 5117 impii
2724 5048 2787 5101 ad
2815 5048 3083 5103 sinistram
3117 5050 3293 5119 positi,
3324 5049 3421 5116 Ite,
3444 5068 3554 5104 ma-

1986 5139 2173 5204 ledicti,
2201 5138 2252 5190 in
2278 5138 2441 5207 ignem
2464 5148 2727 5203 attentum,
2747 5138 2832 5207 qui
2855 5150 3059 5209 paratas
3081 5149 3150 5193 est
3176 5140 3373 5192 diabolo
3398 5150 3443 5193 et
3463 5158 3553 5195 an-

1985 5229 2108 5298 gelis
2149 5229 2256 5299 ejus
2296 5226 2521 5296 (Matth.
2555 5243 2677 5291 xxv,
2709 5228 2823 5297 41).
2861 5227 2942 5280 Ab
2982 5228 3080 5280 ista
3125 5227 3354 5282 secunda
3388 5241 3559 5285 inerte

1986 5329 2194 5389 Oportet
2223 5329 2278 5374 ut
2320 5319 2615 5374 redimaris.
2651 5317 3034 5387 Respondebis,
3069 5316 3392 5372 Uude?Noli
3416 5334 3561 5390 quae-

1988 5426 2106 5465 rere
2134 5410 2308 5464 hircos
2330 5419 2384 5463 et
2413 5418 2622 5463 tauros:
2647 5407 2751 5462 noli
2778 5417 3045 5477 postremo
3072 5422 3246 5461 arcam
3278 5416 3421 5462 tuam
3445 5409 3557 5464 dis-

1985 5511 2185 5565 cutere,
2231 5508 2286 5554 et
2325 5499 2500 5555 dicere
2532 5500 2582 5551 in
2610 5498 2787 5552 animo
2820 5508 2927 5557 tuo,
2961 5499 3026 5552 L't
3052 5512 3136 5551 me
3177 5496 3501 5554 redimerem
3530 5517 3560 5557 a

1987 5597 2245 5659 barbaris,
2270 5595 2525 5650 habebam
2549 5594 2821 5663 pecuniam
2844 5610 2855 5645 :
2878 5602 2931 5644 ut
2954 5602 3002 5645 te
3027 5590 3259 5645 redimas
3279 5608 3306 5641 a
3328 5593 3561 5647 secunda

1988 5699 2180 5751 morte,
2227 5686 2417 5740 habeto
2450 5685 2725 5754 justitiam.
2758 5682 3036 5737 Pecuniam
3080 5690 3262 5752 posset
3309 5683 3401 5738 tibi
3449 5684 3561 5753 ipse

1990 5782 2243 5836 barbarus
2290 5789 2409 5833 ante
2458 5778 2660 5842 tollere,
2686 5785 2735 5831 et
2770 5783 2947 5844 postea
2978 5782 3026 5826 te
3053 5773 3314 5843 captivum
3343 5774 3559 5839 ducere,

2836 5863 3391 5938 (Quarante-huit.
3413 5868 3439 5934 Ι
