3996 6192
417 379 562 441 1515

416 500 477 561 ut
504 506 609 549 non
636 499 779 548 esset
815 489 956 545 unde
985 498 1037 544 te
1079 486 1392 551 redimeres,
1415 497 1481 539 eo
1508 492 1596 537 tua
1625 483 1801 537 omnia
1830 480 2004 552 possi-

417 586 580 642 dente
619 584 712 656 qui
754 582 993 654 possedit
1019 588 1074 635 et
1099 587 1151 633 te
1182 595 1195 630 :
1220 574 1480 647 justitiam
1508 589 1614 628 non
1640 573 1840 627 amittis
1866 571 2003 624 iuvi-

418 689 532 743 tus;
561 678 613 731 in
643 677 894 732 thesauro
940 670 1118 728 cordis
1173 667 1362 723 intimo
1406 658 1611 729 manet;
1644 664 1812 735 ipsam
1859 672 2001 726 tene,

416 771 587 841 ipsam
612 767 844 839 posside,
878 764 1002 820 inde
1043 759 1325 819 redimeris
1343 774 1374 813 a
1399 757 1633 815 secunda
1658 762 1850 811 morte.
1874 754 2003 822 Quae

414 865 462 919 si
504 862 665 927 nolis,
696 859 817 915 ideo
862 872 971 912 non
1011 855 1133 920 erit,
1173 852 1297 925 quia
1336 850 1487 917 illud,
1517 848 1659 904 unde
1703 857 1756 903 te
1796 845 1865 901 ab
1903 846 2001 899 ista

416 964 591 1012 morte
631 952 887 1017 redimes,
916 946 1253 1012 iii-volueris,
1295 942 1419 999 erit.
1461 941 1729 996 Justitiam
1759 936 2003 991 voluntas

413 1047 665 1117 impetrat
687 1059 719 1098 a
748 1040 995 1105 Domino,
1023 1045 1082 1093 et
1124 1036 1258 1093 bibit
1294 1034 1443 1089 illam
1480 1040 1730 1103 tanquam
1761 1029 1830 1085 de
1856 1026 2003 1083 fonte

417 1152 538 1192 suo.
566 1134 651 1190 Ad
679 1147 840 1205 quem
868 1128 1073 1186 fontem
1102 1126 1281 1183 nullus
1310 1124 1624 1196 prohibetur
1650 1120 1927 1184 accedere,
1954 1117 2001 1171 si

414 1228 606 1299 dignus
632 1223 859 1281 accedit.
890 1222 1172 1277 Postremo
1198 1215 1517 1287 adjutorium
1546 1222 1694 1268 tuum
1722 1209 1863 1266 vide.
1893 1208 2002 1263 Re-

410 1318 584 1375 demit
607 1327 661 1374 te
683 1332 713 1372 a
743 1313 985 1372 barbaris
1012 1316 1289 1383 argentum
1317 1317 1485 1373 tuum,
1515 1302 1744 1360 redemit
1770 1310 1824 1358 te
1841 1316 1872 1355 a
1893 1300 2003 1372 pri-

412 1427 505 1470 ma
532 1419 704 1468 morte
730 1408 952 1480 pecunia
979 1416 1103 1460 tua:
1126 1401 1356 1459 redemit
1400 1410 1453 1455 te
1495 1412 1527 1453 a
1568 1394 1801 1452 secunda
1829 1401 2001 1449 morte

416 1503 637 1575 sanguis
664 1499 873 1556 Domini
900 1498 996 1553 tui.
1029 1494 1224 1550 Habuit
1252 1492 1343 1547 ille
1366 1489 1699 1561 sanguinem,
1730 1484 1870 1541 unde
1902 1498 2003 1540 nos

415 1595 735 1657 redimeret;
780 1599 836 1645 et
881 1588 949 1644 ad
996 1587 1100 1642 hoc
1139 1584 1347 1655 accepit
1384 1580 1721 1651 sanguinem,
1763 1585 1818 1632 ut
1857 1583 2002 1632 esset

413 1700 575 1757 quem
619 1697 718 1754 pro
755 1680 909 1736 nobis
944 1676 1271 1734 redimendis
1301 1672 1618 1730 effunderet.
1643 1669 1869 1740 Sanguis
1895 1668 2001 1722 Do-

416 1779 549 1836 mini
577 1779 671 1845 tui,
699 1778 745 1833 si
767 1776 867 1843 vis,
890 1774 1046 1829 datus
1068 1782 1150 1827 est
1173 1785 1269 1841 pro
1290 1778 1342 1825 te
1364 1787 1379 1823 :
1402 1768 1445 1823 si
1474 1765 1707 1822 nolueris
1729 1778 1869 1829 esse,
1895 1778 1999 1817 non

414 1882 502 1929 est
528 1871 684 1927 datus
708 1882 807 1939 pro
824 1876 894 1922 te.
926 1865 1086 1921 Forte
1106 1864 1250 1919 enim
1273 1860 1445 1917 dicis:
1475 1857 1669 1914 Habuit
1687 1855 2000 1926 sanguinem

419 1963 562 2018 Deus
592 1974 762 2025 meus,
786 1972 893 2029 quo
918 1971 1003 2011 me
1033 1944 1322 2010 redimeret
1341 1970 1354 2006 :
1374 1950 1470 2006 sed
1502 1949 1613 2020 jam
1654 1962 1775 2004 cum
1815 1960 2002 2017 passus

422 2063 525 2120 est,
556 2060 723 2107 totum
747 2049 923 2113 dedit;
947 2046 1075 2119 quid
1123 2044 1202 2100 illi
1250 2041 1506 2098 remansit
1547 2038 1687 2110 quod
1709 2037 1799 2092 det
1823 2046 1876 2091 et
1907 2049 2001 2105 pro

415 2143 542 2199 me?
565 2143 673 2197 Hoc
702 2149 785 2197 est
812 2154 1085 2210 magnum,
1103 2135 1226 2207 quia
1250 2132 1415 2190 semel
1445 2130 1608 2196 dedit,
1627 2138 1682 2184 et
1707 2143 1803 2198 pro
1825 2127 2002 2182 omni-

415 2235 515 2290 bus
552 2232 719 2289 dedit.
746 2230 974 2301 Sanguis
998 2226 1198 2283 Christi
1240 2223 1436 2281 volenti
1475 2230 1561 2278 est
1599 2220 1766 2286 salus,
1802 2215 2002 2275 nolenti

415 2324 756 2397 supplicium.
784 2321 925 2388 Quid
968 2334 1098 2389 ergo
1142 2316 1373 2380 dubitas,
1400 2314 1488 2385 qui
1528 2311 1666 2367 mori
1709 2324 1817 2364 non
1843 2308 1942 2372 vis,
1961 2321 2001 2397 7a

414 2396 649 2472 secunda
676 2412 852 2484 potius
896 2419 1071 2465 morte
1109 2406 1363 2463 liberari?
1404 2417 1507 2474 qua
1552 2399 1817 2463 liberaris,
1848 2398 1892 2451 si
1921 2396 2003 2452 vis

422 2508 611 2565 tollere
652 2518 866 2561 crucem
911 2511 1075 2565 tuam,
1120 2506 1175 2554 et
1220 2495 1373 2566 sequi
1414 2493 1728 2557 Dominum;
1753 2488 1874 2559 quia
1913 2487 2003 2542 ille

414 2599 539 2655 tulit
566 2612 739 2664 suam,
771 2602 826 2651 et
853 2590 1100 2664 quaesivit
1121 2601 1357 2643 servum.

484 2694 539 2749 5.
576 2691 686 2747 Vita
709 2699 897 2745 (eterna
930 2692 1173 2759 quantum
1189 2678 1431 2746 amanda,
1450 2692 1565 2731 cum
1585 2681 1782 2729 tantum
1810 2679 2005 2725 curetur

412 2789 515 2843 vita
534 2784 844 2856 temporalis.
865 2779 932 2834 In
951 2794 1035 2833 eos
1053 2777 1139 2847 qui
1160 2771 1452 2844 temporalis
1471 2771 1586 2825 vitta
1599 2784 1770 2822 amore
1785 2765 2006 2838 perdunt

413 2879 565 2933 vitam
590 2885 847 2930 (sternam.
884 2868 1137 2933 Omnino,
1156 2862 1484 2926 lratresmei,
1513 2874 1622 2915 non
1654 2872 1751 2913 vos
1770 2862 2004 2912 maxime

413 2970 697 3024 hortantur
728 2962 795 3019 ad
819 2959 1098 3018 amandam
1116 2956 1278 3011 vitam
1307 2959 1584 3014 aeternam,
1610 2948 1702 3020 qui
1727 2949 1805 3003 sic
1824 2956 2006 3001 amant

415 3059 762 3133 temporalem
788 3043 1700 3121 vitam?Quanta~faciunthomines,
1730 3049 1791 3097 ut
1824 3040 2006 3094 vivant

414 3129 610 3228 paucos
622 3151 761 3209 dies?
770 3149 899 3217 Quis
909 3155 1224 3203 enumerare
1235 3138 1722 3211 poteritconatuset
1732 3129 2004 3187 molimina

416 3221 655 3302 omnium
675 3242 853 3296 vivere
864 3236 1174 3300 volentium,
1195 3238 1318 3304 post
1334 3228 1604 3301 paululum
1625 3221 2004 3280 morientium?

421 3340 627 3408 Quanta
649 3344 808 3406 agunt
827 3346 923 3402 pro
937 3331 1065 3401 ipsis
1082 3326 1265 3399 paucis
1279 3321 1501 3378 diebus?
1516 3319 1653 3389 Quid
1671 3324 1872 3373 tantum
1889 3313 2004 3384 agi-

414 3445 535 3486 mus
553 3445 647 3500 pro
663 3418 1163 3494 :eternayitaâ€˜iQuid
1185 3417 1379 3482 dicam,
1399 3428 1496 3485 pro
1513 3412 1693 3484 paucis
1704 3410 1893 3465 diebus
1916 3422 2004 3463 re-

413 3498 699 3583 dimendis,
727 3527 781 3571 et
817 3516 898 3567 his
928 3515 981 3566 in
1019 3510 1211 3566 terris?
1234 3508 1442 3563 Paucos
1471 3504 1614 3560 enim
1636 3502 1753 3557 dies
1778 3500 1921 3566 dico,
1952 3498 2001 3553 si

414 3614 672 3669 liberatus
692 3606 955 3670 senuerit;
990 3616 1185 3672 paucos
1207 3599 1323 3654 dies
1350 3597 1490 3661 dico,
1523 3597 1568 3651 si
1588 3595 1843 3649 liberatus
1869 3607 2001 3662 puer

414 3704 719 3772 decrepitus
762 3698 933 3752 factus
986 3694 1163 3748 fuerit.
1200 3690 1315 3745 ÎÎ¿ÎµÎ¹
1359 3688 1479 3744 dico
1518 3686 1642 3758 quia
1689 3685 2000 3754 redemptus

415 3796 601 3859 hodie,
654 3806 774 3846 cras
830 3788 1060 3843 fortasse
1099 3782 1378 3838 morietur.
1418 3780 1556 3835 Ecce
1599 3776 1668 3833 ad
1701 3777 1995 3840 incertum,

416 3895 635 3959 prepter
673 3883 817 3952 ipsos
858 3891 1053 3949 paucos
1092 3874 1208 3929 dies
1248 3873 1497 3937 incertos,
1531 3875 1726 3937 quanta
1755 3865 1999 3923 faciunt?

414 3957 533 4048 qua:
575 3970 913 4044 excogitant?
963 3968 1022 4024 Si
1058 3965 1272 4022 veniant
1317 3978 1412 4034 per
1456 3961 1702 4016 morbum
1755 3957 1998 4028 corporis

414 4070 470 4125 in
512 4065 701 4123 medici
741 4076 952 4126 manus,
974 4059 1223 4128 salusque
1246 4055 1419 4113 omnis
1458 4068 1488 4107 a
1529 4050 1998 4123 pronuntiautihus

414 4172 469 4219 et
519 4157 918 4230 inspicientibus
956 4152 1307 4224 desperetur;
1347 4148 1394 4203 si
1437 4144 1762 4216 promittitur
1807 4140 1997 4211 aliquis

416 4254 675 4319 medicus,
707 4249 796 4320 qui
830 4248 989 4303 etiam
1021 4245 1360 4313 desperatum
1383 4240 1612 4295 liberare
1654 4237 1722 4291 sit
1749 4235 1993 4299 idoneus,

414 4354 609 4415 quanta
647 4336 1056 4412 promittuntur!
1108 4342 1304 4403 quanta
1357 4344 1574 4401 prorsus
1619 4327 1685 4382 ad
1735 4328 1997 4381 incertum

415 4435 640 4492 dantur!
676 4428 1028 4486 Utmodicum
1056 4423 1280 4487 vivatur,
1309 4418 1412 4475 hoc
1441 4419 1723 4474 dimittitur
1746 4416 1887 4472 unde
1915 4415 1996 4471 vi-

416 4534 589 4580 vatur.
616 4522 863 4578 Jamvero
891 4518 935 4571 si
980 4516 1033 4570 in
1060 4513 1228 4569 hostis
1268 4521 1354 4565 aut
1385 4509 1649 4581 praadonis
1689 4522 1876 4563 manus
1917 4507 1999 4561 in-

417 4618 637 4679 eiderit,
669 4629 735 4666 ne
774 4608 1082 4675 occidatur,
1115 4614 1173 4660 ut
1210 4602 1532 4667 redimatur,
1552 4600 1710 4656 etiam
1732 4641 1746 4666 ,
1775 4600 1819 4653 si
1852 4609 1998 4667 pater

414 4710 661 4765 detentus
692 4704 880 4768 fuerit,
924 4701 1014 4756 ï¬lii
1056 4706 1305 4764 currunt,
1347 4705 1399 4752 et
1428 4693 1569 4766 quod
1596 4695 1674 4748 eis
1713 4692 1997 4747 relicturus

421 4805 616 4867 luerat,
648 4796 981 4868 impendunt,
1014 4790 1339 4862 redemptori
1365 4804 1524 4861 quem
1557 4787 1760 4858 possint
1783 4785 1993 4840 efferre.

416 4894 545 4963 Qua:
574 4885 933 4944 ambitiones?
961 4900 1079 4956 qua:
1096 4882 1320 4955 preces?
1348 4882 1437 4951 qui
1462 4878 1720 4934 conatus?
1748 4878 1864 4948 quis
1898 4877 1997 4932 hoc

413 4981 675 5054 explicet?
718 4981 784 5035 Et
808 4988 983 5041 tamen
1011 4978 1132 5032 volo
1147 4976 1325 5031 dicere
1351 4974 1491 5028 aliud
1520 4974 1762 5043 gravius,
1795 4980 1849 5026 et
1894 4970 1996 5025 nisi

413 5078 586 5139 ï¬eret,
606 5070 987 5128 incredibilius.
1002 5068 1137 5136 Quid
1149 5068 1288 5121 enim
1314 5065 1451 5129 dico,
1473 5064 1594 5134 quia
1610 5064 1733 5118 dant
1754 5062 1995 5117 homines

412 5168 690 5240 pecuniam
709 5163 972 5226 utvivant,
987 5162 1107 5229 quia
1122 5158 1249 5212 nihil
1266 5158 1364 5213 sibi
1381 5156 1683 5212 dimittunt?
1702 5154 1772 5210 Ut
1798 5168 1995 5225 paucos

411 5260 524 5314 dies
552 5256 873 5325 eosdemque
896 5255 1125 5308 incertos
1157 5249 1421 5320 paululum
1444 5248 1620 5301 vivant
1640 5262 1758 5301 cum
1781 5247 1992 5312 timore,

411 5350 586 5405 vivant
603 5362 722 5403 cum
740 5345 941 5410 labore,
960 5351 1151 5413 quanta
1172 5338 1508 5410 impendunt?
1523 5346 1714 5407 quanta
1735 5335 1886 5391 dant?
1905 5336 1995 5392 Vae

411 5439 591 5507 generi
638 5436 898 5491 humano!
932 5433 1044 5487 Dixi
1062 5431 1202 5501 quod
1234 5440 1290 5483 ut
1317 5426 1828 5496 vitantimpendunt
1854 5425 1996 5482 unde

412 5532 587 5583 vivant
618 5545 632 5585 :
669 5526 809 5599 quod
853 5535 934 5581 est
989 5524 1140 5595 pejus
1184 5522 1393 5584 audite,
1447 5519 1586 5591 quod
1626 5528 1708 5575 est
1745 5518 1990 5590 gravius',

410 5619 549 5689 quod
590 5631 672 5675 est
698 5618 1008 5674 sceleratius
1028 5658 1042 5682 ,
1081 5614 1221 5685 quod
1256 5623 1334 5669 est
1354 5655 1368 5677 ,
1395 5625 1454 5667 ut
1478 5612 1618 5675 dixi,
1644 5610 1951 5667 incredibile
1973 5652 1989 5679 ,

413 5713 511 5765 nisi
550 5713 659 5763 ï¬at.
687 5709 935 5765 Utliceat
975 5708 1077 5763 illis
1127 5706 1401 5779 paululum
1430 5705 1640 5768 vivere,
1669 5704 1796 5757 dant
1832 5704 1989 5757 etiam

420 5798 567 5869 illul,
596 5799 735 5855 unde
764 5810 980 5872 possent
1012 5815 1223 5871 semper
1252 5799 1445 5854 vivere.
1467 5797 1617 5863 Quod
1648 5797 1757 5851 dixi
1784 5798 1996 5861 audite,

1653 371 1705 425 s.
1749 340 2113 425 auausmt
2154 367 2453 428 EPISCOPI

3579 387 3713 445 1516

2118 492 2172 537 et
2220 483 2516 557 intelligite.
2565 489 2755 547 Adhuc
2795 499 2937 549 enim
2981 495 3219 550 clausum
3267 506 3386 566 est,
3434 507 3489 556 et
3529 508 3705 559 tamen

2114 575 2309 631 multos
2327 588 2525 647 movet,
2544 582 2737 652 quibus
2748 584 2858 653 jam
2882 586 3141 642 Dominus
3161 602 3282 643 eum
3298 589 3541 647 clausum
3571 604 3703 662 erat,

2109 668 2335 736 aperuit.
2386 670 2599 728 Dimitte
2644 674 2762 730 illos
2805 677 2893 745 qui
2924 677 3047 732 dant
3074 687 3128 733 et
3154 679 3381 748 perdunt
3408 682 3548 739 unde
3577 698 3697 753 pos-

2111 768 2236 814 sunt
2264 762 2460 829 vivere,
2490 775 2546 818 ut
2572 766 2895 821 concedatur
2915 769 3019 823 illis
3052 771 3321 840 paululum
3346 773 3547 829 vivere.
3579 775 3703 831 Illos

2110 851 2401 919 attendite,
2435 856 2523 924 qui
2553 856 2779 925 perdunt
2803 858 2948 915 unde
2980 869 3202 930 possunt
3236 877 3451 936 semper
3484 865 3694 930 vivere,

2108 950 2167 997 ut
2194 944 2518 1001 concedatur
2539 947 2617 1002 eis
2639 949 2909 1019 paululum
2938 952 3134 1007 vivere.
3170 953 3305 1022 Quid
3326 965 3410 1011 est
3442 957 3585 1014 hoc?
3612 957 3704 1015 Fi-

2108 1034 2205 1090 des
2256 1045 2511 1103 vocatur,
2549 1038 2718 1108 pietas
2758 1051 3023 1097 vocatur:
3065 1042 3180 1099 haec
3229 1047 3404 1101 omnis
3443 1055 3695 1117 tanquam

2110 1126 2329 1211 pecunia
2377 1135 2494 1195 est,
2539 1144 2642 1199 qua
2691 1131 2797 1186 vita
2825 1141 3023 1188 aeterna
3068 1135 3377 1205 acquiritur.
3411 1137 3601 1194 Veniet
3627 1139 3696 1196 de

2110 1223 2414 1275 transverso
2453 1219 2702 1278 inimicus
2745 1224 2993 1279 territans
3018 1267 3034 1294 ,
3063 1234 3119 1281 et
3149 1241 3254 1283 non
3297 1228 3387 1283 tibi
3416 1227 3590 1295 dicet,
3623 1232 3695 1288 Da

2108 1308 2239 1363 mihi
2278 1312 2556 1380 pecuniam
2592 1322 2733 1367 luam
2754 1356 2768 1379 ,
2796 1323 2853 1369 ut
2877 1316 3022 1371 vivas
3052 1332 3067 1370 Ï„
3102 1317 3195 1372 sed
3226 1317 3369 1374 dicet
3393 1319 3523 1387 tibi,
3549 1320 3692 1392 Nega

2106 1400 2375 1459 Christum
2394 1446 2411 1471 ,
2444 1412 2501 1459 ut
2524 1404 2691 1461 vivas.
2726 1406 2877 1476 Quod
2905 1417 2959 1462 tu
2990 1408 3037 1463 si
3065 1408 3261 1466 feceris
3288 1452 3304 1477 ,
3336 1419 3395 1467 ut
3414 1412 3570 1468 liceat
3599 1414 3692 1470 tibi

2108 1493 2378 1563 paululum
2417 1494 2616 1561 vivere,
2646 1497 2837 1566 perdes
2863 1498 3003 1554 unde
3033 1515 3218 1570 posses
3254 1517 3469 1573 semper
3493 1504 3690 1561 vivere.

2109 1581 2219 1638 Hoc
2247 1592 2330 1639 est
2365 1598 2546 1641 amare
2588 1587 2781 1653 vitam,
2825 1588 2914 1659 qui
2968 1589 3193 1645 timebas
3219 1603 3443 1647 mortem
3465 1594 3491 1648 ?
3521 1593 3692 1649 Homo

2109 1672 2281 1741 bone,
2322 1691 2489 1744 quare
2537 1678 2762 1734 timebas
2798 1691 3024 1735 mortem
3050 1723 3065 1747 ,
3096 1681 3197 1737 nisi
3237 1684 3466 1740 amando
3490 1685 3691 1739 vitam?

2106 1763 2347 1819 Chrisms
2386 1774 2468 1820 est
2500 1767 2627 1822 vita.
2655 1767 2833 1835 Quare
2870 1770 3078 1839 appetis
3107 1787 3322 1841 parvam
3349 1814 3364 1840 ,
3397 1783 3455 1828 ut
3496 1774 3692 1845 perdas

2107 1857 2385 1911 securam?
2412 1860 2494 1913 An
2525 1858 2660 1915 forte
2704 1860 2860 1915 ï¬dem
2902 1877 3009 1916 non
3053 1863 3365 1932 perdidisti,
3405 1864 3499 1919 sed
3546 1865 3687 1935 quod

2105 1946 2360 2015 perderes
2382 1964 2485 2002 non
2516 1949 2745 2006 habuisti
2763 1951 2787 2006 â€™á¼“
2803 1951 2948 2007 Tene
2975 1968 3100 2022 ergo
3117 1953 3260 2009 unde
3285 1969 3500 2026 semper
3520 1956 3688 2010 vivas.

2107 2036 2338 2092 Attende
2374 2039 2673 2107 proximum
2715 2049 2862 2097 tuum
2885 2084 2900 2109 ,
2924 2036 3118 2113 quanta
3148 2044 3306 2100 faciat
3341 2055 3398 2100 ut
3423 2047 3688 2103 modicum

2106 2128 2268 2182 vivat.
2298 2130 2527 2186 Attende
2549 2139 2605 2185 et
2634 2132 2780 2187 illum
2820 2134 2908 2203 qui
2951 2131 3219 2190 Christum
3252 2138 3497 2207 negavit,
3524 2153 3691 2207 quan-

2109 2228 2219 2274 tum
2239 2222 2435 2276 malum
2465 2222 2589 2278 fecit
2615 2233 2832 2295 propter
2860 2240 3055 2294 paucos
3080 2226 3194 2281 dies
3222 2229 3361 2282 vitae.
3395 2228 3462 2283 Et
3492 2240 3547 2283 tu
3583 2245 3688 2285 non

2107 2312 2190 2366 vis
2218 2314 2363 2383 ipsos
2394 2329 2589 2384 paucos
2616 2315 2731 2371 dies
2767 2326 3110 2372 contemnere
3134 2319 3255 2373 vitze
3279 2360 3293 2387 ,
3331 2328 3388 2374 ut
3430 2320 3573 2374 nullo
3602 2321 3688 2377 die

2106 2405 2356 2459 moriaris
2379 2448 2395 2471 ,
2423 2414 2476 2460 et
2504 2407 2556 2461 in
2586 2407 2915 2477 sempiterno
2954 2408 3098 2463 vivas
3124 2408 3242 2472 die,
3268 2424 3298 2463 a
3334 2409 3689 2481 Redemptore

2110 2504 2200 2550 tuo
2228 2498 2520 2567 protegaris
2540 2540 2554 2563 ,
2598 2499 2649 2553 in
2677 2510 2879 2554 :eterno
2900 2515 3064 2570 regno
3109 2500 3323 2569 Angelis
3349 2500 3688 2571 adaequeris?

2107 2588 2242 2657 Quid
2282 2590 2516 2643 amasti?
2549 2589 2676 2661 quid
2708 2591 3017 2660 perdidisti?
3051 2592 3116 2647 Ut
3154 2593 3457 2663 sequereris
3504 2594 3687 2648 Domi-

2110 2695 2258 2745 num,
2283 2696 2495 2736 erucem
2532 2691 2674 2735 tuam
2706 2698 2811 2736 non
2838 2682 3024 2737 tulisti.

2179 2771 2231 2826 6.
2263 2769 2486 2826 Perdere
2519 2773 2762 2839 animam,
2794 2782 2849 2826 ut
2876 2772 3157 2827 inveniatur
3180 2773 3511 2829 anima.Vide
3530 2791 3688 2845 quam

2112 2862 2422 2931 prudentem
2448 2871 2500 2918 te
2519 2864 2663 2929 velit,
2692 2864 2781 2935 qui
2810 2864 2900 2918 tibi
2922 2863 3055 2919 dixit
3086 2883 3101 2919 :
3131 2863 3273 2919 Tolle
3300 2881 3499 2919 crucem
3523 2876 3687 2934 tuam,

2109 2963 2153 3006 et
2172 2968 2376 3021 sequere
2400 2969 2495 3007 me.
2529 2953 2627 3020 Qui
2646 2954 2903 3017 invenerit,
2933 2954 3120 3026 inquit,
3140 2957 3361 3010 animum
3381 2974 3545 3023 suam,
3578 2975 3691 3027 pcr-

2109 3042 2192 3096 det
2218 3042 2393 3107 illaut;
2430 3051 2479 3097 et
2506 3045 2591 3116 qui
2621 3044 2891 3114 perdiderit
2918 3061 3031 3100 eam
3069 3057 3274 3116 propter
3336 3063 3417 3101 me
3436 3046 3690 3111 ,â€˜inveniet

2108 3150 2221 3188 eam
2253 3133 2472 3207 (Matth.
2500 3150 2536 3190 x
2555 3177 2569 3201 ,
2597 3136 2687 3203 58,
2717 3137 2832 3207 59).
2861 3137 2961 3207 Qui
3009 3138 3292 3206 invenerit,
3325 3140 3509 3209 perdet
3539 3157 3686 3206 eam;

2107 3228 2198 3298 qui
2228 3227 2533 3297 perdiderit,
2565 3230 2795 3284 inveniet
2816 3230 2978 3283 illam.
3013 3230 3077 3286 Ut
3106 3230 3317 3301 perdas,
3349 3232 3498 3302 prius
3525 3240 3608 3287 est
3633 3240 3689 3286 ut

2104 3317 2372 3386 invenias;
2412 3328 2467 3375 et
2505 3336 2627 3376 cum
2662 3321 2973 3390 perdideris,
3009 3332 3334 3391 postremum
3368 3331 3451 3377 est
3484 3334 3539 3377 ut
3567 3339 3683 3378 rur-

2104 3424 2224 3465 sum
2260 3410 2517 3465 invenias.
2566 3411 2692 3465 Dute
2734 3418 2859 3464 sunt
2900 3411 3270 3467 inventiones:
3314 3412 3366 3467 in
3399 3412 3577 3467 medio
3605 3422 3688 3467 est

2103 3515 2210 3573 qua
2239 3502 2429 3557 transit
2449 3516 2548 3556 una
2576 3501 2822 3570 perditio.
2861 3501 3031 3557 Nemo
3060 3512 3234 3572 potest
3265 3504 3495 3557 animam
3536 3518 3687 3557 suam

2105 3595 2330 3664 perdere
2370 3603 2588 3665 propter
2601 3593 2903 3662 Christum,
2931 3594 3033 3649 nisi
3064 3609 3182 3649 eam
3212 3596 3354 3663 prius
3382 3595 3644 3649 invenerit
3670 3609 3685 3658 ;

2103 3696 2159 3741 et
2189 3701 2345 3740 nemo
2372 3694 2548 3754 potest
2589 3686 2821 3741 animam
2859 3700 3009 3740 suam
3060 3686 3298 3741 invenire
3345 3687 3397 3740 in
3450 3685 3685 3751 Christo,

2104 3780 2204 3833 nisi
2234 3794 2351 3833 eam
2390 3778 2535 3846 prius
2562 3777 2869 3846 perdiderit.
2900 3777 3102 3841 Inveni,
3128 3788 3183 3831 ut
3228 3776 3418 3845 perdas
3443 3793 3456 3841 ;
3487 3776 3647 3845 perde
3670 3818 3685 3842 ,

2102 3881 2163 3926 ut
2204 3869 2460 3925 invenias.
2490 3867 2770 3936 Quomodo
2804 3881 2924 3921 eam
2972 3868 3117 3936 prius
3154 3869 3467 3922 inventurus
3501 3882 3579 3930 es,
3632 3876 3688 3920 ut

2103 3962 2299 4017 habeas
2314 3976 2469 4033 quam
2496 3958 2723 4031 perdas?
2746 3957 2969 4026 Quando
2989 3959 3188 4027 cogitas
3208 3967 3258 4012 te
3281 3973 3347 4012 ex
3370 3968 3520 4026 parte
3546 3975 3690 4011 mor-

2103 4056 2283 4118 talem,
2308 4051 2521 4124 quando
2545 4050 2747 4121 cogitas
2773 4064 2898 4105 eum
2918 4048 3005 4119 qui
3035 4058 3085 4102 te
3116 4048 3257 4111 fecit,
3290 4055 3344 4099 et
3364 4046 3684 4100 insul'ï¬ando

2100 4147 2331 4200 animam
2373 4144 2464 4198 tibi
2504 4144 2721 4207 ereavit,
2761 4150 2814 4196 et
2842 4139 3037 4193 videris
3086 4153 3202 4192 eam
3240 4136 3311 4190 illi
3338 4135 3564 4199 debere,
3594 4138 3683 4205 qui

2101 4236 2280 4302 dedit;
2312 4237 2388 4292 illi
2418 4234 2764 4301 reddendam,
2785 4231 2874 4303 qui
2893 4227 3278 4292 commodavit;
3302 4227 3369 4282 ab
3394 4227 3487 4282 illo
3504 4238 3682 4281 custo-

2101 4330 2372 4396 diendam,
2423 4329 2513 4400 qui
2559 4326 2818 4391 instituit;
2858 4322 3349 4379 iuvenistianimam
3394 4320 3679 4381 tuam,in-

2100 4425 2320 4480 veniens
2347 4437 2465 4478 eam
2487 4419 2539 4475 in
2570 4417 2693 4472 ï¬de.
2719 4414 2999 4472 Credidisti
3019 4414 3161 4468 enim
3190 4414 3290 4467 hoc
3308 4454 3324 4481 ,
3360 4423 3413 4467 et
3435 4411 3680 4466 invenisti

2101 4517 2332 4571 animam
2362 4524 2524 4567 tuam.
2562 4508 2695 4565 Nam
2723 4507 2960 4579 perditus
2997 4519 3138 4570 cras,
3180 4512 3464 4574 antequam
3490 4502 3682 4557 crede-

2102 4622 2209 4661 res.
2254 4604 2501 4659 Invenisti
2530 4602 2762 4656 animam
2792 4606 2934 4653 tuam
2965 4613 2979 4650 :
3012 4603 3254 4649 mortuus
3280 4593 3476 4665 quippe
3505 4592 3679 4646 fuerat

2103 4698 2157 4752 lu
2184 4696 2527 4761 inlidelitate,
2566 4690 2804 4749 revixisti
2838 4690 2889 4743 in
2914 4686 3038 4742 ï¬de.
3073 4682 3216 4741 Talis
3242 4699 3322 4750 es,
3355 4684 3423 4737 de
3448 4696 3553 4751 quo
3577 4680 3681 4734 dici

2103 4788 2289 4859 possit,
2324 4785 2556 4840 Mortuus
2581 4792 2707 4846 erat,
2736 4792 2783 4837 et
2802 4780 3003 4842 revixit;
3027 4778 3263 4859 perierat,
3288 4786 3333 4828 et
3355 4776 3582 4828 inventus
3611 4781 3683 4827 est

2102 4854 2252 4949 iLuc.
2272 4894 2360 4943 xv,
2383 4875 2497 4945 32.)
2518 4874 2657 4943 Ergo
2675 4870 2918 4926 invenisti
2936 4869 3168 4922 animam
3192 4854 3332 4919 tuam
3360 4862 3410 4916 in
3433 4862 3534 4915 lide
3549 4861 3684 4913 veri-

2103 4972 2243 5037 tatis,
2262 4969 2307 5023 si
2329 4985 2357 5021 a
2380 4978 2550 5021 morte
2571 4963 2891 5018 inï¬delitatis
2914 4957 3173 5015 revixisti.
3199 4956 3305 5008 lloc
3320 4962 3423 5019 est,
3452 4952 3684 5005 animam

2102 5073 2245 5118 tuam
2274 5060 2539 5116 invenisti.
2579 5056 2749 5112 Perde
2775 5071 2893 5109 eam
2914 5097 2927 5120 ,
2961 5061 3014 5106 et
3040 5051 3213 5104 anima
3244 5057 3329 5100 tua
3372 5060 3557 5101 semen
3591 5044 3683 5098 tibi

2099 5156 2188 5210 sit.
2214 5153 2347 5208 Nam
2384 5160 2438 5207 et
2469 5148 2695 5220 agricola
2729 5143 3024 5201 triturando
3062 5148 3116 5195 et
3148 5137 3455 5192 ventilando
3485 5135 3683 5190 invenit

2101 5246 2334 5302 triticum
2355 5285 2368 5308 ,
2398 5251 2453 5296 et
2480 5252 2667 5296 rursus
2695 5233 3007 5292 seminando
3042 5230 3213 5300 perdit
3242 5229 3496 5283 triticum.
3535 5225 3682 5279 Inve-

2100 5340 2245 5394 nitur
2287 5338 2337 5390 in
2365 5350 2509 5402 area,
2541 5329 2943 5403 quod'pcrierat
2971 5325 3023 5378 in
3054 5334 3311 5378 semente.
3345 5321 3486 5374 Perit
3514 5319 3565 5371 in
3597 5332 3681 5370 se-

2098 5440 2277 5487 mente
2317 5427 2458 5499 quod
2495 5424 2793 5481 inveniatur
2830 5420 2882 5473 iu
2926 5432 3121 5472 messe.
3155 5416 3255 5480 Qui
3282 5428 3408 5481 ergo
3438 5408 3679 5462 invenerit

2097 5526 2319 5577 animam
2362 5535 2545 5579 suam,
2600 5515 2770 5587 perdet
2818 5528 2948 5564 eam.
2998 5510 3097 5577 Qui
3147 5507 3348 5561 laborat
3387 5502 3634 5571 colligere
3661 5537 3676 5566 ,

2098 5628 2264 5684 quare
2295 5611 2441 5680 piger
2468 5614 2551 5663 est
2575 5601 2879 5660 seminare?

2169 5706 2219 5759 7.
2250 5678 2485 5757 Aliintnm
2523 5698 2668 5766 cuius
2706 5695 2870 5768 gratia
2903 5690 3111 5765 perdere
3146 5685 3393 5755 iubemur.
3438 5678 3568 5735 Vide
3591 5687 3672 5732 ta-

2098 5812 2220 5852 men
2251 5795 2338 5850 ubi
2376 5794 2639 5871 invenias,
2665 5800 2717 5847 et
2747 5804 2910 5861 quare
2937 5781 3145 5856 perdas.
3177 5776 3326 5834 Unde
3348 5773 3490 5830 enim
3528 5772 3671 5825 inve.
