3996 6192
316 411 462 469 is”

315 534 486 588 uires.
525 527 624 581 nisi
675 526 854 581 lumen
893 526 984 581 tibi
1014 524 1329 580 accenderet
1364 524 1448 577 illo
1477 523 1559 577 cui
1590 522 1807 586 dicitur,
1829 518 1907 573 Tu

317 621 630 678 illuminabis
658 618 916 673 lucernam
954 635 1135 683 meam,
1156 616 1373 671 Domine
1390 619 1415 671 1'
1436 615 1603 685 (Psal.
1634 631 1761 678 xvn,
1788 615 1908 685 29.)

316 714 432 768 1am
478 726 605 780 ergo
658 710 937 771 invenisti.
995 710 1085 764 illo
1130 709 1218 764 tibi
1250 707 1575 763 accendente
1612 708 1904 761 lucernam.

316 806 453 859 \‘ide
488 818 652 873 quare
676 796 887 872 perdas.
917 802 1030 857 Non
1059 802 1201 856 enim
1229 802 1423 871 passim
1454 800 1777 872 perdendum
1801 808 1905 856 est.

313 898 459 966 quod
494 908 599 951 tam
631 896 917 965 diligenter
942 895 1211 949 inventum
1251 902 1354 948 est.
1388 892 1501 948 Non
1527 894 1631 957 ait,
1654 891 1758 960 Qui
1789 907 1905 960 per-

314 990 512 1043 diderit
538 1003 656 1042 eam
680 1029 694 1049 ,
731 986 969 1041 inveniet
1008 1002 1157 1049 eam;
1191 985 1284 1040 sed
1309 1026 1323 1048 ,
1356 985 1454 1051 Qui
1494 983 1767 1056 perdiderit
1792 1000 1907 1037 eam

315 1093 524 1153 propter
554 1097 652 1133 me.
692 1078 944 1148 Naufragi
994 1078 1131 1132 forte
1158 1077 1502 1149 negotiatoris
1539 1092 1735 1146 corpus
1782 1091 1904 1130 cum

319 1174 368 1225 in
413 1172 596 1226 littore
626 1171 951 1239 inspexeris,
995 1169 1174 1223 reddis
1209 1170 1469 1241 lat-rymas
1501 1168 1815 1236 miseratus,
1853 1176 1909 1222 et

314 1264 452 1318 dicis
483 1281 495 1315 :
532 1262 623 1316 Va:
662 1261 785 1316 huic
822 1261 1053 1316 homini!
1086 1269 1300 1331 propter
1325 1275 1511 1314 aurum
1548 1259 1908 1330 perdiditani-

317 1371 461 1409 main
496 1369 670 1407 suam.
708 1352 853 1407 Bene
881 1352 1111 1423 plangis,
1144 1351 1280 1407 bene
1302 1352 1592 1407 miseraris.
1619 1350 1800 1406 Redde
1831 1350 1903 1405 illi

312 1446 500 1501 ﬂetum
522 1486 537 1507 ,
567 1444 650 1498 cui
680 1459 785 1497 non
821 1453 1043 1513 praestas
1071 1454 1124 1497 et
1166 1444 1438 1497 auxilium.
1470 1442 1694 1513 Propter
1718 1458 1903 1495 aurum

311 1539 458 1593 enim
488 1538 712 1607 perdere
737 1537 967 1591 animam
998 1552 1147 1591 suam
1188 1536 1449 1606 potuerit,
1477 1545 1695 1607 propter
1717 1550 1904 1589 aurtun

312 1628 560 1685 invenire
596 1644 700 1681 non
753 1627 965 1696 poterit.
999 1627 1078 1681 Ad
1104 1627 1358 1681 damnum
1398 1627 1589 1681 animae
1637 1642 1748 1681 suae
1793 1626 1907 1680 ido-

312 1736 453 1773 neus
484 1720 602 1783 fuit,
633 1718 697 1771 ad
722 1734 839 1772 eam
870 1718 1179 1773 lucrandam
1225 1717 1400 1773 minus
1428 1717 1652 1774 idoneus
1678 1718 1899 1773 exstitit.

309 1812 431 1868 Non
469 1812 614 1867 enim
641 1811 978 1882 cogitandum
1008 1820 1090 1867 est
1126 1811 1266 1882 quod
1301 1811 1564 1882 perdidit,
1607 1812 1699 1867 sed
1739 1828 1905 1881 quare

310 1904 568 1973 perdidit.
599 1903 654 1959 Si
698 1911 915 1974 propter
937 1903 1210 1957 avaritiam
1233 1943 1249 1966 ,
1287 1918 1412 1958 ecce
1448 1902 1535 1957 ubi
1568 1901 1711 1973 jacet
1739 1918 1864 1957 caro
1886 1944 1902 1969 ,

313 1998 405 2051 tibi
438 2007 521 2052 est
559 1996 699 2065 quod
731 2005 846 2052 erat
868 1997 1130 2049 charum?
1160 1996 1223 2049 Et
1245 2005 1420 2050 tamen
1454 1995 1615 2064 jussit
1642 1996 1865 2049 avaritia
1885 2037 1900 2060 ,

308 2100 362 2141 et
406 2100 626 2158 propter
653 2104 837 2142 aurum
864 2088 1068 2158 perdita
1099 2097 1184 2143 est
1212 2088 1409 2151 anima,
1430 2098 1480 2143 et
1506 2096 1722 2158 propter
1746 2087 1903 2142 Chri-

307 2191 455 2233 stum
504 2198 612 2234 non
660 2181 795 2249 perit
835 2180 1049 2245 anima,
1099 2196 1269 2250 neque
1321 2188 1519 2250 pereat.
1551 2179 1757 2245 Stulte,
1799 2178 1902 2233 noli

306 2271 563 2325 dubitare
596 2289 609 2322 :
658 2271 776 2324 audi
804 2272 1082 2325 consilium
1122 2270 1412 2325 Creatoris.
1458 2270 1571 2341 Ipse
1600 2280 1650 2325 te
1683 2271 1908 2325 instituit

308 2376 365 2418 ut
416 2368 619 2433 sapias,
652 2364 739 2434 qui
780 2374 832 2418 te
870 2363 991 2418 fecit
1034 2372 1319 2434 antequam
1372 2379 1521 2418 esses
1573 2364 1662 2434 qui
1706 2364 1901 2432 sapias.

304 2457 449 2509 Audi
476 2496 493 2521 ,
539 2455 647 2509 noli
697 2455 942 2510 dubitare
987 2470 1082 2526 pro
1122 2456 1336 2511 Christo
1384 2455 1614 2508 animam
1659 2454 1903 2524 perdere.

306 2546 481 2601 Fideli
515 2545 752 2602 Creatori
776 2547 1121 2601 commendas
1152 2546 1290 2617 quod
1320 2546 1516 2601 diceris
1551 2546 1794 2615 perdere.
1828 2546 1906 2600 Tu

305 2641 530 2711 quidem
570 2640 801 2709 perdes:
839 2640 931 2695 sed
976 2640 1063 2695 ille
1111 2640 1352 2709 suscipit,
1376 2640 1459 2693 cui
1502 2639 1629 2693 nihil
1663 2639 1815 2711 perit.
1849 2638 1904 2693 Si

304 2747 463 2785 amas
496 2730 680 2795 vitam,
717 2730 875 2799 perde
907 2740 961 2784 ιιι
994 2730 1233 2784 invenias
1265 2746 1278 2782 :
1312 2730 1434 2799 quia
1464 2745 1583 2783 eum
1614 2728 1903 2792 inveneris,

304 2823 415 2893 iam
452 2838 559 2875 non
592 2822 693 2876 erit
723 2822 861 2891 quod
890 2822 1102 2891 perdas,
1132 2837 1235 2876 non
1276 2822 1377 2875 erit
1401 2837 1563 2890 quare
1593 2820 1800 2890 perdas.
1832 2822 1905 2876 Ea

305 2916 515 2985 quippe
543 2915 807 2968 invenitur
834 2916 959 2977 vita,
985 2929 1102 2984 qum
1134 2913 1399 2967 invenitur
1428 2922 1483 2967 ut
1525 2913 1741 2965 omnino
1784 2928 1904 2981 pcr-

308 3008 392 3061 ire
461 3021 567 3059 non
610 3006 797 3076 possit.
825 3006 957 3073 Quia
985 3016 1037 3059 et
1066 3002 1329 3070 Christus,
1361 3005 1449 3074 qui
1492 3004 1581 3057 tibi
1616 3003 1903 3069 nascendo,

309 3098 597 3153 moriendo
634 3107 688 3152 et
741 3096 1067 3167 resurgendo
1092 3096 1238 3152 dedit
1268 3095 1601 3163 exemplum,
1631 3111 1838 3164 sio-gens
1875 3111 1907 3147 a

310 3194 529 3246 mortuis
544 3193 658 3262 jam
688 3209 789 3245 non
819 3191 1050 3257 moritur,
1080 3200 1126 3243 et
1149 3207 1280 3244 mors
1310 3190 1353 3242 ei
1380 3190 1514 3243 ultra
1545 3206 1643 3242 non
1671 3190 1904 3242 domina-

312 3288 445 3339 bitur
479 3285 651 3355 (Hom.
683 3300 752 3346 vr,
789 3282 864 3353 9).

748 3373 981 3429 SERMO
1030 3372 1298 3428 CCCXLV
1327 3379 1343 3396 ‘
1381 3372 1474 3445 (fl).

806 3464 882 3520 De
910 3475 1193 3535 contemptu
1220 3466 1414 3518 mundi.

391 3560 443 3613 l.
483 3555 713 3612 Pricaeus
738 3556 838 3610 vita
865 3574 954 3626 spe
980 3560 1165 3628 futura:
1196 3557 1309 3610 vita:
1343 3555 1724 3610 contemnenda.
1758 3553 1906 3608 Divi-

314 3652 455 3705 tibus
484 3652 583 3704 cita
612 3652 716 3705 lia'c
742 3667 965 3705 somnus.
1010 3651 1220 3719 Loipiar
1254 3650 1509 3703 Charitati
1542 3657 1762 3715 vestras,
1797 3648 1904 3704 fra-

319 3752 467 3809 tres,
490 3742 631 3811 quod
657 3744 907 3809 pertineat
930 3742 995 3796 ad
1018 3750 1378 3812 contemptum
1403 3742 1683 3811 priesentis
1702 3742 1902 3808 smculi,

314 3833 388 3886 ad
436 3846 590 3901 Spem
639 3830 792 3886 futuri
833 3833 1035 3888 smculi.
1084 3832 1141 3887 Si
1185 3831 1380 3901 qua-ris
1413 3831 1537 3902 quid
1568 3839 1901 3898 ccutemnas,

314 3925 499 3979 omnis
527 3933 727 3994 martyr
754 3924 912 3980 vitam
943 3935 1257 3995 prtcsentem
1292 3923 1611 3993 contempsit
1640 3941 1655 3978 :
1691 3924 1734 3977 si
1778 3923 1903 3992 quid

314 4032 527 4087 Speres,
562 4016 1004 4071 resurrectionem
1036 4016 1174 4079 dico,
1202 4016 1324 4085 quia
1356 4015 1514 4071 hodie
1542 4016 1793 4070 Dominus
1820 4030 1906 4070 re-

314 4109 565 4165 surrexit.
596 4108 641 4163 0
670 4118 724 4163 tu
757 4108 949 4174 homo,
989 4109 1033 4163 si
1066 4108 1261 4162 titubas
1291 4108 1340 4160 in
1374 4123 1461 4174 re,
1491 4118 1605 4161 esto
1636 4107 1821 4161 firmus
1850 4107 1903 4161 in

312 4218 447 4272 spe;
478 4203 520 4255 si
547 4212 726 4256 autem
756 4209 808 4255 te
834 4216 967 4271 opus
994 4201 1189 4265 turbat,
1216 4200 1384 4270 erigat
1414 4202 1523 4270 ipsa
1547 4214 1771 4255 merces.
1798 4198 1904 4254 Nos

312 4309 528 4363 quoque
557 4293 810 4348 admonet
839 4293 1156 4362 Apostolus,
1186 4308 1304 4345 cum
1347 4290 1585 4361 pr:ccipit
1622 4290 1904 4346 Timotheo

310 4390 545 4441 dicens:
577 4384 814 4455 Prtecipe
850 4386 1081 4439 divitibus
1121 4386 1272 4456 hujus
1311 4384 1518 4449 mundi,
1559 4401 1659 4437 non
1696 4383 1907 4454 superbe

308 4496 514 4549 sapere,
538 4496 695 4548 neque
719 4495 924 4549 sperare
949 4480 999 4532 in
1020 4480 1206 4532 incerto
1224 4478 1537 4546 diuitiarum,
1561 4477 1649 4531 sed
1668 4478 1718 4530 in
1746 4476 1905 4530 Deum

308 4574 503 4636 uirum,
534 4572 622 4643 qui
652 4580 857 4642 prtestat
886 4570 1026 4623 nobis
1049 4570 1238 4623 ontnia.
1272 4567 1459 4621 Divite:
1477 4568 1577 4622 sint
1600 4568 1652 4621 in
1672 4568 1929 4637 operibus

307 4668 457 4721 bonis
479 4708 494 4731 ,
537 4667 688 4737 facile
721 4665 977 4731 tribuant,
1014 4664 1413 4727 communicent,
1454 4663 1785 4716 tltestturizent
1811 4662 1905 4716 sibi

299 4760 703 4833 fundamentum
750 4762 962 4822 bonum,
1015 4766 1067 4810 ut
1114 4756 1494 4828 appreltendanl
1541 4770 1706 4809 ueram
1751 4754 1903 4808 vitam

302 4853 342 4923 (l
373 4850 520 4905 Tim.
552 4866 628 4916 vi,
662 4850 875 4920 17-19).
912 4850 974 4905 Et
1001 4849 1231 4904 maxime
1259 4849 1359 4903 hoc
1386 4847 1578 4904 divites
1603 4849 1786 4903 audire
1811 4848 1904 4903 de-

304 4945 461 4999 bent.
489 4941 705 5004 Audite,
734 4942 946 5008 divites,
974 4940 1063 5012 qui
1084 4956 1270 4995 aurum
1295 4948 1349 4996 et
1369 4949 1646 5011 argentum
1674 4940 1900 5006 habetis,

300 5047 355 5091 et
405 5048 588 5092 tamen
634 5035 925 5107 cupiditate
968 5032 1209 5089 ardetis:
1241 5048 1377 5103 quos
1404 5034 1616 5104 quando
1646 5051 1903 5106 pauperes

298 5135 610 5197 intuentur,
644 5139 1000 5195 murmurant,
1032 5137 1271 5199 gemunt,
1303 5128 1517 5183 laudant
1545 5138 1600 5184 et
1630 5129 1899 5197 invident;

298 5224 517 5293 minari
543 5231 727 5293 optant
748 5264 764 5289 ,
795 5232 850 5278 et
879 5222 1108 5292 impares
1137 5235 1197 5278 se
1223 5220 1437 5287 dolent;
1469 5230 1523 5276 et
1551 5222 1689 5276 inter
1718 5222 1903 5277 laudes

296 5314 540 5368 divitum
569 5312 671 5367 hoc
695 5312 1007 5382 plerumque
1029 5310 1233 5376 dicunt,
1260 5309 1368 5367 Soli
1396 5311 1480 5367 isti
1504 5320 1652 5376 sunt,
1678 5312 1777 5381 ipsi
1802 5311 1901 5368 soli

297 5408 515 5458 vivunt.
550 5402 653 5457 Pro
686 5404 769 5458 his
796 5403 992 5470 verbis,
1025 5402 1215 5473 quibus
1239 5401 1483 5457 homines
1510 5411 1697 5458 tenues
1721 5401 1901 5458 diviti-

298 5500 407 5551 bus
460 5496 777 5561 adulantur,
809 5510 927 5550 cum
958 5496 1170 5559 dicunt,
1211 5493 1301 5550 Isti
1343 5495 1443 5550 soli
1489 5496 1703 5562 vivunt;
1744 5513 1812 5552 ne
1849 5498 1899 5554 in

297 5588 620 5656 superbiam
652 5586 957 5657 erigamini,
992 5603 1025 5639 o
1052 5601 1147 5640 vos
1171 5586 1362 5641 divites
1388 5604 1402 5640 :
1432 5586 1523 5641 sed
1553 5588 1726 5657 potius
1754 5591 1898 5659 Apo-

300 5681 509 5736 stolum
543 5680 718 5733 audite
737 5721 749 5741 ,
781 5679 949 5732 morbi
977 5686 1274 5732 curatorem
1298 5719 1309 5739 ,
1333 5686 1387 5730 et
1415 5693 1517 5732 non
1546 5678 1691 5734 verbi
1718 5680 1903 5734 adula-

371 5789 386 5803 ‘
420 5792 661 5845 nepenns
684 5784 731 5833 in
753 5783 814 5834 el.
842 5792 1025 5835 tantum
1050 5790 1101 5833 et
1130 5786 1179 5833 in
1211 5786 1346 5837 sirm.

373 5848 449 5905 in)
488 5843 632 5908 Alias,
652 5846 779 5896 inter
804 5847 1151 5897 sirmondianos
1171 5846 1247 5896 33.

1700 399 1926 461 SERMD
1966 396 2257 459 CCCXLV.

3468 413 3604 471 lSld

2027 528 2217 575 torem.
2248 520 2366 576 Vita
2394 521 2491 576 ista
2518 536 2737 578 somnus
2764 536 2938 581 vester
2957 534 3040 583 est
3064 545 3077 582 :
3099 526 3300 584 divitia!
3326 527 3441 585 ista:
3463 540 3607 586 velut

2020 611 2071 666 in
2103 614 2305 669 somnis
2334 612 2521 670 ﬂuunt.
2550 613 2746 672 Paulus
2768 617 2895 673 dicit
2913 660 2928 686 ,
2958 629 3015 674 ut
3044 622 3423 691 apprchendanl
3454 626 3605 678 vitam

2018 717 2205 755 veram.
2239 703 2456 758 Paulum
2498 706 2707 775 audite,
2738 716 2792 763 et
2837 708 3113 780 superbire
3161 712 3343 767 nolite.
3383 712 3521 768 Audi
3552 725 3608 770 et

2019 794 2305 861 Psalinum,
2330 814 2363 852 ο
2385 808 2438 853 ιιι
2461 798 2608 855 dives
2633 804 2993 871 pauperrime;
3017 804 3141 875 quid
3164 804 3351 871 habes,
3375 807 3417 859 si
3440 808 3603 861 Deum

2017 901 2121 941 non
2156 889 2357 943 habes?
2383 891 2464 945 vel
2494 891 2620 961 quid
2649 906 2754 947 non
2786 891 2949 949 habes
2968 934 2985 958 ,
3016 894 3061 949 si
3090 894 3257 950 Deum
3298 897 3500 951 habes?
3531 898 3605 955 De

2014 978 2269 1035 divitibus
2294 981 2423 1037 dicit
2451 982 2726 1051 Psalmns,
2758 983 3077 1040 Dormierunt
3100 1003 3328 1042 somnum
3355 1006 3499 1043 suum
3517 1033 3529 1053 ,
3558 1000 3605 1044 et

2015 1072 2144 1126 nihil
2170 1073 2463 1128 invenerunt
2499 1092 2670 1130 omnes
2698 1076 2793 1130 viri
2820 1078 3109 1132 divitiarum
3150 1080 3203 1134 in
3241 1081 3471 1136 mnibus
3498 1084 3605 1137 suis

2015 1160 2188 1237 (Psal.
2221 1181 2390 1233 Lxxv,
2422 1165 2501 1236 6).
2532 1168 2830 1238 Aliquando
2858 1179 2913 1224 et
2952 1170 3225 1227 mendicus
3264 1173 3316 1229 in
3357 1182 3494 1229 terra
3524 1176 3601 1244 ja-

2014 1271 2140 1310 cens
2166 1266 2219 1311 ct
2246 1257 2439 1327 frigore
2466 1267 2723 1325 tremens,
2748 1272 3038 1331 occupatus
3058 1278 3087 1318 a
3112 1278 3301 1320 somno
3323 1266 3602 1320 thesauros

2013 1347 2277 1411 somniat;
2308 1348 2524 1417 gaudet,
2559 1351 2811 1416 exsultat,
2841 1352 3102 1423 superbit,
3132 1365 3182 1409 et
3212 1366 3415 1425 patrem
3446 1372 3599 1411 suum

2015 1449 2309 1503 pannosum
2345 1437 2527 1494 videre
2564 1439 2883 1510 indignatur.
2917 1441 2973 1497 In
3006 1445 3209 1499 somnis
3247 1455 3327 1499 est
3354 1446 3494 1514 quod
3526 1448 3601 1499 vi-

2013 1524 2130 1591 des,
2152 1542 2184 1577 o
2206 1535 2260 1580 tu
2284 1528 2544 1594 mendice,
2564 1532 2651 1601 qui
2672 1531 2872 1586 dormis
2894 1542 2947 1587 et
2966 1534 3185 1603 gaudes.
3209 1534 3408 1592 Tamen
3431 1536 3601 1593 donee

2012 1617 2244 1686 evigilet,
2278 1618 2429 1674 dives
2458 1629 2539 1675 est
2568 1638 2582 1676 :
2609 1638 2731 1677 cum
2758 1622 3056 1693 dormierit,
3090 1626 3291 1682 invenit
3318 1629 3456 1698 quod
3482 1646 3601 1687 cer—

2015 1716 2124 1761 tum
2153 1708 2350 1765 doleat.
2387 1711 2543 1768 Dives
2570 1728 2698 1784 ergo
2728 1715 2993 1783 moriens,
3025 1718 3215 1773 similis
3241 1729 3324 1775 est
3360 1722 3433 1777 illi
3472 1738 3601 1795 pan-

2012 1801 2125 1870 peri
2148 1802 2432 1858 dormienti
2462 1812 2517 1859 et
2538 1805 2817 1863 thesauros
2838 1809 3143 1865 somnianti.
3166 1810 3297 1867 Nam
3319 1812 3407 1868 ille
3427 1813 3597 1879 dives,

2012 1895 2100 1963 qui
2133 1894 2451 1951 induebatur
2479 1914 2712 1968 purpura
2738 1910 2791 1954 et
2817 1900 2995 1973 bysso,
3028 1917 3126 1957 nec
3153 1905 3472 1971 nominatus,
3500 1921 3602 1961 nec

2014 1985 2386 2053 nominandus,
2412 1997 2749 2059 contemptor
2772 1991 3017 2061 pauperis
3039 2002 3161 2048 ante
3179 1992 3397 2063 januam
3416 1995 3600 2066 jacen-

2016 2075 2115 2142 tis,
2147 2077 2461 2146 epulabatnr
2501 2081 2737 2150 quotidie
2781 2082 3093 2152 splendide;
3137 2094 3315 2154 postea
3358 2097 3599 2141 mortuus

2011 2175 2124 2232 est,
2156 2177 2209 2223 et
2241 2169 2479 2240 sepultus
2510 2188 2523 2223 :
2555 2172 2857 2243 evigilavit,
2888 2181 2942 2229 et
2979 2188 3037 2230 se
3066 2174 3119 2229 in
3160 2176 3373 2232 ﬂamma
3400 2177 3601 2233 invenit

2016 2258 2165 2331 (Luc.
2194 2278 2285 2316 xw
2307 2303 2321 2328 ,
2354 2263 2565 2336 19-24).
2598 2265 2860 2320 Dormivit
2896 2282 3141 2323 somnum
3180 2285 3332 2323 suum
3355 2312 3368 2335 ,
3400 2280 3455 2325 et
3485 2281 3603 2340 post

2012 2367 2255 2406 somnum
2290 2356 2419 2407 nihil
2453 2356 2687 2422 invenit;
2721 2358 2841 2426 quia
2864 2358 2993 2413 nihil
3018 2372 3267 2429 operatus
3294 2372 3375 2416 est
3399 2362 3466 2417 de
3490 2379 3603 2418 ma-

2014 2441 2171 2496 nibus
2197 2443 2337 2508 suis,
2371 2443 2419 2497 id
2449 2453 2549 2509 est,
2578 2445 2646 2499 de
2675 2446 2872 2501 divitiis
2898 2448 3029 2502 suis.

2083 2555 2137 2609 2.
2182 2554 2295 2609 Vita
2322 2557 2545 2625 peritura
2572 2558 2837 2613 redimitur
2861 2560 3090 2615 omnibus
3117 2563 3258 2618 bonis
3287 2580 3305 2619 .'
3332 2565 3432 2621 vita
3455 2578 3603 2621 arter-

2012 2664 2079 2700 na
2117 2650 2296 2719 quanti
2335 2652 2562 2703 emenda.
2593 2650 2818 2721 PrOplcr
2848 2653 3004 2708 vitam
3035 2666 3347 2724 quaeruntur
3373 2656 3597 2724 divitiae,

2013 2754 2118 2792 non
2149 2739 2252 2793 vita
2282 2748 2498 2810 propter
2522 2740 2731 2797 divitias
2759 2759 2773 2795 ε
2802 2758 2961 2812 quam
3003 2745 3154 2799 multi
3192 2760 3313 2801 cum
3354 2749 3464 2804 suis
3501 2748 3601 2804 ho-

2012 2832 2180 2887 stibus
2209 2834 2347 2901 pacti
2374 2843 2529 2899 sunt,
2560 2842 2616 2888 ut
2642 2835 2803 2890 vitam
2831 2836 2997 2891 solam
3029 2838 3391 2894 redimerem?
3416 2840 3600 2909 Quan-

2015 2932 2356 2992 tumcumque
2399 2924 2726 2992 habuerunt,
2761 2934 2931 2982 totum
2966 2927 3261 2997 dederunt,
3303 2938 3506 2987 tantum
3535 2947 3603 2988 ne

2013 3016 2173 3070 vitam
2214 3017 2537 3072 amitterent.
2570 3018 2761 3073 Totum
2806 3018 2996 3075 dedisti
3041 3020 3281 3078 barbaris
3322 3023 3462 3094 quod
3502 3024 3603 3081 ha-

2014 3105 2173 3175 buisti
2196 3148 2210 3173 ,
2237 3107 2440 3164 frater?
2468 3108 2659 3164 Totum
2681 3151 2696 3173 ,
2730 3111 2928 3180 inquit,
2957 3111 3100 3178 dedi,
3135 3114 3308 3171 nudus
3331 3120 3598 3184 remansi;

2012 3199 2114 3253 etsi
2139 3199 2332 3265 nudus,
2356 3200 2551 3254 vivam.
2581 3200 2647 3255 Et
2671 3202 2873 3270 quare?
2898 3202 3063 3258 Totus
3087 3204 3409 3260 occidendus
3431 3224 3599 3273 eram,

2014 3289 2136 3345 ideo
2162 3299 2329 3346 totum
2360 3290 2503 3347 dedi.
2538 3292 2604 3347 Et
2628 3308 2793 3362 quare
2823 3293 2915 3347 tibi
2947 3293 3048 3348 hoc
3076 3295 3333 3363 contigit?
3364 3297 3450 3350 Vis
3478 3298 3600 3353 dico

2014 3381 2151 3436 tibi?
2180 3382 2312 3449 Quia
2352 3392 2636 3450 antequam
2669 3382 2924 3437 barbarus
2951 3385 3350 3452 superveniret,
3378 3391 3599 3458 pauperi

2012 3486 2116 3524 non
2160 3470 2546 3536 subveniebas,
2583 3478 2639 3524 ut
2680 3486 2775 3540 per
2821 3486 3106 3542 pauperem
3152 3473 3492 3548 eleemosyna
3532 3482 3598 3535 ad

2010 3558 2277 3615 Christum
2308 3560 2653 3631 perveniret?
2690 3561 2906 3618 Christo
2943 3563 3209 3619 modicum
3239 3582 3345 3622 non
3382 3568 3599 3635 dedisti,
3656 3604 3663 3613 ο

2011 3662 2067 3709 ct
2092 3652 2332 3708 barbaris
2362 3661 2530 3707 totum
2560 3653 2700 3724 quod
2731 3652 2958 3710 habuisti
2978 3696 2992 3721 ,
3026 3655 3248 3724 dedisti,
3275 3668 3331 3715 et
3353 3659 3457 3716 hoc
3480 3677 3598 3717 cum

2011 3754 2348 3801 sacramento
2377 3744 2591 3801 dedisti.
2622 3745 2867 3803 Christus
2901 3758 3085 3820 rogat,
3128 3760 3183 3806 et
3220 3767 3327 3807 non
3365 3756 3596 3825 accipit:

2012 3836 2102 3892 ille
2128 3846 2359 3906 torquet,
2391 3846 2445 3892 et
2471 3845 2639 3892 totum
2664 3837 2856 3894 aufert.
2887 3840 2944 3896 Si
2971 3843 3100 3897 tanti
3128 3843 3397 3901 redemisti
3434 3848 3597 3903 vitam

2012 3928 2301 3995 perituram
2323 3970 2339 3993 ,
2367 3928 2548 3999 quanti
2583 3930 2941 3999 comparanda
2977 3941 3059 3987 est
3097 3934 3201 3988 vita
3226 3938 3463 3991 aeterna?
3499 3940 3599 4006 Qui

2010 4019 2107 4074 das
2131 4019 2309 4087 hosti,
2338 4030 2396 4075 ut
2423 4020 2570 4076 vivas
2600 4020 2902 4083 mendicus,
2941 4021 3007 4076 da
3036 4023 3233 4092 aliquid
3259 4026 3474 4083 Christo
3494 4069 3510 4093 ,
3544 4041 3601 4085 ut

2009 4112 2156 4165 vivas
2181 4110 2387 4167 beatus.
2418 4110 2484 4167 Ut
2513 4111 2661 4165 vivas
2688 4110 2870 4180 paucis
2897 4110 3102 4175 diebus,
3127 4114 3270 4184 quod
3297 4115 3464 4172 hostis
3483 4120 3599 4176 exi-

2009 4204 2085 4274 git
2116 4202 2267 4267 facis,
2298 4212 2351 4258 et
2378 4202 2518 4273 quod
2544 4201 2788 4258 Christus
2812 4203 3009 4274 exigit,
3034 4208 3372 4263 contemnis?
3398 4209 3598 4267 Omnes

2009 4293 2125 4349 dies
2167 4292 2398 4348 hominis
2426 4292 2494 4348 ab
2530 4291 2752 4348 infantia
2793 4306 2963 4363 usque
2994 4294 3058 4349 ad
3087 4305 3411 4353 senectutem
3442 4304 3596 4371 pauci

2011 4396 2133 4441 sunt
2161 4401 2177 4440 :
2206 4394 2260 4441 et
2288 4384 2333 4439 si
2362 4386 2476 4454 ipse
2502 4383 2671 4439 Adam
2700 4383 2860 4439 hodie
2895 4394 3227 4454 moreretur,
3256 4403 3455 4459 paucos
3482 4392 3599 4448 dies

2011 4478 2252 4543 vixerat,
2298 4476 2421 4547 quia
2465 4490 2653 4530 omnes
2681 4474 2923 4540 ﬁnierat;
2952 4476 3043 4546 qui
3084 4478 3264 4548 utique
3300 4495 3393 4537 sex
3434 4484 3597 4538 millia

2010 4581 2181 4621 annos
2223 4554 2462 4633 vixerat;
2506 4554 2563 4621 et
2605 4573 2784 4621 tamen
2826 4567 2975 4634 pauci
3006 4577 3190 4632 erant,
3218 4571 3339 4641 quia
3376 4583 3600 4629 cunctos

2012 4658 2241 4712 ﬁnierat.
2278 4656 2481 4712 Paucos
2510 4655 2626 4710 dies
2654 4654 2981 4721 laboriosos,
3009 4660 3387 4717 tentationibus
3413 4664 3597 4733 plenos

2012 4748 2266 4812 redimis,
2298 4754 2356 4802 ut
2392 4746 2655 4802 modium
2686 4754 2880 4801 terram
2918 4746 3147 4813 habeas,
3189 4749 3240 4806 id
3278 4760 3361 4807 est
3395 4753 3596 4825 villam.

2010 4840 2151 4895 Ecce
2179 4837 2457 4901 inimicus,
2488 4840 2577 4907 qui
2608 4846 2659 4892 te
2684 4837 3072 4908 captivaverat,
3113 4840 3240 4896 dicit
3276 4844 3396 4911 tibi,
3426 4845 3595 4913 Quid-

2010 4930 2137 5003 quid
2161 4930 2326 4985 babes
2342 4928 2409 4984 da
2435 4927 2561 4982 mihi
2584 4945 2599 4982 :
2619 4936 2674 4982 et
2694 4937 2749 4983 ut
2769 4929 2976 4986 viveres
2999 4940 3164 4988 totum
3187 4934 3407 5002 dedisti;
3436 4940 3597 4998 hodie

2009 5023 2352 5092 redemptus,
2382 5034 2501 5075 eras
2544 5020 2867 5084 moriturus;
2906 5021 2974 5076 ab
3016 5023 3118 5078 isto
3157 5025 3595 5098 redemptus,,ab

2010 5113 2117 5169 alLo
2160 5110 2522 5167 trucidandus.
2568 5110 2709 5165 Ecce
2750 5122 2946 5182 quanta
2989 5127 3023 5167 ιι
3056 5113 3295 5171 barbaris
3328 5098 3587 5188 patiuntur

2008 5205 2256 5277 homines
2282 5212 2502 5275 propter
2528 5202 2691 5258 vitam
2731 5203 3077 5273 temporalem
3093 5246 3110 5272 ,
3150 5216 3201 5260 et
3226 5207 3372 5279 piget
3393 5212 3593 5283 aliquid

2012 5298 2118 5369 pati
2149 5311 2243 5365 pro
2268 5296 2374 5350 vita
2398 5294 2635 5350 mterua!
2663 5291 2919 5349 Erudiant
2942 5308 3042 5349 nos
3070 5287 3166 5351 ista
3194 5299 3423 5369 pericula
3442 5341 3460 5368 ,
3491 5302 3595 5358 fra-

2012 5399 2141 5445 tres.
2174 5387 2312 5441 Ecce
2338 5393 2505 5441 totum
2528 5383 2756 5449 dedisti,
2786 5392 2840 5438 et
2864 5384 3137 5453 abiecisti;
3175 5398 3225 5443 et
3254 5390 3453 5459 gaudes
3474 5395 3594 5464 quia

2010 5480 2143 5534 vivis
2161 5520 2176 5544 ,
2206 5477 2388 5532 ethoc
2416 5476 2551 5531 dicis
2578 5492 2592 5529 :
2622 5474 2734 5530 Etsi
2762 5490 2979 5546 pauper,
3011 5477 3202 5543 nudus,
3232 5495 3414 5549 egens,
3445 5497 3595 5540 nicn~

2008 5569 2193 5631 dicus,
2223 5567 2429 5638 gaudeo
2452 5566 2576 5636 quia
2606 5566 2726 5620 vivo
2745 5607 2761 5632 ,
2787 5576 2841 5620 et
2871 5567 3021 5621 istam
3050 5568 3220 5622 lucem
3248 5568 3458 5627 dulcem
3490 5593 3591 5630 non

2009 5662 2235 5736 perdidi.
2264 5662 2530 5728 Appareat
2547 5657 2826 5723 Christus;
2857 5658 3152 5729 paciscatur
3176 5672 3229 5716 et
3253 5663 3365 5734 ipse
3387 5676 3593 5725 tecum:

2010 5772 2115 5811 non
2150 5754 2403 5808 barbarus
2432 5752 2524 5821 qui
2556 5761 2605 5805 te
2630 5751 3019 5819 CnpliVaIVel‘al;
3053 5753 3145 5805 sed
3176 5758 3261 5822 qui
3301 5772 3395 5825 pro
3428 5770 3476 5812 te
3504 5776 3593 5814 ca.

2018 5860 2133 5918 plus
2163 5852 2280 5913 est,
2309 5842 2409 5915 qui
2429 5856 2526 5914 pro
2566 5851 2614 5897 te
2654 5840 2821 5897 occidi
2860 5840 3104 5910 dignatus
3142 5857 3242 5901 cst.
3275 5848 3369 5903 ille
3409 5855 3497 5920 qui
3535 5864 3596 5909 se
