4026 6186
421 389 551 448 Ἴδε
561 388 595 446 9

456 505 602 560 dedit
640 515 736 573 pro
760 508 844 565 te,
869 496 1000 568 ipse
1041 492 1131 548 tibi
1160 489 1287 546 dicit
1315 483 1882 554 :Mecumpaciscere.

457 596 582 648 bere
611 570 693 646 vis
713 588 802 645 te?
831 587 966 642 habe
991 594 1046 641 et
1069 598 1171 637 me.
1203 580 1424 648 Oportet
1447 584 1505 630 ut
1529 574 1704 629 oderis
1731 581 1781 627 te
1801 613 1813 634 ,
1843 582 1895 625 et
1917 570 2034 623 dili-

457 699 552 755 gas
583 700 690 738 me.
727 680 902 734 Vitam
932 686 1073 732 tuam
1112 668 1384 743 perdendo
1412 665 1680 732 invenies,
1709 678 1776 718 ne
1803 659 2032 716 tenendo

460 773 648 843 perdas
675 784 814 827 eam.
1985 833 1988 836 ί

531 865 584 918 5.
617 860 823 916 Diuina
855 875 916 911 ne
958 857 1040 910 hic
1082 861 1318 924 pereant,
1355 851 1407 904 in
1445 848 1624 904 caelum
1653 844 2029 918 prannittendte.

459 954 538 1010 De
563 952 758 1007 divitiis
782 949 923 1012 tuis,
954 959 1086 1016 quas
1121 957 1270 998 amas
1297 939 1599 1010 possidere,
1639 951 1769 1008 quas
1803 948 1898 1006 pro
1930 933 2032 987 vita

458 1052 721 1115 prmscnte
749 1046 963 1110 paratus
990 1052 1048 1091 es
1072 1035 1230 1098 dare,
1261 1033 1330 1087 do
1365 1029 1641 1086 consilium
1686 1026 1810 1097 quid
1851 1025 2030 1079 facias.

461 1135 518 1190 Si
561 1143 613 1188 et
657 1133 799 1200 ipsas
841 1144 1019 1194 amas,
1048 1125 1155 1180 noli
1184 1139 1277 1180 eas
1299 1121 1540 1194 perdere.
1571 1118 1721 1187 Quod
1759 1118 1804 1172 si
1833 1117 1915 1171 hic
1941 1130 2033 1170 eas

461 1239 608 1278 amas
628 1263 642 1287 ,
687 1230 860 1276 tecum
887 1217 1137 1288 peritura:
1168 1221 1310 1270 sunt.
1340 1211 1398 1268 Si
1435 1226 1582 1265 amas
1617 1224 1740 1276 eas,
1772 1207 2033 1278 praemitte

462 1329 554 1367 eas
592 1326 696 1382 quo
736 1306 1008 1378 sequaris;
1041 1321 1106 1360 ne
1135 1319 1253 1358 cum
1285 1316 1431 1355 amas
1459 1301 1512 1354 in
1541 1308 1679 1354 terra
1700 1341 1714 1364 ,
1756 1306 1846 1351 aut
1883 1296 2033 1350 vivus

461 1416 553 1455 eas
577 1400 787 1454 amittas
807 1439 820 1462 ,
848 1404 938 1451 aut
971 1402 1225 1448 mortuus.
1259 1391 1374 1446 Jam
1401 1390 1521 1445 dedi
1560 1388 1837 1444 consilium
1877 1405 1889 1439 :
1928 1401 2032 1440 non

460 1490 590 1553 dixi,
621 1487 823 1552 Perde;
855 1483 970 1551 sed,
1001 1483 1184 1539 Serva.
1216 1482 1329 1537 Jam
1357 1481 1484 1546 dixi,
1515 1478 1896 1534 Thesaurizarc
1921 1476 2034 1530 vis?

462 1581 604 1635 Bene
629 1597 642 1634 :
666 1595 769 1633 non
794 1577 936 1642 dico,
963 1575 1112 1641 Noli;
1142 1574 1236 1630 sed
1265 1573 1382 1627 dico
1411 1572 1520 1626 ubi.
1552 1571 1917 1625 Consultorem
1948 1582 2034 1622 me

461 1671 642 1739 accipe
662 1711 676 1735 ,
709 1683 813 1723 non
847 1665 1189 1737 perditorem.
1229 1664 1492 1734 Scriptum
1526 1669 1637 1726 est,
1684 1659 2034 1714 Thesaurizate

460 1763 596 1815 uobis
624 1762 880 1814 thesauros
909 1760 961 1812 in
987 1756 1131 1822 calo,
1162 1774 1259 1828 quo
1288 1758 1372 1828 fur
1395 1773 1495 1809 non
1521 1754 1726 1818 accedit,
1763 1769 1850 1807 nec
1879 1753 2030 1816 tinea,

461 1870 550 1906 nec
575 1853 748 1922 rubigo
773 1853 1068 1905 exterminat
1099 1847 1305 1922 (Matth.
1331 1863 1404 1914 vt,
1426 1845 1540 1916 20).
1574 1845 1678 1899 Sed
1708 1842 1844 1897 forte
1866 1842 2030 1896 dicis:

460 1944 576 2000 Non
605 1944 758 1999 video
787 1934 960 1999 locum
995 1943 1046 1996 in
1081 1941 1218 1996 ccelo
1258 1939 1346 1993 ubi
1377 1954 1587 2009 ponam.
1615 1935 1782 2002 Quam
1813 1935 2031 1998 scalam,

461 2053 618 2107 quam
649 2035 943 2090 machinam
974 2034 1290 2106 quaesiturus
1315 2046 1459 2096 sum,
1491 2044 1608 2100 qum
1636 2028 1703 2082 ad
1735 2027 1926 2083 coelum
1951 2036 2034 2079 at-

467 2129 629 2197 tingat
648 2169 663 2194 ,
694 2136 750 2180 ut
774 2125 980 2180 videam
1010 2125 1095 2180 ubi
1124 2138 1314 2194 ponam
1340 2121 1614 2192 pecuniam
1653 2119 1860 2174 meam?
1899 2117 2034 2184 Quid

463 2219 631 2273 dicis?
661 2217 820 2271 Vides
846 2216 894 2270 in
922 2225 1058 2270 terra
1082 2215 1257 2270 locum
1283 2213 1369 2269 ubi
1395 2213 1611 2268 obruis?
1637 2210 1819 2276 Video,
1845 2209 2032 2278 inquit.

467 2309 608 2362 Bene
649 2307 780 2361 satis
810 2325 822 2360 :
854 2307 897 2361 si
941 2320 1159 2360 securus
1186 2321 1243 2360 es
1272 2302 1544 2358 obruendo
1574 2302 1626 2356 in
1657 2310 1793 2356 terra
1813 2341 1828 2367 ,
1874 2314 2036 2369 quare

465 2397 724 2451 sollicitus
752 2410 810 2451 es
838 2395 904 2450 de
932 2395 1067 2461 Deo,
1098 2395 1186 2465 qui
1226 2394 1344 2449 fecit
1378 2393 1569 2448 coelum
1604 2399 1656 2446 et
1691 2389 1922 2445 terram?
1965 2389 2035 2441 Da

463 2504 682 2544 securus
712 2489 838 2542 Deo.
871 2487 974 2558 Ipsi
1002 2494 1053 2541 te
1078 2485 1412 2548 commenda,
1440 2484 1529 2551 qui
1561 2483 1650 2535 tibi
1682 2483 1955 2549 pecuniam
1981 2479 2035 2532 in

463 2580 603 2636 mlo
627 2584 835 2642 servat;
863 2576 986 2646 quia
1011 2574 1123 2644 ipse
1151 2581 1204 2626 et
1239 2581 1289 2625 te
1317 2571 1369 2624 in
1399 2580 1567 2634 terra,
1595 2568 1845 2636 quamdiu
1883 2566 2034 2630 vivis,

449 2670 738 2740 gubernat.
769 2667 1054 2721 Pecuniam
1081 2677 1296 2718 servare
1318 2660 1436 2714 vis?
1463 2659 1622 2714 Serva
1649 2655 1912 2727 quomodo
1937 2656 2033 2707 vis.

463 2759 522 2814 Si
545 2758 809 2812 inveneris
830 2754 1101 2807 meliorem
1123 2751 1394 2806 custodem
1415 2763 1570 2819 quam
1594 2747 1882 2808 Clu-istum,
1901 2760 2037 2799 cont-

463 2846 654 2902 menda
683 2844 732 2899 ei
766 2842 1042 2913 pecuniam
1075 2849 1234 2893 tuam.
1269 2835 1628 2901 Commendo,
1657 2835 1854 2904 inquit,
1883 2849 2037 2888 servo

465 2949 604 2990 meo.
635 2934 776 2988 Bene
797 2949 818 2986 τ
843 2939 1040 3001 quanto
1079 2928 1269 2984 melius
1303 2929 1526 2981 Domino
1555 2926 1682 2980 tuo?
1722 2926 1785 2979 Et
1827 2940 2035 2980 servum

465 3037 614 3081 tuum
657 3023 920 3095 praeponis
960 3022 1184 3076 Domino
1224 3020 1352 3074 tuo?
1387 3018 1432 3073 Ο
1459 3019 1801 3073 christianum
1834 3019 2033 3072 virum!

465 3116 663 3173 Servus
684 3125 805 3170 tuus
825 3114 1064 3170 fortassis
1092 3113 1295 3168 auferet
1321 3122 1374 3167 et
1400 3113 1558 3181 fugiet
1585 3130 1597 3166 :
1622 3110 1874 3179 numquid
1895 3110 2039 3164 Chri-

465 3216 580 3262 stus
622 3207 724 3260 hoc
765 3205 997 3260 facturus
1038 3203 1158 3258 est?
1195 3203 1338 3258 Multi
1378 3201 1444 3255 ad
1474 3201 1717 3256 dominos
1747 3214 1872 3254 suos
1900 3199 2037 3253 servi

465 3301 687 3366 repente
716 3294 912 3348 inimici
955 3293 1304 3356 exstiterunt,
1351 3299 1406 3345 et
1447 3304 1542 3345 eos
1583 3289 1865 3358 cum-ipso
1909 3302 2038 3342 auro

466 3385 712 3442 hostibus
741 3383 1086 3439 tradiderunt.
1127 3383 1225 3436 Cui
1273 3397 1401 3450 ergo
1441 3379 1819 3436 commendas?
1849 3379 2035 3444 Servo,

465 3477 654 3545 inquit,
676 3490 814 3530 meo.
839 3474 970 3529 Novi
994 3473 1148 3530 fidem
1171 3473 1314 3529 servi
1335 3472 1460 3540 mei,
1480 3472 1703 3544 ideoque
1723 3470 2039 3530 commendo

463 3582 621 3622 servo
647 3580 975 3620 meo-aurum
1003 3579 1200 3620 meum.
1231 3566 1371 3620 Bene
1397 3565 1524 3618 satis
1541 3605 1553 3627 ,
1584 3563 1800 3634 prtefers
1826 3579 2037 3619 servum

466 3666 648 3719 tuum,
676 3670 860 3709 aurum
903 3663 1046 3708 tuum
1083 3655 1424 3709 commendas
1465 3669 1619 3708 servo
1658 3664 1746 3708 tuo
1771 3671 1783 3706 :
1807 3655 2036 3707 animam

462 3755 610 3799 tuam
632 3745 754 3800 cui?
779 3745 1020 3798 Animam
1045 3759 1216 3798 meam
1236 3743 1552 3798 commendo
1574 3745 1681 3797 Deo
1703 3759 1839 3799 meo.
1862 3745 2037 3812 Quan-

466 3846 522 3893 to
551 3837 758 3902 melius,
787 3851 819 3890 ο
845 3836 1023 3899 homo,
1054 3837 1125 3891 illi
1149 3845 1204 3891 et
1221 3853 1404 3892 aurum
1428 3846 1594 3902 tuum,
1618 3837 1705 3891 cui
1731 3847 1784 3891 et
1804 3838 2035 3890 animam

465 3927 646 3982 tuam?
690 3929 770 3980 An
815 3927 952 3982 forte
993 3927 1165 3982 fidelis
1203 3935 1284 3982 est
1327 3927 1380 3980 in
1422 3927 1766 3982 custodiendo
1808 3927 2034 3980 animam

465 4027 638 4083 tuam,
683 4027 737 4072 et
781 4018 1006 4073 infidelis
1048 4018 1101 4072 in
1149 4018 1495 4072 custodiendo
1538 4018 1812 4087 pecuniam
1857 4018 2035 4072 tuam?

459 4109 647 4165 Servat
677 4111 799 4177 tibi,
825 4114 914 4180 qui
947 4119 1126 4166 servat
1155 4119 1208 4165 et
1241 4121 1310 4165 te.
1341 4109 1547 4164 Laudas
1581 4110 1735 4183 fidem
1758 4113 1892 4165 servi
1923 4112 2036 4165 tui?

463 4199 659 4264 Etiam,
691 4214 789 4269 ego
815 4201 935 4254 novi
965 4199 1119 4254 fidem
1147 4201 1286 4254 servi
1313 4199 1435 4253 mei.
1475 4200 1605 4253 Tota
1640 4201 1770 4254 fides
1793 4201 1906 4268 ejus
1932 4211 2032 4266 est,

463 4303 532 4342 ne
557 4289 781 4350 fraudet,
814 4304 882 4344 ne
913 4289 1057 4342 tollat
1085 4306 1098 4342 :
1129 4289 1380 4358 numquid
1414 4291 1521 4359 agit
1555 4306 1622 4344 ne
1659 4291 1878 4358 perdat?
1902 4293 2032 4346 Ecce

462 4381 655 4445 posuit,
681 4389 740 4434 et
765 4395 868 4434 non
901 4380 1083 4444 latuit;
1117 4380 1315 4434 invenit
1344 4380 1499 4446 alius,
1527 4389 1581 4435 ct
1605 4381 1742 4434 tulit.
1770 4381 2032 4450 Numquid

458 4469 563 4525 hoc
586 4469 798 4525 Christo
823 4469 1097 4540 quisquam
1127 4469 1357 4525 facturus
1380 4470 1502 4525 est?
1527 4471 1794 4541 Pigritiam
1825 4485 2032 4539 excute,

459 4560 738 4615 consilium
763 4561 963 4630 accipe.
999 4559 1072 4614 Da
1104 4560 1314 4614 Christo
1345 4560 1626 4627 esurienti,
1661 4543 1954 4616 thesauriza
1983 4565 2032 4616 in

459 4651 619 4706 ctelo.
649 4649 915 4721 Numquid
950 4649 1099 4706 labor
1131 4660 1214 4705 est
1242 4651 1293 4705 in
1323 4651 1460 4707 caelo
1491 4651 1882 4708 thesaurizare?
1924 4651 2034 4708 Etsi

461 4742 612 4798 labor
637 4751 812 4807 esset,
845 4742 1141 4798 faciendum
1175 4753 1290 4798 erat
1325 4744 1392 4799 ad
1431 4744 1731 4814 ponendum
1759 4747 2033 4815 pecuniam

458 4842 604 4890 suam
630 4832 684 4888 in
711 4833 831 4888 loco
856 4834 1080 4897 munito,
1108 4833 1248 4889 unde
1275 4849 1434 4889 nemo
1459 4851 1575 4890 eam
1607 4835 1770 4906 possit
1803 4835 2032 4891 auferre.

458 4923 592 4980 Cum
629 4933 802 4981 tamen
842 4924 970 4981 dicit
1007 4923 1276 4990 Christus,
1304 4925 1362 4978 ln
1389 4925 1526 4980 coelo
1555 4927 1850 4981 thesauriza
1885 4947 1898 4980 :
1931 4943 2034 4982 non

461 5015 590 5071 dicit
614 5016 704 5071 tibi
722 5058 735 5079 ,
763 5016 944 5071 Scalas
973 5031 1151 5086 quatrc
1171 5057 1184 5080 ,
1215 5015 1487 5071 machinas
1514 5017 1635 5087 liga,
1664 5033 1866 5087 pennas
1891 5029 2032 5087 apta.

463 5109 574 5164 Hoc
594 5109 722 5164 dicit
747 5107 904 5162 :Mihi
932 5108 981 5162 in
1005 5117 1141 5162 terra
1167 5107 1258 5175 da,
1279 5118 1333 5162 et
1355 5108 1444 5162 tibi
1475 5109 1525 5162 in
1551 5110 1686 5164 ctelo
1712 5125 1885 5165 servo.
1914 5109 2038 5164 Ideo

462 5199 578 5255 veni
606 5215 764 5269 egere
791 5214 892 5270 ego
917 5199 975 5255 in
1003 5207 1173 5267 terra,
1205 5208 1262 5252 ut
1285 5200 1360 5252 sis
1385 5207 1438 5253 tu
1469 5198 1618 5255 dives
1649 5201 1700 5254 in
1734 5201 1890 5255 ctelo.
1933 5201 2039 5256 Fac

459 5291 820 5362 trajectitium.
862 5291 1020 5345 Forte
1050 5291 1206 5346 times
1231 5290 1614 5354 fraudatorem,
1645 5307 1712 5346 ne
1733 5291 1955 5361 perdas;
1984 5301 2038 5348 et

459 5382 655 5451 quaeris
679 5381 768 5451 qui
795 5389 998 5452 portet,
1031 5381 1119 5451 qui
1159 5382 1369 5452 migret.
1402 5381 1642 5437 Christus
1673 5385 1761 5438 tibi
1796 5387 1848 5438 in
1887 5395 2034 5438 ntro-

457 5488 563 5540 que
587 5472 758 5527 adest.
791 5471 906 5526 Non
937 5470 1094 5525 faciet
1126 5472 1501 5542 imposturam,
1533 5475 1684 5530 faciet
1728 5477 1944 5547 insuper
1984 5487 2038 5532 ct

456 5562 702 5621 laturam.
980 5573 982 5575 '
1389 5571 1392 5574 ’

527 5656 582 5709 4.
612 5653 841 5710 Christus
866 5655 1046 5725 accipit
1069 5655 1205 5724 quod
1227 5656 1526 5727 pauperibus
1551 5669 1802 5731 erogatur.
1825 5657 1925 5716 Cor
1945 5661 2035 5715 ho-

460 5748 604 5802 minis
643 5763 756 5800 cum
799 5748 1030 5804 thesauro
1060 5763 1170 5803 suo.
1203 5747 1309 5806 Sed
1347 5748 1612 5807 Christum
1658 5753 1748 5807 ubi
1799 5757 2029 5823 invenio,

1685 368 1740 421 S.
1782 361 2141 422 AUGUSTI-Nl
2182 360 2480 417 El’lSCOI‘l

2110 531 2116 537 ,
2145 475 2346 544 inquit,
2378 475 2428 528 in
2458 475 2633 530 terra?
2671 475 2801 530 Eum
2829 477 2914 529 ubi
2944 475 3183 541 invenio,
3214 485 3269 530 ut
3298 477 3418 531 dem
3449 476 3563 532 illi?
3586 479 3713 533 Cum

3583 367 3601 418 1
3615 366 3716 421 ὅΞῦ

2146 567 2335 621 habeat
2360 567 2487 621 fides
2512 583 2649 634 mea,
2673 568 2814 638 quod
2841 570 2998 622 audio
3030 571 3077 623 in
3110 569 3367 637 Ecclesia,
3399 569 3498 626 hoc
3531 571 3711 637 didici,

2143 656 2218 710 sic
2245 656 2465 724 credidi,
2494 656 2596 712 hoc
2620 670 2950 714 sacramento
2974 660 3203 714 imbutus
3223 677 3338 714 sum
3366 679 3378 714 ε
3409 676 3590 732 passus
3611 671 3710 728 est,

2145 757 2385 802 mortuus
2423 758 2476 803 ct
2517 749 2754 818 sepultus
2793 759 2906 818 est,
2953 753 3240 807 resurrexit
3271 754 3424 807 tertio
3449 755 3568 818 dic,
3599 767 3711 824 post

2144 841 2487 911 quadraginta
2513 842 2628 898 dies
2656 845 2704 897 in
2727 845 2890 900 caelos
2909 847 3165 908 ascendit,
3190 848 3338 903 sedet
3357 849 3422 902 ad
3443 849 3713 904 dexteram

2145 932 2336 998 Patris,
2366 935 2416 988 in
2445 934 2548 990 fine
2576 945 2827 992 venturus
2853 949 2951 992 est.
2975 940 3196 1008 Quando
3220 941 3305 995 hic
3325 957 3447 996 eum
3471 943 3714 998 invenio?

2143 1022 2239 1076 Cui
2266 1023 2436 1089 dabo,
2466 1033 2522 1079 ut
2551 1027 2614 1080 ad
2646 1044 2765 1082 eum
2804 1029 3042 1084 deferat?
3084 1031 3198 1086 Noli
3237 1042 3504 1104 satagere.
3549 1043 3715 1089 totum

2144 1113 2266 1167 audi
2292 1132 2304 1168 :
2328 1122 2417 1168 aut
2446 1117 2489 1170 si
2519 1125 2681 1171 totum
2710 1119 2922 1185 audisti,
2953 1121 3034 1176 vel
3062 1122 3229 1192 legisti
3250 1165 3265 1190 ,
3290 1140 3355 1179 an
3397 1125 3536 1180 istud
3576 1143 3711 1182 nun-

2143 1218 2301 1272 quam
2341 1204 2530 1261 audisti
2553 1249 2565 1270 ,
2593 1209 2715 1278 quia
2751 1225 2870 1264 cum
2900 1211 3188 1268 Ecelesiam
3218 1214 3405 1270 Saulus
3433 1233 3716 1288 pcrseque~

2144 1302 2324 1359 retur,
2355 1297 2648 1365 superbus,
2679 1300 2927 1366 crudelis,
2959 1304 3267 1372 sanguinem
3295 1305 3715 1363 Christianorum

2144 1382 2359 1450 sitiens,
2392 1401 2496 1440 non
2527 1389 2718 1442 audisti
2747 1390 2868 1459 quid
2896 1392 2943 1445 ei
2971 1393 3305 1459 clamaverit,
3339 1412 3495 1465 quem
3524 1397 3715 1452 sedcu-

2145 1483 2251 1529 tem
2300 1477 2350 1530 in
2396 1478 2532 1532 coelo
2576 1480 2887 1535 confiteris?
2931 1482 3142 1538 Recole.
3191 1484 3328 1551 Quid
3376 1502 3503 1557 ergo
3549 1489 3719 1542 dixit?

2146 1563 2332 1632 Saule,
2361 1565 2547 1634 Saule,
2580 1570 2701 1638 quid
2725 1587 2803 1624 me
2831 1575 3134 1640 persequeris
3165 1572 3296 1646 (Act.
3323 1593 3371 1630 Ix
3393 1619 3406 1642 ,
3436 1578 3528 1648 4)?
3550 1579 3715 1647 Quem

2141 1656 2338 1712 Paulus
2368 1675 2466 1713 nec
2494 1660 2737 1727 videbat,
2770 1679 2870 1718 nec
2911 1648 3185 1734 tangebat,
3233 1668 3282 1721 in
3322 1669 3459 1724 coelo
3502 1671 3711 1738 clamat,

2149 1746 2281 1811 Quid
2307 1765 2384 1801 me
2407 1752 2757 1820 persequeris?
2783 1752 2895 1807 Non
2923 1757 3014 1817 ait,
3043 1755 3178 1822 Quid
3208 1761 3540 1829 persequeris
3568 1761 3715 1816 fami-

2141 1837 2268 1891 liam
2299 1855 2502 1906 meam,
2536 1857 2717 1896 servos
2745 1860 2912 1912 meos,
2946 1857 3158 1902 sanctos
3185 1865 3349 1915 meos,
3381 1853 3461 1905 vel
3491 1853 3718 1908 fratres?

2146 1928 2282 1984 Nihil
2311 1946 2492 1986 eorum
2519 1932 2668 1987 dixit.
2698 1934 2765 1988 Et
2785 1937 2908 2005 quid
2932 1937 3096 1993 dixit?
3123 1939 3256 2004 Quid
3278 1959 3355 1996 me
3373 1947 3720 2016 persequeris?

2145 2019 2236 2084 ait,
2271 2021 2319 2073 id
2345 2031 2446 2087 cst,
2479 2025 2715 2078 mcml‘ra
2747 2042 2882 2080 mea.
2914 2028 3016 2090 Pro
3041 2031 3229 2100 quibus
3260 2032 3309 2086 in
3341 2042 3475 2088 terra
3505 2037 3717 2091 calcatis

2145 2120 2301 2180 caput
2341 2112 2406 2166 de
2449 2114 2584 2168 coelo
2621 2115 2878 2172 clamabat
2914 2121 3075 2188 :quia
3107 2123 3231 2178 etsi
3263 2125 3448 2192 pedem
3492 2136 3634 2181 tuum
3665 2130 3716 2183 in

2146 2209 2286 2254 terra
2315 2203 2481 2256 calcet
2505 2204 2712 2274 aliquis,
2742 2207 2911 2276 lingua
2943 2219 3026 2263 tua
3053 2210 3118 2266 de
3141 2213 3312 2282 capite
3333 2215 3557 2282 clamat;
3588 2234 3714 2284 non,

2145 2290 2332 2343 Calcas
2352 2293 2540 2362 pedem
2564 2311 2767 2361 meum;
2793 2297 2907 2363 sed,
2931 2299 3114 2355 Calcas
3138 2319 3241 2370 me,
3263 2305 3413 2359 dicis.
3437 2308 3569 2376 Quid
3592 2324 3718 2380 ergo

2148 2380 2395 2435 dubitas?
2425 2385 2546 2454 quid
2575 2386 2744 2441 dicis?
2770 2388 2866 2454 Qui
2893 2389 3024 2444 dixit
3047 2390 3206 2447 Saulo
3227 2436 3241 2459 ,
3276 2393 3410 2460 Quid
3446 2415 3522 2451 me
3549 2417 3719 2468 perse-

2148 2474 2352 2540 queris?
2381 2475 2491 2543 ipse
2524 2477 2612 2530 tibi
2643 2478 2787 2543 dicit,
2827 2479 2989 2536 Pasce
3017 2499 3122 2538 me.
3165 2484 3218 2538 ln
3252 2495 3386 2540 terra
3407 2488 3598 2544 Saulus
3623 2507 3721 2546 sm-

2147 2562 2356 2624 viehat,
2390 2575 2444 2617 et
2480 2565 2744 2622 Christum
2793 2571 2840 2622 in
2883 2573 3018 2626 coelo
3063 2578 3308 2644 tangebat
3342 2599 3354 2632 :
3387 2581 3464 2633 sic
3501 2593 3549 2635 et
3584 2595 3634 2637 tu
3666 2585 3720 2640 in

2149 2658 2286 2704 terra
2316 2669 2505 2722 eroga,
2542 2667 2593 2709 ct
2633 2658 2897 2713 Cluistnm
2928 2662 2978 2714 in
3009 2666 3143 2718 coelo
3172 2670 3362 2735 pascis.
3406 2671 3534 2724 Ν.ιηι
3566 2675 3717 2730 istam

2145 2742 2522 2809 qumstionem,
2569 2761 2667 2815 qua
2703 2753 2930 2805 moveris
2955 2794 2967 2814 ,
3015 2755 3256 2823 prrodixit
3301 2758 3415 2827 ipse
3447 2761 3715 2822 Dominus.

2146 2831 2632 2890 Connnovelmntur
2656 2847 2710 2891 ct
2737 2840 2806 2891 illi
2838 2843 2924 2910 qui
2957 2828 3020 2896 ad
3047 2845 3315 2902 dexteram
3343 2861 3606 2920 ponentur
3625 2897 3638 2919 ,
3668 2866 3720 2910 et

2146 2935 2265 2973 cum
2294 2921 2519 2990 dixerit,
2552 2924 2769 2989 Esurivi,
2800 2940 2845 2981 et
2873 2931 3077 2986 dedistis
3108 2937 3228 2989 mihi
3265 2941 3603 3008 manducare;
3634 2960 3718 2999 re-

2146 3013 2506 3081 spondebunt,
2551 3016 2764 3074 Domine
2784 3063 2796 3082 ,
2832 3025 3032 3092 quando
3069 3035 3114 3080 te
3143 3029 3356 3084 vidimus
3385 3035 3672 3090 esuriente»:
3692 3038 3718 3091 .’

2141 3101 2215 3156 -Ει
2238 3104 2453 3159 audient
2479 3109 2749 3176 continuo,
2782 3110 2905 3166 Cum
2933 3117 3021 3169 uni
3044 3134 3105 3171 ex
3129 3121 3345 3176 minimis
3371 3126 3489 3179 meis
3509 3127 3716 3194 fecistis,

2146 3195 2267 3247 mihi
2307 3196 2492 3264 fecistis
2531 3198 2738 3267 (Matth.
2781 3219 2919 3271 xxv,
2962 3208 3176 3282 55-10).
3219 3210 3272 3267 Si
3315 3215 3560 3271 audieras
3596 3218 3714 3284 huc,

2145 3295 2326 3353 aperte
2345 3288 2452 3353 dic,
2484 3290 2617 3346 Nolo
2637 3292 2764 3348 dare
2789 3313 2801 3348 :
2827 3307 2876 3351 et
2899 3313 3002 3351 non
3028 3301 3188 3356 habes
3213 3303 3349 3358 unde
3372 3313 3421 3358 te
3442 3321 3716 3376 excusm-n,

2146 3377 2238 3430 sed
2281 3395 2410 3434 voce
2453 3391 2538 3435 tua
2587 3392 2638 3439 te
2676 3386 2946 3444 damnare.
2983 3390 3054 3445 De
3081 3392 3278 3448 divitiis
3306 3410 3434 3466 ergo
3463 3399 3565 3454 tuis
3591 3399 3720 3454 dicit

2149 3468 2238 3523 tibi
2275 3469 2525 3526 Dominus
2553 3483 2690 3539 tuus,
2726 3478 2848 3531 Dedi
2875 3482 3149 3536 consilium
3177 3485 3302 3554 quid
3333 3484 3496 3543 facias
3527 3507 3540 3543 :
3571 3505 3720 3546 amas

2146 3558 2393 3619 divitias?
2423 3566 2578 3628 Amo,
2604 3565 2792 3635 inquis.
2821 3568 2959 3638 Ergo
2980 3571 3143 3642 migra
3171 3590 3280 3640 eas,
3305 3585 3358 3632 et
3386 3591 3504 3632 cum
3528 3581 3721 3650 migra-

2146 3651 2284 3702 veris
2309 3667 2419 3717 eas,
2450 3667 2672 3724 sequere
2698 3672 2787 3710 cas
2813 3656 3023 3714 interim
3051 3662 3231 3729 corde,
3260 3678 3378 3720 cum
3403 3667 3534 3722 vivis
3559 3686 3571 3721 :
3597 3673 3718 3739 quia

2146 3739 2231 3790 ubi
2249 3742 2397 3810 fuerit
2417 3743 2679 3798 thesaurus
2699 3755 2830 3812 tuus,
2857 3749 2925 3801 ibi
2942 3751 3032 3803 erit
3052 3761 3096 3805 et
3118 3769 3203 3807 cor
3223 3765 3364 3809 tuum
3387 3757 3492 3828 (Id.
3515 3776 3584 3824 vt,
3603 3761 3717 3830 2|).

2145 3827 2198 3882 Si
2231 3840 2406 3884 autem
2453 3833 2503 3886 in
2548 3842 2683 3888 terra
2729 3837 2908 3892 obruis
2952 3855 3045 3894 cor
3090 3852 3271 3912 tuum,
3306 3849 3558 3905 Cl‘llllCSCO
3599 3827 3718 3922 quia

2145 3921 2404 3981 mentiris.
2434 3938 2553 3976 cum
2583 3927 2871 3995 respondes
2899 3932 3108 3999 quando
3134 3937 3313 4002 audis,
3345 3941 3564 3995 Sursum
3605 3921 3775 4012 curm,

2142 4009 2272 4064 Nam
2306 4013 2531 4076 dicitur,
2577 4016 2795 4071 Sursum
2840 4035 2966 4084 cur;
3012 4031 3064 4076 et
3108 4026 3360 4082 continuo
3405 4033 3716 4102 l‘CSpUndt‘S,

2146 4102 2409 4158 llabmnus
2443 4107 2506 4159 ad
2550 4109 2848 4163 Dominum.
2885 4112 2993 4166 Deo
3031 4119 3286 4172 mentiris.
3334 4119 3446 4176 Una
3495 4124 3619 4178 liora
3667 4129 3718 4182 in

2143 4194 2364 4248 ecclesia
2399 4213 2578 4250 verum
2610 4215 2712 4252 non
2738 4201 2888 4260 dicis.
2921 4204 3025 4258 Deo
3048 4209 3285 4262 mentiris
3305 4252 3320 4274 ,
3346 4213 3486 4281 quod
3510 4229 3720 4283 semper

2145 4285 2442 4342 hominibus
2469 4290 2612 4346 facis.
2653 4293 2789 4346 Diris
2812 4337 2824 4358 ,
2857 4295 3120 4351 Habemus
3145 4300 3210 4354 ad
3242 4302 3552 4368 Dominum,
3586 4318 3632 4359 ct
3667 4308 3719 4363 in

2144 4387 2280 4431 terra
2327 4381 2568 4435 obrutum
2617 4384 2777 4440 habes
2819 4401 2941 4453 cor;
2988 4391 3108 4458 quia
3155 4393 3237 4446 ubi
3275 4397 3424 4466 fuerit
3456 4399 3720 4455 thesaurus

2142 4479 2277 4533 tuus,
2311 4471 2376 4524 ibi
2401 4473 2492 4525 erit
2521 4483 2571 4526 et
2595 4490 2681 4528 cor
2709 4484 2869 4530 tnwn.

2212 4566 2263 4620 5.
2309 4565 2510 4619 Divitia:
2542 4583 2667 4622 vera:
2691 4572 2830 4640 regni
2849 4572 3107 4627 actorum.
3141 4575 3339 4633 Diritia:
3365 4590 3574 4637 terrente
3594 4585 3719 4638 nihil

2143 4666 2323 4724 pra-ter
2351 4658 2736 4712 sollicitudinem
2761 4659 2997 4726 απτ-ναῖοι.
3029 4664 3140 4718 Tua
3166 4685 3370 4738 erogare
3393 4689 3490 4724 non
3518 4673 3716 4742 stt/ﬁcit,

2141 4745 2238 4799 nisi
2286 4756 2330 4798 et
2375 4745 2628 4801 Christum
2669 4751 2892 4819 sequaris
2954 4751 3006 4807 Si
3059 4754 3248 4812 feceris
3285 4758 3351 4812 de
3385 4759 3582 4816 divitiis
3618 4763 3720 4819 tuis

2141 4837 2280 4906 quod
2307 4838 2538 4902 audisti,
2570 4839 2612 4891 si
2644 4840 2760 4894 talis
2799 4841 2946 4897 dives
2979 4847 3158 4910 fueris,
3188 4849 3395 4916 qualem
3431 4851 3718 4921 Apodolns

2142 4928 2300 4993 dicit,
2333 4943 2441 4983 non
2466 4931 2692 5000 superbe
2717 4933 2912 5002 sapias,
2949 4951 3119 5004 neque
3141 4952 3321 5006 speres
3345 4939 3395 4994 in
3422 4942 3621 4998 incerto
3643 4946 3716 5001 di-

2141 5021 2422 5086 vitiarum;
2458 5030 2514 5074 ut
2542 5021 2867 5078 thesaurizes
2893 5025 2985 5078 tibi
3017 5025 3414 5085 fundamentum
3440 5031 3636 5090 bonum
3667 5036 3720 5094 in

2142 5113 2398 5180 futurum,
2422 5126 2481 5169 ut
2501 5117 2870 5186 apprehendas
2893 5135 3070 5174 veram
3093 5121 3252 5175 vitam
3279 5139 3293 5176 ι
3320 5122 3430 5193 jam
3455 5125 3720 5200 interroga

2142 5207 2308 5262 Deum
2335 5220 2388 5263 et
2416 5209 2696 5264 Dominum
2736 5219 2915 5277 tuum,
2944 5223 2997 5267 ct
3025 5213 3110 5268 die
3159 5214 3268 5282 illi,
3314 5215 3448 5274 Ecce
3472 5218 3579 5288 jam
3618 5222 3718 5275 mi-

2141 5301 2309 5370 gravi,
2334 5301 2577 5368 Domine,
2600 5301 2652 5356 in
2675 5302 2866 5358 cmlum
2888 5303 3026 5373 quod
3051 5304 3238 5374 habui;
3261 5309 3346 5364 vel
3367 5310 3506 5381 quod
3527 5310 3718 5377 habeo,

2142 5391 2218 5444 sic
2249 5391 2446 5454 habeo,
2493 5402 2737 5462 tanquam
2777 5396 2819 5447 si
2853 5410 2954 5448 non
2988 5396 3228 5453 habeam.
3274 5401 3425 5455 Tanti
3457 5403 3596 5457 valet
3638 5420 3719 5459 re-

2140 5498 2301 5553 gnum
2331 5485 2615 5550 coriorum,
2647 5495 2898 5553 quantum
2933 5490 3303 5556 patrimonium
3337 5508 3509 5547 meum
3531 5495 3555 5548 ?
3580 5495 3708 5550 Cha-

2143 5576 2252 5629 rins
2278 5575 2432 5630 valet.
2457 5575 2570 5629 Non
2599 5578 2739 5630 enim
2764 5594 2887 5634 vere
2913 5579 3135 5648 taleest,
3159 5593 3215 5636 ut
3240 5585 3366 5636 tanti
3397 5585 3584 5639 valeat.
3612 5586 3719 5641 lloc

2143 5665 2270 5720 dicit
2301 5659 2550 5721 Dominus
2583 5677 2721 5731 tuus,
2754 5685 2910 5738 quem
2942 5672 3271 5741 interroga-sti
3303 5673 3368 5726 dc
3397 5677 3715 5741 patrimonio

2146 5768 2272 5812 tuo:
2303 5757 2382 5812 Ad
2414 5767 2621 5829 tempus
2648 5760 2883 5817 victurus
2914 5778 2989 5826 cs,
3024 5773 3068 5814 et
3102 5773 3280 5832 postea
3311 5766 3631 5831 moriturus;
3664 5768 3713 5823 in
