3996 6192
281 373 414 431 1521

281 503 450 558 regno
479 499 598 540 meo
625 495 897 552 nunquam
935 478 1241 542 moriturus,
1273 474 1368 531 sed
1403 475 1454 530 in
1483 481 1740 530 sternam
1782 476 1862 527 vt-

285 591 467 636 cturus
494 592 572 631 es.
605 573 778 628 Verus
807 571 878 626 ibi
904 570 1050 625 dives
1077 568 1185 624 eris
1207 609 1222 634 ,
1251 567 1340 622 ubi
1371 579 1638 634 nunquam
1666 563 1868 633 egebis.

289 671 416 726 Nam
439 665 560 722 ideo
586 664 650 718 ad
673 661 1077 740 subvectionem
1103 659 1264 712 multa
1287 655 1536 710 animalia
1565 653 1779 724 quaeris,
1801 667 1871 706 ne

289 761 534 820 delicias;
563 755 629 810 ad
659 755 856 808 victum
883 751 1068 820 epulas
1105 749 1345 818 copiosas
1363 787 1378 814 ,
1407 745 1474 801 ad
1501 743 1870 800 indumentum

289 849 550 920 pretiosas
581 854 781 900 vestes.
815 842 1016 897 Revera
1053 851 1106 895 tu
1137 841 1300 894 multa
1328 837 1569 893 habendo
1595 836 1743 891 dives
1771 847 1832 889 es
1853 875 1869 901 ,

286 953 342 996 et
381 939 608 1008 angelus
644 949 795 989 meus
823 947 1022 1003 pauper
1059 931 1182 986 est?
1207 929 1348 984 Nihil
1377 929 1569 994 habet,
1598 941 1698 982 nee
1737 940 1876 996 equo

289 1031 490 1088 utitur,
525 1042 624 1081 nec
651 1024 814 1080 rheda
841 1023 1076 1087 vehitur,
1109 1035 1208 1074 nec
1233 1033 1471 1074 mensam
1511 1017 1748 1072 honestis
1771 1016 1874 1070 im-

291 1119 394 1189 plet
409 1115 782 1186 apparatibus;
805 1127 904 1166 nec
918 1111 968 1166 ei
989 1110 1150 1164 vestis
1171 1108 1383 1172 texitur,
1405 1106 1526 1178 quia
1539 1106 1658 1162 luce
1677 1114 1888 1160 aeterna.

293 1212 532 1266 vestitur.
561 1207 738 1272 Disce,
759 1220 792 1259 ο
817 1203 975 1258 homo
995 1201 1164 1267 dives,
1191 1215 1346 1256 veras
1369 1198 1579 1253 divitias
1603 1206 1874 1266 appetere.

293 1304 370 1358 Tu
401 1304 530 1356 istas
559 1299 774 1354 divitias
801 1296 996 1350 habere
1027 1295 1105 1348 vis
1127 1333 1142 1360 ,
1173 1301 1232 1348 ut
1258 1291 1452 1346 habeas
1485 1289 1626 1344 unde
1655 1289 1876 1342 multum

292 1393 602 1457 numduees,
635 1389 758 1460 quia
787 1386 968 1442 delicis
993 1403 1006 1438 :
1043 1385 1130 1440 ille
1157 1393 1208 1440 te
1235 1400 1358 1438 vere
1381 1382 1597 1437 divitem
1617 1380 1760 1446 facit,
1790 1379 1878 1450 qui

293 1485 382 1538 tibi
407 1484 570 1536 donat
589 1496 654 1532 ne
671 1478 1002 1533 inteternum
1025 1475 1248 1530 esurias.
1273 1473 1400 1528 Nam
1424 1473 1766 1544 quantumvis
1789 1471 1882 1524 ha-

293 1575 441 1636 beas,
469 1586 592 1626 cum
618 1569 824 1624 venerlt
853 1568 980 1620 hora
1006 1565 1188 1634 quinta
1217 1561 1314 1634 (η),
1338 1575 1618 1632 antequam
1644 1562 1710 1616 ad
1733 1577 1882 1616 men-

295 1679 408 1716 sam
437 1656 924 1724 accedashesuris,
955 1663 1009 1710 et
1027 1653 1240 1722 delicis,
1268 1654 1388 1723 quia
1417 1654 1576 1707 miser
1613 1666 1690 1707 es.
1721 1651 1882 1705 Num-

295 1755 420 1824 quid
447 1753 552 1806 hoc
593 1749 808 1819 angelus
848 1744 1117 1801 sustinet?
1145 1745 1316 1799 Absit.
1342 1743 1451 1799 Nec
1488 1743 1718 1798 esuriem
1742 1784 1754 1807 ,
1783 1757 1882 1796 nec

295 1845 648 1901 defectionem
672 1841 828 1896 habet
853 1839 1091 1908 angelus.
1119 1837 1398 1892 Postremo
1429 1835 1509 1890 his
1529 1835 1696 1905 epulis
1719 1833 1883 1888 anhe-

299 1937 376 1992 Ias
401 1936 686 2006 superbus.
713 1931 828 1986 Non
853 1939 934 1986 est
955 1929 1184 1998 cxpletio
1213 1929 1310 1983 ista
1334 1927 1760 1996 indigentiarum,
1789 1923 1884 1980 sed

299 2029 474 2084 fumus
523 2039 792 2082 curarum.
839 2022 970 2077 Cum
1019 2021 1219 2089 cogitas
1254 2018 1323 2074 de
1359 2018 1557 2071 divitiis
1607 2015 1878 2087 augendis,

301 2121 420 2174 vide
442 2119 490 2172 si
521 2115 674 2172 facile
699 2113 919 2169 dormis.
948 2111 1016 2166 Ni
1041 2111 1212 2176 fallor,
1245 2109 1336 2166 ubi
1360 2109 1572 2164 divitias
1599 2107 1882 2173 invenisti,

303 2212 544 2281 requiem
570 2206 862 2279 perdidisti.
893 2205 1028 2260 Cum
1060 2203 1270 2274 vigilas,
1302 2209 1640 2274 augmentum
1673 2199 1886 2254 divitia-

303 2319 420 2359 rum
445 2301 686 2371 cogitas:
727 2314 848 2354 eum
887 2297 1124 2359 dormis.
1150 2296 1386 2350 latrones
1413 2293 1664 2348 somnias.
1704 2293 1760 2346 lu
1801 2291 1887 2347 die

303 2393 584 2456 sollicitus,
601 2399 654 2446 et
675 2398 830 2444 nocte
851 2387 1090 2458 pavidus,
1113 2401 1329 2454 semper
1347 2383 1642 2440 mendicus.
1663 2381 1887 2436 Divitem

307 2501 492 2540 verum
523 2493 576 2538 te
611 2485 784 2538 facere
809 2481 958 2548 vult,
988 2481 1076 2550 qui
1109 2479 1200 2534 tibi
1230 2492 1452 2547 regnum
1479 2477 1732 2534 calorum
1762 2489 1888 2544 pro-

308 2575 502 2629 mittit:
551 2581 606 2626 et
641 2581 794 2641 putas
835 2569 956 2639 quia
1002 2569 1128 2623 tanti
1171 2577 1446 2636 empturus
1482 2579 1539 2619 cs
1584 2563 1700 2616 illas
1737 2577 1890 2617 veras

308 2667 542 2729 divitias,
571 2665 718 2718 illam
743 2677 918 2718 veram
943 2667 998 2716 et
1017 2660 1225 2714 beatam
1253 2659 1412 2712 vitam
1433 2697 1448 2722 ,
1473 2655 1652 2726 quanti
1679 2661 1891 2724 paratus

307 2773 366 2813 es
395 2757 660 2811 redimere
687 2753 816 2808 istos
843 2752 1069 2806 miseros
1093 2757 1144 2802 et
1175 2748 1468 2802 laboriosos
1497 2745 1649 2800 dies?
1677 2742 1890 2812 Aliquid

309 2848 476 2902 mttlto
503 2845 621 2914 plus
644 2844 820 2898 valere
843 2841 1002 2896 debet
1023 2838 1161 2910 quod
1186 2838 1350 2892 multo
1375 2837 1493 2906 plus
1521 2844 1637 2900 est;
1666 2833 1786 2903 quia
1810 2848 1894 2887 re—

307 2955 470 3010 gnum
499 2938 758 2992 oculorum
792 2942 894 2987 est.

379 3031 432 3084 6.
475 3029 623 3081 Idem
666 3035 910 3079 tractatur
954 3034 1320 3094 argumentum.
1368 3021 1434 3074 Et
1497 3019 1620 3089 quid
1667 3018 1848 3082 faciam
1874 3057 1890 3082 ,

311 3117 522 3190 inquis?
549 3119 722 3182 Ecce,
753 3124 934 3170 sancte
977 3113 1262 3182 episcope,
1306 3111 1504 3166 monita
1551 3121 1635 3163 tua
1683 3107 1888 3168 audivi.

313 3211 536 3265 consilio
558 3217 648 3262 tuo
679 3207 864 3276 parui,
889 3204 1094 3274 jussum
1123 3201 1330 3255 Domini
1376 3215 1478 3254 non
1506 3198 1677 3268 sprcvi
1701 3240 1715 3262 ,
1755 3195 1894 3267 quod

315 3303 478 3360 habui
506 3300 828 3372 pauperibus
855 3295 1010 3361 dedi,
1035 3303 1088 3349 et
1114 3293 1252 3364 quod
1278 3292 1447 3348 habeo
1471 3306 1592 3347 cum
1617 3289 1898 3359 indigenti-

313 3396 416 3451 bus
461 3392 834 3452 communico;
879 3387 1001 3460 quid
1049 3387 1168 3456 plus
1198 3399 1408 3454 possum
1458 3381 1674 3436 facere?
1725 3373 1897 3433 Habes

317 3487 494 3541 adhuc
513 3529 526 3550 ,
558 3483 894 3552 temetipsum
926 3479 1088 3534 habes
1115 3495 1128 3533 :
1172 3486 1226 3532 tu
1255 3477 1366 3545 ipse
1412 3475 1526 3544 plus
1555 3488 1662 3536 es.
1692 3479 1744 3524 tu
1774 3469 1898 3524 deos

321 3580 482 3632 rebus
511 3577 640 3640 tuis,
671 3583 726 3628 tu
751 3573 1030 3626 addendos
1058 3585 1136 3624 es.
1165 3567 1456 3623 Consilium
1485 3563 1688 3620 Domini
1721 3561 1896 3615 tui-le-

319 3670 482 3726 cisti?
507 3668 652 3732 Feci,
679 3667 864 3736 inquit.
887 3663 1022 3732 Quid
1045 3660 1327 3718 mentiris?
1357 3659 1470 3714 Non
1495 3666 1660 3711 totum
1694 3655 1894 3709 fecisti:

322 3775 392 3814 ex
427 3773 530 3810 una
565 3767 706 3824 parte
731 3755 890 3809 fecisti
914 3795 928 3818 ,
956 3769 1020 3806 ex
1050 3752 1148 3805 alia
1177 3749 1310 3804 nihil
1333 3747 1566 3819 tetigisti.
1601 3743 1733 3799 Audi
1761 3741 1900 3812 quod

315 3850 474 3920 jubet
499 3865 514 3900 :
561 3845 722 3908 Vade,
751 3845 902 3900 vende
929 3845 1096 3898 omnia
1122 3857 1233 3911 qua:
1273 3840 1420 3894 habes
1439 3881 1454 3904 ,
1487 3847 1532 3892 et
1561 3837 1628 3890 da
1657 3835 1900 3907 pauperi-

321 3940 434 3994 bus.
471 3936 730 4006 Numquid
761 3935 957 3991 dimisit
985 3933 1144 3988 cum?
1177 3933 1240 3986 Et
1265 3947 1331 3986 ne
1353 3945 1410 3983 se
1441 3929 1530 3983 ille
1559 3927 1780 3997 perdere
1809 3941 1904 3994 pu-

323 4037 465 4084 taret
483 4027 624 4099 quod
647 4025 967 4094 pauperibus
989 4023 1244 4094 erogavit,
1268 4035 1512 4076 securum
1534 4033 1654 4073 eum
1678 4015 1905 4071 reddidit

323 4120 527 4182 dicens,
561 4116 624 4170 Et
646 4116 845 4173 habebis
871 4117 1156 4169 thesaurum
1183 4113 1234 4166 in
1259 4112 1400 4165 ccelo.
1429 4108 1692 4180 Numquid
1713 4106 1906 4162 sul'licit

325 4208 470 4263 hoc?
499 4207 634 4262 Non.
665 4207 730 4262 Et
749 4205 872 4276 quid
895 4205 918 4257 ?
945 4203 1086 4269 Veni,
1105 4217 1306 4266 sequere
1331 4217 1409 4253 me
1434 4198 1643 4270 (Matth.
1663 4214 1770 4261 XIX,
1788 4197 1902 4266 σ21),

323 4300 476 4354 dicit.
505 4299 666 4352 Amas
691 4339 706 4360 ,
734 4304 790 4349 et
814 4295 960 4364 sequi
988 4294 1066 4346 vis
1090 4307 1209 4346 cum
1236 4305 1392 4361 quem
1419 4289 1599 4342 amas?
1627 4287 1870 4342 Cucurrit
1890 4328 1904 4352 ,

325 4387 561 4442 volavit:
582 4402 760 4456 qumre
780 4401 901 4455 qua.
924 4383 1114 4438 Nescio
1135 4396 1256 4452 qua.
1279 4381 1322 4436 Ο
1338 4379 1709 4437 christianum!
1733 4378 1909 4432 nescis

324 4495 432 4550 qua
476 4479 566 4532 ivit
593 4477 850 4532 Dominus
881 4475 1036 4530 tuus?
1065 4474 1154 4530 Vis
1207 4472 1325 4528 dico
1364 4471 1452 4527 tibi
1476 4513 1490 4539 ,
1545 4485 1646 4540 qua
1676 4483 1796 4524 eum
1827 4484 1911 4522 se-

325 4571 547 4642 quaris?
578 4570 682 4624 Per
719 4583 992 4638 pressurus
1014 4609 1028 4633 ,
1059 4581 1153 4638 per
1177 4564 1455 4634 opprobria
1475 4604 1490 4630 ,
1525 4578 1616 4632 per
1647 4560 1774 4615 falsa
1803 4561 1910 4615 cri-

325 4663 476 4717 mina
495 4701 514 4724 ,
545 4675 638 4730 per
663 4669 811 4729 sputa
843 4659 896 4712 in
925 4657 1108 4711 faciem
1130 4698 1144 4720 ,
1181 4671 1272 4724 per
1295 4655 1475 4722 alapas
1503 4662 1554 4706 et
1586 4651 1909 4722 ﬂagellorum

325 4752 552 4806 verbera
575 4791 588 4814 ,
622 4765 715 4818 per
739 4763 990 4803 coronam
1021 4746 1256 4815 spineam
1277 4786 1290 4809 ,
1319 4741 1414 4814 per
1441 4758 1682 4804 crucem,
1728 4749 1781 4794 et
1821 4755 1914 4810 per

327 4853 582 4897 mortem.
607 4839 742 4907 Quid
767 4840 911 4909 piger
935 4839 1026 4892 es?
1051 4837 1185 4891 Ecce
1209 4835 1570 4889 demonstrata
1593 4843 1673 4886 est
1695 4831 1784 4885 tibi
1809 4831 1912 4884 via.

327 4935 439 4990 Sed
467 4933 600 4986 dura
631 4941 730 4994 est,
759 4932 951 5000 inquis,
977 4929 1092 4994 via;
1123 4928 1238 4998 quis
1263 4942 1356 4996 per
1377 4927 1529 4980 istam
1553 4925 1697 4978 illum
1727 4939 1915 4994 Sequa-

329 5025 458 5082 tur?
487 5025 757 5079 Erubesce
787 5023 1035 5087 barbare,
1063 5021 1318 5074 erubesco
1344 5035 1356 5070 :
1385 5035 1413 5070 a
1442 5017 1629 5070 virtute
1662 5015 1740 5068 vir
1767 5015 1914 5069 dice-

327 5123 428 5176 ris.
461 5119 693 5173 Femium
717 5125 910 5170 secuta:
937 5123 1076 5174 sunt,
1103 5127 1320 5182 quarum
1345 5110 1501 5163 hodie
1524 5109 1757 5161 natalitia
1779 5107 1919 5162 cele-

327 5213 573 5266 bramus.
625 5209 962 5265 Feminarum
1016 5216 1305 5277 martyrum
1359 5203 1760 5258 Snburbitarum
1820 5199 1912 5270 (ιι),

402 5364 478 5422 (η)
511 5371 624 5420 Quae
647 5361 869 5410 nimirum
893 5360 1161 5422 undecimzr
1197 5353 1705 5422 nostrte_respondet,_
1730 5361 1919 5422 sextam

369 5416 500 5474 risco
529 5416 725 5486 vgeuclie
749 5423 998 5486 borarunly
1039 5419 1082 5486 i‘!
1107 5427 1183 5467 οδε
1214 5418 1473 5486 ῙηὲνῖἓηθΨ.
1502 5416 1838 5486 θὶἱίθεθῖδυυξᾲ
1871 5421 1921 5463 δι

351 5477 565 5550 egitima
585 5485 792 5550 esthora
817 5477 1012 5544 prandii.
1031 5483 1146 5550 Hinc
1169 5477 1512 5550 ala1"tialis,_li_h.
1537 5477 1757 5550 ἔβλαβεν.
1778 5477 1856 5523 67.

407 5538 564 5597 ituras
587 5544 792 5606 quinque
812 5538 933 5606 puer
952 5541 1161 5606 nondum
1182 5539 1266 5590 tibi
1287 5538 1490 5606 nuntiat,
1513 5545 1558 5586 et
1582 5544 1634 5586 tu

471 5616 583 5655 Jmn
601 5601 795 5656 "conriva
812 5601 952 5660 inihi,
963 5602 1226 5654 Credisne.
1255 5601 1398 5650 renis.

409 5669 484 5730 (ὁ)
517 5674 582 5718 Ita
619 5667 917 5716 Colhertinus
938 5659 1114 5730 eodem
1141 5663 1254 5730 Πβᾷ
1277 5675 1371 5724 quo
1395 5659 1510 5709 alias
1537 5661 1788 5730 _P_ithtrano
1826 5659 1920 5707 Sir-

337 5723 556 5783 tndndu-s
575 5737 748 5786 utens,
783 5729 996 5776 correxit
1033 5723 1470 5774 'I'uburbitnnarwn.
1501 5723 1581 5769 lilii
1609 5723 1638 5782 il
1655 5733 1710 5786 se
1731 5728 1923 5786 _t'er_pe-

339 5781 479 5846 itum
509 5797 558 5840 et
579 5781 870 5840 Felicitatem
894 5787 1116 5850 intelligit
1138 5821 1152 5844 ,
1199 5797 1396 5847 quarum
1439 5781 1637 5844 ςυιΊιιιςέ
1660 5783 1708 5830 in
1731 5781 1922 5830 basilica

1597 347 1824 415 SEBHO
1859 355 2169 416 CCCXL".

3423 357 3586 412 {L2}.-

1977 470 2372 529 solemnitatem
2395 469 2743 526 celebramus.
2777 469 3032 526 Dominus
3057 477 3236 528 vester
3259 511 3278 540 ,
3305 471 3562 529 Dominus

1978 573 2182 630 noster,
2213 563 2470 618 Dominus
2494 562 2724 628 illarum,
2747 559 3072 632 Redemptor
3097 564 3218 620 vita:
3245 573 3463 630 nostrae,
3491 565 3560 620 de

1975 653 2060 708 via
2083 661 2304 723 angusta
2325 659 2380 707 et
2401 665 2586 722 aspera
2616 651 2964 721 prtecedendo
3005 662 3224 708 stratam
3249 669 3366 709 eam
3409 654 3560 709 vobis

1979 744 2134 828 fecit?
2401 757 2640 832 securam
2657 783 2672 808 ,
2701 743 2956 798 munitam
2977 784 2993 808 ,
3018 741 3264 799 Christus
3305 744 3560 800 Dominus

1979 844 2180 914 noster,
2315 829 2518 922 regnat.
2533 829 3162 923 ingsageulaasaieuiqrqm.
3183 835 3378 920 famen.

2235 1059 2290 1072 Ii
2347 1065 2364 1072 _
2437 943 3255 1049 senuocccxtvtta):

1981 1149 1989 1164 ἲ
2013 1089 2028 1104 ⁸
2051 1067 2156 1183 δὺς
2183 1059 2774 1174 ρᾷηξῖρᾷέιᾶιῖὃὴᾳιίιοειξιι
2802 1089 2978 1169 iubant:
3007 1089 3107 1166 vita
3121 1129 3141 1164 ³
3174 1107 3262 1174 ρει·
3289 1089 3459 1162 ﬁdem.

2055 1220 2108 1272 ῒ.
2157 1218 2272 1272 Vita
2296 1219 2401 1272 Iuro
2423 1235 2558 1274 mors
2583 1219 2748 1274 verius
2767 1225 2916 1290 quam
2939 1219 3224 1280 vitacl‘era.
3237 1223 3339 1282 vita
3359 1223 3560 1286 nonnisi

1983 1319 2191 1364 (etei-ua.
2221 1309 2596 1366 Recordamini
2619 1311 2893 1366 nobiscum
2915 1353 2930 1378 ,
2959 1310 3290 1368 dilectissimi
3329 1313 3518 1368 fratres
3544 1355 3559 1378 ,

1983 1401 2182 1456 dixisse
2213 1401 2518 1470 Apostolum
2540 1443 2554 1466 ,
2585 1402 2840 1469 Quamdiu
2867 1420 3040 1458 stmzus
3067 1405 3120 1458 in
3143 1421 3352 1474 corpore
3371 1445 3386 1470 ,
3418 1421 3562 1473 pere-

1985 1495 2244 1566 grinamur
2279 1513 2311 1548 a
2341 1495 2558 1550 Domino
2575 1513 2594 1562 ,'
2625 1514 2714 1568 per
2739 1497 2890 1567 ﬁdem
2915 1500 3046 1552 enim
3079 1499 3396 1552 ambulamus
3415 1541 3430 1566 ,
3463 1515 3564 1554 non

1987 1601 2076 1652 per
2102 1585 2314 1654 speciem
2343 1585 2420 1655 (ll
2447 1585 2562 1640 Cor.
2591 1601 2623 1640 v
2642 1627 2656 1652 ,
2689 1587 2723 1641 6
2743 1629 2756 1652 ,
2787 1589 2864 1655 7).
2899 1588 3156 1644 Dominus
3191 1590 3334 1643 enim
3374 1599 3556 1644 noster

1986 1675 2140 1729 Jesus
2167 1675 2430 1742 Christus,
2462 1677 2552 1746 qui
2576 1677 2681 1743 ait,
2711 1677 2820 1749 Ego
2849 1695 2962 1732 sum
2983 1681 3085 1745 via,
3116 1691 3164 1734 et
3193 1682 3372 1734 ueritas
3399 1692 3446 1736 et
3465 1684 3566 1736 vita

1991 1766 2188 1838 (Joan.
2219 1784 2312 1822 xiv
2331 1810 2345 1834 ,
2377 1769 2432 1838 ϐ)
2453 1811 2466 1834 ,
2495 1769 2767 1825 ambulare
2796 1785 2894 1825 nos
2937 1773 3102 1826 voluit
3129 1782 3182 1827 et
3213 1789 3304 1842 per
3332 1774 3562 1842 seipsum

1987 1867 2042 1912 et
2069 1858 2134 1913 ad
2161 1873 2219 1913 se
2249 1860 2440 1928 ipsum.
2463 1859 2574 1927 Qua
2601 1861 2743 1916 enim
2772 1861 3123 1929 ambulamus,
3147 1863 3248 1918 nisi
3269 1877 3363 1932 per
3388 1863 3566 1918 viam?

1988 1947 2056 2002 Et
2078 1963 2186 2018 quo
2219 1949 2580 2016 ambulamus,
2623 1949 2722 2004 nisi
2760 1951 2827 2004 ad
2863 1953 3138 2007 veritatem
3167 1961 3222 2007 et
3257 1952 3322 2006 ad
3365 1951 3524 2006 vitam
3546 1994 3566 2010 .

1988 2039 2150 2092 vitam
2178 2039 2382 2094 scilicet
2409 2045 2699 2103 :eternam,
2737 2055 2856 2109 qua:
2886 2041 2998 2095 sola
3038 2042 3141 2096 vita
3177 2041 3422 2096 dicenda
3445 2044 3568 2096 est?

1987 2131 2118 2186 Nam
2147 2131 2245 2186 ista
2273 2133 2378 2186 vita
2408 2132 2667 2198 mortalis,
2699 2132 2750 2186 in
2781 2147 2884 2202 qua
2935 2147 3072 2188 nunc
3097 2149 3298 2198 sumus,
3333 2151 3396 2188 ex
3429 2135 3568 2189 illius

1989 2221 2112 2276 vita:
2137 2223 2529 2290 comparatione
2557 2237 2700 2276 mors
2725 2235 2845 2276 esse
2875 2223 3238 2286 convincitur;
3271 2239 3388 2292 qua:
3423 2233 3565 2278 tanta

1991 2309 2339 2366 mutabilitate
2367 2311 2622 2376 variatur,
2654 2320 2707 2364 et
2735 2311 2874 2364 nulla
2899 2313 3184 2366 stabilitate
3215 2313 3484 2376 firmatur,
3515 2323 3570 2366 et

1991 2413 2150 2452 cursu
2177 2399 2843 2453 brevissimoterminatur.
2875 2402 2940 2453 Et
2965 2400 3084 2454 ideo
3113 2403 3462 2456 Dominus-illi
3487 2403 3568 2456 di—

1991 2489 2104 2552 viti,
2147 2489 2238 2558 qui
2266 2488 2316 2542 ei
2351 2487 2588 2554 dixerat,
2623 2487 2870 2559 Lhtgister
2897 2489 3048 2556 boue,
3085 2491 3208 2560 quid
3249 2491 3466 2561 faciant,
3514 2501 3569 2545 ut

1991 2581 2144 2634 vitam
2169 2590 2408 2636 wternam
2447 2581 2766 2646 consequar?
2792 2582 3084 2650 respondit,
3117 2583 3180 2638 Si
3207 2583 3278 2636 vis
3315 2583 3482 2636 venire
3503 2583 3572 2636 ad

1992 2672 2163 2733 vitam,
2189 2687 2330 2725 serva
2351 2672 2590 2726 maitdata
2615 2671 2825 2742 (Matth.
2848 2687 2960 2737 χιι,
2987 2672 3074 2738 16,
3102 2673 3214 2744 t7).
3245 2675 3572 2744 Erat-utique

1995 2760 2048 2814 in
2073 2761 2244 2831 aliqua
2276 2761 2412 2827 vita;
2453 2777 2624 2832 neque
2661 2763 2802 2816 enim
2841 2761 3085 2818 cadaveri
3109 2797 3127 2830 ,
3163 2773 3218 2818 et
3243 2777 3350 2818 non
3379 2764 3572 2818 viventi

1995 2853 2194 2908 homini
2225 2853 2554 2923 loquebatur.
2583 2851 2687 2909 Sed
2707 2855 2839 2925 quia
2869 2855 2960 2909 ille
2983 2854 3052 2910 de
3073 2857 3572 2925 consequendavita

1995 2953 2192 2999 mterua
2217 2945 2552 3014 (μιαίνει-ιιι,
2585 2961 2688 3000 non
2713 2943 2786 2998 ait
2818 2946 3088 3010 Dominus,
3115 2946 3172 3002 Si
3203 2947 3280 3002 vis
3307 2947 3488 3002 venire
3507 2947 3572 3001 ad

1996 3038 2156 3092 vitam
2183 3045 2472 3098 :eternam:
2503 3037 2617 3104 sed,
2651 3037 2711 3094 Si
2735 3039 2807 3092 vis
2827 3080 2840 3104 ,
2873 3039 3073 3107 inquit.
3102 3041 3267 3094 uenire
3289 3040 3357 3093 ad
3385 3039 3531 3093 vitant
3558 3069 3573 3104 ,

1995 3142 2137 3180 serua
2157 3126 2394 3180 mandatu
2417 3143 2434 3180 :
2465 3126 2710 3182 \idelicet
2731 3127 2830 3183 hoc
2851 3128 3072 3196 intelligi
3099 3129 3300 3192 volens,
3325 3129 3572 3198 quoniam

1997 3233 2116 3288 qua:
2143 3219 2248 3272 vita
2277 3226 2476 3274 aeterna
2507 3233 2614 3274 non
2639 3227 2722 3274 est
2746 3259 2760 3283 ,
2795 3235 2894 3274 nec
2923 3219 3026 3274 vita
3056 3219 3276 3274 dicenda
3307 3228 3418 3284 est;
3453 3221 3574 3286 quia

1999 3322 2123 3362 vera
2153 3308 2256 3362 vita
2287 3309 2494 3364 nonnisi
2525 3319 2832 3364 teternaest
2859 3307 2955 3380 (c).
2989 3309 3122 3362 Hinc
3159 3316 3214 3361 et
3251 3306 3534 3374 Apostolus
3553 3345 3574 3370 .,

1999 3416 2120 3455 cum
2148 3401 2610 3469 eleemosynarum
2639 3399 2918 3454 consilium
2947 3397 3178 3452 dandum
3205 3397 3577 3452 divitibusad.

2001 3497 2274 3554 moueret,
2311 3488 2496 3542 Divites
2523 3489 2642 3554 sint,
2675 3488 2874 3557 inquit,
2903 3489 2956 3541 in
2983 3487 3214 3558 aperibus
3235 3487 3398 3553 bonis,
3430 3487 3578 3556 facile

2003 3580 2220 3634 tribuant
2237 3619 2252 3644 ,
2283 3578 2676 3644 communicent,
2715 3578 3052 3632 thesaurizeut
3076 3577 3170 3632 sibi
3199 3576 3578 3648 fundamentum

2003 3672 2189 3726 bonum
2239 3671 2302 3725 in.
2346 3673 2608 3742 futurum,
2661 3679 2720 3724 ut
2775 3671 3155 3740 apprehendaut
3209 3685 3376 3722 ueram
3429 3671 3580 3722 vitam

2007 3762 2064 3833 (l
2099 3761 2232 3816 Tim.
2263 3777 2346 3828 vi,
2376 3761 2462 3826 18,
2493 3761 2604 3832 19).
2637 3761 2804 3828 Quam
2845 3761 2976 3816 dixit
3019 3776 3196 3816 veram
3237 3762 3394 3814 vitam
3417 3802 3430 3825 ,
3479 3761 3579 3814 nisi

2006 3865 2257 3910 aeternam
2285 3854 2444 3907 vitam
2463 3895 2478 3920 ,
2508 3870 2628 3923 qum
2654 3855 2765 3908 sola
2793 3853 3144 3909 vita'dicenda
3172 3863 3252 3908 est
3271 3893 3287 3917 ,
3317 3853 3438 3922 quia
3469 3853 3579 3906 sola

2007 3946 2158 4000 beata
2186 3943 2304 4000 est?
2331 3943 2460 3998 Nam
2491 3946 2671 4014 utique
2700 3943 2984 3998 illidivites
3002 3985 3016 4006 ,
3045 3944 3236 4013 quibus
3266 3943 3580 4012 prmcipieu-

2007 4036 2131 4092 dum
2157 4050 2278 4090 esse
2305 4034 2514 4089 dicebat
2541 4043 2599 4088 ut
2621 4034 3082 4102 apprehenderent
3107 4049 3281 4088 veram
3313 4034 3497 4098 vitam,
3532 4033 3582 4086 in

2009 4123 2330 4180 abundantia
2367 4122 2667 4178 divitiarum
2699 4122 2964 4178 habebant
2993 4123 3146 4176 istam
3177 4122 3336 4176 vitam
3369 4140 3382 4175 :
3426 4137 3582 4191 quam

2012 4225 2186 4270 tamen
2215 4213 2502 4284 Apostolus
2525 4213 2572 4268 si
2613 4227 2793 4268 veram
2823 4212 2984 4268 vitam
3010 4227 3129 4268 esse
3153 4213 3414 4282 judicaret
3435 4253 3450 4274 ,
3479 4227 3584 4266 nou

2011 4310 2234 4374 diceret,
2256 4306 2616 4362 Thesaurizent
2643 4305 2738 4360 sibi
2763 4305 3144 4377 fundamentum
3169 4305 3352 4358 bonum
3375 4305 3426 4358 in
3451 4304 3562 4373 fatu

2011 4417 2146 4466 rum,
2173 4408 2226 4453 ut
2247 4398 2624 4471 apprehendant
2648 4413 2816 4452 ueram
2837 4397 2990 4450 vitam
3016 4411 3037 4450 :
3075 4396 3206 4452 nihil
3233 4396 3374 4450 aliud
3403 4395 3572 4450 admo

2015 4505 2166 4554 nens,
2191 4490 2290 4544 nisi
2317 4503 2420 4544 non
2447 4503 2568 4544 esse
2590 4501 2770 4542 veram
2791 4488 2950 4542 vitam
2969 4485 3228 4550 divitum;
3263 4487 3446 4550 vitam,
3471 4501 3602 4554 qua.

2015 4583 2084 4636 ab
2109 4581 2282 4638 stultis
2303 4597 2408 4635 non
2429 4580 2598 4634 solum
2620 4592 2762 4644 vera,
2791 4577 2886 4633 sed
2910 4578 3068 4632 etiam
3095 4577 3250 4632 beata
3263 4577 3570 4630 nominatur

2017 4671 2292 4739 Quomodo
2319 4679 2498 4728 autem
2537 4670 2708 4725 beata
2729 4679 2842 4733 est,
2885 4685 3001 4737 quo
3028 4684 3154 4722 vera
3185 4682 3288 4722 non
3315 4669 3438 4721 est?
3477 4665 3591 4720 Non

2018 4779 2145 4832 ergo
2175 4762 2324 4816 beata
2350 4763 2454 4815 vita
2477 4768 2582 4826 est,
2609 4760 2708 4814 nisi
2735 4773 2857 4812 vera
2884 4758 2986 4812 vita
3012 4773 3028 4822 ;
3061 4771 3160 4812 nec
3191 4773 3312 4811 vera
3339 4757 3443 4810 vita
3472 4766 3556 4812 est
3575 4797 3592 4820 ,

2021 4853 2120 4908 nisi
2144 4861 2340 4908 aeterna
2362 4851 2486 4915 vita,
2511 4865 2668 4919 quam
2687 4845 2880 4904 divites
2903 4847 3264 4918 intelliguntur
3285 4861 3378 4915 per
3399 4845 3597 4916 quasti-

2021 5048 2194 5110 uajore
2223 5044 2412 5096 condita
2434 5043 2718 5110 Carthagine
2735 5079 2748 5100 ,
2773 5049 2825 5092 et
2862 5043 3222 5110 anniversarias
3247 5043 3360 5094 dies
3389 5043 3548 5110 agittu-
3569 5045 3598 5090 1

2023 5102 2195 5156 ma'rtii.
2220 5113 2388 5155 Contra
2411 5118 2531 5154 vero
2553 5102 2784 5153 tténricus
2805 5102 3024 5152 Valesius
3037 5105 3300 5162 Maximam,
3325 5102 3599 5154 Donatillam

2023 5183 2080 5216 ae
2101 5167 2391 5223 secundum,
2431 5177 2540 5226 qua:
2562 5166 2686 5226 apud
2707 5163 2984 5226 Tuburbum
3024 5166 3167 5213 etiam
3191 5175 3342 5226 passae
3378 5164 3601 5214 dicuntur

2019 5229 2128 5291 julii
2150 5229 2210 5278 50
2225 5265 2238 5286 ,
2265 5225 2482 5291 laudatas
2503 5225 2714 5291 incesse
2735 5225 2982 5274 comendit
3013 5227 3063 5273 in
3093 5225 3390 5291 priuatique
3409 5225 3467 5272 ad
3489 5234 3600 5275 [tcta

2025 5284 2279 5352 i’erpetuze
2304 5296 2354 5337 ct
2376 5287 2660 5345 Felicitatis,
2683 5286 2748 5336 de
2765 5297 2861 5348 qua
2880 5297 3026 5349 supra
3039 5284 3114 5336 ad
3129 5292 3278 5334 Serm.
3304 5285 3412 5336 280.

2089 5373 2158 5434 (α)
2171 5371 2326 5434 Prodit
2341 5371 2680 5434 nuncprimum
2700 5383 2765 5420 ex
2781 5375 2953 5434 vetere
2977 5367 3360 5434 ats.}ti_cbaelino,
3375 5371 3535 5434 quoin
3555 5369 3606 5420 li-

2025 5429 2116 5482 bro
2128 5429 2237 5481 eum
2258 5433 2446 5480 duobus
2469 5429 2552 5479 hie
2568 5429 3008 5492 subsequentibus-1
3027 5431 3214 5478 roxime
3235 5439 3310 5478 est
3323 5429 3603 5492 etliocatus,

2027 5496 2120 5543 sub
2133 5495 2307 5542 eodem
2331 5492 2488 5550 titulo,
2507 5501 2608 5540 «De
2625 5491 2798 5539 timore
2821 5491 3019 5539 Doruiui.
3033 5507 3054 5532 ιι
3079 5492 3216 5539 Nobis
3239 5499 3396 5540 tanien
3415 5491 3600 5541 videtur

2029 5557 2085 5604 ait
2103 5567 2214 5604 eum
2253 5556 2410 5615 potius
2431 5554 2680 5614 pertinere
2704 5558 2974 5606 tractatum,
2997 5551 3076 5615 qui
3099 5551 3144 5597 ia
3169 5553 3358 5615 t‘essidii
3381 5553 3604 5614 ludiculn,

2027 5629 2135 5678 cap.
2159 5617 2220 5672 8,
2255 5613 2566 5678 recensetur,
2615 5629 2637 5656 (ι
2660 5618 2728 5660 De
2772 5613 3162 5673 peregrinatione
3207 5613 3605 5675 ('Ihristianorum,

2038 5695 2060 5724 α
2083 5675 2190 5738 (tua:
2215 5679 2262 5725 in
2285 5676 2374 5724 hac
2395 5675 2492 5724 vita
2515 5681 2609 5722 est.
2637 5690 2659 5716 ι»

2099 5757 2168 5818 (b)
2205 5765 2224 5802 \
2240 5757 2318 5806 ide
2342 5769 2490 5806 scrin.
2514 5755 2724 5815 306,111].
2744 5753 2792 5815 (3,
2811 5752 2858 5804 7.
