3996 6192
427 347 561 402 1535

421 460 509 515 bet
535 456 754 513 delicias
780 457 1012 512 nondum
1039 464 1253 521 tenere;
1280 464 1333 510 et
1362 453 1482 507 ideo
1514 467 1606 522 per
1635 449 2002 519 cleemosynas

419 551 775 604 admonentur
791 546 1192 618 apprehendere
1217 563 1230 600 :
1262 545 1390 600 utin
1414 544 1516 599 line
1535 543 1772 602 audiant.
1804 541 2000 607 Venite,

419 640 663 695 benedicti
695 639 864 696 Patris
885 641 1002 706 mei,
1031 641 1271 712 percipite
1296 654 1505 708 regnum
1526 637 1662 707 quod
1691 635 1824 690 vobis
1851 652 2005 708 para-

420 741 528 786 tum
558 742 632 788 est
667 733 731 787 ab
756 732 900 787 initio
934 732 1109 786 mundi
1129 748 1149 786 :
1176 729 1540 820 esui-iubeant},
1570 738 1617 784 et
1637 727 2001 820 {istiista-anim

419 824 743 880 πιανιιιιιεανε·
776 824 908 916 t‘e"!
926 808 2000 916 διέξίεῑφευῑῆἒξεξςίἐιιέφξεξέιέεὲθξεῑὲδμ

424 920 580 988 paulo
613 928 729 988 post
756 898 1358 997 ,ἔὸηέρῇἶὲθιῖἀξι-οεόοῆϊ
1375 898 2002 972 ὣξῐῖἰίἶιῑέὀέιέπῖάίίόί-

416 1024 587 1064 c.:ns:
617 1008 771 1063 Ibunt
800 1008 877 1063 illi
901 1009 952 1063 in
981 1007 1371 1062 combustionem
1392 1016 1664 1079 paternam,
1678 1010 1707 1077 λζ

421 1102 473 1154 in
503 1101 653 1154 vitam
677 1109 914 1187 cpt-eruam
927 1079 1317 1187 ggtht'fr'gi,
1347 1077 1561 1187 δέρξζῇ
1588 1077 1707 1187 ,ξὴοῖ
1771 1077 1795 1174 ξ
1821 1077 1901 1167 ’⁸.οέ

491 1194 545 1248 2.
588 1165 963 1274 Ρςςξρῖτὺξαῆοέ
976 1165 1339 1261 ιξένίβάέυίοῖη
1364 1165 1464 1244 hab
1502 1171 1632 1244 viia:
1656 1165 1814 1245 litin-(2
1844 1165 2003 1244 vitam

422 1258 1095 1357 (1ίωθθέ6ῥῶ1111ηάθιηιις,
1130 1284 1510 1355 peregrinamur
1538 1299 1569 1336 a
1592 1281 1812 1336 Domino
1836 1298 1854 1346 ;
1880 1300 2007 1353 quo-

423 1378 561 1431 niani
611 1392 700 1446 per
755 1376 909 1446 ﬁdem
950 1375 1299 1440 ambulamus,
1348 1392 1447 1428 non
1495 1390 1583 1444 per
1624 1376 1856 1444 speciem.
1915 1374 2007 1429 llle

423 1469 616 1538 quippe
644 1468 752 1533 ait,
786 1465 896 1538 Ego
924 1484 1036 1521 sum
1065 1468 1173 1532 via,
1200 1466 1381 1520 veritas
1407 1476 1452 1519 et
1482 1466 1598 1519 vita.
1632 1464 1684 1518 In
1715 1464 1819 1519 fide
1853 1465 2008 1520 nobis

424 1560 505 1614 via
533 1568 642 1623 est,
671 1559 722 1613 iu
746 1559 923 1628 specie
948 1565 1126 1613 autem
1151 1559 1343 1612 veritas
1369 1566 1422 1612 et
1446 1558 1571 1612 vita.
1614 1556 1848 1611 Videmus
1875 1573 2010 1611 nunc

424 1664 514 1719 per
540 1648 800 1717 speculum
828 1648 881 1701 in
912 1649 1178 1719 aenigmate
1196 1689 1211 1713 ,
1240 1658 1293 1703 et
1323 1647 1437 1702 haec
1458 1656 1542 1702 est
1568 1647 1699 1703 lides
1727 1665 1740 1702 :
1766 1656 1885 1701 tunc
1909 1664 2007 1701 au-

424 1749 522 1793 tent
550 1740 680 1810 facie
706 1740 773 1793 ad
801 1740 981 1811 faciem
1010 1739 1029 1813 (
1058 1739 1217 1795 lCor.
1246 1756 1339 1797 xm
1364 1783 1378 1806 ,
1410 1740 1497 1811 19.)
1517 1781 1532 1807 ,
1562 1751 1616 1796 et
1644 1741 1731 1797 illa
1757 1742 1859 1796 erit
1881 1756 2008 1810 spe-

424 1831 556 1885 cies.
586 1829 714 1885 Item
743 1830 891 1895 dicit,
928 1830 987 1884 ln
1018 1831 1249 1886 interiore
1274 1832 1477 1887 homine
1502 1832 1727 1887 habitare
1752 1830 2009 1888 Christum

428 1938 517 1991 per
541 1921 694 1990 [idem
719 1922 770 1976 in
790 1921 1022 1978 cordibus
1050 1924 1221 1977 vestris
1242 1941 1260 1977 :
1285 1923 1398 1979 lucc
1418 1924 1500 1980 via
1525 1933 1626 1989 est,
1656 1924 1742 1979 ubi
1768 1940 1838 1981 ex
1863 1935 2012 1996 parte

427 2011 644 2067 scimus.
678 2010 783 2069 Sed
810 2012 965 2082 paulo
1014 2022 1131 2083 post
1152 2012 1307 2080 dicit,
1336 2030 1633 2085 cognoscere
1659 2016 1809 2070 etiam
1836 2033 2014 2085 super-

426 2102 723 2156 eminentem
751 2104 1009 2157 scientiam
1032 2106 1289 2158 charitatis
1315 2103 1520 2171 Christi,
1540 2115 1595 2161 ut
1624 2107 1934 2178 impleantini
1960 2110 2012 2164 in

428 2208 625 2247 onmem
655 2194 1014 2264 plenitudinem
1047 2195 1139 2250 Dei
1169 2195 1381 2270 (Ephes.
1406 2213 1491 2261 Ill,
1525 2198 1619 2263 16,
1651 2199 1739 2265 17,
1769 2197 1859 2271 19)
1884 2218 1898 2254 :
1923 2201 2014 2256 illa

429 2282 532 2336 crit
558 2284 797 2351 species,
826 2284 1039 2353 quando
1066 2285 1116 2338 iu
1150 2286 1247 2340 ista
1277 2286 1635 2355 plenitudine,
1662 2303 1784 2342 cum
1809 2289 2018 2345 venerit

430 2373 571 2440 quod
622 2376 911 2443 perlectum
955 2384 1070 2441 est,
1119 2376 1261 2446 quod
1316 2392 1382 2432 ex
1430 2386 1579 2448 parte
1622 2386 1707 2435 est
1749 2379 2022 2436 auferetur

432 2464 476 2532 (I
503 2462 618 2519 Cor.
650 2480 775 2531 xm,
806 2465 919 2536 10).
944 2464 1081 2540 ,Ιιθω
1109 2467 1267 2532 dicit,
1298 2467 1491 2523 Μοτιυὶ
1519 2470 1653 2524 enim
1676 2471 1811 2536 estis,
1845 2482 1893 2525 et
1920 2473 2021 2527 vita

432 2565 594 2609 vestra
612 2554 906 2611 abscondita
931 2567 1003 2611 est
1024 2574 1138 2611 cum
1159 2555 1358 2614 Christo
1380 2559 1435 2612 in
1454 2557 1562 2613 Deo
1585 2575 1604 2612 .'
1631 2560 1743 2614 lucc
1763 2569 1846 2615 est
1867 2561 2016 2617 ﬁdes.

435 2645 639 2702 Deinde
663 2647 953 2719 subjungit,
983 2649 1112 2704 Cum
1138 2648 1371 2705 Christus
1394 2652 1686 2719 apparuerit
1705 2653 1807 2705 vita
1831 2662 2016 2720 vestra,

436 2745 554 2788 tunc
591 2745 637 2789 et
668 2753 755 2790 vos
792 2754 905 2791 cum
939 2739 1029 2792 illo
1058 2741 1365 2809 apparebitis
1404 2741 1457 2794 in
1481 2740 1647 2812 gloria
1676 2740 1890 2813 (Coloss.
1924 2759 1982 2799 ιιι
2002 2784 2018 2811 ,

436 2826 489 2884 5.
518 2826 575 2895 4)
601 2843 613 2877 :
645 2826 730 2880 illa
758 2828 862 2882 erit
884 2829 1107 2897 species.
1142 2830 1359 2886 Dicitet
1384 2831 1640 2898 Joannes,
1671 2832 2015 2903 Dilectissimi,

436 2933 567 2970 nunc
599 2918 715 2987 jam
741 2919 837 2987 ﬁlii
869 2918 962 2973 Dei
996 2937 1201 2987 sumus,
1251 2933 1297 2978 et
1339 2925 1564 2978 nondum
1604 2928 1844 2995 apparuit
1883 2928 2021 2997 quod

437 3008 623 3061 erimus
644 3024 664 3064 :
694 3010 809 3065 haec
844 3020 927 3068 est
952 3012 1104 3069 ﬁdes.
1135 3014 1337 3071 Deinde
1360 3016 1644 3083 subnectit,
1676 3017 1880 3074 Scimus
1903 3020 2022 3091 quia

437 3114 562 3156 cum
599 3104 923 3171 apparuerit,
950 3104 1139 3161 similes
1167 3107 1213 3159 ei
1232 3108 1414 3161 erimus
1434 3150 1449 3175 ,
1478 3110 1715 3179 quoniam
1748 3111 2023 3166 videbimus

437 3208 552 3246 eum
574 3194 722 3248 sicuti
747 3205 819 3249 est
847 3195 887 3269 (1
916 3196 1073 3252 Joan.
1106 3215 1185 3265 ut,
1215 3201 1252 3255 2
1279 3199 1298 3272 )
1324 3219 1338 3255 :
1372 3202 1458 3256 illa
1488 3201 1592 3257 erit
1614 3205 1842 3273 species.
1871 3205 2017 3273 Quo-

438 3284 578 3339 circa
610 3284 724 3354 ipse
762 3286 1036 3354 Dominus,
1064 3290 1155 3359 qui
1183 3291 1285 3355 ait,
1312 3289 1425 3362 Ego
1449 3308 1560 3346 sum
1585 3294 1666 3347 uia
1693 3304 1740 3348 et
1766 3296 1946 3351 veritas
1972 3304 2023 3352 et

439 3374 561 3441 vita,
589 3389 710 3430 cum
740 3376 1044 3447 loqueretur
1067 3379 1133 3434 ad
1159 3379 1372 3437 Judaeos
1391 3422 1405 3447 ,
1436 3382 1575 3438 inter
1599 3400 1734 3454 quos
1760 3387 2023 3459 erantqui

435 3462 546 3533 jam
578 3464 629 3518 in
656 3480 776 3521 eum
807 3468 1162 3537 crediderant,
1191 3471 1257 3526 ad
1287 3472 1431 3541 ipsos
1448 3472 1560 3543 jam
1595 3490 1871 3533 sermones
1897 3492 2025 3534 suos

442 3553 697 3624 dirigens,
721 3555 784 3610 Si
801 3560 1104 3622 manseritis,
1133 3562 1323 3629 inquit,
1347 3564 1400 3616 in
1421 3564 1565 3618 verbo
1585 3582 1715 3631 meo,
1740 3583 1851 3621 vere
1869 3571 2023 3623 disci-

442 3644 550 3711 puli
578 3645 675 3698 mei
701 3646 878 3711 eritis;
901 3656 948 3701 et
976 3650 1283 3718 cognoscetis
1311 3652 1564 3706 veritatem
1581 3694 1597 3719 ,
1626 3663 1671 3707 et
1698 3656 1877 3710 veritas
1900 3658 2025 3712 libe-

448 3734 575 3790 rabit
612 3750 717 3789 vos.
744 3734 861 3790 .lam
890 3736 976 3793 isti
1013 3738 1391 3796 crediderant:
1422 3757 1542 3797 nam
1574 3743 1907 3816 Evangelista
1949 3748 2028 3802 sic

444 3826 520 3883 ait
536 3866 551 3890 ,
582 3825 787 3881 Dicebat
807 3838 976 3884 autem
994 3829 1147 3885 Iesus
1167 3831 1235 3885 ad
1255 3848 1339 3888 eos
1359 3834 1446 3903 qui
1465 3836 1781 3891 crediderant
1799 3839 1853 3893 in
1877 3855 1990 3894 eum
2008 3856 2027 3894 :

444 3916 507 3972 Si
530 3919 811 3974 manseritis
834 3921 886 3975 in
911 3922 1058 3977 verbo
1085 3939 1224 3991 meo,
1255 3939 1367 3979 vere
1402 3926 1637 3999 discipuli
1666 3930 1763 3983 mei
1784 3932 1952 3996 eritis;
1981 3940 2029 3986 et

442 4010 750 4081 cognoscetis
778 4013 1034 4068 veritatem
1050 4056 1065 4081 ,
1105 4026 1154 4070 et
1194 4017 1374 4071 veritas
1415 4017 1642 4074 liberabit
1684 4037 1772 4075 vos
1847 4020 2023 4090 (Joan.

446 4116 538 4157 vui
560 4144 574 4166 ,
602 4104 690 4169 3i,
714 4103 827 4174 53).
853 4103 970 4162 iam
990 4121 1118 4177 ergo
1138 4107 1493 4177 crediderant,
1519 4121 1573 4166 et
1600 4119 1846 4181 tanquam
1872 4114 1921 4167 in
1945 4114 2027 4169 via

444 4193 497 4249 in
527 4193 741 4250 Christo
778 4196 1052 4255 ambulare
1075 4198 1185 4268 jam
1220 4209 1512 4270 cmperant.
1559 4202 1812 4258 Hortatur
1850 4205 2028 4275 itaque

444 4284 566 4340 illos
593 4295 648 4339 ut
673 4289 1034 4355 permanendo
1058 4293 1388 4360 perveniant.
1413 4292 1530 4361 Quo
1557 4295 1895 4364 perveniant,
1924 4298 2026 4353 nisi

443 4376 512 4433 ad
545 4376 594 4432 id
622 4378 762 4447 quod
787 4380 896 4446 ait,
937 4379 1135 4437 Veritas
1164 4383 1394 4439 liberabit
1422 4387 1547 4441 vos?
1572 4386 1702 4453 Qute
1735 4398 1817 4445 est
1846 4390 1933 4445 illa
1963 4391 2028 4445 li-

445 4467 670 4533 beratio,
702 4470 801 4526 nisi
831 4470 899 4525 ab
922 4472 1069 4528 omni
1098 4474 1451 4532 mutabilitate
1479 4478 1725 4534 vanitatis
1743 4520 1757 4543 ,
1786 4481 1854 4535 ab
1882 4482 2026 4536 omni

442 4560 783 4629 corruptione
824 4565 1202 4623 mortalitatis?
1244 4567 1387 4638 Ergo
1436 4569 1548 4640 ipsa
1594 4579 1677 4627 est
1716 4572 1820 4628 vita
1865 4589 2024 4639 vera,

445 4657 642 4704 aeterna
669 4651 796 4718 vita,
827 4668 984 4723 quam
1012 4655 1249 4712 nondum
1279 4658 1748 4729 apprehendimus,
1777 4664 2028 4733 quamdiu

445 4741 846 4811 peregrinsmur
860 4760 890 4800 a
906 4746 1129 4802 Domino
1148 4765 1161 4802 :
1179 4749 1273 4806 sed
1291 4751 1670 4821 apprehensuri
1687 4768 1891 4821 sumus,
1905 4757 2028 4828 quia

445 4832 499 4889 in
529 4832 645 4901 ipso
668 4835 889 4892 Domino
914 4853 1011 4908 per
1029 4839 1184 4895 iidem
1205 4842 1559 4911 ambulamus,
1585 4847 1627 4901 si
1655 4847 1707 4902 in
1727 4848 1845 4917 ejus
1863 4849 2028 4906 verbo

443 4926 873 4984 constantissime
910 4944 1300 5000 permanemus.
1330 4935 1461 4992 Nam
1488 4940 1781 4995 secundum
1805 4942 1855 4996 id
1886 4945 2028 5013 quod

444 5016 519 5071 ait
536 5055 551 5078 ,
580 5015 694 5089 Ego
715 5035 828 5074 sum
855 5022 934 5076 via
955 5039 976 5083 ε
998 5025 1287 5081 secundum
1315 5027 1418 5084 hoc
1438 5031 1552 5097 ait,
1584 5033 1647 5088 Si
1672 5038 1954 5093 manseritis
1977 5039 2031 5094 in

444 5108 592 5160 verba
634 5124 765 5179 meo,
794 5126 907 5167 sere
940 5113 1176 5184 discipuli
1217 5118 1314 5171 mei
1345 5120 1505 5174 eritis.
1537 5122 1603 5177 Et
1641 5126 1930 5182 secundum
1975 5125 2028 5184 id

442 5197 587 5266 quod
615 5199 720 5263 ait,
748 5210 797 5256 et
822 5202 1004 5261 ueritas
1029 5212 1075 5261 et
1101 5206 1245 5273 vita;
1272 5209 1563 5268 secundum
1591 5214 1695 5268 hoc
1718 5214 1825 5281 ait,
1866 5224 1913 5273 et
1937 5233 2029 5274 co-

443 5293 693 5360 gnoscetis
718 5294 975 5351 veritatem
993 5338 1009 5364 ,
1036 5306 1082 5352 et
1108 5299 1287 5355 veritas
1313 5299 1538 5357 liberabit
1567 5321 1673 5360 vos.
1701 5304 1757 5362 lu
1783 5307 1880 5363 hac
1900 5323 2028 5380 ergo

446 5384 871 5453 peregrinatione
900 5395 958 5443 et
989 5388 1043 5447 in
1073 5389 1173 5445 hac
1201 5391 1308 5455 via,
1342 5393 1392 5448 id
1421 5402 1503 5451 est
1528 5396 1578 5452 in
1610 5396 1734 5463 fide,
1777 5400 1902 5470 quid
1931 5417 2027 5456 vos

444 5473 732 5542 exhortor,
765 5476 953 5537 fratres
975 5521 991 5547 ,
1023 5481 1122 5535 nisi
1150 5481 1327 5538 verbis
1362 5485 1600 5555 Apostoli
1627 5488 1884 5559 dicentis,
1921 5492 2028 5550 Has

446 5578 565 5632 ergo
588 5569 943 5633 promissiones
996 5571 1251 5642 habentes,
1283 5577 1587 5645 oharissimi,
1616 5583 1910 5638 mandemus
1936 5603 2028 5640 nos

445 5651 508 5707 ab
534 5657 671 5708 omni
689 5658 1031 5726 inquinatione
1056 5665 1221 5718 carnis
1250 5676 1295 5719 et
1323 5667 1551 5735 spiritus.
1581 5672 1890 5740 per/ieientes
1910 5692 2028 5729 san-

448 5742 795 5817 ctiﬁcctionem
836 5750 888 5805 in
919 5753 1097 5809 timore
1136 5753 1342 5813 Domini
1384 5758 1451 5829 (ll
1480 5758 1597 5815 Cor.
1646 5778 1717 5819 vn
1742 5802 1757 5829 ,
1792 5764 1887 5834 l)?
1928 5766 2027 5839 Qui

1657 334 1713 389 S.
1754 325 2116 389 AUGUSTINI
2158 328 2458 387 EPISCOPI

1722 1007 2003 1091 ειεξιαιιεςιε
2017 1018 2035 1035 ⁹
2051 1010 2071 1087 Ξ

1884 1092 1901 1137 τ
1944 1082 2076 1152 31,3,
2114 1085 2336 1152 possint,
2370 1086 2467 1141 nisi
2491 1096 2615 1143 ante
2640 1099 2915 1144 sanentur.

3557 338 3693 394 151$

2108 443 2249 498 enim
2276 444 2450 501 lucem
2476 446 2619 502 illam
2647 446 3023 504 sincerissima:
3050 457 3208 521 atque
3242 449 3690 507 incommutabilis

2108 534 2365 600 veritatis,
2397 546 2680 608 antequam
2707 538 2947 605 credant,
2974 539 3073 596 sibi
3096 549 3354 611 expetunt
3379 541 3689 608 ministrari,

2107 638 2228 678 cum
2259 641 2376 681 eam
2406 628 2647 684 contueri
2686 644 2792 684 non
2830 630 3033 701 possint
3070 629 3170 686 nisi
3204 646 3297 701 per
3334 630 3493 687 ﬁdem
3528 633 3695 689 corde

2107 717 2397 784 mundato;
2427 717 2572 774 Beati
2595 722 2736 777 enim
2754 722 2941 777 mundo
2955 723 3126 789 corde,
3145 724 3381 793 quoniam
3408 724 3508 794 ipsi
3533 723 3697 781 Deuns

2108 806 2340 863 videbunt
2366 808 2578 880 (Matth.
2616 826 2669 877 v,
2692 811 2747 881 8)
2780 828 2794 866 :
2824 813 3026 867 similes
3041 822 3165 867 sunt
3187 812 3492 868 hominibus
3513 815 3694 882 emcis,

2107 899 2197 970 qui
2227 914 2545 970 corpoream
2580 902 2751 957 lucem
2773 904 2901 959 solis
2928 904 3081 959 istius
3107 904 3255 975 prius
3278 904 3462 959 videre
3489 904 3696 961 deside-

2110 1001 2260 1058 rant,
2290 1002 2349 1047 ut
2384 1009 2414 1047 a
2452 994 2689 1051 cmcitate
2729 1006 3012 1064 sanentur;
3053 1012 3175 1054 cum
3202 1012 3321 1054 eam
3363 996 3544 1054 videre
3587 1013 3697 1055 non

2537 1198 2768 1255 δεηΜο
2803 1198 3268 1273 CCCXLVII‘(a).

2608 1291 2687 1346 De
2710 1294 2888 1348 timore
2914 1293 3027 1359 Dei,
3053 1310 3070 1349 ι
3101 1292 3199 1367 (b).

2183 1402 2407 1459 CAPUT
2446 1403 2729 1461 PRIMUM.
2769 1436 2842 1447 —
2878 1407 2929 1460 1.
2968 1405 3144 1460 Timor
3182 1405 3276 1461 Dei
3316 1407 3369 1461 in
3414 1407 3700 1476 Scriptaris

2113 1509 2263 1559 quam
2289 1493 2459 1548 crebro
2479 1495 2872 1550 commendatus.
2892 1495 3050 1551 Multa
3069 1496 3243 1558 nobis.
3262 1494 3456 1551 fratres
3471 1539 3486 1562 ,
3511 1496 3577 1550 de
3606 1496 3697 1550 Dei

2116 1581 2306 1637 timore
2327 1593 2588 1654 praecepta
2610 1594 2756 1653 sunt,
2780 1593 2837 1641 et
2859 1601 3016 1656 quam
3046 1587 3115 1641 sit
3142 1587 3269 1653 utile
3291 1587 3480 1641 timere
3506 1587 3695 1652 Deum,

2115 1673 2576 1730 innumerabiliter
2620 1675 2801 1731 divina
2845 1676 3054 1748 eloquia
3094 1685 3409 1732 sonuerunt.
3462 1676 3539 1731 Ex
3593 1691 3698 1746 qua

2119 1764 2382 1819 uberrima
2401 1766 2554 1836 copia
2574 1780 2739 1837 pauca
2762 1780 2847 1821 me
2869 1775 3404 1831 commemorantem,
3437 1774 3489 1820 et
3517 1764 3583 1820 ad
3610 1780 3724 1831 ea,.

2119 1863 2372 1925 quantum
2394 1870 2494 1926 pro
2515 1857 2768 1927 temporis
2788 1856 3049 1913 brevitate
3072 1865 3314 1927 potuero,
3338 1856 3694 1911 disserentem

2118 1947 2347 2003 libenter
2373 1948 2655 2005 advertite.
2697 1948 2826 2018 Quis
2853 1964 2959 2004 non
2982 1950 3275 2019 sapientem
3309 1963 3367 2003 se
3394 1962 3514 2003 esse
3547 1948 3699 2002 laete-

2119 2047 2224 2106 tur,
2275 2047 2366 2094 aut
2406 2041 2451 2095 si
2497 2041 2734 2095 nondum
2778 2050 2896 2109 est,
2936 2056 3057 2097 esse
3099 2040 3408 2097 desideret?
3432 2039 3537 2096 Sed
3568 2039 3693 2110 quid

2119 2132 2246 2187 dicit
2298 2132 2618 2203 Scriptura?
2680 2131 2893 2187 Initium
2955 2133 3221 2204 sapientiae
3283 2134 3433 2187 timor
3492 2131 3699 2185 Domini

2121 2221 2291 2293 (Psal.
2319 2238 2382 2278 ex
2402 2263 2418 2289 ,
2444 2222 2555 2295 10).
2585 2224 2751 2292 Quem
2778 2238 2883 2279 non
2916 2239 3139 2294 regnare
3163 2223 3424 2278 delectet?
3458 2223 3563 2277 Sed
3598 2238 3696 2277 au-

2122 2313 2327 2367 diamus
2371 2314 2498 2381 quid
2540 2314 2595 2369 in
2631 2314 2843 2370 Psalmo
2881 2314 3113 2384 Spiritus
3141 2322 3355 2368 moneat
3396 2331 3410 2367 :
3444 2312 3506 2366 Et
3532 2330 3700 2377 nunc,
3753 2320 3760 2326 ‘

2123 2421 2284 2473 reges,
2305 2403 2593 2475 intelligite;
2612 2405 2901 2469 erudimini,
2924 2406 3010 2476 qui
3021 2405 3265 2475 judicatis
3288 2413 3469 2458 terram
3494 2420 3512 2457 :
3528 2404 3705 2457 servile

2124 2492 2345 2547 Domino
2373 2495 2425 2548 in
2457 2496 2651 2559 timore,
2676 2504 2723 2549 et
2747 2495 2967 2549 exaltate
2985 2495 3032 2548 ei
3049 2511 3162 2548 cum
3186 2505 3399 2548 tremore
3420 2492 3590 2566 (Psal.
3625 2508 3659 2548 ll
3687 2533 3701 2558 ,

2127 2583 2214 2647 10,
2250 2580 2358 2654 11).
2403 2583 2552 2638 Unde
2578 2593 2632 2637 et
2651 2584 2936 2652 Apostolus
2962 2585 3091 2639 dicit
3121 2600 3135 2637 :
3164 2583 3290 2640 Cum
3322 2587 3499 2638 timore
3522 2594 3569 2638 et
3599 2594 3706 2638 tre-

2124 2688 2263 2725 more
2294 2681 2507 2726 vestram
2538 2673 2762 2743 ipsorum
2791 2674 3003 2728 salutem
3038 2674 3318 2743 aperantini
3351 2671 3610 2744 (Philipp.
3632 2689 3705 2739 ιι,

2128 2761 2239 2833 12).
2269 2762 2515 2833 Legimus
2540 2764 2699 2819 etiam
2728 2764 2983 2832 scriptum
3007 2805 3020 2826 ,
3046 2762 3339 2834 Concupisti
3362 2765 3663 2835 sapientiam
3687 2806 3703 2830 ,

2126 2871 2268 2908 serva
2289 2856 2545 2925 justitiam
2563 2896 2576 2919 ,
2605 2866 2652 2909 et
2680 2855 2928 2909 Dominus
2954 2856 3188 2926 pra'bcbit
3211 2857 3353 2910 illam
3384 2856 3490 2910 tibi.
3519 2856 3708 2923 Multos

2129 2945 2270 2999 enim
2299 2946 2595 3015 reperimus
2635 2946 3117 3016 negligentissimos
3140 2946 3361 3016 justitia:
3381 2988 3394 3011 ,
3425 2954 3480 3001 et
3512 2947 3708 3001 avidis-

2129 3038 2294 3093 simos
2315 3039 2610 3108 sapientiae.
2632 3039 2738 3094 llos
2757 3038 2913 3093 docet
2932 3038 3202 3109 Scriptura
3225 3039 3402 3093 divina
3425 3040 3712 3110 pervenire

2129 3143 2237 3182 non
2276 3143 2431 3198 posse
2460 3128 2525 3183 ad
2558 3128 2609 3183 id
2638 3129 2775 3199 quod
2813 3138 3102 3200 appetunt.
3131 3130 3231 3183 nisi
3272 3130 3536 3185 servando
3566 3130 3705 3196 quod

2131 3218 2422 3288 negligunt.
2456 3219 2616 3274 Serva
2636 3261 2650 3284 ,
2681 3219 2849 3290 inquit
2869 3261 2882 3284 ,
2903 3220 3190 3287 justitiam,
3231 3228 3280 3273 et
3304 3220 3539 3287 praebebit
3566 3220 3709 3274 illaut

2131 3311 2219 3364 tibi
2248 3310 2517 3375 Dominus,
2545 3327 2701 3382 quam
2729 3312 3002 3382 concupisti
3023 3312 3343 3382 sapientiam.
3373 3312 3502 3378 Quis
3528 3321 3706 3365 autem

2131 3411 2342 3474 potest,
2386 3402 2484 3457 nisi
2531 3402 2695 3457 Deum
2742 3404 2961 3469 timeat,
2995 3418 3209 3457 servare
3241 3402 3543 3472 justitiam?
3573 3402 3711 3458 Dicit

2132 3495 2275 3549 enim
2304 3494 2409 3548 alio
2440 3493 2560 3548 loco
2584 3535 2599 3561 ,
2628 3492 2768 3547 Nam
2804 3493 2892 3564 qui
2915 3493 3023 3548 sine
3048 3494 3223 3547 timore
3249 3503 3357 3560 est,
3391 3510 3490 3546 non
3530 3494 3711 3562 poterit

2121 3585 2401 3654 jnstiﬁrari
2425 3582 2609 3658 (Eccli.
2636 3601 2674 3651 ι,
2704 3585 2790 3653 16,
2813 3586 2903 3650 35,
2924 3584 3039 3657 ‘28).
3071 3585 3239 3641 Porro
3261 3587 3303 3639 si
3330 3586 3582 3640 Dominus
3604 3601 3711 3641 non

2132 3675 2335 3743 praebet
2361 3676 2699 3743 sapientiam,
2730 3676 2829 3731 nisi
2854 3676 3087 3731 servanti
3105 3676 3384 3746 justitiam,
3416 3676 3505 3746 qui
3535 3684 3711 3730 autem

2133 3762 2250 3817 sine
2278 3764 2467 3817 timore
2486 3773 2569 3817 est
2588 3807 2602 3830 ,
2637 3781 2742 3820 non
2770 3767 3261 3837 poteritjustilicari
3288 3785 3302 3822 :
3330 3768 3619 3821 recurritur
3646 3767 3709 3821 ad

2133 3853 2275 3907 illam
2303 3854 2640 3921 sententiam,
2663 3855 2874 3908 Initium
2902 3858 3163 3927 sapientia:
3181 3860 3329 3911 timor
3347 3857 3568 3911 Domini.

2208 3943 2434 4000 CAPUT
2475 3944 2536 3999 11.
2567 3944 2714 3999 —2.
2760 3943 2960 4002 Gradus
2997 3962 3029 3998 a
3070 3947 3247 4000 timore
3286 3948 3353 4000 ad
3391 3948 3710 4016 sapientiam.

2135 4034 2297 4090 Laius
2325 4037 2482 4090 etiam
2510 4036 2767 4107 prOpheta
2791 4050 2911 4090 cum
2937 4045 3139 4105 septem
3168 4036 3251 4088 illa
3275 4036 3549 4090 notissima
3571 4037 3710 4091 dlilla
3755 4050 3794 4081 κ

2136 4125 2430 4195 spiritualia
2471 4125 2907 4191 commendaret,
2944 4124 3199 4194 incipiens
3227 4138 3255 4177 a
3286 4125 3540 4193 sapientia
3584 4140 3714 4195 pcr-

2135 4218 2280 4274 venit
2314 4217 2380 4273 ad
2421 4218 2664 4272 timorem
2704 4217 2833 4281 Dei,
2862 4224 3111 4286 tauquam
3141 4214 3209 4270 de
3238 4214 3450 4269 sublimi
3482 4214 3713 4269 descen-

2135 4307 2268 4363 dens
2297 4308 2362 4364 ad
2404 4324 2534 4374 nos,
2574 4317 2632 4363 ut
2671 4324 2768 4364 nos
2806 4307 3023 4361 doceret
3062 4304 3371 4361 ascendere.
3415 4303 3545 4361 Inde
3587 4322 3714 4376 ergo

2134 4399 2318 4468 cmpit,
2338 4399 2709 4469 quo-volumus
2733 4398 3009 4468 pervvnire
3032 4414 3044 4459 ;
3068 4406 3120 4452 et
3143 4397 3267 4451 illuc
3290 4396 3552 4465 pervenit,
3575 4399 3713 4452 unde

2135 4490 2390 4546 debemus
2418 4490 2669 4559 incipere.
2704 4488 2990 4559 Requiescct
3029 4489 3079 4541 in
3116 4495 3172 4542 eo
3196 4528 3211 4554 ,
3250 4487 3448 4556 inquit,
3488 4486 3712 4557 Spiritus

2136 4581 2231 4636 Dei
2250 4622 2264 4647 ,
2297 4579 2522 4652 Spiritus
2547 4580 2812 4649 sapientia:
2835 4591 2879 4634 et
2908 4570 3193 4633 intellectus
3213 4620 3228 4646 ,
3259 4579 3485 4648 Spiritus
3520 4579 3714 4632 consilii

2135 4684 2181 4729 et
2220 4673 2561 4746 fortitudinis,
2608 4672 2832 4743 Spiritus
2868 4672 3089 4726 scientite
3112 4681 3171 4725 et
3208 4672 3437 4743 pietatis,
3490 4670 3714 4740 Spiritus

2135 4765 2329 4820 timoris
2363 4762 2568 4818 Domini
2599 4762 2752 4833 (Isai.
2784 4779 2859 4829 st,
2890 4761 2956 4829 2,
2996 4761 3074 4830 3).
3111 4760 3261 4817 Sicut
3294 4776 3423 4831 ergo
3458 4759 3574 4825 ille,
3611 4778 3713 4812 non

2136 4842 2431 4912 deiicienda
2448 4898 2463 4921 ,
2488 4857 2579 4911 sed
2601 4856 2842 4913 docendo
2863 4872 2891 4909 a
2912 4855 3166 4925 sapientia
3190 4870 3358 4924 usque
3377 4852 3442 4907 ad
3468 4853 3714 4908 timorem

2136 4948 2436 5013 descendit;
2464 4948 2543 5003 sic
2571 4963 2688 5014 nos,
2719 4963 2822 5003 non
2848 4945 3226 5018 superbieudo,
3257 4943 3351 5000 sed
3381 4941 3712 5014 prolicicndu

2136 5054 2168 5097 a
2197 5040 2385 5095 timore
2407 5053 2571 5110 usque
2596 5037 2663 5093 ad
2693 5038 3002 5107 sapientiam
3026 5043 3236 5105 oportet
3261 5032 3571 5090 ascendere.
3600 5029 3717 5089 Ini-

2138 5130 2264 5186 tium
2292 5131 2432 5185 enim
2458 5129 2718 5199 sapientia:
2743 5129 2893 5182 timor
2913 5125 3139 5181 Domini.
3169 5123 3283 5195 Ipsa
3310 5134 3393 5181 est
3417 5124 3560 5179 enim
3580 5137 3713 5180 con-

2136 5221 2290 5276 vallis
2327 5220 2669 5291 plorationis,
2699 5219 2767 5275 de
2794 5233 2895 5289 qua
2928 5218 3167 5273 Psalmus
3196 5215 3361 5284 dicit,
3389 5216 3715 5273 Ascensiones

2136 5313 2189 5369 in
2210 5314 2360 5369 corde
2383 5314 2492 5386 ejus
2512 5313 2758 5385 disposuit
2783 5313 2835 5368 in
2863 5310 3092 5366 convalle
3117 5309 3434 5383 plorationis.
3458 5309 3561 5364 Per
3580 5322 3681 5363 con
3696 5338 3713 5348 -

2201 5469 2524 5532 famendatus
2539 5470 2719 5532 pariter
2741 5467 2799 5532 ad
2822 5479 2892 5519 es.
2916 5465 2982 5519 el.
3006 5480 3071 5517 m.
3098 5476 3152 5519 et
3171 5467 3231 5517 ad
3254 5474 3354 5515 Am.
3378 5471 3453 5513 ετ.
3481 5471 3582 5513 Par.
3603 5470 3712 5513 ιον.

2198 5530 2272 5643 ta

2224 5586 2272 5658 l3)
2306 5586 2437 5641 Hunc
2456 5604 2487 5658 _a
2510 5592 2644 5658 Beda
2656 5590 2856 5658 vulgato
2871 5592 3006 5658 citari
3023 5595 3224 5658 monent
3246 5586 3542 5658 Parisienses
3559 5593 3715 5658 otto?

2136 5648 2399 5719 vanieuses
2419 5652 2682 5715 Theologi;
2722 5648 2968 5719 sedfalso.
3012 5652 3161 5719 Emori
3187 5650 3486 5719 mansionem
3512 5648 3715 5719 prtehuit

2136 5716 2458 5779 fragmentum
2476 5728 2537 5784 es
2557 5709 2783 5784 seTru‘Ioue
2806 5717 2910 5772 191,
2932 5716 2995 5763 de
3018 5711 3365 5784 Spatali'tmnini
3383 5710 3431 5767 8,
3456 5709 3583 5771 quod
3604 5709 3714 5757 huic

2139 5776 2353 5831 assiliunt
2382 5786 2482 5829 erat
2510 5776 2555 5826 iu
2583 5778 2722 5827 editis
2749 5787 2841 5826 aut.
2871 5784 2943 5826 Er.
2972 5784 3020 5825 et
3043 5776 3401 5825 Parisiensium.
