3996 6192
347 278 370 333 1
386 274 493 329 5‘25

328 401 528 459 vallem
558 390 757 463 Quippe
786 391 1057 447 humilitas
1080 389 1428 462 signiﬁcatur.
1467 389 1596 458 Quis
1623 399 1706 445 est
1735 397 1912 445 autem

330 478 590 549 humilis,
619 482 721 537 nisi
750 483 945 540 timens
983 482 1179 548 Deum,
1205 490 1260 537 et
1296 496 1363 537 eo
1405 480 1594 536 timore
1633 488 1917 535 conterens

335 592 432 634 cur
453 578 511 631 in
539 575 793 647 lacrymis
817 571 1171 630 confessionis
1198 581 1252 629 et
1280 571 1644 643 paenitentim?
1678 571 1810 638 Quia
1832 587 1919 624 cor

336 666 612 721 contritum
629 675 677 719 et
696 664 1017 718 huntiliatum
1039 663 1174 717 Deus
1198 680 1298 717 non
1319 662 1508 733 spernit
1535 660 1703 733 (Psal.
1727 677 1778 725 ι,
1805 660 1913 731 19).

336 758 442 814 Sed
474 773 584 813 non
612 756 797 812 timeat
823 772 891 812 ne
911 758 963 812 in
985 756 1224 811 convalle
1243 763 1537 811 remaneat.
1562 755 1616 809 In
1640 755 1755 827 ipso
1775 753 1917 807 enim

336 851 503 905 corde
522 851 758 906 contrito
777 859 835 905 et
861 849 1156 916 bumiliato,
1188 847 1330 918 quod
1362 848 1502 903 Deus
1530 861 1636 901 non
1675 846 1914 916 spernit,

332 942 681 997 escensiones
704 957 801 1011 per
818 957 954 1012 quas
973 944 1025 995 in
1048 942 1191 995 illum
1217 955 1577 1009 assurgamus,
1604 939 1717 1008 ipso
1736 939 1889 1008 dispo
1904 968 1919 979 -

333 1036 462 1088 suit.
495 1032 630 1090 Nam
656 1034 727 1088 ita
754 1033 998 1089 Psalntus
1025 1032 1153 1089 dicit
1176 1051 1190 1088 :
1214 1032 1546 1088 Ascensiones
1566 1032 1618 1085 in
1634 1031 1785 1087 corde
1808 1033 1917 1102 ejus

328 1126 585 1197 disposuit
606 1126 658 1179 in
686 1124 915 1180 convalle
938 1125 1236 1196 plorationis
1255 1166 1270 1189 ,
1300 1125 1353 1178 in
1374 1125 1538 1179 locum
1564 1142 1710 1193 quem
1735 1124 1911 1195 dispo-

330 1227 430 1271 suit
464 1214 636 1287 (Psal.
670 1230 872 1270 unm
894 1257 909 1278 ,
942 1216 1009 1278 6,
1035 1216 1111 1283 7).
1148 1214 1244 1271 Ubi
1278 1214 1409 1268 ﬁunt
1442 1214 1821 1271 ascensiones?
1850 1212 1918 1268 In

324 1307 516 1370 crde,
546 1307 737 1376 inquit.
773 1304 880 1362 Sed
914 1305 1053 1361 unde
1086 1306 1482 1362 ascendendum
1521 1306 1644 1362 est?
1669 1306 1862 1375 Utique
1884 1321 1916 1361 a

323 1398 575 1452 convalle
619 1398 951 1467 ploratinnis.
1000 1398 1068 1453 Et
1105 1414 1210 1468 quo
1248 1398 1639 1455 ascendendum
1680 1399 1804 1476 “est?
1849 1398 1916 1453 In

330 1486 522 1552 locum,
549 1489 737 1559 inquit,
760 1506 907 1559 quem
933 1490 1200 1559 disposuit.
1223 1491 1351 1556 Quis
1379 1490 1480 1547 istc
1500 1500 1583 1547 est
1603 1492 1749 1547 locus
1769 1533 1784 1558 ,
1812 1492 1914 1546 nisi

326 1580 524 1648 quietis
556 1592 610 1635 et
639 1580 822 1650 pacis?
851 1580 922 1634 lbi
949 1582 1091 1635 enim
1121 1592 1199 1635 est
1229 1581 1317 1635 illa
1347 1582 1487 1636 clara
1510 1622 1525 1648 ,
1558 1591 1613 1636 et
1637 1597 1754 1652 quae
1780 1599 1917 1637 nuu-

325 1687 487 1739 quam
521 1672 804 1726 marcescit
831 1673 1108 1741 sapientia.
1140 1672 1292 1729 Unde
1319 1672 1385 1727 ad
1414 1689 1509 1729 nos
1543 1675 1915 1730 exercitandus

325 1762 648 1830 quibusdam
680 1762 936 1817 doctrina:
981 1764 1231 1832 gradibus
1268 1764 1545 1820 descendit
1572 1765 1734 1821 Isaias
1765 1782 1793 1820 a
1825 1783 1913 1822 sa-

327 1857 529 1926 pientia
560 1871 727 1925 usque
754 1856 818 1910 ad
844 1860 1110 1923 timorem,
1142 1872 1171 1908 a
1202 1857 1321 1911 loco
1343 1857 1543 1912 scilicet
1577 1858 1915 1928 sempiterna:

329 1948 477 2019 pacis
504 1963 676 2017 usque
703 1947 769 2000 ad
800 1948 1095 2003 convallem
1132 1947 1444 2017 temporalis
1481 1948 1793 2017 plorationis
1819 1966 1832 2002 :
1858 1961 1915 2005 ut

329 2054 430 2093 nos
470 2039 524 2092 in
567 2037 905 2094 confessione
944 2038 1271 2107 poenitentia:
1307 2038 1573 2105 dolendo,
1614 2039 1910 2109 gemenda,

329 2131 509 2185 ﬂendo
544 2172 559 2196 ,
606 2145 715 2184 non
759 2144 1131 2185 remaneamus
1178 2128 1231 2184 in
1282 2128 1467 2185 dolore
1521 2139 1575 2185 et
1616 2132 1815 2200 gemitu
1860 2143 1915 2188 et

329 2223 494 2286 ﬁetu;
526 2220 624 2277 sed
665 2222 1015 2277 ascendentes
1053 2222 1121 2277 ab
1162 2222 1262 2277 ista
1300 2223 1545 2278 convalle
1583 2224 1636 2279 in
1678 2236 1913 2281 montem

329 2314 683 2384 spiritualem,
698 2314 787 2369 ubi
806 2314 998 2369 civitas
1019 2323 1200 2369 sancta
1220 2313 1517 2369 Jerusalem
1541 2324 1712 2371 mater
1733 2324 1913 2371 nostra

329 2413 533 2459 a-terna
551 2403 765 2458 fundata
786 2413 893 2465 est,
915 2403 1334 2472 iiuperturbabili
1357 2405 1536 2458 laetitia
1558 2404 1913 2472 perfruamur.

334 2497 470 2566 Ergo
493 2495 580 2549 ille
598 2510 719 2549 cum
743 2495 1127 2565 prasposuisset
1149 2494 1486 2564 sapientiam,
1513 2495 1690 2549 lumen
1712 2495 1916 2551 scilicet

332 2586 905 2652 mentisindeﬁciens,
942 2586 1182 2655 adjunxit
1223 2585 1556 2641 intellectum
1604 2604 1618 2640 :
1666 2596 1914 2658 tanquam

330 2680 691 2751 quaet-ciuibus
730 2679 871 2735 unde
904 2680 971 2734 ad
1002 2680 1318 2749 sapientiam
1351 2678 1659 2746 veniretur,
1692 2695 1915 2749 respon-

328 2773 482 2827 deret
509 2814 524 2833 ,
551 2773 637 2827 Ab
662 2771 965 2837 intellectu;
1005 2770 1145 2827 unde
1170 2770 1236 2825 ad
1265 2771 1592 2826 intellectum
1615 2813 1631 2838 ,
1660 2773 1705 2826 A
1733 2771 1913 2827 cousi-

330 2864 434 2925 lio;
458 2863 605 2918 unde
632 2862 695 2918 ad
720 2863 1023 2929 consilium,
1054 2865 1097 2917 A
1127 2862 1467 2927 fortitudine;
1500 2862 1641 2919 unde
1665 2862 1730 2917 ad
1762 2860 1916 2917 forti-

330 2957 599 3020 tudinem,
630 2958 670 3011 A
708 2956 962 3021 scientia;
996 2956 1137 3011 unde
1162 2956 1231 3011 ad
1263 2955 1539 3011 scientiam
1561 2997 1575 3021 ,
1605 2957 1649 3010 Α
1688 2956 1911 3026 pietate;

330 3051 473 3106 unde
508 3051 573 3105 ad
617 3050 896 3120 pietatem,
930 3052 970 3103 A
1003 3050 1211 3104 timore.
1252 3049 1395 3121 Ergo
1434 3049 1499 3103 ad
1540 3049 1851 3119 sapientiam
1882 3064 1912 3103 a

332 3142 558 3206 timore;
591 3142 712 3211 quia
741 3140 942 3193 initium
968 3138 1233 3209 sapientia:
1271 3141 1420 3194 timor
1442 3139 1667 3194 Domini.
1698 3142 1742 3193 A
1780 3154 1911 3194 con-

330 3232 467 3287 valle
494 3231 808 3299 pluratiouis
838 3246 1003 3299 usque
1029 3229 1095 3285 ad
1128 3240 1361 3285 montem
1393 3230 1558 3300 pacis.

400 3322 626 3379 CAPUT
667 3323 751 3377 Ill.
773 3351 847 3362 —
875 3323 924 3377 5.
958 3320 1165 3376 Gradus
1199 3338 1263 3377 ea;
1296 3320 1439 3375 Isaia
1475 3329 1667 3390 septem
1703 3336 1911 3390 compa-

327 3426 510 3470 rantur
523 3415 593 3469 ad
602 3424 711 3470 octo
736 3415 1065 3470 beatitudines
1087 3414 1443 3484 Evangelii.—
1458 3412 1604 3469 Beati
1620 3412 1759 3468 enim
1785 3429 1913 3481 pau-

330 3524 477 3578 peres
512 3507 726 3572 spiritu,
766 3507 1005 3579 quoniam
1040 3507 1265 3577 ipsorum
1304 3515 1377 3559 est
1421 3522 1629 3576 regnum
1672 3502 1914 3557 caelorum

332 3598 553 3666 (Hatth.
574 3615 643 3665 v,
668 3598 743 3670 5).
776 3599 876 3669 Ipsi
904 3610 1026 3653 sunt
1074 3599 1125 3654 in
1167 3598 1410 3653 Convalle
1440 3597 1700 3664 humiles,
1731 3596 1829 3666 ipsi
1862 3597 1913 3650 iu

335 3698 604 3755 tremore,
615 3704 707 3744 cor
722 3690 1005 3745 contritum
1028 3700 1079 3745 et
1104 3690 1434 3743 humiliatum
1456 3702 1531 3742 sat
1550 3686 1757 3741 riﬁcant
1776 3686 1911 3741 Deo:

330 3781 482 3836 unde
498 3779 790 3836 ascendunt
815 3781 881 3835 ad
912 3782 1184 3852 pietatem,
1218 3789 1273 3834 ut
1308 3796 1414 3833 non
1446 3778 1697 3839 resistant
1721 3778 1913 3830 volun-

334 3874 427 3927 tati
459 3872 608 3941 ejus,
647 3872 759 3928 sive
792 3872 845 3928 in
881 3872 1219 3927 sermonibus
1257 3870 1372 3938 ejus
1394 3911 1408 3935 ,
1450 3869 1539 3925 ubi
1571 3883 1675 3922 non
1701 3867 1916 3935 capiunt

330 3979 550 4021 sensum
594 3964 741 4031 ejus;
788 3965 901 4020 sive
944 3965 996 4019 in
1044 3964 1231 4018 ordine
1279 3964 1395 4032 ipso
1440 3972 1494 4016 et
1531 3959 1915 4031 gubernatione

332 4064 615 4121 creatum,
638 4070 762 4110 cum
786 4056 1037 4126 pleraque
1060 4055 1214 4110 aliter
1233 4053 1500 4118 accidunt,
1527 4067 1682 4121 quam
1713 4050 1914 4120 privata

312 4149 567 4202 hominis
595 4148 843 4203 voluntas
872 4148 1109 4217 exposcit
1138 4165 1153 4202 :
1182 4147 1251 4203 ibi
1277 4146 1469 4217 quippe
1494 4146 1775 4202 dicendum
1803 4153 1913 4209 est,

340 4238 527 4294 Verum
569 4256 669 4293 non
697 4239 837 4309 quod
880 4256 970 4309 ego
1014 4237 1161 4305 colo,
1208 4239 1297 4293 sed
1344 4236 1480 4308 quod
1520 4246 1574 4291 tu
1612 4244 1717 4299 vis.
1759 4235 1917 4291 Pater

335 4330 447 4401 (Id.
472 4345 619 4395 sxw,
650 4329 764 4401 59).
792 4327 939 4384 Beati
961 4330 1104 4384 enim
1128 4330 1396 4394 mansueti,
1421 4328 1662 4399 quoniam
1688 4328 1788 4398 ipsi
1807 4327 1916 4397 hate

332 4421 549 4475 reditate
587 4421 913 4489 possidebunt
950 4429 1135 4474 terram
1164 4418 1289 4491 (Id.
1321 4434 1354 4474 ν
1376 4461 1392 4486 ,
1423 4419 1492 4489 4)
1529 4437 1542 4473 :
1574 4435 1678 4474 non
1721 4428 1915 4473 terram

334 4515 699 4577 nti-rieutium,
721 4514 816 4568 sed
847 4522 1040 4568 terram
1065 4512 1133 4568 de
1159 4528 1261 4584 qua
1285 4512 1486 4567 dictum
1513 4521 1615 4579 est,
1648 4510 1779 4583 Spes
1807 4528 1918 4565 mea

334 4622 385 4660 es
409 4617 484 4672 tu,
515 4606 680 4675 portio
703 4622 813 4659 mea
839 4605 893 4659 in
916 4613 1050 4659 terra
1068 4604 1338 4659 viventium
1368 4601 1537 4674 (Psal.
1567 4617 1714 4667 cxu,
1736 4600 1813 4674 6).
1837 4602 1919 4657 Ab

330 4695 435 4750 ista
474 4696 673 4765 quippe
718 4695 912 4765 pietate
942 4696 1286 4752 merebuntur
1311 4693 1548 4750 scientia:
1576 4693 1795 4765 gradum
1814 4735 1830 4760 ,
1860 4702 1922 4749 ut

336 4788 583 4842 noverint
623 4801 728 4840 non
765 4786 936 4840 solum
977 4786 1113 4840 mala
1156 4786 1545 4855 prtuteritoruni
1581 4794 1919 4857 peccatorum

336 4892 581 4943 suunuu,
607 4877 677 4932 de
696 4877 889 4946 quibus
915 4878 966 4931 in
1001 4878 1170 4948 primo
1192 4877 1357 4948 gradu
1389 4877 1715 4947 pestilentia:
1738 4878 1945 4950 dolore

337 4969 600 5024 ﬂeverunt
618 5009 635 5035 ,
662 4969 755 5025 sed
783 4970 945 5024 etiam
972 4969 1026 5025 in
1052 4985 1158 5041 quo
1184 4971 1324 5026 malo
1361 4971 1468 5026 sint
1493 4970 1652 5041 hujus
1678 4972 1921 5028 mortali-

337 5062 463 5117 tatis
488 5071 546 5117 et
567 5062 1013 5134 peregrinationis
1041 5078 1069 5117 a
1101 5064 1346 5131 Domino,
1367 5064 1527 5120 etiam
1553 5079 1674 5120 cum
1695 5061 1924 5122 felicitas

336 5154 617 5209 smeularis
637 5151 857 5210 arridet.
876 5153 1005 5209 Nam
1032 5153 1155 5209 ideo
1176 5155 1432 5225 scriptum
1463 5165 1565 5222 est,
1588 5157 1688 5225 Qui
1716 5159 1926 5229 apponit

334 5246 639 5312 scientiam,
682 5248 893 5319 apponit
931 5256 979 5301 et
1024 5248 1249 5301 dolorem
1293 5247 1498 5322 (Eccle.
1534 5265 1584 5315 ι,
1614 5251 1738 5321 18).
1783 5251 1928 5306 Beati

336 5338 484 5392 enim
513 5338 755 5408 lugentes,
786 5338 1021 5408 quoniam
1047 5339 1145 5408 ipsi
1170 5341 1579 5395 consolabuntur.
1602 5341 1729 5397 lude
1748 5358 1927 5397 assur—
2000 5398 2008 5405 ,

337 5442 475 5500 gnat
508 5430 575 5484 ad
611 5429 974 5485 fortitudinem
995 5474 1010 5494 ,
1034 5442 1089 5486 nt
1115 5432 1343 5487 mundus
1369 5433 1445 5487 eis
1472 5429 1840 5505 cruciﬁga'tur,
1873 5444 1927 5490 et

339 5523 443 5592 ipsi
485 5521 717 5587 mundo,
760 5531 815 5575 ut
857 5521 908 5576 in
949 5521 1105 5591 hujus
1135 5523 1254 5576 vitre
1291 5524 1639 5593 perversitate
1669 5534 1725 5580 et
1751 5526 1925 5580 abun-

338 5613 524 5669 dautia
553 5613 843 5689 iniquitatis
875 5613 1107 5668 charitas
1139 5628 1241 5668 non
1275 5613 1619 5685 refrigescat;
1660 5616 1752 5672 sed
1791 5618 1929 5673 tole-

342 5716 495 5760 retur
528 5705 695 5763 fames
722 5706 943 5778 sitisque
968 5703 1187 5775 justitia'
1208 5747 1220 5771 ,
1248 5706 1417 5762 donec
1446 5705 1509 5761 ad
1538 5707 1650 5777 ejus
1676 5709 1921 5763 saturita-

1677 273 1903 331 SElUlO
1940 270 2299 331 CCCXLVllI.

3478 291 3612 347 l5‘26

2030 398 2135 445 tem
2160 390 2404 448 veniatur
2432 392 2483 448 in
2514 390 2602 449 illa
2633 394 3030 452 immortalitate
3070 408 3373 455 sanctorum
3400 443 3410 466 ,
3438 413 3494 457 et
3522 420 3610 460 so-

2026 481 2216 538 cietate
2249 483 2593 554 Angelorum.
2627 484 2771 541 Beati
2795 488 2936 543 enim
2976 488 3062 559 qui
3094 492 3319 545 esuriant
3352 504 3398 546 et
3431 496 3609 551 sitiunt

2017 573 2271 642 justitiam
2294 616 2309 641 ,
2337 576 2574 644 quoniam
2600 576 2698 647 ipsi
2724 579 3084 634 saturabuntur
3115 580 3329 650 (Matth.
3355 600 3406 646 ν.
3437 584 3503 650 5,
3529 587 3607 657 6).

2026 664 2403 723 Verumtamen
2441 677 2657 739 propter
2690 670 3107 741 inquietudinem
3142 676 3522 744 tentatiounm,
3554 688 3608 733 et

2024 756 2166 825 quod
2215 757 2415 813 dictum
2449 767 2552 826 est,
2580 759 2671 817 Vw
2710 762 2899 818 mundo
2943 764 3006 818 ab
3049 767 3302 822 scandulis
3323 766 3432 841 (Id.
3456 785 3609 837 xvtu,

2025 845 2123 917 7);
2150 848 2194 901 si
2234 864 2333 919 qua
2372 849 2509 905 forte
2539 850 2732 908 delicta
2761 855 3060 911 minutatim
3101 857 3389 929 furtimque
3423 862 3611 917 subre-

2024 945 2189 1005 punt,
2221 940 2411 1008 quibus
2441 940 2670 996 humana
2702 955 3104 1016 praeoccupatur
3132 948 3442 1018 inﬁrmitas,
3476 968 3607 1007 con-

2023 1027 2196 1082 silium
2230 1028 2421 1085 deesse
2449 1046 2553 1085 non
2585 1032 2764 1087 debet.
2802 1034 2987 1106 Neque
3022 1038 3162 1091 enim
3194 1032 3395 1094 tantum
3434 1051 3612 1110 potest

2022 1119 2075 1175 in
2104 1120 2204 1175 ista
2228 1122 2440 1177 mortali
2472 1123 2576 1177 vita
2598 1124 2687 1179 ille
2711 1124 3034 1182 fortitudinis
3058 1129 3273 1199 gradus,
3297 1141 3353 1185 ut
3375 1131 3464 1201 qui
3488 1147 3607 1186 cum

2021 1211 2349 1266 astutissime
2379 1213 2689 1269 adversario
2715 1218 2965 1271 continua
3002 1219 3293 1273 certatione
3334 1220 3569 1289 conﬁigit
3594 1263 3606 1284 .

2020 1316 2126 1357 non
2165 1304 2449 1373 aliquando
2483 1304 2705 1361 feriatur
2736 1325 2748 1360 :
2780 1308 3010 1363 maxime
3038 1324 3135 1380 per
3161 1310 3482 1365 tentationes
3504 1311 3606 1365 lin-

2019 1411 2170 1466 gum,
2201 1398 2291 1452 ubi
2318 1398 2360 1451 si
2400 1399 2582 1453 dixerit
2615 1402 2725 1470 quis
2752 1402 2900 1471 fratri
2940 1418 3032 1456 suo
3053 1443 3067 1467 ,
3116 1400 3316 1468 Fatue;
3362 1420 3476 1456 reus
3514 1405 3607 1458 erit

2019 1488 2259 1557 gehenna:
2284 1489 2431 1559 ignis.
2463 1488 2575 1560 (Id.
2608 1506 2661 1557 v,
2695 1490 2808 1562 εἳ).
2837 1490 2989 1559 Quod
3017 1501 3099 1547 est
3128 1507 3256 1563 ergo
3284 1493 3563 1547 consilium
3588 1535 3601 1557 ,

2020 1578 2121 1633 nisi
2151 1578 2290 1648 quod
2318 1580 2572 1636 Dominus
2592 1580 2752 1646 dicit,
2778 1580 3028 1635 Dimittite
3050 1624 3065 1650 ,
3095 1591 3141 1635 et
3165 1582 3442 1636 dimittetur
3462 1582 3598 1637 vobis

2020 1669 2171 1740 (Luc.
2211 1686 2298 1736 vt,
2343 1672 2476 1743 57)?
2524 1671 2595 1726 Et
2633 1671 2756 1727 ideo
2790 1673 2928 1727 sicut
2967 1673 3017 1727 in
3056 1672 3309 1742 gradibus
3338 1688 3472 1742 quos
3512 1689 3606 1742 per

2019 1761 2206 1816 lsaiam
2233 1761 2508 1827 discimus,
2532 1762 2773 1832 quintum
2804 1773 2887 1818 est
2909 1764 3221 1829 consilium;
3245 1764 3324 1819 sic
3348 1764 3398 1817 in
3423 1764 3601 1816 Evan-

2018 1851 2157 1921 gelio
2179 1852 2231 1905 in
2256 1852 2363 1906 illis
2386 1850 2726 1908 beatitudinis
2752 1853 2992 1908 laudibus
3014 1856 3197 1924 quinto
3224 1855 3343 1908 loco
3366 1855 3600 1924 ponitur,

2018 1940 2164 1996 Beati
2192 1942 2538 1997 misericordes
2557 1984 2572 2008 ,
2602 1943 2843 2015 quoniam
2868 1945 2965 2013 ipsi
2988 1944 3388 1999 misericordiam
3428 1961 3602 1999 conse-

2017 2040 2249 2101 quentur.
2291 2032 2484 2088 Sextus
2517 2042 2601 2088 est
2634 2034 2774 2104 apud
2808 2032 2996 2089 lsaiam
3037 2035 3336 2090 intellectus
3365 2052 3379 2090 :
3409 2034 3495 2089 ubi
3536 2035 3604 2090 ab

2018 2122 2163 2176 omni
2185 2122 2416 2178 falsitate
2443 2123 2672 2178 carnalis
2702 2123 2948 2178 vanitatis
2968 2122 3130 2179 corda
3167 2123 3509 2189 mandantur,
3546 2132 3605 2177 ut

2019 2228 2149 2283 pura
2178 2214 2401 2269 intentio
2422 2213 2679 2285 dirigatur
2707 2216 2757 2269 in
2787 2217 2968 2270 ﬁnem.
2996 2216 3285 2285 Propterea
3313 2227 3463 2271 sexto
3488 2218 3604 2272 loco

2018 2306 2176 2359 etiam
2203 2306 2456 2360 Dominus
2486 2307 2637 2371 dixit,
2665 2305 2810 2360 Beati
2840 2307 3027 2361 mundo
3053 2308 3219 2374 corde,
3245 2312 3480 2375 quoniam
3505 2309 3603 2376 ipsi

2018 2396 2185 2451 Deum
2210 2397 2446 2450 videbunt
2478 2397 2691 2468 (Matth.
2722 2414 2753 2449 v
2772 2439 2787 2464 ,
2816 2399 2846 2451 7
2870 2440 2884 2463 ,
2922 2399 3002 2467 8).
3033 2399 3165 2454 Cum
3194 2415 3319 2454 vero
3348 2401 3412 2454 ad
3442 2400 3600 2456 ﬁnem

2019 2497 2330 2558 perventum
2359 2487 2535 2552 fuerit,
2562 2489 2671 2557 jam
2700 2489 3011 2543 consistitur
3031 2530 3045 2553 ,
3068 2489 3179 2560 jam
3218 2491 3599 2561 requiescitur,

2013 2578 2123 2648 jam
2153 2593 2338 2633 secura
2366 2593 2496 2647 pace
2522 2579 2897 2649 triumphatur.
2924 2580 2991 2635 Et
3011 2581 3129 2651 quis
3157 2581 3296 2645 ﬁnis,
3325 2582 3426 2637 nisi
3458 2582 3601 2637 Deus

2017 2667 2299 2724 Christus?
2326 2666 2474 2723 Finis
2503 2668 2646 2723 enim
2667 2669 2788 2739 legis
2816 2668 3067 2733 Christus,
3092 2670 3161 2723 ad
3185 2672 3439 2743 justitiam
3464 2673 3603 2727 omni

2017 2757 2236 2811 credenti
2259 2756 2433 2830 (Rom.
2459 2773 2519 2826 x,
2549 2758 2629 2830 4).
2655 2758 2723 2813 Et
2747 2758 3005 2829 sapientia
3035 2759 3126 2815 Dei
3152 2760 3290 2828 quis,
3317 2761 3418 2815 nisi
3447 2761 3602 2816 Chri-

2018 2851 2169 2905 stus?
2204 2851 2271 2906 Et
2306 2851 2449 2906 filius
2485 2852 2580 2907 Dei
2617 2852 2772 2922 quis,
2800 2853 2900 2908 nisi
2932 2841 3215 2908 Christus?
3259 2853 3313 2909 In
3348 2855 3438 2908 illo
3477 2870 3603 2926 ergo

2018 2945 2307 3011 sapientes,
2338 2951 2393 2997 et
2422 2942 2475 2996 in
2506 2943 2600 2997 illo
2634 2942 2726 2997 ﬁlii
2757 2943 2848 2998 Dei
2876 2942 3041 3009 ﬁunt,
3071 2943 3392 3015 quicumque
3424 2944 3553 2999 ﬁunt
3586 2964 3600 2999 :

2017 3042 2073 3088 et
2102 3033 2215 3089 haec
2241 3044 2323 3091 est
2347 3048 2447 3104 pax
2476 3035 2632 3105 plena
2661 3042 2821 3105 atque
2851 3044 3127 3106 perpetua.
3158 3035 3281 3090 ldeo
3315 3052 3436 3091 eum
3462 3037 3601 3106 apud

2017 3125 2207 3181 lsaiam
2235 3125 2307 3180 sit
2332 3125 2558 3195 scptima
2578 3126 2841 3196 sapientia
2861 3111 3071 3181 sursum
3097 3141 3284 3181 versus
3311 3126 3605 3182 ascenden-

2019 3215 2159 3272 tibus
2179 3256 2194 3281 ,
2224 3214 2365 3271 unde
2393 3216 2557 3286 cmpit
2587 3216 2701 3286 ipse
2737 3215 2804 3271 ad
2836 3231 2933 3271 nos
2967 3215 3209 3272 docendo
3245 3216 3600 3280 descendere;

2020 3307 2250 3377 septimo
2279 3308 2438 3362 etiam
2470 3307 2589 3362 loco
2620 3307 2881 3362 Dominus
2907 3308 2995 3376 qui
3038 3323 3135 3360 nos
3166 3308 3324 3377 erigit
3345 3348 3358 3372 ,
3391 3309 3601 3376 posuit.

2018 3396 2162 3451 Beati
2183 3398 2405 3465 paciﬁci,
2430 3397 2670 3466 quoniam
2695 3397 2791 3465 ﬁlii
2820 3395 2917 3449 Dei
2944 3397 3273 3449 vocabuntur.
3309 3396 3414 3450 llas
3445 3397 3603 3466 igitur

2018 3487 2402 3558 promissiones
2427 3486 2686 3542 habentes
2703 3528 2717 3552 ,
2750 3493 2806 3541 et
2834 3485 2917 3540 bis
2945 3484 3198 3556 gradibus
3225 3485 3507 3541 tendentes
3536 3486 3603 3540 ad

2018 3578 2336 3644 Dominum,
2361 3576 2539 3631 omnia
2580 3576 2765 3632 mundi
2809 3575 2965 3646 hujus
3002 3588 3191 3646 aspera
3225 3586 3277 3634 et
3307 3576 3438 3632 dura
3470 3578 3605 3653 tole-

2019 3684 2233 3735 remus,
2276 3683 2376 3723 nec
2417 3683 2515 3722 nos
2552 3668 2669 3737 ejus
2718 3667 2925 3739 frangat
2961 3668 3197 3734 saevitia,
3226 3683 3329 3738 qua
3368 3668 3507 3722 victa
3551 3669 3607 3722 in

2019 3770 2218 3816 aeterna
2247 3774 2376 3830 pace
2406 3758 2775 3831 gaudebimus.
2808 3760 2889 3815 Ad
2930 3761 3033 3816 hoc
3072 3775 3170 3816 nos
3204 3761 3346 3816 enim
3372 3762 3483 3830 jam
3510 3760 3604 3816 de-

2020 3860 2319 3906 monstrato
2350 3851 2455 3905 ﬁne
2480 3849 2794 3905 cohortatur
2819 3860 3005 3905 octava
3032 3853 3315 3919 sententia,
3348 3850 3495 3906 Beati
3521 3852 3607 3921 qui

2021 3941 2414 4013 persecutionem
2465 3941 2729 4010 patiuntur
2783 3949 2987 4011 propter
3040 3942 3285 4006 justitiam
3306 3980 3320 4005 ,
3369 3941 3606 4013 quoniam

2021 4034 2248 4102 ipsorum
2277 4040 2348 4085 est
2378 4047 2587 4100 regnum
2614 4032 2853 4084 calorum
2883 4030 3094 4100 (Matth.
3126 4048 3177 4097 ν,
3210 4033 3263 4099 9,
3298 4032 3407 4100 10).

2421 4120 2649 4178 senuo
2686 4120 3019 4177 cccxmu
3046 4126 3063 4145 ο
3089 4123 3189 4192 (α).

2526 4212 2604 4267 De
2630 4214 2807 4268 timore
2829 4213 2945 4279 Dei,
2975 4231 3009 4270 tt
3040 4214 3135 4287 (b).

2100 4304 2326 4361 CAPUT
2366 4303 2650 4361 PRIMUM.
2679 4294 2750 4345 €—
2776 4306 2829 4360 1.
2858 4304 3061 4360 Timore
3099 4306 3196 4360 Dei
3222 4308 3465 4378 fortitudo
3493 4326 3609 4364 vera

2022 4405 2362 4466 comparatur.
2408 4394 2579 4450 Timor
2625 4396 2869 4452 charitate
2917 4398 3176 4469 pellendus
3230 4416 3331 4455 non
3370 4402 3605 4456 vanitate.

2022 4488 2138 4545 Non
2181 4487 2385 4554 dubito,
2430 4485 2763 4542 dilectissimi
2812 4487 3023 4567 fratres,
3069 4490 3283 4543 insitum
3313 4504 3436 4546 esse
3485 4506 3608 4548 cor-

2022 4579 2179 4636 dibus
2226 4578 2419 4633 vestris
2444 4578 2714 4633 'timorem
2771 4579 2883 4639 Dei.
2920 4595 3025 4648 quo
3075 4581 3140 4634 ad
3177 4597 3359 4636 veram
3389 4590 3445 4637 et
3471 4585 3605 4639 soli-

2024 4671 2148 4728 dam
2175 4669 2541 4725 fortitudincm
2569 4669 2952 4739 perducamini.
2984 4673 3118 4725 Cum
3150 4673 3291 4727 enim
3334 4674 3488 4730 fortis
3518 4676 3607 4733 ille

2026 4764 2255 4828 dicatur,
2281 4762 2371 4832 qui
2401 4762 2670 4818 neminem
2700 4763 2880 4827 timet;
2915 4778 3166 4834 perverse
3199 4765 3349 4821 furtis
3377 4778 3491 4835 est,
3522 4771 3609 4841 qui

2027 4856 2205 4927 primo
2233 4854 2401 4909 Deum
2424 4868 2536 4924 non
2560 4854 2674 4909 vult
2701 4855 2909 4921 timere,
2937 4866 2996 4911 ut
3026 4858 3263 4913 timendo
3290 4860 3484 4926 audiat,
3513 4876 3606 4915 au-

1994 4994 1997 4998 .
2028 4945 2227 5002 diendo
2260 4944 2482 5016 diligat,
2527 4952 2583 4999 et
2621 4944 2893 5016 diligendo
2935 4964 3041 5003 non
3087 4949 3289 5004 timeat.
3321 4951 3469 5006 Tunc
3509 4953 3615 5007 erit

2030 5051 2158 5094 vere
2186 5035 2529 5102 fortissimus,
2555 5052 2663 5092 non
2691 5037 2923 5110 superba
2948 5038 3162 5105 duritia,
3192 5040 3284 5096 sed
3318 5055 3503 5097 secura
3531 5041 3616 5111 ju-

2096 5169 2113 5191 '
2131 5168 2420 5238 emendatus
2440 5168 2498 5238 ad
2524 5170 2723 5221 eosdem
2744 5178 2851 5222 Mss.
2883 5179 2935 5223 et
2966 5173 3077 5224 Edd.
3104 5174 3152 5223 in
3172 5186 3399 5225 sermone
3428 5188 3615 5238 maece-

2031 5230 2167 5281 denti
2189 5231 2331 5293 modo
2351 5230 2645 5293 designatos.
2716 5292 2721 5293 7
3272 5258 3277 5259 ί

2096 5293 2170 5415 iii
2195 5291 2812 5415 ἒξὶέῗρῗὲηξῗᾶῗιῖιῗιὲἸῑ

2118 5352 2168 5414 b)
2201 5354 2319 5424 gitat
2341 5352 2504 5424 [floros
2523 5352 2584 5424 a_d
2600 5363 2726 5424 nom.
2770 5370 2835 5405 xi.
2854 5356 2947 5424 _S_e_d
2985 5357 3114 5409 hunc
3135 5373 3411 5424 sermonem
3428 5397 3443 5421 ,
3469 5374 3618 5424 quem

2036 5413 2331 5484 augustinus
2352 5414 2399 5484 in
2424 5413 2520 5464 line
2545 5413 2815 5484 longiorem
2836 5416 2977 5479 dicit,
3017 5424 3260 5471 nescimus
3280 5434 3341 5484 an
3374 5413 3619 5484 integrum

2036 5475 2331 5546 hic’ltabeas.
2349 5482 2491 5546 certe
2509 5475 2661 5546 multo
2684 5480 2878 5527 brevior
2904 5475 3081 5546 eratin
3105 5486 3237 5545 prius
3260 5483 3423 5546 editis,
3445 5475 3619 5546 1ιῖᾳυί-

2037 5536 2130 5608 lius
2154 5537 2199 5585 id
2246 5545 2399 5608 totum
2421 5537 2757 5608 desideratur,
2803 5541 3077 5608 quod__ante
3100 5536 3243 5607 caput
3282 5536 3478 5594 tertium
3497 5581 3513 5605 ,
3532 5536 3621 5597 'ab

2038 5599 2156 5670 istis.
2166 5599 2348 5670 verbis,
2380 5614 2403 5644 ι
2425 5606 2719 5670 Quapropter
2744 5599 2969 5670 irridendi
2994 5612 3124 5663 sttnt,
3149 5599 3173 5650 ii
3204 5614 3322 5670 etc.,
3348 5619 3396 5654 n.
3423 5608 3454 5656 5
3470 5641 3485 5666 ,
3501 5599 3623 5670 ὀοηο

2040 5664 2240 5768 ωιηθιῖξτ.
2285 5667 2379 5709 Iloc
2419 5674 2511 5710 nos
2550 5664 2825 5712 restitutum
2872 5664 2996 5715 imus
3036 5680 3099 5715 ex
3148 5669 3301 5720 veleri
3341 5664 3506 5722 codice
3539 5669 3623 5721 Mi:-

2042 5733 2161 5768 cme
2185 5735 2276 5768 lllO.

2042 5733 2276 5774 ςιιουιιηο.
