3996 6192
412 348 434 401 I
444 346 546 403 5‘27

410 458 573 516 stitia.
594 455 681 511 Sic
694 453 1115 521 etiamseriptum
1130 456 1230 514 est,
1253 445 1425 500 Timor
1448 442 1666 504 Domini,
1697 458 1808 510 spes
1837 437 1984 499 forti-

417 548 608 603 tudinis
625 542 806 617 (Prov.
828 558 944 605 xw,
960 538 1073 612 26).
1091 538 1222 595 Cum
1244 535 1384 589 enim
1413 534 1627 587 timetur
1648 547 1800 601 pcena
1826 545 1983 600 quam

420 638 673 703 minatur,
698 636 916 691 discitur
940 630 1105 686 amari
1131 626 1405 699 prtemium
1427 622 1567 694 quod
1594 622 1903 692 pollicetur:
1928 632 1990 672 ac

326 744 339 799 ς»
420 728 501 784 sic
535 742 629 798 per
657 726 897 780 timorem
932 733 1104 793 pana:
1142 718 1276 771 bona
1317 714 1421 767 vita
1455 713 1741 774 retinetur;
1774 725 1868 781 per
1892 709 1991 799 bo-

421 833 542 872 nam
574 816 732 870 vitam
761 813 897 868 bona
923 806 1245 863 conscientia
1280 812 1638 873 comparatur,
1678 809 1734 854 ut
1777 814 1868 868 per
1901 798 1995 851 bo-

420 922 545 963 nam
576 901 952 959 conscientiam
997 896 1138 951 nulla
1185 909 1339 965 poena
1371 895 1633 947 timeatur.
1663 892 1996 959 Quapropter

425 998 592 1057 discat
617 994 826 1057 timere,
856 990 945 1062 qui
975 1004 1077 1043 non
1105 988 1213 1041 vult
1242 987 1448 1040 timere.
1489 984 1665 1038 Discat
1690 981 1756 1035 ad
1789 990 1998 1049 tempus

427 1103 544 1144 esse
567 1085 846 1150 sollicitus,
869 1082 957 1152 qui
980 1095 1189 1150 semper
1215 1079 1325 1133 vult
1349 1092 1468 1132 esse
1492 1091 1728 1131 securus.
1760 1073 1830 1129 Ut
1853 1073 1997 1128 enim

424 1178 552 1232 dicit
576 1176 827 1237 Joannes,
868 1170 1043 1225 Timor
1083 1186 1182 1223 non
1209 1178 1279 1222 est
1304 1168 1355 1220 in
1381 1167 1643 1230 clmrilate,
1667 1164 1754 1216 scd
1779 1166 1999 1233 perfecta

425 1266 645 1321 citat-itas
687 1262 822 1332 foras
853 1261 999 1313 mittit
1025 1259 1248 1312 timorem
1279 1257 1335 1327 (l
1374 1254 1529 1309 Joan.
1576 1270 1649 1320 tv,
1696 1253 1762 1307 18
1786 1252 1823 1321 ).
1862 1251 2002 1305 Dixit

427 1372 575 1421 sane,
604 1365 658 1410 et
680 1353 938 1408 veraciter
967 1351 1119 1405 dixit.
1150 1348 1207 1404 Si
1235 1362 1362 1417 ergo
1382 1345 1579 1401 habere
1607 1359 1711 1399 non
1740 1343 1822 1397 vis
1849 1343 2004 1396 timo-

429 1462 560 1507 rem,
593 1443 740 1515 prius
767 1442 884 1496 vide
923 1449 1097 1495 utrum
1123 1438 1233 1509 jam
1271 1437 1557 1509 perfectam
1590 1435 1787 1490 habeas
1824 1433 2003 1488 chari-

429 1542 615 1598 tatem,
642 1547 759 1603 qua:
787 1531 928 1586 foras
953 1528 1115 1583 mittit
1143 1528 1406 1582 timorem.
1449 1526 1502 1581 Si
1534 1540 1658 1579 vero
1696 1533 1820 1579 ante
1849 1524 2004 1578 istaut

434 1622 815 1696 perfectionem
863 1620 1021 1673 timor
1062 1616 1377 1682 excluditur,
1410 1614 1656 1685 superbia
1701 1613 1866 1677 inﬂat,
1898 1628 2006 1667 non

434 1714 664 1768 charitas
690 1712 935 1766 aedificat.
974 1708 1106 1765 Nam
1152 1707 1292 1761 sicut
1332 1707 1382 1759 in
1421 1706 1557 1759 bona
1587 1702 1887 1759 valetudine
1926 1702 2006 1756 fa-

432 1820 548 1861 mes
577 1820 680 1859 non
709 1802 937 1868 fastidio,
957 1800 1051 1857 sed
1076 1799 1196 1854 cibo
1220 1798 1459 1867 pellitur;
1486 1798 1557 1851 ita
1583 1796 1636 1850 in
1664 1794 1805 1849 bona
1829 1802 2009 1848 mente

432 1896 595 1950 timor
619 1909 724 1948 non
754 1892 1009 1960 vanitate,
1038 1888 1132 1945 sed
1161 1887 1420 1942 charitale
1445 1884 1721 1955 pellendus
1746 1892 1847 1939 est.

503 1982 726 2040 CAPUT
768 1983 831 2037 Il.
856 2012 929 2023 —
953 1981 1010 2035 2.
1042 1978 1246 2034 Timore
1268 1992 1456 2045 carere,
1478 1993 1579 2049 qua
1603 1976 1868 2029 dilectione
1890 1989 2009 2027 con-

436 2077 615 2146 tingat,
630 2073 1013 2129 discutiendum.
1031 2071 1242 2126 Discute
1260 2070 1435 2139 itaque
1451 2066 1825 2122 conscientiam
1843 2072 2005 2127 tuam,

439 2168 678 2237 quisquis
707 2167 895 2220 timere
920 2164 1030 2235 jam
1061 2178 1166 2217 non
1204 2162 1305 2216 vis.
1334 2159 1450 2215 Noli
1492 2157 1825 2229 superficiem
1866 2169 2012 2209 com-

439 2257 676 2326 palpare,
708 2253 969 2310 descende
996 2254 1046 2307 in
1077 2262 1146 2319 te,
1176 2259 1396 2325 penetra
1427 2247 1680 2304 interiora
1708 2245 1884 2303 cordis
1913 2245 2007 2299 tui.

440 2350 655 2403 [limare
684 2347 981 2417 diligenter,
1023 2355 1199 2401 utrum
1244 2342 1385 2397 nulla
1412 2341 1482 2395 ibi
1507 2354 1638 2395 vena
1660 2346 1912 2394 venenata
1937 2346 2014 2388 ta-

442 2438 656 2493 bificum
686 2451 923 2491 amorem
952 2435 1132 2490 saeculi
1157 2441 1310 2503 sugat
1332 2440 1387 2487 et
1412 2431 1646 2495 sorbeat,
1667 2437 1841 2484 utrum
1870 2426 2013 2480 nulla

436 2528 666 2583 carnalis
707 2526 995 2597 voluptatis
1044 2521 1308 2578 movearis
1353 2529 1407 2575 et
1447 2519 1674 2588 capiaris
1720 2516 2010 2580 illecebra,

441 2618 581 2672 nulla
609 2617 751 2672 inani
786 2614 1038 2686 jactantia
1087 2612 1321 2667 tumidus
1365 2608 1656 2673 extollaris,
1700 2607 1843 2660 nulla
1886 2621 2013 2660 cura

443 2710 691 2764 vanitatis
716 2716 981 2763 exmstues
1007 2724 1021 2760 :
1050 2704 1248 2759 audeas
1278 2701 1522 2756 nuntiare
1550 2713 1737 2769 purum
1768 2711 1830 2750 ac
1854 2697 2010 2765 liqui-

440 2802 566 2856 dum
609 2810 659 2855 te
692 2800 872 2854 videre
897 2840 911 2865 ,
950 2795 1204 2868 quidquid
1235 2793 1554 2848 latebrarum
1599 2791 1650 2843 in
1690 2786 2012 2842 conscientia

450 2890 817 2962 perscrutarls,
845 2905 874 2942 a
892 2889 1061 2951 factis,
1081 2902 1108 2941 a
1127 2886 1304 2954 dictis,
1322 2900 1350 2939 a
1371 2881 1775 2951 cogitationibus
1802 2879 2010 2949 pravis;

439 2985 483 3038 si
510 2984 619 3053 jam
646 2981 933 3052 iniquitatis
961 2977 1229 3049 diligentia
1261 2991 1364 3031 non
1401 2972 1612 3043 fatigat,
1652 2980 1824 3024 utrum
1852 2969 2015 3038 mqui-

441 3075 564 3129 tatis
590 3072 903 3144 negligentia
930 3070 1075 3124 nulla
1101 3069 1371 3137 subrepat.
1394 3065 1449 3120 Si
1478 3065 1591 3117 lucc
1611 3061 1681 3116 ita
1706 3067 1848 3126 sunt,
1870 3068 2016 3113 recte

442 3164 659 3234 gaudes,
692 3163 861 3234 gaude
887 3175 1008 3217 esse
1038 3170 1088 3215 te
1117 3159 1232 3213 sine
1264 3158 1474 3212 timore.
1504 3151 1801 3208 Excluserit
1838 3159 2014 3204 autem

438 3269 561 3307 eum
605 3252 837 3308 charitas
864 3249 983 3315 Dei,
1026 3262 1183 3319 quem
1218 3245 1391 3315 diligis
1425 3259 1490 3298 ex
1518 3250 1627 3296 toto
1653 3239 1839 3305 corde,
1868 3247 1922 3293 et
1949 3253 2015 3293 ex

441 3350 548 3397 tota
576 3342 771 3409 anima,
801 3349 856 3396 et
879 3357 942 3394 ex
973 3348 1079 3394 tota
1120 3344 1298 3392 mente
1327 3344 1433 3390 tua.
1482 3331 1782 3387 Exeluserit
1809 3346 1931 3387 eum
1962 3340 2014 3384 et

441 3434 672 3487 charitas
702 3432 947 3502 proximi,
975 3445 1131 3500 quem
1159 3428 1331 3498 diligis
1361 3436 1608 3496 tanquam
1641 3433 1691 3479 te
1720 3425 1890 3493 ipsum
1919 3440 1932 3476 ε
1965 3432 2017 3477 et

440 3523 564 3579 ideo
593 3538 690 3597 pro
730 3523 821 3577 illo
863 3523 1076 3593 satagis,
1109 3528 1167 3574 ut
1213 3521 1370 3574 etiam
1417 3519 1529 3587 ipse
1576 3526 1746 3572 tecum
1795 3531 1860 3571 ex
1908 3523 2018 3569 toto

439 3614 620 3679 corde,
648 3628 714 3668 ex
741 3621 849 3666 tcta
877 3611 1081 3675 anima,
1114 3625 1179 3663 ex
1218 3617 1325 3662 tota
1370 3615 1548 3660 mente
1586 3605 1769 3674 diligat
1815 3605 2013 3668 Deum;

441 3705 697 3777 quianon
728 3703 882 3756 aliter
913 3712 1057 3755 recte
1094 3699 1267 3768 diligis
1308 3707 1360 3751 et
1406 3705 1459 3751 te
1504 3697 1698 3765 ipsum,
1746 3696 1846 3749 nisi
1893 3695 2015 3764 quia

441 3797 519 3850 sic
543 3794 717 3865 diligis
740 3793 926 3858 Deum,
954 3798 1009 3846 ut
1031 3804 1133 3844 non
1161 3798 1437 3859 propterea
1463 3786 1639 3840 minus
1661 3800 1781 3839 eum
1805 3785 2013 3854 diligas,

443 3887 563 3954 quia
591 3884 919 3940 converteris
947 3883 1031 3937 vel
1060 3881 1124 3936 ad
1158 3889 1209 3936 te
1234 3880 1426 3951 ipsum.
1471 3876 1529 3932 Si
1557 3885 1732 3930 autem
1776 3875 2016 3945 quamvis

446 3978 582 4030 intra
615 3986 666 4031 te
691 3976 861 4045 ipsum
893 3975 1034 4029 nulla
1060 3971 1284 4027 irritaris
1334 3969 1620 4040 cupiditate
1644 3969 1661 3999 ²
1689 3967 1871 4037 (quod
1897 3968 2015 4037 qui-

441 4068 561 4122 dem
587 4067 652 4123 de
677 4082 735 4122 se
763 4065 880 4135 quis
909 4063 1101 4119 audeat
1125 4060 1372 4134 gloriari?
1396 4060 1436 4130 ),
1467 4069 1642 4113 tamen
1661 4057 1706 4112 si
1747 4066 1798 4111 te
1842 4057 2014 4127 ipsum

444 4159 495 4212 in
528 4168 578 4212 te
608 4158 721 4227 ipso
746 4156 944 4226 diligis,
976 4162 1029 4210 et
1057 4154 1125 4209 de
1147 4162 1199 4208 te
1225 4152 1339 4222 ipso
1365 4150 1458 4205 tibi
1486 4149 1684 4219 places.
1715 4147 1816 4202 hoc
1842 4148 2013 4217 ipsum

442 4246 807 4302 vehementius
854 4245 1038 4299 timere
1088 4242 1286 4306 debes,
1331 4239 1453 4309 quia
1497 4237 1625 4292 nihil
1673 4237 1847 4291 times.
1899 4236 2011 4290 Non

442 4338 582 4392 enim
612 4349 943 4405 quacumque
984 4332 1268 4387 dilectione
1311 4328 1450 4383 foras
1496 4326 1784 4381 mittendus
1826 4334 1910 4381 est
1952 4327 2016 4380 ti-

444 4440 579 4489 mor,
607 4423 698 4479 sed
726 4431 869 4477 recta
897 4421 1179 4476 dilectione
1213 4433 1313 4488 qua
1346 4425 1451 4471 tota
1473 4417 1493 4449 ¹
1524 4415 1789 4486 diligimus
1828 4415 2015 4481 Deum,

445 4528 499 4570 et
528 4524 802 4585 propterea
832 4512 1150 4582 proximum,
1179 4519 1237 4563 ut
1265 4509 1343 4563 sic
1372 4517 1424 4563 et
1454 4507 1567 4576 ipse
1606 4507 1788 4574 diligat
1828 4506 2013 4561 Deum.

445 4608 515 4662 Sc
544 4616 718 4659 autem
750 4604 802 4657 in
833 4617 890 4657 se
918 4601 1160 4671 diligere,
1190 4607 1244 4653 et
1273 4598 1371 4652 sibi
1412 4585 1644 4666 piace're,
1674 4610 1780 4649 non
1809 4604 1892 4650 est
1924 4593 2014 4663 ju-

444 4695 601 4749 stitia:
625 4692 873 4758 eharitas,
896 4690 991 4746 sed
1018 4689 1281 4758 superbiai
1308 4688 1533 4741 vanitas.
1549 4687 1626 4740 Ac
1646 4700 1740 4755 per
1760 4685 1862 4741 hoc
1883 4686 2018 4753 Apo-

386 4822 391 4827 ι
444 4786 611 4841 stolas
635 4784 778 4854 justa
804 4781 1219 4852 reprehensione
1242 4779 1505 4849 percussit
1526 4792 1585 4832 se
1611 4777 1755 4846 ipsos
1779 4785 2016 4830 amantes

442 4885 499 4931 et
520 4874 617 4930 sibi
643 4874 907 4943 placentes
928 4869 947 4942 (
968 4871 1010 4926 ll
1040 4871 1165 4924 Tim.
1196 4885 1274 4935 tu,
1308 4870 1449 4938 1-5).
1472 4868 1708 4938 Perfecta
1731 4881 1860 4937 ergo
1888 4866 2014 4920 cha-

443 4966 567 5019 rita:
588 4968 725 5033 foras
746 4962 894 5015 mittit
920 4961 1165 5014 timorem.
1192 4957 1299 5013 Sed
1324 4972 1387 5012 ea
1409 4956 1630 5011 dicenda
1654 4966 1736 5011 est
1760 4956 2012 5021 cbaritas,

443 5071 562 5125 quzc
588 5068 691 5107 non
730 5061 813 5107 est
838 5052 1030 5106 vilitas.
1056 5048 1194 5117 Quid
1232 5057 1409 5102 autem
1454 5047 1613 5101 vilius
1655 5062 1811 5116 quam
1857 5047 2016 5101 homo

445 5148 558 5200 sine
585 5143 728 5199 beo?
758 5142 896 5197 Ecce
921 5139 1044 5211 quid
1070 5148 1232 5201 amat,
1264 5138 1353 5207 qui
1382 5153 1439 5191 se
1471 5137 1638 5204 ipsum
1668 5151 1770 5189 non
1802 5136 1852 5189 in
1884 5136 2012 5201 Deo,

443 5236 537 5291 sed
568 5234 704 5290 inse
733 5232 846 5301 ipso
872 5238 1034 5284 amat.
1076 5228 1239 5282 Recte
1284 5227 1405 5281 huic
1442 5225 1652 5289 dicitur,
1696 5224 1821 5278 Noli
1858 5227 2017 5278 altunt

445 5339 634 5394 sapere,
666 5320 753 5375 sed
779 5321 896 5373 time
920 5318 1094 5391 (Rom.
1122 5334 1197 5384 ιι,
1237 5315 1308 5370 20
1333 5313 1374 5387 ).
1401 5314 1531 5382 Quia
1562 5314 1701 5368 enim
1733 5314 1897 5367 altum
1926 5330 2007 5367 sa:

446 5416 541 5486 pit,
568 5423 624 5471 et
648 5414 767 5469 ideo
796 5427 899 5466 non
930 5411 1109 5473 timet,
1139 5410 1319 5478 utique
1361 5406 1657 5477 perniciose
1700 5422 1801 5459 non
1847 5407 2012 5471 timet,

443 5504 533 5573 qui
559 5517 666 5557 non
694 5503 745 5556 in
767 5500 938 5557 solido
962 5499 1270 5560 collocatur,
1294 5496 1387 5551 sed
1416 5497 1538 5551 ilatu
1562 5495 1823 5566 superbim
1844 5497 2015 5550 venti-
2065 5504 2085 5525 '

509 5613 523 5644 ι
548 5608 852 5662 ltichaelinus
880 5615 963 5660 bis.
980 5642 995 5667 ,
1021 5613 1160 5657 extra
1182 5611 1226 5655 te
1258 5603 1411 5668 ipsum
1433 5603 1561 5653 nulla
1595 5604 1801 5655 irretiris
1826 5604 2014 5667 cupidi.

442 5680 678 5785 tate-idem
693 5738 750 5779 Ms
762 5764 791 5792 κ,
805 5737 897 5782 tota
916 5736 1080 5791 mente.

1644 326 1700 381 S.
1743 315 2100 378 AUGUSTN
2143 312 2440 369 EPISCOI‘!

3543 323 3566 377 1
3581 320 3680 376 Si!

2099 430 2253 483 latur.
2281 430 2461 501 Neque
2509 432 2685 487 initis'
2719 445 2770 489 et
2817 437 2933 506 pius
2960 447 3060 504 est,
3091 438 3177 509 qui
3216 454 3275 495 se
3314 440 3488 509 ipsum
3530 441 3586 495 in
3628 452 3689 495 se

2099 522 2214 591 ipso
2240 524 2379 576 amat
2408 533 2462 577 ct
2491 524 2704 579 laudat:
2733 528 2828 581 sed
2873 528 3045 582 elatus
3087 538 3140 583 et
3171 532 3340 597 ferox,
3391 548 3516 586 non-
3534 532 3691 587 novit

2097 610 2298 679 dicere,
2324 610 2391 666 In
2418 612 2639 669 Domino
2668 616 2954 671 laudabitur
2972 620 3141 671 anima
3167 636 3316 687 mea;
3339 625 3555 677 audiant
3582 625 3691 678 Ini-

2098 710 2189 768 les,
2218 703 2627 772 etjucundontur
2655 705 2823 778 (Psal.
2858 724 3051 772 χχχιιι,
3082 711 3116 765 5
3137 711 3174 777 ).
3204 711 3349 779 Quid
3379 715 3525 768 enim
3560 714 3690 770 boni

2099 803 2260 858 amat,
2303 796 2390 865 qui
2417 794 2553 850 forte
2596 796 2696 851 hoc
2742 798 2910 867 ipsum
2943 810 3159 870 propter
3200 802 3301 857 hoc
3334 804 3512 872 ipsum
3541 816 3692 859 am..t

2102 885 2232 939 nihil
2261 886 2485 942 limere?
2513 886 2698 943 Potest
2737 891 2879 946 enim
2908 892 3012 947 hoc
3056 895 3153 949 sibi
3196 897 3542 964 persuadere,
3579 913 3691 953 non

2105 975 2353 1040 sanitate,
2380 977 2471 1030 sed
2500 978 2847 1034 immanitate.
2866 982 3025 1038 Verbi
3050 987 3236 1053 gratia,
3264 998 3345 1041 est
3369 989 3568 1059 aliquis
3594 1005 3695 1043 au-

2106 1067 2424 1123 dacissimus
2453 1069 2608 1137 latro,
2636 1082 2833 1141 quanto
2858 1089 3106 1143 perverse
3129 1077 3333 1145 fortior,
3362 1089 3512 1134 lauto
3541 1081 3695 1150 peri-

2105 1160 2285 1213 culose
2312 1161 2600 1227 crudelior,
2646 1164 2737 1233 qui
2790 1174 3004 1235 propter
3032 1167 3201 1237 ipsum
3245 1185 3482 1226 amorem
3529 1188 3695 1227 suum

2108 1266 2212 1320 quo
2242 1260 2385 1306 amat
2410 1253 2542 1307 nihil
2568 1255 2773 1323 timere,
2804 1257 3031 1327 ingentia
3063 1258 3294 1315 facinora
3326 1262 3601 1328 moliatur,
3634 1273 3696 1317 ut

2106 1345 2245 1414 quod
2273 1355 2415 1401 amat
2434 1359 2699 1415 exerceat,
2726 1359 2779 1406 et
2799 1353 3093 1409 exercendo
3114 1358 3458 1412 corroboret:
3486 1369 3698 1428 qtninto

2107 1437 2222 1503 ejus
2248 1436 2444 1499 fuerint
2486 1440 2683 1509 majora
2728 1443 3030 1507 commissa,
3076 1454 3222 1499 tanto
3262 1448 3432 1517 major
3452 1450 3559 1504 erit
3586 1464 3699 1503 non

2110 1526 2343 1582 timentis
2390 1528 2627 1584 audacia.
2675 1530 2790 1586 Non
2837 1533 2937 1588 hoc
2977 1549 3105 1605 ergo
3158 1552 3253 1606 pro
3310 1554 3503 1608 magno
3550 1541 3701 1594 bono

2110 1617 2392 1672 amandum
2419 1628 2535 1685 est,
2574 1621 2713 1691 quod
2743 1634 2797 1678 et
2841 1623 2889 1677 in
2938 1624 3151 1683 homine
3191 1629 3423 1697 pessimo
3458 1631 3697 1686 inveniri

2112 1718 2304 1777 potest.

2182 1801 2235 1853 5.
2276 1799 2512 1870 Epicurei
2541 1813 2586 1857 et
2615 1805 2775 1859 Stoici
2801 1823 2969 1861 curere
2995 1810 3170 1863 timore
3195 1821 3364 1865 amant
3384 1855 3397 1878 ,
3437 1814 3526 1867 sed
3574 1831 3701 1882 per-

2112 1906 2268 1946 verse.
2307 1892 2642 1965 Quapropter
2666 1898 2918 1955 irridendi
2950 1913 3071 1955 sunt
3102 1901 3259 1972 hujus
3296 1905 3475 1958 mundi
3518 1906 3702 1974 philo-

2113 1982 2288 2051 sophi,
2318 1998 2421 2038 non
2449 1986 2619 2040 solum
2649 1988 2913 2058 Epicurei,
2944 1992 3033 2061 qui
3056 1993 3214 2047 etiam
3240 1995 3406 2064 ipsam
3430 1996 3700 2063 justitiam

2112 2076 2351 2130 venalem
2371 2076 2585 2144 habent,
2601 2082 2826 2134 carnalis
2840 2083 3010 2150 pretio
3027 2085 3327 2152 voluptatis.
3346 2085 3533 2140 Dicunt
3547 2089 3699 2141 enim

2116 2173 2393 2234 pr0pterea
2433 2169 2747 2236 Sapientem,
2773 2170 2971 2239 justum
3002 2187 3120 2227 esse
3149 2174 3364 2242 debere,
3393 2186 3449 2230 ut
3488 2177 3574 2231 vel
3606 2193 3704 2231 ac-

2114 2257 2306 2324 quirat,
2336 2256 2419 2311 vel
2451 2266 2628 2312 teneat
2656 2275 2720 2314 ex
2752 2275 2976 2330 corpore
3000 2262 3347 2332 voluptatem.
3387 2265 3517 2319 Nam
3547 2276 3605 2320 et
3644 2267 3700 2320 hi

2116 2345 2437 2402 fortissimos
2464 2364 2523 2403 se
2555 2352 2778 2418 jactant,
2818 2360 2873 2406 et
2896 2351 3029 2409 nihil
3054 2353 3272 2408 omnino
3303 2355 3488 2410 timere
3525 2373 3585 2410 se
3617 2359 3703 2410 di—

2117 2446 2243 2491 cunt
2267 2455 2280 2490 :
2312 2439 2435 2509 quia
2464 2455 2561 2494 nec
2588 2441 2875 2511 quidquam
2905 2443 3068 2497 Deum
3097 2459 3184 2498 res
3222 2443 3478 2499 humanas
3504 2462 3704 2503 curare

2116 2526 2460 2593 arbitrantur,
2487 2538 2541 2582 et
2562 2540 2873 2601 consumpta
2897 2532 2996 2586 ista
3017 2534 3120 2587 vita
3150 2534 3346 2588 nullam
3374 2547 3552 2604 postea
3578 2553 3705 2592 cre-

2118 2617 2248 2672 dunt
2276 2617 2541 2683 futuram;
2573 2628 2627 2674 et
2662 2623 2706 2674 si
2746 2621 2869 2690 quid
2905 2623 2984 2676 eis
3012 2622 3345 2679 adversitatis
3374 2626 3425 2679 in
3454 2626 3552 2680 hac
3583 2628 3701 2696 ipsa

2117 2707 2395 2776 contingit,
2420 2722 2487 2763 eo
2513 2723 2570 2763 se
2590 2709 2820 2764 munitos
2838 2711 3163 2780 existimant,
3191 2715 3311 2783 quia
3340 2719 3577 2785 corporis
3604 2732 3702 2771 vo-

2118 2799 2394 2868 luptatem,
2426 2814 2545 2854 cum
2574 2815 2690 2855 eam
2731 2802 2782 2856 in
2814 2802 2930 2872 ipso
2954 2818 3178 2873 corpore
3220 2815 3399 2861 tenere
3439 2824 3541 2861 non
3573 2823 3703 2878 pos-

2118 2897 2263 2953 sunt,
2289 2899 2509 2957 possunt
2531 2900 2705 2946 tamen
2733 2892 2909 2947 animo
2934 2894 3188 2964 cogitare,
3208 2906 3262 2951 et
3290 2912 3351 2951 ea
3375 2898 3703 2966 cogitatione

2119 2993 2240 3034 sese
2269 2979 2608 3048 obiectando,
2639 2983 2931 3051 corporalis
2968 2985 3251 3055 voluptatis
3290 2987 3697 3055 beatitudinem,

2117 3071 2279 3125 etiam
2308 3080 2492 3125 contra
2521 3074 2814 3143 corporalis
2855 3074 3054 3131 doloris
3102 3077 3356 3148 impetum
3402 3082 3698 3135 custodire.

2119 3167 2381 3237 Numquid
2412 3183 2516 3222 non
2548 3181 2603 3225 et
2627 3170 2763 3240 apud
2794 3171 2923 3225 istos
2944 3171 3162 3227 dilectio
3189 3173 3331 3228 foras
3358 3175 3515 3229 mittit
3542 3176 3702 3228 timo-

2121 3258 2266 3312 rem?
2292 3258 2393 3312 Sed
2421 3259 2634 3314 dilectio
2658 3261 3040 3315 sordidissimze
3066 3263 3372 3333 Voluptatis,
3418 3266 3524 3319 imo
3550 3266 3690 3319 dile—

2119 3350 2226 3402 ctio
2257 3351 2573 3417 turpissima:
2599 3352 2864 3406 vanitatis.
2893 3352 3022 3407 Nam
3040 3369 3161 3409 cum
3181 3357 3346 3425 ipsam
3368 3357 3694 3426 voluptatem

2120 3438 2188 3493 de
2210 3440 2470 3507 membris
2507 3443 2746 3514 corporis
2789 3443 2997 3499 irruens
3039 3444 3193 3501 dolor
3235 3448 3557 3513 excluserit,
3603 3465 3699 3519 per

2122 3529 2307 3585 falsam
2334 3532 2449 3601 ejus
2478 3534 2758 3604 imaginem
2788 3536 2840 3589 in
2869 3536 3045 3592 animo
3086 3538 3333 3592 vanitatis
3379 3541 3697 3593 remanebit.

2120 3628 2250 3693 Qua:
2272 3630 2474 3683 vanitas
2500 3638 2700 3684 tantum
2722 3640 2949 3698 amatur,
2980 3639 3036 3685 ut
3058 3646 3181 3686 cum
3203 3648 3319 3686 eam
3346 3647 3511 3686 vanus
3536 3633 3699 3686 homo

2122 3722 2248 3775 totis
2273 3722 2475 3775 viribus
2503 3723 2679 3776 cordis
2703 3723 3060 3792 amplectitur,
3083 3724 3243 3778 etiam
3268 3723 3468 3780 doloris
3496 3725 3697 3778 sa:vitia

2054 3850 2057 3853 -
2121 3810 2405 3879 mitigetur.
2451 3809 2564 3863 Non
2613 3811 2782 3865 solum
2823 3827 2951 3881 ergo
2979 3816 3065 3867 isti
3106 3813 3383 3868 deridendi
3412 3823 3568 3879 sunt,
3600 3816 3698 3869 sed

2121 3903 2279 3957 etiam
2310 3904 2406 3972 ipsi
2435 3903 2618 3958 Stoici.
2664 3902 2794 3957 Nam
2824 3904 2938 3957 ista:
2966 3903 3084 3957 dote
3127 3914 3286 3959 sectae
3315 3906 3697 3975 Epicureorum

2122 4001 2179 4048 et
2199 3992 2520 4059 Stoicorum,
2550 3993 2684 4047 sicut
2713 3993 2765 4047 in
2792 3993 3169 4064 Apostolorum
3196 3996 3415 4050 Actibus
3451 3998 3695 4067 legimus,

2121 4083 2378 4138 adversus
2399 4084 2574 4138 lumen
2598 4083 2742 4138 Pauli
2767 4084 2931 4138 nostri
2955 4084 3125 4139 fumos
3152 4100 3276 4141 suos
3300 4100 3445 4141 ausa:
3469 4097 3592 4141 sunt
3609 4090 3698 4157 ja-

2122 4177 2308 4229 etitare
2332 4175 2463 4246 (Act.
2479 4175 2724 4245 xanS).
2744 4174 2875 4229 Nam
2896 4185 2950 4231 et
2964 4175 3125 4232 Stoici
3146 4191 3206 4232 se
3228 4176 3543 4233 fortissimos
3560 4195 3696 4249 pne-

2123 4265 2316 4326 ferunt.
2344 4274 2397 4320 et
2427 4281 2531 4319 non
2563 4275 2779 4335 prepter
2800 4267 3037 4335 corporis
3063 4267 3381 4337 voluptatem
3402 4307 3417 4334 ,
3450 4268 3543 4323 sed
3576 4283 3697 4339 pro-

2124 4367 2242 4426 pter
2261 4357 2421 4410 animi
2452 4356 2721 4421 virtutem,
2747 4357 2973 4428 idipsum
3001 4372 3107 4412 non
3134 4359 3323 4413 timere
3348 4369 3565 4429 propter
3591 4376 3694 4415 non

2123 4448 2313 4502 timere
2340 4446 2667 4514 custodiunt,
2698 4448 2861 4518 typho
2886 4447 3099 4519 turgidi,
3127 4456 3181 4502 et
3203 4462 3308 4502 non
3335 4449 3591 4518 sapientia
3619 4465 3698 4504 sa-

2122 4540 2251 4605 nati,
2286 4539 2378 4594 sed
2415 4554 2602 4595 errore
2630 4540 2826 4594 durati.
2860 4541 2936 4595 Eo
2975 4540 3169 4611 quippe
3199 4541 3374 4595 minus
3416 4542 3693 4612 minusque

2122 4630 2237 4684 sani
2276 4638 2419 4696 sunt,
2465 4646 2570 4699 quo
2597 4640 2855 4700 trgi-etum
2901 4631 3135 4685 animum
3179 4646 3209 4684 a
3249 4647 3308 4688 se
3350 4633 3479 4702 ipsis
3519 4634 3692 4688 sanari

2120 4735 2279 4791 posse
2322 4720 2684 4776 crediderunt.
2724 4720 2870 4776 lianc
2907 4730 3084 4776 autem
3134 4732 3317 4791 putant
3364 4737 3482 4777 esse
3530 4722 3689 4778 animi

2122 4814 2425 4877 sanitatem,
2452 4822 2509 4866 ut
2534 4828 2633 4867 nec
2663 4813 2904 4868 misereri
2939 4812 3114 4868 dicant
3150 4814 3343 4867 debere
3371 4811 3687 4882 sapientem.

2123 4902 2179 4956 Si
2206 4902 2347 4957 enim
2375 4902 2673 4965 miSeretur,
2704 4903 2962 4972 inquiunt,
2987 4902 3130 4959 dolet
3157 4914 3174 4953 :
3200 4906 3338 4970 quod
3376 4913 3552 4956 autem
3591 4902 3686 4957 do-

2121 4994 2213 5061 let,
2246 5010 2431 5048 sanum
2462 5010 2566 5049 non
2598 5003 2699 5050 est.
2739 4995 2785 5049 Ο
2822 4995 2981 5049 stulta
3020 4992 3263 5049 tau-itast
3308 4992 3445 5059 Quid
3469 5034 3486 5059 ,
3538 4996 3580 5049 si
3627 5011 3691 5050 eo

2122 5088 2296 5141 minus
2324 5086 2490 5149 dolet,
2508 5101 2613 5155 quo
2633 5101 2818 5140 sanum
2841 5101 2944 5139 non
2973 5084 3084 5139 est?
3109 5084 3330 5138 interest
3350 5085 3492 5138 enim
3516 5095 3689 5138 utrum

2123 5178 2354 5249 perfecta
2382 5179 2605 5232 sanitate
2633 5193 2740 5232 non
2768 5178 2945 5232 doleat
2968 5194 2979 5228 :
3006 5175 3162 5243 quale
3185 5178 3285 5230 erit
3308 5188 3609 5231 sanctorum
3639 5186 3691 5229 et

2121 5284 2314 5338 corpus
2341 5277 2394 5322 et
2422 5268 2627 5321 animus
2657 5268 2709 5320 in
2741 5266 3130 5320 resurrectione
3155 5277 3505 5329 mortuorum,
3534 5280 3690 5334 quam

2124 5360 2209 5413 isti
2254 5374 2358 5412 non
2387 5356 2637 5419 credunt;
2688 5356 2810 5424 quia
2853 5354 3091 5407 indoctos
3135 5355 3414 5423 magistros
3458 5354 3689 5417 habent,

2122 5463 2244 5503 cum
2270 5463 2327 5501 se
2355 5448 2498 5516 ipsos
2530 5445 2740 5500 habent.
2775 5444 2997 5498 Interest
3025 5461 3150 5514 ergo
3181 5455 3351 5498 utrum
3384 5444 3577 5513 aliquid
3606 5457 3691 5498 ειν

2184 5610 2199 5639 ι
2229 5609 2307 5657 Sic
2332 5604 2648 5658 Michaeliuus
2670 5604 2756 5654 llis.
2785 5607 2843 5655 At
2866 5604 2985 5658 editi
3015 5620 3024 5653 :
3055 5603 3147 5663 Qui
3167 5600 3291 5652 enim
3314 5603 3463 5651 altum
3480 5599 3625 5659 sapit,
3649 5612 3691 5652 et

2118 5669 2226 5717 ilco
2253 5680 2342 5716 non
2362 5665 2684 5730 (illiti,itliq1.'€
2705 5664 2966 5729 perniciose
2989 5677 3080 5716 mn
3102 5667 3250 5716 (inter.
3276 5665 3445 5725 Neque
3465 5664 3588 5714 enim
3607 5678 3670 5713 tm

2119 5740 2196 5793 ηις,
2227 5738 2319 5777 clt'.
