3996 6192
295 339 441 396 1329

294 457 487 515 nitate,
513 465 584 503 au
610 458 832 515 stupore
859 458 966 498 non
988 441 1186 495 doleat.
1216 438 1347 493 Nam
1373 435 1666 492 secundum
1693 436 1885 490 sanita-

299 556 407 599 tem
438 541 600 609 hujus
627 535 966 592 mortalitatis
995 546 1123 586 sana
1149 544 1274 585 caro
1295 543 1418 584 cum
1446 528 1696 600 pungitur
1717 526 1886 581 dolet.

300 635 484 705 Qualis
512 641 596 687 est
619 640 676 686 et
699 627 912 683 animus
940 623 1232 694 secundum
1259 622 1414 676 istam
1445 621 1607 674 vitam
1647 620 1784 675 bene
1812 617 1892 673 af-

304 729 497 788 fectus,
523 722 615 794 qui
643 728 998 789 compunctus
1039 715 1328 769 laborantis
1368 712 1601 777 miseria,
1633 710 1890 765 condole-

299 819 400 874 scit
430 811 824 870 misericordia.
850 809 988 864 Caro
1016 815 1192 861 autem
1222 805 1465 876 graviore
1491 803 1677 858 morbo
1721 801 1888 869 stupi-

300 914 388 976 da,
418 909 506 965 vel
532 908 734 962 amisso
762 905 926 958 etiam
953 901 1142 970 spiritu
1171 907 1400 962 mortua,
1430 910 1528 951 nec
1555 911 1674 950 cum
1703 894 1891 964 pungi-

299 1015 386 1060 tur
411 1001 606 1057 dolet:
637 998 810 1070 qualis
833 1007 917 1050 est
957 994 1181 1048 istorum
1226 991 1465 1054 animus,
1506 989 1596 1059 qui
1637 988 1755 1042 sine
1785 988 1894 1041 Deo

300 1089 778 1166 philosophantur,
813 1087 898 1142 vel
931 1086 1106 1154 potius
1147 1082 1518 1154 praefocantur.
1560 1079 1710 1134 Sicut
1749 1077 1893 1133 enim

299 1199 498 1255 corpus
532 1182 716 1236 animo
762 1177 1078 1248 inspiratum
1104 1216 1118 1240 ,
1162 1175 1241 1228 sic
1285 1173 1395 1228 Deo
1438 1170 1729 1242 inspiratus
1780 1169 1894 1240 ipse

299 1278 515 1332 animus
543 1273 694 1328 vivit.
726 1270 958 1326 Videant
991 1281 1121 1338 ergo
1148 1267 1272 1331 isti,
1305 1265 1394 1334 qui
1424 1278 1530 1318 non
1570 1262 1754 1318 dolent
1796 1276 1895 1318 nec

300 1368 513 1431 timent,
557 1379 625 1420 ne
656 1362 792 1416 forte
819 1375 924 1414 non
951 1358 1062 1413 sint
1085 1357 1222 1417 sani.
1253 1354 1349 1411 sed
1377 1354 1591 1408 mortui.

367 1456 603 1515 CAPUT
633 1455 722 1510 Ill.
753 1484 824 1494 —
850 1453 906 1508 4.
937 1450 1114 1505 Timor
1131 1450 1186 1503 in
1206 1448 1492 1503 Christiano
1511 1487 1526 1510 ,
1549 1446 1682 1501 alius
1710 1446 1896 1516 paula-

298 1553 390 1606 tim
414 1547 714 1621 ejiciendus,
741 1545 881 1599 alius
911 1557 1285 1614 permansurus.
1312 1539 1522 1594 Timeat
1543 1545 1721 1592 autem
1748 1537 1895 1592 chri-

298 1644 548 1707 stianos,
577 1647 860 1708 antequam
894 1633 1125 1704 perfecta
1155 1630 1389 1687 charitas
1430 1633 1573 1685 foras
1613 1629 1787 1683 mittat
1827 1628 1896 1682 ti-

300 1748 515 1791 morem
542 1728 764 1785 :crcdat
787 1735 842 1782 et
871 1724 1132 1794 intelligat
1156 1738 1213 1777 se
1241 1719 1567 1792 peregrinari
1588 1734 1618 1774 a
1647 1719 1893 1786 Domino,

297 1824 560 1897 quamdiu
580 1821 710 1875 vivit
735 1820 788 1874 in
818 1831 1046 1886 corpore
1074 1813 1217 1886 quod
1243 1812 1603 1883 corrumpitur
1626 1820 1681 1867 et
1705 1825 1895 1882 aggra-

299 1926 390 1970 vat
426 1917 683 1969 animam.
728 1910 902 1967 Tanto
943 1909 1121 1964 minor
1167 1905 1235 1961 sit
1279 1905 1458 1968 timor,
1489 1911 1688 1974 quanto
1729 1901 1897 1971 patria

301 2025 409 2080 quo
452 2005 727 2060 tendimus
767 2002 1006 2073 propior.
1040 1999 1207 2069 Major
1232 1997 1376 2052 enim
1415 1998 1571 2052 timor
1593 1995 1753 2050 debet
1778 2009 1899 2050 esse

303 2097 754 2170 peregrinantium
774 2135 790 2160 ,
823 2094 998 2147 minor
1025 2087 1498 2160 propinquantium
1519 2127 1534 2152 ,
1563 2085 1742 2140 nullus
1774 2100 1895 2155 per-

303 2187 655 2245 venientium.
684 2185 774 2240 Sic
809 2191 865 2238 et
900 2181 1059 2237 timor
1101 2177 1343 2250 perducit
1364 2177 1429 2232 ad
1455 2176 1804 2241 charitatem,
1845 2183 1901 2230 et

309 2279 548 2350 perfecta
579 2275 812 2331 charitas
837 2272 980 2328 foras
1005 2270 1169 2326 mittit
1195 2269 1461 2324 timorem.
1493 2267 1703 2323 Timeat
1721 2274 1897 2320 autem

304 2370 628 2425 christianus
649 2409 664 2434 ,
695 2381 802 2420 non
827 2378 922 2420 eos
949 2361 1040 2433 qui
1073 2374 1270 2432 corpus
1313 2358 1596 2422 occidunt,
1627 2365 1681 2413 ct
1714 2366 1899 2426 postea

306 2479 411 2517 non
433 2461 634 2516 habent
666 2456 793 2528 quid
821 2455 1017 2510 faciant
1039 2471 1054 2519 ;
1074 2452 1169 2508 sed
1199 2467 1324 2507 eum
1353 2450 1444 2521 qui
1472 2449 1634 2504 habet
1662 2456 1900 2519 potesta-

308 2561 410 2608 tem
433 2563 487 2606 et
517 2563 714 2619 corpus
735 2555 789 2602 et
814 2546 1048 2600 animam
1074 2543 1130 2598 in
1169 2541 1469 2613 gehennam
1496 2539 1634 2610 ignis
1655 2537 1901 2594 occidere

306 2643 458 2714 (Luc.
489 2657 597 2706 xu,
625 2640 680 2705 ι,
710 2637 790 2708 5).
814 2636 912 2692 Εει
932 2643 1110 2690 autem
1136 2633 1274 2688 alius
1293 2632 1442 2685 timor
1463 2628 1688 2695 Domini,
1711 2637 1898 2693 castus,

310 2749 608 2805 per-umnam
649 2732 704 2784 in
748 2729 990 2784 siccatum
1024 2727 1196 2782 κωθαιί
1230 2723 1402 2795 (Psal.
1437 2739 1562 2778 xvttt
1587 2763 1602 2787 ,
1636 2722 1752 2794 10).
1782 2721 1898 2777 Non

311 2839 441 2896 ergo
466 2838 590 2877 eum
619 2819 857 2892 perfecta
881 2819 1115 2874 charitas
1141 2816 1282 2871 foras
1308 2814 1504 2881 mittit,
1532 2813 1768 2884 alioquin
1791 2828 1899 2868 non

311 2921 652 2986 permaneret
675 2912 728 2964 in
759 2908 1014 2965 sarculum
1042 2905 1221 2962 szeculi
1248 2923 1260 2957 :
1285 2919 1385 2960 nec
1411 2903 1608 2958 frustra
1629 2944 1642 2968 ,
1677 2917 1800 2956 cum
1821 2901 1903 2956 di-

307 3019 452 3062 ctum
476 3014 654 3068 esset,
688 3001 861 3055 Timor
888 2997 1125 3065 Domini,
1149 2996 1386 3051 additum
1407 3003 1491 3050 est
1517 3002 1718 3058 castus;
1745 3002 1902 3062 atque

310 3099 384 3154 ita
428 3096 774 3166 conjunetum
819 3101 936 3157 est,
982 3104 1280 3160 permanens
1323 3087 1377 3140 in
1421 3085 1662 3139 sarculum
1707 3084 1899 3138 swculi.

309 3191 488 3259 Quare
507 3230 523 3254 ,
552 3187 650 3242 nisi
679 3185 803 3256 quia
837 3184 924 3238 ille
947 3182 1127 3246 timor,
1156 3193 1315 3250 quem
1349 3177 1492 3232 foras
1517 3176 1750 3230 charitas
1778 3173 1902 3228 mit-

314 3285 376 3336 tit
397 3324 412 3346 ,
444 3288 723 3349 propterea
766 3273 952 3346 pungit
974 3271 1211 3325 animam
1229 3311 1244 3333 ,
1278 3284 1346 3323 ne
1371 3267 1642 3322 amittatur
1669 3264 1864 3335 aliquid
1885 3307 1899 3330 ,

311 3369 454 3444 quod
498 3371 548 3423 in
574 3375 817 3422 creatura
861 3362 1120 3432 diligitur,
1153 3359 1236 3414 vel
1270 3360 1381 3428 ipsa
1413 3358 1558 3412 salus
1598 3365 1653 3411 et
1687 3355 1904 3424 requies

311 3461 638 3532 corporalis,
669 3466 762 3512 aut
799 3453 994 3525 aliquid
1023 3452 1128 3508 tale
1174 3459 1292 3520 post
1329 3449 1596 3504 mortem?
1617 3448 1901 3515 Propterea

317 3556 466 3609 enim
506 3552 758 3606 timentur
797 3557 852 3603 et
879 3545 1019 3616 apud
1067 3544 1264 3601 inferos
1294 3557 1469 3614 poena:
1513 3550 1567 3596 et
1601 3540 1815 3596 dolores
1841 3553 1905 3594 ac

311 3653 584 3700 tormenta
627 3642 1008 3713 gehennarum.
1060 3637 1192 3693 Cum
1241 3651 1371 3691 vero
1413 3643 1564 3690 cavet
1601 3633 1805 3696 anima,
1839 3648 1906 3688 ne

319 3738 474 3792 Deus
502 3735 643 3788 illam
663 3733 898 3788 desertus
919 3731 1158 3795 deserat,
1191 3729 1353 3783 timor
1377 3735 1460 3782 est
1487 3733 1665 3782 castus
1690 3739 1904 3795 perma-

311 3842 459 3883 neas
487 3826 540 3880 in
569 3824 817 3879 saxulum
844 3821 1050 3879 saaculi.
1073 3821 1150 3875 De
1186 3833 1292 3890 quo
1317 3818 1474 3873 latius
1508 3817 1742 3872 dicerem
1763 3857 1778 3882 ,
1806 3815 1906 3869 nisi

309 3935 496 3976 sermo
516 3919 627 3989 jam
655 3917 858 3986 longior
877 3923 932 3970 et
960 3913 1094 3968 meis
1113 3911 1370 3968 senilibus
1390 3909 1612 3976 viribus,
1640 3916 1697 3964 et
1715 3915 1907 3963 vestra:

310 4011 543 4068 fortasse
572 4007 806 4064 satietati
835 4019 1058 4076 parcere
1080 4011 1315 4074 cogeret.

747 4135 976 4194 SERMO
1013 4115 1312 4191 cccxux
1333 4136 1350 4156 ο
1382 4131 1475 4204 (α).

498 4255 576 4308 De
604 4253 860 4309 Charitate
882 4293 897 4318 ,
925 4259 972 4306 et
997 4250 1060 4304 de
1088 4264 1218 4304 cwao
1243 4246 1549 4313 illuniuato,
1582 4259 1598 4298 ι
1629 4241 1727 4315 (b).

383 4363 611 4421 CAPUT
645 4361 927 4418 PRIMUM.
955 4391 1024 4400 —
1054 4360 1104 4414 Ι.
1137 4356 1371 4413 Charitas
1409 4355 1512 4409 alia
1552 4353 1756 4416 divina,
1806 4351 1911 4406 alia

313 4458 560 4511 Ιιιιηιαηα.
607 4454 844 4510 Charitas
897 4453 1151 4516 humana,
1197 4449 1303 4503 alia
1347 4447 1516 4513 licita,
1560 4445 1665 4498 alia
1707 4443 1908 4498 illicita.

317 4549 397 4604 De
428 4547 687 4602 charitate
716 4544 870 4599 nobis
895 4543 1052 4614 paulo
1091 4551 1215 4596 ante
1253 4535 1908 4610 Apostolus,loquebatur,

314 4654 442 4695 cum
468 4639 583 4709 ejus
623 4635 863 4707 Epistola
896 4636 1193 4706 legeretur:
1221 4641 1274 4688 et
1311 4646 1428 4687 eam
1457 4629 1610 4684 nobis
1651 4629 1728 4684 sic
1766 4642 1914 4682 com-

321 4732 610 4790 mendabat
632 4771 650 4796 ,
671 4740 730 4784 ut
751 4728 1170 4798 iutelligeremus
1199 4732 1393 4780 caetera
1421 4722 1598 4778 omnia
1621 4763 1635 4788 ,
1667 4719 1912 4791 quamvis

321 4840 516 4896 magna
552 4822 647 4879 Dei
683 4822 854 4886 dona,
878 4820 995 4875 sine
1022 4819 1108 4874 illa
1151 4816 1281 4872 nihil
1307 4813 1585 4886 prodesse.
1614 4811 1712 4867 Ubi
1734 4819 1913 4866 autem

320 4920 438 4988 ipsa
457 4923 562 4980 est,
585 4914 698 4970 sola
720 4927 840 4967 esse
862 4925 966 4966 non
986 4917 1178 4978 potest.
1206 4907 1270 4962 Et
1295 4922 1392 4961 nos
1413 4919 1542 4975 ergo
1568 4911 1758 4958 vestra:
1779 4902 1917 4956 Cha-

321 5007 465 5063 ritati
494 5017 799 5060 sermonem
826 5001 892 5056 de
914 4999 1176 5054 charitate
1204 4995 1510 5051 reddamus.
1543 4992 1786 5048 Charitas
1813 4990 1915 5045 alia

321 5111 411 5155 est
443 5099 622 5154 divina
647 5138 662 5163 ,
694 5095 797 5150 alia
828 5096 1057 5148 humana
1085 5108 1098 5144 :
1123 5089 1222 5144 alia
1245 5097 1327 5143 est
1355 5087 1585 5141 humana
1609 5085 1747 5160 licita
1770 5125 1785 5149 ,
1813 5082 1916 5136 alia

316 5192 531 5250 illicita.
560 5189 635 5243 De
656 5187 741 5241 his
766 5201 894 5255 ergo
922 5184 1091 5238 tribus
1120 5179 1466 5235 charitatibus
1496 5177 1580 5230 vel
1619 5173 1917 5230 dilectioni-

314 5285 454 5347 bus;
477 5282 586 5336 duo
603 5279 744 5336 enim
765 5275 977 5332 nomina
1001 5273 1160 5328 habet
1182 5271 1318 5341 apud
1342 5270 1576 5334 Latinos,
1603 5283 1723 5337 quin
1745 5279 1920 5336 grzrce

318 5383 491 5444 ἀγάπη
538 5375 765 5434 dicitur;
800 5369 940 5438 quoii
986 5366 1242 5422 Dominus
1268 5362 1758 5419 donaveritdicam.
1796 5359 1920 5413 llarc

315 5485 456 5539 ergo
482 5467 651 5538 prima
674 5472 756 5518 est
782 5459 1087 5516 distributio
1114 5473 1229 5512 mea
1253 5497 1266 5521 ,
1291 5454 1428 5525 quod
1453 5453 1557 5506 dixi
1577 5494 1590 5519 ,
1624 5451 1780 5504 aliam
1817 5448 1919 5502 litt-

394 5609 407 5627 '
435 5603 725 5656 Emendstus
745 5599 804 5650 ad
837 5595 900 5647 cl.
927 5596 1005 5646 ch.
1037 5601 1088 5656 et
1118 5593 1174 5643 ad
1203 5601 1302 5641 Am.
1337 5596 1409 5639 Er.
1437 5597 1536 5638 rar.
1564 5593 1668 5637 Lov.

391 5655 466 5730 (σί)
507 5665 736 5730 Alias.“
757 5655 1096 5730 Τθβιῑρτοδε·
1217 5717 1244 5730 η

393 5711 465 5790 itii
503 5711 736 5776 5.53mi.
759 5724 808 5773 in
831 5711 1058 5772 ιηέιςιιιο,
1088 5730 1189 5780 cap.
1217 5717 1266 5774 τι,
1293 5723 1417 5765 uota‘
1460 5711 1804 5760 mammae
1834 5717 1906 5758 ira

321 5800 488 5843 cutus
509 5793 702 5841 dum-vt

1663 321 1896 378 εειιιιο
1931 321 2247 379 CCCXLIX.

3453 335 3591 393 1530

1997 451 2231 503 matiam,
2257 436 2416 492 aliam
2445 438 2678 496 divinam
2711 457 2831 498 esse
2855 442 3174 500 charitatem
3202 465 3214 500 :
3238 447 3590 520 eamdemque

1997 526 2284 582 humanam
2313 529 2364 582 in
2392 528 2499 586 duo
2526 530 2802 598 distribui,
2833 533 2976 604 quod
3017 535 3118 589 alia
3164 538 3234 592 sit
3281 537 3423 593 licita
3445 581 3460 606 ,
3489 543 3591 594 alia

1998 618 2203 672 illicita.
2232 619 2388 674 Prius
2415 636 2542 691 ergo
2570 622 2759 692 loquor
2779 623 2847 678 de
2871 625 3098 680 humana
3127 627 3265 682 licita
3284 669 3298 694 ,
3333 645 3452 699 qua:
3485 647 3589 683 ttmt

1998 709 2406 779 reprehenditur
2429 729 2442 765 :
2467 712 2660 769 deinde
2681 715 2748 770 de
2763 715 2994 772 humana
3011 718 3211 785 illicita,
3235 737 3352 789 qua:
3371 721 3560 776 dauma
3577 756 3592 766 .

2001 812 2124 857 tur:
2155 804 2313 858 tertio
2355 803 2424 859 de
2472 805 2648 860 divina
2669 847 2683 873 ,
2708 824 2825 876 qua:
2872 823 2970 862 nos
2993 810 3230 878 perducit
3252 810 3317 864 ad
3345 827 3591 881 regnum.

2070 895 2297 952 CAPUT
2327 897 2390 950 ll.
2432 927 2504 937 —
2545 897 2600 951 2.
2635 899 2712 952 De
2763 900 2986 954 humana
3035 902 3282 956 charitate
3329 903 3489 957 licita.
3526 905 3592 959 [ι

2000 1002 2130 1058 ergo
2159 989 2392 1043 breviter
2422 990 2686 1045 insinuem
2709 1032 2723 1054 ,
2756 991 2900 1046 licita
2942 1001 3026 1047 est
3057 996 3282 1048 humana
3323 995 3554 1050 charitas
3581 1037 3594 1060 ,

2001 1094 2104 1148 qua
2149 1095 2287 1134 uxor
2336 1079 2605 1150 diligitur;
2635 1081 2846 1145 illicita,
2880 1098 2983 1152 qua
3027 1087 3282 1140 meretrix
3329 1087 3412 1140 vel
3463 1104 3591 1141 uxor

2001 1170 2195 1225 aliena.
2228 1169 2282 1225 In
2321 1170 2438 1226 foro
2478 1171 2623 1226 enim
2657 1181 2712 1226 et
2753 1173 2942 1242 plateis
2982 1176 3151 1244 magis
3193 1177 3334 1230 licita
3364 1177 3595 1231 Charitas

2001 1261 2236 1331 diligitur
2261 1277 2420 1334 quam
2462 1265 2717 1320 meretrix
2753 1267 2768 1296 ⁸
2796 1284 2808 1319 :
2835 1265 2886 1320 iu
2927 1265 3089 1320 domo
3134 1269 3258 1333 Dei,
3294 1270 3343 1322 iu
3389 1271 3591 1340 templo

2003 1352 2213 1418 Dei,in
2262 1354 2478 1410 civitate
2518 1355 2752 1423 Christi,
2795 1355 2845 1410 in
2891 1371 3118 1426 corpore
3163 1358 3402 1422 Christi,
3433 1362 3591 1413 etiam

2002 1444 2300 1498 meretricis
2331 1460 2483 1500 amor
2508 1445 2574 1499 ad
2603 1445 2876 1516 gehennas
2909 1458 3176 1502 amantem
3206 1449 3467 1518 perducit.
3502 1451 3593 1503 Li-

2002 1536 2162 1590 citam
2188 1552 2316 1607 ergo
2351 1537 2664 1593 charitatem
2697 1539 2924 1594 habete:
2953 1539 3182 1595 humana
3223 1552 3334 1605 est;
3367 1543 3458 1597 sed
3480 1586 3496 1610 ,
3531 1555 3588 1598 ut

2001 1627 2144 1692 dixi,
2174 1629 2315 1685 licita
2354 1640 2456 1685 est.
2503 1629 2616 1684 Non
2666 1631 2840 1685 solum
2884 1641 3060 1686 autem
3109 1633 3179 1686 ita
3211 1633 3351 1688 licita
3391 1645 3501 1698 est,
3538 1648 3596 1688 ut

2002 1720 2360 1775 concedatur:
2385 1721 2480 1777 sed
2519 1721 2593 1777 ita
2629 1721 2769 1777 licita
2791 1765 2806 1790 ,
2841 1732 2898 1777 ut
2936 1725 2980 1778 si
3008 1723 3270 1789 defuerit,
3300 1727 3594 1797 reprelien-

2003 1808 2178 1865 datur.
2210 1811 2391 1868 Liceat
2416 1812 2564 1868 vobis
2593 1815 2823 1868 humana
2853 1815 3110 1871 charitatc
3142 1816 3362 1886 diligere
3389 1819 3581 1888 conju-

2003 1920 2098 1974 gcs
2119 1947 2134 1970 ,
2155 1904 2376 1976 diligere
2405 1906 2542 1962 ﬁlios
2561 1949 2577 1973 ,
2609 1907 2828 1978 diligere
2863 1909 3064 1964 amicos
3091 1921 3295 1965 vestros
3317 1951 3332 1976 ,
3366 1909 3590 1980 diligere

2003 1997 2148 2052 cives
2173 2007 2401 2054 vestros.
2427 1999 2616 2079 ania
2637 2001 2780 2055 enim
2807 2001 2904 2055 ista
2934 2002 3149 2055 nomina
3184 2002 3383 2057 habent
3409 2018 3596 2058 neces-

2003 2087 2253 2143 situd'mis
2281 2089 2553 2146 vinculum
2571 2131 2585 2152 ,
2613 2099 2668 2146 et
2705 2090 2887 2160 gluten
2915 2092 3143 2162 quodam
3175 2093 3333 2147 modo
3359 2093 3595 2148 charita-

2007 2181 2094 2236 tis.
2125 2180 2228 2236 Sed
2271 2181 2460 2236 videtis
2499 2181 2656 2237 istam
2699 2183 3011 2239 charitatem
3050 2200 3172 2241 csse
3213 2201 3369 2255 posse
3407 2194 3460 2239 et
3501 2186 3598 2238 im-

2006 2275 2235 2343 piormn,
2256 2273 2305 2328 id
2335 2283 2437 2340 est,
2462 2273 2816 2344 Paganorum,
2838 2275 3168 2338 Judworum,
3199 2276 3590 2330 luereticorum.

2005 2366 2134 2433 Quis
2171 2365 2313 2420 enim
2339 2381 2523 2420 eorum
2553 2380 2658 2420 non
2697 2374 2839 2420 amat
2879 2382 3101 2421 uxorem
3127 2408 3141 2432 ,
3172 2368 3336 2431 ﬁlios,
3369 2369 3555 2422 fratres
3575 2409 3592 2433 ,

2009 2456 2242 2520 vicinos,
2276 2455 2498 2522 afﬁnes,
2548 2457 2786 2523 amicos,
2837 2457 2971 2512 ctc.?
3001 2457 3128 2513 [huc
3181 2473 3310 2527 ergo
3365 2459 3596 2516 humana

2005 2555 2108 2601 est.
2131 2545 2187 2600 Si
2223 2561 2350 2616 ergo
2381 2546 2470 2600 tali
2511 2547 2736 2616 quisque
2764 2547 3082 2604 crudelitate
3123 2547 3360 2612 cﬁcrtur,
3387 2560 3444 2604 ut
3479 2567 3600 2620 per-

2005 2638 2096 2694 dat
2143 2638 2304 2697 etiam
2350 2639 2640 2694 lmmanum
2689 2639 2996 2695 dilectionis
3042 2641 3328 2707 affectum,
3384 2652 3438 2697 et
3491 2659 3597 2697 nou

2006 2741 2150 2786 amet
2174 2732 2310 2786 ﬁlios
2344 2747 2506 2795 suos,
2535 2740 2592 2786 et
2631 2748 2735 2786 non
2777 2742 2921 2787 amet
2959 2733 3239 2804 conjugem
3279 2749 3464 2798 suam;
3500 2751 3599 2789 uec

2007 2823 2144 2878 inter
2172 2823 2416 2878 homines
2443 2821 2807 2878 numerandus
2835 2830 2942 2878 εει.
2974 2822 3090 2878 Non
3121 2824 3264 2879 cnim
3305 2824 3600 2880 laudandus

2006 2923 2088 2968 est
2113 2912 2202 2982 qui
2243 2921 2385 2966 amat
2413 2913 2549 2967 lilios
2577 2927 2737 2978 suos;
2763 2912 2857 2967 sed
2885 2913 3218 2969 damnandus
3255 2923 3339 2968 est
3370 2915 3458 2984 qui
3491 2931 3595 2987 non

2006 3015 2149 3060 amat
2191 3005 2347 3060 ﬁlios.
2381 3005 2569 3061 Adhuc
2598 3006 2742 3059 enim
2773 3005 2950 3060 videat
2983 3021 3103 3060 cum
3135 3007 3331 3077 quibus
3365 3007 3524 3062 debet
3551 3010 3600 3062 ei

2006 3113 2129 3152 esse
2168 3097 2382 3152 dilectio
2423 3098 2521 3151 ista
2554 3098 2871 3152 communis.
2919 3098 3112 3152 Amant
3143 3098 3280 3151 ﬁlios
3325 3108 3376 3152 et
3427 3098 3598 3152 fcra‘:

2009 3197 2189 3243 amant
2228 3187 2364 3242 ﬁlios
2404 3187 2650 3256 aSpides,
2682 3199 2861 3242 amant
2893 3188 3030 3242 ﬁlios
3061 3187 3306 3258 tigrides,
3329 3198 3510 3242 amant
3540 3189 3602 3241 ﬁ-

2009 3282 2115 3336 lios
2139 3281 2342 3335 leones.
2369 3280 2522 3334 Nulla
2545 3281 2687 3335 enim
2711 3280 2878 3335 bestia
2901 3290 2977 3334 est
2996 3322 3010 3345 ,
3039 3296 3158 3348 qua:
3193 3295 3297 3334 non
3339 3279 3463 3333 ﬁliis
3490 3283 3603 3333 suis

2011 3372 2203 3427 blande
2225 3373 2618 3426 immurmuret.
2649 3371 2780 3425 Nam
2812 3378 3158 3450 cumotcrreat
3185 3369 3448 3432 homines,
3483 3385 3605 3438 par-

2008 3463 2162 3517 vulos
2191 3462 2352 3516 fovet.
2385 3461 2584 3516 Fremit
2623 3462 2708 3516 leo
2749 3461 2798 3515 in
2831 3461 2979 3514 silvis
3001 3502 3014 3524 ,
3049 3471 3104 3515 ut
3135 3475 3292 3516 nemo
3323 3469 3554 3516 transeat
3585 3479 3598 3514 :

2010 3563 2175 3610 intrat
2217 3555 2272 3608 in
2311 3554 2650 3624 speluncam,
2680 3553 2769 3609 ubi
2814 3552 2973 3608 habet
3020 3552 3156 3609 ﬁlios
3201 3567 3355 3614 suos,
3388 3569 3601 3607 omnem

2011 3647 2214 3703 rabiem
2244 3645 2467 3701 feritatis
2510 3646 2745 3715 exponit.
2775 3645 2930 3700 Foris
2957 3660 3075 3700 eam
3122 3645 3302 3714 ponit,
3331 3659 3448 3700 eum
3491 3645 3602 3714 ipsa

2013 3754 2119 3793 non
2150 3737 2460 3808 ingreditur.
2491 3738 2634 3808 Ergo
2662 3738 2749 3808 qui
2793 3752 2896 3793 non
2941 3745 3084 3792 amat
3123 3738 3260 3794 ﬁlios
3289 3752 3415 3792 suos
3441 3737 3601 3791 etiam

2013 3827 2170 3884 leone
2197 3828 2347 3898 pejor
2391 3838 2493 3884 est.
2523 3829 2764 3883 llumaoa
2793 3839 2916 3883 sunt
2944 3829 3042 3883 ista
3061 3870 3075 3892 ,
3107 3838 3159 3884 et
3187 3829 3323 3882 licita
3354 3839 3495 3882 sunt.

2083 3918 2307 3976 CAPUT
2332 3920 2419 3974 ΙΙΙ.
2443 3951 2511 3960 --
2538 3922 2591 3976 5.
2622 3919 2699 3974 Dc
2719 3921 2894 3973 illicito
2921 3937 3112 3974 amore.
3138 3919 3368 3974 Membra
3389 3919 3598 3973 Christi.

2017 4012 2263 4068 lllicitum
2312 4027 2549 4066 amorem
2602 4020 2807 4066 cavete.
2843 4012 3078 4066 Membra
3121 4011 3314 4066 Christi
3361 4012 3518 4072 estis,
3551 4019 3607 4065 et

2015 4119 2210 4174 Corpus
2235 4103 2428 4158 Christi
2456 4103 2606 4158 estis.
2625 4101 2817 4156 Audite
2838 4101 3168 4172 Apostolum,
3194 4111 3247 4156 ct
3271 4090 3603 4154 terreamiui.

2017 4194 2134 4250 Non
2183 4193 2353 4264 potuit
2399 4193 2540 4248 enim
2587 4191 2802 4263 gravius
2845 4192 3056 4258 dicere,
3088 4208 3192 4245 non
3238 4191 3406 4259 potuit
3436 4189 3604 4246 vehe-

2017 4286 2250 4342 mentius
2272 4327 2286 4350 ,
2313 4301 2417 4340 non
2445 4285 2615 4354 potuit
2647 4283 2824 4338 acrius
2864 4283 3138 4338 deterrere
3177 4281 3511 4338 Christianos
3537 4283 3606 4337 ab

2018 4391 2202 4432 amore
2251 4375 2692 4441 fornicationum,
2740 4375 2839 4428 nisi
2891 4374 2976 4429 ubi
3024 4373 3148 4427 diin
3187 4391 3199 4427 :
3233 4372 3438 4426 Tollcus
3481 4389 3599 4444 ergo

2019 4467 2240 4522 membra
2267 4464 2489 4531 Christi,
2524 4469 2709 4536 faciant
2749 4466 2971 4520 membra
2999 4464 3310 4518 meretricis?
3337 4463 3403 4519 Ut
3431 4475 3606 4518 autem

2022 4563 2125 4616 hoc
2148 4559 2385 4627 diceret,
2412 4559 2656 4630 superius
2693 4559 2804 4612 ait:
2840 4557 3058 4613 Nescitis
3099 4558 3215 4629 quia
3255 4558 3341 4627 qui
3384 4557 3610 4611 adlia’rnt

2021 4653 2303 4719 meretrici,
2327 4669 2486 4706 unum
2524 4669 2709 4723 corpus
2753 4651 2998 4721 e/ftcitur?
3035 4652 3101 4705 Et
3140 4651 3498 4706 testimonium
3544 4651 3612 4706 de

2021 4744 2296 4815 Scriptura
2320 4743 2470 4798 dedit
2494 4743 2634 4812 quod
2662 4743 2916 4812 scriptum
2947 4751 3052 4810 cst,
3083 4741 3246 4796 Erunt
3271 4743 3372 4796 duo
3387 4743 3438 4798 in
3462 4759 3616 4796 carne

2022 4857 2124 4894 una
2153 4840 2196 4911 (Ι
2225 4839 2344 4896 Cor.
2387 4854 2472 4903 vt,
2505 4839 2602 4904 15,
2636 4839 2703 4894 ιδ
2726 4880 2739 4902 ,
2764 4849 2810 4892 et
2853 4836 2980 4892 Cen.
3019 4853 3086 4902 Il,
3114 4838 3228 4906 24).
3277 4838 3484 4892 Dictum
3532 4847 3614 4891 est

2023 4931 2164 4987 enim
2187 4929 2288 4985 hoc
2309 4929 2564 4984 divinitus
2587 4946 2602 4985 :
2629 4929 2722 4984 scd
2745 4928 2811 4984 de
2832 4929 2948 4983 viro
2967 4940 3019 4983 et
3047 4943 3213 4984 uxore
3238 4929 3323 4982 tibi
3353 4929 3493 4990 licet,
3525 4926 3614 4980 ubi

2024 5036 2336 5078 concessum
2385 5029 2497 5086 est,
2532 5020 2620 5074 ubi
2669 5019 2952 5074 honestum
2998 5028 3114 5084 est;
3148 5034 3251 5074 nou
3297 5019 3383 5073 ubi
3419 5028 3602 5082 turpe,

2026 5129 2132 5166 non
2164 5112 2251 5166 ubi
2283 5112 2560 5176 illicitum,
2585 5128 2690 5164 non
2723 5111 2807 5164 tibi
2839 5111 2982 5165 oumi
3032 5111 3236 5165 ratione
3284 5109 3610 5163 daumahile.

2025 5205 2172 5261 Sicut
2194 5215 2371 5260 autem
2402 5220 2504 5258 una
2534 5207 2590 5257 ﬁt
2622 5220 2747 5257 caro
2775 5205 2826 5256 in
2874 5203 3222 5272 permixtione
3265 5202 3404 5254 licita
3429 5202 3522 5254 viri
3557 5211 3613 5256 et

2027 5298 2207 5352 uxoris
2232 5317 2244 5351 :
2269 5297 2347 5353 sic
2376 5312 2478 5352 una
2515 5297 2574 5351 ﬁt
2607 5311 2732 5350 caro
2757 5297 2808 5349 in
2844 5295 3202 5365 permixtione
3233 5295 3409 5349 illicita
3439 5310 3617 5349 mere-

2029 5389 2176 5444 tricis
2213 5397 2266 5443 et
2311 5389 2588 5443 amatoris.
2621 5387 2752 5442 Cum
2797 5402 2927 5457 ergo
2974 5403 3073 5440 una
3124 5389 3180 5440 lit
3221 5401 3375 5447 caro,
3407 5387 3535 5440 illud
3565 5396 3620 5441 te

2041 5488 2276 5542 terreat,
2309 5479 2434 5533 illud
2481 5479 2767 5534 cxhorrcat
2808 5479 2947 5549 quod
2987 5477 3182 5531 addidit
3209 5520 3222 5539 ,
3253 5476 3456 5530 Totiens
3503 5493 3622 5547 ergo

2031 5574 2251 5626 membra
2285 5571 2486 5624 (ἱΙινὶιςιὲ.
2518 5571 2746 5625 Membra
2777 5572 2970 5626 Christi
3017 5569 3259 5634 attende,
3292 5568 3620 5626 cltristiane:

2098 5769 2112 5796 ‘
2144 5773 2300 5825 Forte,
2326 5779 2420 5827 qua
2445 5765 2661 5830 diligitur
2688 5764 2936 5815 meretrix.
