4026 6186
461 345 482 397 l
493 342 588 397 55!

458 459 692 513 ntemhra
718 456 915 511 Christi
946 455 1049 510 noli
1079 455 1130 509 in
1161 454 1363 519 altero,
1393 453 1445 507 iu
1469 461 1519 510 te
1548 455 1765 506 attende
1792 449 2029 506 membra

457 550 553 602 t'Zln
570 550 655 603 isti
676 590 692 615 ,
725 550 811 617 qui
838 556 1050 617 emptus
1074 563 1134 601 es
1161 545 1418 615 sanguine
1444 543 1659 598 Christi.
1692 541 1896 597 Tollens
1917 556 2037 611 ergo

456 639 673 693 membra
714 639 927 704 Christi,
957 643 1141 708 faciant
1188 636 1409 691 membra
1462 634 1774 690 meretricis?
1797 634 1910 688 lloc
1950 631 2040 702 qui

457 745 562 783 non
597 732 810 792 horret,
844 731 951 783 Deo
983 729 1185 782 horret.

524 821 749 875 CAPUT
780 821 865 875 IV.
901 850 972 859 —
996 820 1048 874 4.
1076 818 1308 873 Charitas
1333 819 1503 871 divina
1540 833 1761 871 amorem
1803 816 2037 869 illicitum

453 915 729 967 meretricis
766 929 866 966 non
906 914 1227 983 compatitur.
1268 911 1527 976 Prorsus,
1563 924 1781 979 prorsus
1809 908 2035 963 obsecro

457 1022 580 1069 vos,
616 1008 803 1059 fratres
831 1007 932 1059 mei
963 1023 974 1058 :
1003 1020 1132 1060 ecce
1162 1018 1419 1072 ponamus
1441 1046 1455 1069 ,
1487 1002 1626 1072 quod
1660 1018 1762 1055 non
1787 1010 1888 1066 est,
1911 1013 2038 1068 pro-

456 1098 665 1151 misisse
709 1098 871 1152 Deum
905 1098 1096 1152 talibus
1138 1097 1543 1167 impunitatem,
1572 1104 1625 1149 et
1671 1094 1903 1159 dixisse,
1935 1091 2037 1157 Qui

456 1188 575 1240 talia
610 1187 865 1251 fecerint,
892 1190 1186 1244 miserebor
1223 1204 1441 1252 eormn,
1471 1203 1576 1241 non
1619 1201 1711 1241 eos
1749 1184 2034 1240 damnabo.

456 1279 733 1335 Faciamus
763 1278 864 1332 hoc
890 1279 1087 1334 divisse
1111 1280 1294 1332 Deum.
1323 1277 1778 1348 Etiamrpromissa
1805 1274 2033 1344 impuni-

455 1377 562 1423 tate
591 1369 724 1423 tollit
749 1368 971 1439 quisque
1001 1370 1234 1423 membra
1258 1368 1486 1432 Christi,
1511 1376 1565 1423 et
1594 1368 1715 1421 facit
1735 1367 1843 1435 jam
1867 1380 2037 1419 mem-

455 1461 548 1513 hra
582 1461 913 1515 meretricis?
938 1460 1052 1515 Non
1079 1460 1234 1521 facit,
1265 1460 1309 1513 si
1341 1468 1424 1513 est
1453 1459 1521 1513 ibi
1553 1459 1708 1513 tertia
1747 1457 1929 1512 divina
1952 1455 2035 1509 di-

454 1553 631 1607 lectio.
693 1553 897 1607 Etenim
960 1561 1067 1606 tres
1115 1551 1427 1605 dilectiones
1479 1548 1935 1605 commemoravi:
1969 1546 2038 1602 de

454 1644 623 1697 tribns
648 1658 767 1707 me,
798 1642 937 1712 quod
968 1643 1225 1697 Dominus
1251 1641 1436 1707 daret,
1468 1640 1732 1695 dicturum
1765 1653 1885 1693 esse
1909 1653 2035 1706 pro-

455 1734 570 1787 misi
594 1750 607 1791 :
634 1733 700 1787 de
746 1733 887 1787 licita
933 1732 1160 1786 humana
1187 1773 1200 1795 ,
1232 1732 1299 1786 de
1342 1732 1521 1785 illicita
1560 1730 1824 1794 humana,
1852 1727 1921 1782 de
1946 1727 2035 1781 illa

454 1826 735 1880 excellenti
763 1834 921 1895 atque
945 1826 1142 1879 divina.
1178 1825 1568 1894 interrogemus
1596 1821 1829 1878 divinam
1856 1819 2035 1874 chari-

455 1926 614 1971 tatcm
635 1959 650 1982 ,
680 1927 732 1971 et
758 1932 1017 1986 ponamus
1041 1928 1163 1971 ante
1188 1916 1329 1970 illam
1361 1915 1494 1969 duas
1520 1913 1780 1968 humanas
1800 1912 2032 1968 charita-

453 2018 533 2062 tes
553 2050 568 2075 ,
590 2018 647 2061 ct
673 2009 912 2064 dicamus
932 2009 979 2062 ci
1006 2026 1019 2061 :
1048 2009 1182 2062 Ecce
1209 2007 1349 2061 licita
1379 2005 1612 2060 charitas
1638 2004 1867 2058 humana
1885 2045 1899 2068 ,
1932 2016 2033 2071 qua

455 2115 587 2152 uxor
614 2098 869 2169 diligitur,
903 2107 957 2153 et
1000 2099 1119 2153 lilia:
1149 2098 1371 2166 aliaeque
1414 2094 1835 2150 necessitudines
1860 2107 2033 2147 sarcu-

453 2190 591 2244 lares
618 2207 630 2242 :
654 2204 779 2243 ecce
822 2189 923 2243 alia
956 2188 1136 2242 illicita
1160 2230 1173 2253 ,
1203 2204 1304 2256 qua
1345 2187 1581 2255 diligitur
1613 2185 1860 2239 meretrix
1884 2226 1899 2246 ,
1931 2198 2034 2251 qua

453 2279 686 2347 diligitur
709 2278 898 2333 ancilla
929 2279 1098 2333 aliena
1118 2320 1131 2340 ,
1173 2293 1275 2347 qua
1302 2277 1538 2347 diligitur
1564 2276 1737 2331 aliena
1779 2274 1884 2327 filia
1926 2288 2033 2327 non

451 2370 611 2437 petita
637 2410 651 2430 ,
686 2384 789 2422 non
822 2368 1079 2437 promissa
1100 2410 1114 2432 ,
1139 2383 1237 2437 qna
1262 2367 1498 2436 diligitur
1526 2380 1665 2420 uxor
1688 2364 1879 2419 aliena.
1908 2363 2033 2416 Duas

450 2470 573 2515 ante
601 2470 651 2514 te
672 2468 797 2514 sunt
814 2460 1099 2513 charitates
1121 2476 1135 2523 ;
1159 2475 1278 2513 cum
1306 2475 1406 2527 qua
1429 2458 1648 2512 istarum
1678 2458 1757 2511 vis
1779 2456 2034 2510 manere?

448 2552 547 2619 Qui
579 2551 725 2621 eligit
768 2565 985 2604 manere
1029 2565 1148 2602 cum
1183 2549 1266 2601 illa
1300 2548 1529 2600 humana
1579 2546 1749 2610 licita,
1777 2560 1896 2599 cum
1946 2545 2032 2599 illa

454 2641 679 2695 humana
725 2640 906 2694 illicita
937 2655 1042 2693 non
1075 2647 1268 2692 manet.
1305 2637 1471 2690 Nemo
1500 2637 1599 2689 sibi
1629 2636 1805 2700 dicat,
1835 2635 2031 2689 Amhas

452 2732 641 2784 habeo.
675 2730 729 2783 Si
761 2730 944 2782 ambas
970 2728 1134 2781 habes
1161 2725 1489 2779 admittendo
1525 2723 1590 2777 ad
1615 2733 1666 2780 te
1695 2724 2029 2779 dilectionem

451 2818 749 2873 meretricis
767 2858 783 2882 ,
814 2816 1056 2885 injuriam
1092 2816 1218 2869 facis
1246 2825 1491 2884 tanqaam
1513 2823 1797 2879 matronae,
1818 2824 1936 2884 qua:
1960 2814 2031 2868 ibi

450 2910 681 2968 habitat,
721 2908 918 2963 divina:
956 2908 1219 2962 charitati.
1248 2907 1383 2961 Puto
1422 2910 1598 2968 enim,
1630 2906 1750 2975 quia
1794 2905 1839 2959 si
1872 2905 2032 2960 homo

448 3002 764 3070 conjngatus
790 3001 892 3062 sis,
918 3008 971 3054 et
994 2999 1182 3069 diligas
1202 2998 1537 3052 meretricem
1560 3039 1573 3060 ,
1598 3013 1703 3051 non
1732 2996 1895 3049 mittis
1922 3011 2033 3050 me-

449 3094 695 3149 retricem
724 3092 776 3145 in
821 3091 1036 3146 domum
1081 3101 1262 3155 tuam,
1296 3097 1353 3143 ut
1397 3090 1599 3143 habitet
1624 3103 1744 3143 cum
1789 3098 2033 3142 matrona

448 3194 560 3239 tua.
607 3183 722 3238 Non
750 3198 918 3252 usque
941 3182 1077 3237 adeo
1120 3181 1476 3251 progrederis.
1504 3181 1774 3235 Tenebras
1802 3180 1993 3247 quaeris
2013 3221 2028 3246 ,

449 3275 681 3329 latebras
705 3276 931 3344 qumris,
960 3273 1340 3343 turpitudinem
1382 3289 1484 3328 non
1528 3272 1810 3343 proﬁteris.
1845 3271 1948 3326 Sed
1978 3281 2032 3327 et

448 3365 541 3436 qui
574 3380 677 3419 non
709 3365 903 3419 habent
932 3380 1125 3450 uxores
1145 3404 1159 3430 ,
1192 3375 1245 3418 et
1271 3372 1393 3417 sunt
1422 3364 1759 3418 meretricum
1790 3362 1939 3432 quasi
1971 3362 2035 3416 li-

448 3455 657 3509 centius
686 3466 952 3508 amatores
980 3453 1125 3522 (ideo
1148 3452 1290 3516 dixi,
1317 3452 1514 3521 Quasi,
1539 3452 1659 3522 quia
1714 3460 1769 3506 et
1815 3452 1911 3521 ipsi
1937 3452 2032 3506 da-

452 3553 728 3601 mnantur.
757 3545 799 3598 si
818 3545 925 3612 jam
946 3552 1069 3598 sunt
1096 3543 1300 3614 ﬁdeles)
1323 3560 1337 3605 ;
1363 3554 1488 3612 puto
1504 3544 1623 3612 quia
1647 3552 1701 3599 et
1720 3544 2032 3598 adolescens

450 3636 686 3688 uoadnm
718 3634 918 3688 habens
946 3648 1197 3697 uxorem,
1228 3633 1271 3686 si
1309 3632 1493 3701 diligat
1528 3635 1860 3687 meretricem
1883 3673 1897 3698 ,
1927 3648 2031 3687 non

446 3738 571 3778 eam
614 3723 737 3777 facit
779 3722 1017 3776 habitare
1055 3736 1176 3775 cum
1226 3735 1412 3775 sorore
1453 3737 1583 3786 sua,
1613 3737 1718 3776 non
1763 3736 1880 3775 eam
1912 3721 2035 3776 facit

454 3813 691 3866 habitare
710 3829 832 3866 cum
862 3824 1030 3868 matre
1069 3827 1192 3876 sua,
1219 3828 1284 3866 ne
1312 3813 1555 3881 injuriam
1597 3813 1751 3867 faciat
1789 3813 2034 3868 humana:

452 3903 753 3973 pudicitiai,
785 3918 852 3958 ne
894 3902 1131 3959 offendat
1168 3903 1332 3957 decus
1376 3902 1647 3972 sanguinis
1673 3902 1775 3956 sui.
1809 3902 1864 3958 Si
1907 3918 2034 3973 ergo

453 4010 557 4050 non
610 3995 738 4049 facis
785 3994 1023 4049 habitare
1063 3994 1431 4060 meretricem,
1463 4006 1618 4064 quam
1667 3993 1880 4064 diligis,
1912 4009 2032 4049 cum

450 4095 621 4144 matre
649 4096 769 4146 tua,
794 4101 914 4140 cum
944 4100 1129 4140 sorore
1172 4094 1289 4147 tua.
1318 4100 1414 4150 ne,
1446 4084 1581 4138 sicut
1621 4083 1765 4147 dixi,
1795 4084 2034 4140 oll'endas

449 4176 617 4231 decus
644 4177 914 4246 sanguinis
947 4177 1055 4241 tui;
1082 4175 1209 4230 facis
1242 4175 1478 4230 habitare
1507 4175 1558 4229 in
1588 4174 1749 4230 corde
1777 4184 1868 4229 tuo
1893 4175 2033 4231 dile-

446 4270 681 4323 ctionem
714 4268 1010 4322 meretricis
1055 4283 1175 4323 cum
1222 4267 1505 4322 dilectione
1542 4266 1672 4334 Dei,
1711 4277 1767 4323 et
1807 4268 2034 4325 oll‘cndis

445 4360 613 4425 decus
638 4361 908 4430 sanguinis
935 4357 1163 4414 Christi?

519 4471 745 4528 CAPUT
787 4472 848 4526 γ.
878 4503 949 4513 -
974 4472 1029 4528 5.
1074 4471 1225 4526 Lucis
1246 4471 1643 4531 intermeamore
1666 4472 1896 4543 exemplo
1914 4475 2035 4529 neci

446 4564 773 4627 plantandum
812 4564 936 4618 bene
970 4564 1195 4618 vivendo.
1228 4562 1574 4618 Contradiclio
1620 4566 1815 4619 mundi.
1842 4565 2033 4621 Amate

448 4658 617 4720 Deum
636 4697 654 4724 ,
684 4658 815 4712 nihil
844 4657 1031 4712 melius
1061 4657 1324 4713 invenitis.
1353 4657 1881 4728 Amatis‘argentnm,
1909 4658 2033 4728 quia

449 4750 645 4806 melius
686 4756 771 4803 est
806 4748 947 4804 ferro
991 4758 1045 4805 et
1087 4757 1377 4804 atramento
1400 4765 1415 4802 :
1437 4748 1630 4804 amatis
1661 4749 1778 4820 plus
1806 4766 1993 4805 aurum
2015 4792 2030 4818 ,

448 4842 570 4909 quia
596 4841 785 4895 melius
808 4850 890 4895 est
912 4824 1163 4911 argento:
1183 4840 1372 4894 amatis
1396 4840 1514 4911 plus
1530 4840 1730 4911 lapides
1749 4842 2027 4911 pretiosos,

446 4931 571 5000 quia
595 4940 647 4985 et
667 4930 780 4984 auri
807 4930 1033 4999 pretium
1060 4938 1314 4999 superant
1339 4947 1351 4981 :
1376 4931 1565 4985 amatis
1582 4941 1850 5001 postremo
1876 4932 2029 4986 istam

449 5022 651 5085 lucem,
680 5036 839 5092 quam
882 5020 1148 5076 dimittere
1188 5020 1435 5075 formidat
1475 5023 1649 5075 omnis
1690 5022 1778 5092 ει·ιί
1807 5031 2031 5077 mortem

446 5114 598 5177 timet
621 5131 635 5178 ;
658 5114 877 5178 amatis,
913 5113 1124 5182 inquam
1144 5152 1161 5178 ,
1193 5112 1345 5165 istam
1384 5112 1551 5166 lucem
1571 5153 1584 5174 ,
1618 5114 1887 5182 quomodo
1910 5130 2029 5169 eam

446 5204 877 5274 amorequndam
921 5202 1119 5272 ingenti
1162 5200 1532 5269 desiderabat,
1570 5202 1661 5273 qui
1690 5214 1808 5273 post
1848 5204 2029 5260 .lesutn

447 5295 713 5352 clamabat
735 5337 748 5357 .
783 5293 1020 5348 Miserere
1045 5294 1171 5359 mei,
1201 5292 1278 5361 ﬁli
1310 5292 1492 5346 David.
1539 5293 1815 5349 Clamabat
1857 5311 2032 5352 ClBCUS

449 5388 666 5444 Christo
719 5398 1045 5442 transeunte.
1076 5387 1340 5442 Metuebat
1381 5387 1523 5442 enim
1561 5403 1626 5441 ne
1671 5389 1951 5456 transiret,
1980 5397 2035 5445 et

450 5484 557 5538 lion
584 5493 813 5535 sanaret.
846 5482 908 5535 Et
949 5492 1204 5554 quantum
1233 5482 1536 5537 clamabat?
1558 5482 1626 5539 Ut
1655 5483 1807 5538 turba
1838 5485 2023 5554 prohi-

452 5570 610 5633 bente
640 5590 743 5626 non
774 5583 986 5627 iaCt‘l‘t'i.
1032 5573 1168 5627 Vicit
1207 5574 1649 5630 contradictorem
1671 5618 1685 5642 ,
1718 5580 1885 5631 tenuit
1911 5578 2030 5633 Sal—

452 5673 708 5713 vator-ent.
739 5664 1176 5731 Otistrepetitihus
1207 5665 1371 5720 turbis
1395 5675 1449 5721 et
1476 5668 1706 5721 clamare
1743 5670 2033 5737 prohiben-

451 5755 623 5815 tibus,
654 5755 793 5806 stetit
823 5753 997 5823 Jesus,
1031 5756 1234 5813 vocavit
1262 5772 1413 5822 eum,
1444 5768 1495 5812 et
1522 5759 1653 5813 dixit
1677 5761 1722 5815 ei
1752 5778 1761 5813 :
1791 5760 1926 5825 Quid
1959 5764 2027 5815 eis

1644 392 1649 398 ,
1694 338 1753 390 S.
1796 329 2160 390 AUGUSTINI
2192 332 2491 391 EPISCOP!

3595 349 3733 407 153,!

2148 446 2237 501 tibi
2263 446 2411 517 ﬁeri?
2443 447 2688 519 Domine,
2729 452 2931 521 inquit,
2975 462 3029 507 ut
3068 455 3281 509 videam.
3327 456 3572 528 Respice,
3605 464 3730 530 ﬁdes

2145 545 2232 591 tuo
2256 548 2302 592 te
2329 540 2523 593 salvum
2559 542 2676 611 fecit
2701 541 2848 612 (Luc.
2896 560 3027 599 xvut
3049 587 3064 608 ,
3092 546 3309 614 58-42).
3353 551 3542 605 Amate
3568 551 3728 607 Chri-

2143 639 2319 693 stum;
2348 630 2647 688 desiderate
2672 633 2849 688 lumen
2871 676 2887 701 ,
2918 636 3057 705 quod
3088 646 3169 690 est
3207 635 3472 693 Christus.
3499 641 3554 695 Si
3581 641 3726 698 desi-

2143 720 2349 776 deravit
2374 722 2463 777 ille
2493 722 2668 777 lumen
2697 727 2957 794 corporis,
2976 736 3172 796 quanto
3194 730 3310 798 plus
3338 729 3519 788 lumen
3544 732 3721 789 cordis

2143 811 2449 868 desiderare
2471 813 2714 869 debetis?
2741 815 2820 870 Ad
2847 831 3000 883 eum,
3029 834 3135 872 non
3165 820 3415 886 vocibus,
3440 822 3533 876 sed
3558 826 3723 879 mori-

2144 901 2241 957 bus
2280 903 2591 959 clamemus.
2638 905 2896 961 Vivamus
2940 909 3104 973 bene,
3133 909 3386 965 mundum
3412 922 3725 967 contemna-

2142 1010 2261 1048 mus
2282 1012 2295 1049 :
2320 997 2449 1050 nihil
2476 997 2628 1051 nobis
2645 998 2713 1053 sit
2741 1014 2902 1055 omne
2929 1000 3070 1069 quod
3098 1003 3303 1057 transit.
3325 1003 3723 1073 Reprehensnri

2141 1095 2267 1140 sunt
2292 1102 2413 1151 nos,
2447 1089 2658 1158 quando
2686 1090 2764 1144 sic
2792 1090 3108 1155 vixerimus,
3134 1094 3283 1162 quasi
3312 1094 3601 1165 dilectores
3628 1112 3725 1150 no-

2140 1177 2237 1231 stri
2285 1176 2529 1234 homines
2568 1180 2882 1246 stcculares,
2914 1192 3155 1236 amantes
3194 1192 3422 1248 terram,
3450 1186 3722 1254 sapientes

2142 1269 2444 1337 pulverem,
2496 1271 2624 1325 nihil
2674 1270 2743 1327 de
2784 1272 2924 1329 caelo
2971 1273 3262 1339 ducentes,
3314 1290 3473 1330 auras
3525 1277 3720 1333 liberas

2141 1359 2301 1413 corde
2320 1402 2334 1426 ,
2366 1376 2494 1416 nare
2520 1374 2801 1430 carpentes
2831 1381 2842 1415 :
2876 1365 3245 1432 reprehensuri
3269 1374 3392 1419 sunt
3419 1381 3515 1421 nos
3538 1367 3718 1435 ptocul

2139 1452 2330 1516 dubio,
2360 1460 2519 1522 atque
2542 1453 2757 1522 dicturi,
2775 1456 2819 1509 si
2845 1456 3071 1511 viderint
3097 1474 3192 1511 nos
3220 1459 3318 1513 ista
3347 1458 3595 1525 humana,
3621 1459 3717 1512 ista

2142 1551 2353 1599 terrena
2401 1554 2746 1601 contemnere
2779 1564 2793 1603 :
2823 1547 2960 1614 Quid
3016 1550 3247 1619 pateris?
3297 1550 3422 1620 quid
3484 1550 3719 1606 insanis?

2140 1634 2315 1690 Turba
2337 1636 2421 1691 illa
2451 1647 2534 1692 est
2561 1640 2932 1695 contradicens
2950 1682 2966 1707 ,
2997 1658 3064 1697 ne
3091 1657 3264 1697 e'eeus
3287 1644 3499 1698 clamet.
3526 1645 3594 1700 Et
3618 1646 3718 1699 ali-

2138 1728 2319 1797 quanti
2362 1729 2635 1785 christiani
2684 1739 2842 1795 sunt,
2879 1734 2969 1803 qui
3022 1734 3306 1803 prohibent
3351 1736 3529 1791 vivere
3572 1738 3720 1792 chri-

2139 1818 2311 1873 stiane
2335 1836 2348 1872 :
2372 1820 2494 1889 quia
2523 1829 2577 1875 et
2600 1821 2685 1875 illa
2715 1822 2865 1877 turba
2897 1838 3019 1879 cum
3047 1824 3262 1880 Christo
3299 1826 3637 1893 ambulabat,
3665 1836 3719 1882 et

2138 1910 2516 1966 vociferantem
2549 1912 2817 1969 hominem
2839 1914 2904 1968 ad
2933 1915 3200 1971 Christum
3228 1931 3291 1971 ac
3322 1917 3491 1972 lucem
3509 1917 3720 1973 deside-

2138 2009 2343 2055 rantem
2388 2002 2455 2056 ab
2494 2002 2658 2072 ipsius
2685 2004 2882 2059 Christi
2929 2006 3188 2061 beneficio
3219 2007 3552 2077 prohibebat.
3582 2008 3720 2064 Sunt

2138 2090 2270 2145 tales
2300 2090 2572 2146 christiani
2598 2111 2612 2148 :
2640 2094 2734 2149 sed
2780 2097 3055 2150 vincamus
3102 2097 3219 2152 illos
3238 2140 3253 2165 ,
3282 2100 3521 2153 vivamus
3548 2100 3713 2166 bene;

2136 2187 2192 2234 et
2219 2181 2330 2250 ipsa
2356 2182 2462 2237 vita
2490 2183 2560 2238 sit
2585 2198 2685 2239 vos
2713 2195 2893 2240 nostra
2918 2185 2983 2241 ad
3004 2186 3295 2244 Christum.
3329 2188 3533 2255 Stabit;
3588 2192 3712 2260 quia

2136 2280 2260 2325 stat.

2208 2360 2435 2420 CAPUT
2476 2365 2561 2420 Vl.
2587 2395 2660 2407 -—
2677 2366 2730 2420 6.
2754 2368 2942 2421 Christi
2965 2370 3223 2424 transitus.
3246 2370 3377 2425 Nam
3400 2380 3454 2426 et
3487 2372 3559 2425 ibi
3601 2389 3717 2444 my-

2138 2455 2357 2509 sterium
2386 2471 2633 2527 magnum
2661 2467 2762 2513 est.
2795 2458 3080 2514 Transiens
3104 2471 3218 2515 erat
3249 2462 3356 2527 ille,
3382 2462 3593 2531 quando
3623 2463 3713 2519 ille

2136 2543 2401 2597 clamabat
2434 2562 2447 2597 :
2477 2547 2690 2614 quando
2730 2549 2976 2613 sanavit,
3008 2551 3172 2603 stetit.
3208 2550 3490 2606 'l‘ransitus
3515 2552 3716 2609 Christi

2136 2632 2367 2686 intentos
2397 2648 2493 2686 nos
2520 2634 2673 2688 faciat
2699 2635 2764 2689 ad
2795 2637 3150 2692 clmnandum.
3175 2639 3304 2707 Quis
3339 2651 3422 2696 est
3461 2644 3717 2698 transitus

2133 2721 2375 2778 Christi?
2412 2724 2674 2795 Quidquid
2721 2741 2818 2795 pro
2866 2728 3018 2782 nobis
3058 2731 3423 2799 tempuraliter
3470 2734 3713 2803 pertulit,

2137 2813 2388 2868 transitus
2413 2815 2529 2884 ejus
2553 2826 2654 2871 est.
2682 2817 2847 2871 Natus
2867 2828 2968 2882 est,
2993 2820 3203 2874 transiit
3227 2839 3239 2875 :
3261 2823 3518 2893 numquid
3541 2824 3715 2880 adhuc

2136 2904 2401 2959 nascitur?
2421 2906 2631 2973 Crevit,
2678 2909 2928 2965 transiit:
2973 2913 3224 2981 numquid
3266 2914 3441 2970 adhuc
3478 2918 3711 2972 crescit?

2133 2994 2285 3048 Suxit
2326 3014 2339 3050 :
2386 2998 2641 3068 numquid
2684 3000 2858 3055 adhuc
2897 3002 3072 3070 sugit?
3116 3003 3370 3060 Defessus
3416 3002 3710 3063 dormivit:

2136 3087 2390 3155 numquid
2420 3088 2593 3143 adhuc
2614 3089 2851 3145 dormit?
2886 3091 3221 3150 Mauducavit
3262 3106 3316 3152 et
3344 3098 3475 3152 bibit
3504 3115 3518 3151 :
3557 3116 3715 3154 num-

2135 3176 2258 3244 quid
2289 3177 2463 3234 adhuc
2498 3180 2655 3235 facit?
2686 3182 2962 3239 Postremo
2985 3202 3206 3253 prensus
3238 3196 3339 3254 est,
3371 3190 3577 3245 vinctus
3612 3201 3715 3260 est,

2136 3268 2445 3324 verberatus
2465 3280 2567 3338 est,
2600 3273 2764 3342 spinis
2784 3286 3069 3332 coronatus
3088 3288 3188 3343 est,
3215 3280 3381 3350 alapis
3409 3296 3578 3337 caesus
3608 3294 3714 3352 est,

2135 3360 2305 3427 sputis
2346 3360 2541 3429 illitns,
2575 3363 2716 3434 ligno
2754 3380 3081 3436 suspensus,
3106 3370 3349 3434 occisus,
3382 3372 3561 3428 lancea
3592 3390 3715 3443 per-

2136 3466 2346 3517 cussus,
2392 3456 2629 3524 sepultus
2669 3460 2959 3514 resurrexit
2984 3478 2996 3515 :
3021 3461 3192 3516 adhuc
3222 3464 3433 3518 transit.
3458 3466 3716 3522 Ascendit

2138 3543 2190 3598 in
2221 3547 2447 3613 caelum,
2476 3548 2625 3604 sedet
2665 3551 2732 3605 ad
2775 3551 3047 3608 dexteram
3084 3556 3253 3609 Patris
3286 3575 3299 3611 :
3339 3560 3502 3612 stetit.
3531 3559 3715 3617 Clama

2136 3645 2389 3701 quantum
2417 3647 2568 3706 potes
2592 3656 2606 3693 :
2638 3640 2797 3694 modo
2826 3651 2877 3696 te
2899 3643 3178 3698 illuminat.
3199 3645 3334 3701 Nam
3361 3657 3414 3703 et
3440 3649 3491 3702 in
3513 3651 3712 3720 eoipso

2136 3723 2278 3791 quod
2312 3723 2524 3779 Verbum
2553 3740 2659 3782 erat
2678 3733 2818 3799 apud
2834 3732 3016 3799 Deum,
3037 3736 3215 3805 utique
3239 3738 3429 3803 stabat,
3461 3741 3583 3810 quia
3611 3758 3716 3799 non

2137 3815 2458 3868 mutabatur.
2491 3816 2559 3870 Et
2591 3817 2728 3873 Deus
2755 3832 2860 3873 erat
2895 3822 3150 3878 Verbum:
3170 3836 3217 3879 et
3254 3826 3465 3882 Verbum
3490 3848 3607 3885 caro
3637 3836 3717 3902 fa-

2136 3912 2268 3957 ctum
2293 3914 2384 3958 est.
2418 3906 2555 3959 Caro
2576 3922 2671 3976 per
2704 3911 2978 3965 transitum
2999 3915 3160 3968 multa
3184 3915 3328 3984 fecit,
3347 3928 3400 3972 et
3424 3936 3571 3988 passa
3594 3931 3677 3976 est
3699 3940 3713 3975 :

2138 3994 2368 4050 Verbum
2396 3999 2560 4052 stetit.
2587 3999 2703 4069 Ipso
2732 4001 2904 4058 Verbo
2932 4019 3025 4058 cor
3054 4006 3421 4074 illuminatur;
3447 4014 3566 4081 quia
3599 4014 3716 4086 ipso

2139 4086 2315 4143 Verbo
2356 4104 2507 4156 caro,
2538 4108 2695 4162 quam
2737 4096 3000 4162 suscepit,
3050 4096 3360 4153 honoratur.
3403 4101 3552 4156 Tolle
3589 4105 3717 4159 Ver—

2138 4178 2284 4241 bum,
2313 4179 2439 4249 quid
2477 4190 2563 4237 est
2600 4185 2765 4239 caro?
2800 4185 2908 4239 Hoc
2936 4196 3015 4241 est
3046 4188 3187 4258 quod
3223 4198 3328 4243 tua.
3370 4191 3508 4247 Caro
3534 4202 3712 4249 autem

2139 4268 2332 4325 Christi
2361 4282 2417 4327 ut
2439 4274 2750 4342 honoretur,
2787 4276 3000 4332 Verbum
3019 4296 3137 4334 caro
3157 4281 3347 4349 factum
3372 4293 3466 4349 est,
3495 4295 3539 4338 et
3566 4287 3715 4341 habi—

2140 4362 2258 4415 tavit
2284 4363 2337 4416 in
2353 4365 2494 4419 nobis
2512 4364 2687 4435 (Joan.
2717 4384 2754 4434 ι,
2786 4370 2839 4435 l,
2864 4370 2976 4442 14).
3000 4370 3303 4429 Clamemus
3322 4388 3470 4445 ergo,
3495 4385 3548 4430 et
3581 4376 3717 4434 bene

2137 4466 2397 4510 vivamus.

2207 4567 2583 4625 CAPUT-VII.
2615 4602 2687 4611 —
2722 4572 2775 4628 7.
2837 4572 3127 4645 Diliganlur
3169 4588 3417 4647 parentes,
3462 4582 3552 4636 sed
3603 4582 3717 4652 plus

2137 4658 2386 4716 Christus.
2402 4661 2588 4717 Amate
2615 4662 2753 4719 filios
2779 4676 3000 4728 vestros,
3023 4679 3195 4724 amate
3215 4671 3468 4743 conjngcs
3492 4684 3715 4742 vestras,

2138 4757 2235 4811 etsi
2259 4758 2607 4813 szeculariter.
2638 4758 2769 4813 Nam
2802 4762 3088 4817 secundum
3118 4762 3387 4819 Christum
3417 4782 3594 4823 amare
3623 4768 3721 4822 ile-

2138 4845 2294 4912 betis,
2325 4858 2383 4902 ut
2410 4849 2698 4905 secundum
2742 4851 2905 4906 Deum
2950 4852 3053 4907 illis
3082 4856 3389 4919 consulatis,
3418 4867 3471 4910 et
3509 4873 3613 4913 non
3665 4860 3717 4915 in

2138 4938 2216 4992 eis
2260 4940 2357 4992 nisi
2392 4940 2662 4995 Christum
2706 4942 2960 5013 diligatis,
3002 4954 3055 4998 et
3094 4945 3312 4999 oderitis
3358 4946 3407 4999 in
3443 4950 3632 5002 vestris
3675 4953 3717 5005 si

2138 5028 2404 5083 Christqu
2430 5030 2624 5085 habere
2645 5032 2930 5087 noluerint.
2961 5033 3073 5103 Ipsa
3104 5037 3244 5089 enim
3273 5044 3354 5089 est
3373 5036 3606 5093 Charitas
3631 5039 3718 5095 illa

2138 5120 2334 5175 divina.
2368 5120 2497 5176 Nam
2531 5123 2655 5191 quid
2686 5124 2764 5178 eis
2795 5124 3031 5193 proderit
3058 5126 3360 5181 transitoria
3393 5136 3444 5183 et
3476 5130 3720 5185 mortalis

2138 5211 2371 5266 Charitas
2399 5213 2826 5269 vestra‘i'l'amen
2851 5215 3063 5284 quando
3080 5225 3133 5269 et
3152 5215 3457 5273 humanitus
3480 5222 3717 5291 diligitis,

2139 5303 2257 5374 plus
2287 5303 2550 5359 Christum
2593 5314 2786 5359 amate.
2813 5305 2929 5359 Non
2958 5305 3079 5362 dico
3110 5315 3168 5362 ut
3201 5324 3305 5364 non
3356 5311 3541 5381 diligas
3590 5329 3721 5366 uxo-

2140 5410 2286 5460 rem;
2319 5396 2412 5451 sed
2442 5396 2557 5466 plus
2585 5396 2745 5467 dilige
2764 5397 3054 5453 Christum.
3078 5400 3192 5455 Non
3234 5402 3353 5457 dico
3382 5413 3435 5457 ut
3468 5419 3569 5457 non
3597 5404 3718 5459 dili-

2140 5502 2233 5557 gas
2262 5497 2484 5555 patrem,
2517 5503 2621 5541 non
2650 5487 2770 5543 dico
2807 5500 2863 5545 ut
2908 5508 3010 5546 non
3049 5493 3235 5564 diligas
3259 5496 3422 5559 lilios;
3467 5496 3557 5550 sed
3601 5496 3718 5566 plus

2141 5581 2299 5649 dilige
2323 5579 2611 5633 Christum.
2654 5580 2791 5635 Audi
2827 5582 2973 5637 illum
3003 5584 3297 5647 dicentem,
3329 5600 3397 5639 ne
3425 5601 3537 5640 mea
3568 5596 3718 5655 putes

2142 5673 2236 5726 ista
2262 5672 2415 5726 verba
2439 5687 2450 5723 :
2481 5671 2580 5737 Qui
2601 5683 2734 5724 amat
2752 5683 2941 5741 patrem
2964 5684 3050 5728 ant
3080 5686 3288 5728 matrem
3314 5678 3427 5745 plus
3446 5694 3595 5746 quam
3618 5695 3712 5745 me,

2142 5780 2240 5815 non
2272 5772 2338 5816 i'sl
2366 5780 2441 5817 me
2470 5763 2647 5833 dignus
2680 5761 2886 5834 (παίω.
2925 5780 2970 5830 ς,
3001 5764 3112 5836 57).
3136 5764 3359 5839 Quando
3388 5768 3554 5827 audis.
3591 5768 3706 5823 Non
