4026 6186
348 284 493 342 15.23

347 407 427 450 est
455 409 535 448 ine
553 393 766 464 dignus,
790 405 895 445 non
927 388 1115 445 times?
1144 387 1222 444 De
1241 401 1348 458 quo
1371 383 1499 444 dicit
1514 383 1784 449 Christus,
1817 379 1939 435 Non

345 498 419 544 est
448 501 528 540 nte
553 484 763 555 dignus,
789 497 896 536 non
917 491 1000 538 est
1017 494 1139 536 cum
1164 479 1254 533 illo
1273 497 1286 533 :
1305 478 1397 550 qui
1418 492 1540 532 cum
1572 475 1664 531 illo
1690 489 1795 530 non
1818 474 1940 539 erit,

350 578 439 634 ubi.
468 575 606 631 erit?
633 574 691 630 Si
733 588 842 628 non
883 587 1036 626 amas
1069 586 1191 627 cum
1233 571 1325 624 illo
1363 583 1504 634 esse,
1549 566 1676 622 time
1704 566 1820 622 sine
1853 565 1943 618 illo

347 683 487 724 esse.
518 666 697 734 Quare
732 665 859 717 time
900 663 1016 716 sine
1060 661 1150 715 illo
1192 659 1350 714 esse?
1385 659 1518 726 Quia
1562 672 1683 712 cum
1728 653 1942 710 diabolo

346 762 479 823 eris,
510 759 556 813 si
583 773 707 814 cum
728 756 946 810 Christo
974 769 1078 809 non
1102 751 1282 806 fueris.
1317 751 1385 805 Et
1414 751 1500 804 ubi
1529 750 1631 803 erit
1661 745 1942 802 diabolus?

348 851 488 906 Audi
519 849 695 918 ipsum
722 846 996 900 Christum
1033 861 1046 896 :
1074 841 1159 897 Ite
1186 843 1240 895 ia
1260 843 1423 912 ignem
1443 850 1703 902 a'ternum,
1735 838 1822 907 qui
1849 853 1942 906 pa-

347 954 494 998 ratus
511 950 584 996 est
601 939 803 994 diabolo
821 947 868 992 et
885 936 1078 1008 angelis
1097 933 1432 1006 ejus(il!atth.
1452 947 1589 998 xxv,
1608 931 1718 1003 ιι).
1734 931 1788 985 Si
1820 932 1938 1000 igne

347 1035 470 1090 caeli
492 1028 951 1093 nonaceenderis,
979 1029 1150 1098 ignem
1179 1026 1306 1080 time
1332 1023 1716 1095 gebcnnarum.
1746 1023 1799 1078 Si
1831 1037 1936 1076 non

347 1139 498 1178 amas
522 1136 645 1176 esse
667 1121 808 1174 inter
835 1117 1070 1189 Angelos
1103 1117 1217 1180 Dei,
1257 1117 1384 1170 time
1412 1131 1533 1171 esse
1559 1116 1698 1170 inter
1722 1113 1940 1183 angelos

348 1215 568 1271 diaboli.
582 1213 636 1268 Si
655 1227 760 1266 non
782 1225 931 1264 amas
950 1223 1072 1263 esse
1093 1209 1147 1262 in
1166 1223 1349 1277 regno,
1370 1207 1496 1262 time
1515 1221 1634 1262 esse
1655 1204 1711 1260 in
1730 1205 1942 1259 camino

353 1308 488 1373 ignis
510 1303 769 1367 ardentis,
802 1298 1246 1370 inexstinguibilis
1265 1339 1280 1363 ,
1308 1295 1640 1366 sempiterni.
1661 1295 1850 1350 Vincat
1884 1295 1937 1348 in

354 1409 405 1453 te
430 1397 578 1467 prius
604 1394 827 1459 timor‘,
865 1401 921 1448 et
945 1391 1048 1446 erit
1080 1405 1249 1444 amor.
1283 1388 1467 1442 Timor
1503 1385 1818 1457 pmdagogus
1847 1385 1937 1451 sit,

355 1503 460 1543 ann
490 1488 600 1556 ipse
642 1485 692 1538 in
721 1493 772 1538 te
801 1489 1096 1548 remaneat,
1117 1480 1212 1536 sed
1245 1488 1296 1535 te
1319 1478 1388 1534 ad
1415 1476 1726 1535 cbaritatem
1745 1516 1762 1545 ,
1788 1474 1939 1547 quasi

357 1578 422 1635 sd
451 1578 762 1649 magistrum
790 1572 1073 1645 perducat.

848 1701 1075 1761 SERMO
1111 1700 1280 1758 CCCL
1300 1702 1318 1724 ·
1345 1699 1443 1770 (a).

889 1815 970 1871 De
996 1815 1273 1880 Cliaritale,
1301 1827 1339 1867 tt

426 1962 478 2014 ι.
520 1955 792 2012 Charitatis
836 1953 966 2007 laus.
997 1949 1100 2004 Per
1125 1965 1235 2003 eam
1268 1947 1439 2001 diuina
1465 1944 1698 1999 doctrina
1721 1942 1832 1998 sine
1859 1957 1939 1996 er-

351 2069 468 2106 rore
489 2047 949 2120 comprehenditur,
977 2044 1086 2098 sine
1111 2042 1280 2096 labore
1303 2038 1601 2094 custoditur.
1636 2034 1938 2090 Mandatum

353 2158 538 2197 norum
569 2140 760 2210 faciens
793 2137 1046 2190 hominem
1071 2148 1274 2187 nouum.
1304 2129 1607 2184 Divinarum
1635 2125 1938 2196 Scriptura-

354 2249 469 2287 rum
500 2229 842 2299 multiplicem
869 2224 1264 2286 abundantiam,
1299 2220 1716 2288 latissimamque
1735 2213 1938 2270 doctri—

354 2341 497 2385 nam.
513 2325 706 2377 fratres
722 2319 844 2383 mei,
863 2319 978 2374 sine
994 2317 1102 2372 ullo
1117 2329 1300 2370 errore
1319 2309 1743 2381 comprehendit,
1757 2317 1812 2363 et
1824 2307 1940 2362 sine

354 2415 462 2467 ullo
498 2412 685 2466 labore
713 2407 957 2472 custodit,
983 2405 1135 2474 cujus
1159 2419 1254 2458 cor
1278 2402 1492 2473 plenum
1522 2408 1604 2454 est
1624 2397 1884 2452 charitate
1922 2412 1937 2449 :

362 2506 576 2560 dicente
597 2501 642 2556 Α
652 2501 875 2572 postolo,
901 2497 1168 2552 Plenitudo
1190 2504 1353 2548 autem
1370 2491 1492 2562 legis
1519 2491 1741 2545 cltaritas
1761 2489 1939 2560 (Rom.

356 2612 469 2662 xm,
498 2594 586 2665 IO)
609 2611 622 2655 ;
649 2603 703 2648 et
728 2591 833 2645 alio
858 2590 995 2654 loco,
1017 2587 1163 2641 Finis
1182 2594 1348 2639 autem
1374 2581 1610 2655 precepti
1631 2589 1702 2636 est
1721 2580 1942 2634 charitas

355 2689 416 2741 de
432 2686 584 2739 corde
619 2699 768 2753 puro,
801 2691 846 2736 et
878 2679 1184 2734 conscientia
1229 2675 1393 2742 bona,
1418 2683 1464 2729 et
1509 2673 1612 2744 fide
1644 2689 1743 2726 non
1777 2672 1896 2740 [ictu
1918 2671 1940 2702 ’

357 2779 399 2853 (I
425 2778 562 2832 Tim.
597 2793 633 2838 I,
657 2775 734 2844 5).
763 2773 894 2840 Quis
915 2779 1000 2828 est
1015 2779 1190 2825 autem
1221 2769 1338 2823 linis
1369 2782 1559 2838 [ιι-ωερε
1583 2767 1640 2828 ti,
1670 2765 1768 2819 nisi
1800 2779 1939 2833 prac-

355 2870 495 2940 cepti
531 2865 883 2936 adimplctio?
913 2873 970 2919 et
1007 2860 1135 2933 quid
1168 2871 1250 2917 est
1296 2857 1548 2931 praecepti
1593 2854 1938 2924 adimpletio,

356 2963 458 3017 nisi
487 2961 622 3030 legis
650 2955 967 3029 plenitudo?
995 2953 1148 3023 Quod
1176 2967 1304 3022 ergo
1330 2951 1398 3005 ibi
1449 2950 1582 3004 dixit
1606 2991 1619 3010 ,
1668 2946 1940 3002 Plenitudo

359 3055 483 3125 legis
505 3061 577 3105 est
599 3050 858 3112 charitas;
885 3047 986 3102 hoc
1015 3045 1174 3100 etiam
1203 3043 1288 3097 hic
1327 3041 1493 3107 dixit,
1529 3039 1672 3093 Finis
1700 3037 1944 3108 praecepti

358 3155 432 3199 est
460 3142 700 3196 rharitas.
719 3137 828 3194 Nec
854 3136 1084 3191 dubitari
1103 3134 1212 3189 ullo
1235 3131 1392 3187 modo
1420 3139 1614 3201 potest,
1641 3128 1943 3197 quodtem-

361 3235 502 3305 plum
546 3233 638 3288 Dei
678 3231 748 3285 sit
786 3228 981 3293 homo,
1031 3225 1082 3281 in
1126 3240 1232 3295 quo
1269 3223 1471 3278 habitat
1509 3221 1761 3277 cliaritas.
1807 3219 1945 3299 Dicit

360 3325 500 3378 enim
535 3331 588 3378 et
627 3321 861 3377 Joannes
883 3358 899 3386 ,
935 3317 1070 3372 Deus
1096 3315 1320 3370 charitas
1349 3324 1421 3370 cst
1456 3313 1514 3384 (I
1541 3312 1703 3367 Joan.
1727 3327 1805 3374 iv,
1844 3310 1939 3380 8).

358 3413 486 3470 "me
511 3423 686 3468 autem
729 3411 970 3466 dicentes
1007 3405 1246 3477 Apostoli
1273 3413 1328 3461 et
1370 3404 1523 3460 nobis
1549 3401 1824 3458 charitatis
1852 3416 1944 3454 ex-

362 3505 664 3560 cellentiam
705 3498 1176 3564 commendantes,
1214 3510 1323 3551 non
1384 3493 1563 3562 utique
1609 3489 1790 3557 aliud,
1840 3487 1941 3542 nisi

361 3595 506 3664 quod
544 3592 900 3654 comederant,
947 3597 1192 3643 ructuare
1235 3593 1540 3655 potuerunt.
1593 3580 1708 3650 Ipse
1749 3579 1944 3650 quippe

367 3683 628 3738 Dominus
653 3697 867 3751 pascens
896 3694 992 3735 cos
1020 3679 1182 3733 verbo
1209 3675 1449 3732 veritatis
1467 3714 1480 3739 ,
1514 3673 1678 3728 verbo
1711 3671 1944 3726 charita-

363 3777 453 3839 tis,
483 3771 627 3844 quod
648 3783 727 3827 est
755 3773 866 3842 ipse
898 3770 1047 3841 panis
1073 3769 1245 3834 vivus,
1267 3766 1356 3836 qui
1384 3765 1450 3820 de
1475 3764 1612 3820 caelo
1642 3759 1940 3828 descendit,

364 3866 690 3931 Mandatum,
715 3864 901 3934 inquit,
920 3878 1100 3916 novum
1118 3861 1183 3915 do
1208 3859 1367 3924 vobis,
1391 3867 1443 3910 ut
1462 3856 1683 3927 diligatis
1705 3855 1944 3909 invicem:

375 3968 432 4013 et
451 3955 739 4022 iterum,ln
764 3957 858 4009 hoc
873 3955 1028 4008 scient
1057 3968 1229 4006 omnes
1265 3951 1380 4022 quia
1417 3947 1653 4018 discipuli
1682 3947 1778 4000 mei
1807 3946 1943 4008 estis,

361 4052 512 4105 siros
538 4048 751 4103 invicem
771 4044 1048 4101 dilexeritis
1075 4043 1252 4113 (Joan.
1278 4058 1391 4107 xm,
1423 4041 1512 4106 δι,
1535 4040 1648 4111 ‘55).
1671 4038 1764 4093 Ille
1801 4037 1944 4094 enim

361 4142 449 4212 qui
479 4139 629 4195 venit
655 4155 750 4210 per
784 4137 960 4192 crucis
989 4135 1288 4191 irrisioncm
1319 4131 1496 4188 carnis
1525 4129 1789 4201 perimere
1819 4144 1945 4186 cor-

363 4233 687 4302 ruptionem,
719 4240 774 4286 et
792 4237 1111 4284 vetustatem
1155 4225 1350 4280 vinculi
1379 4223 1566 4278 mortis
1593 4229 1790 4277 nostrze
1835 4236 1946 4276 sua:

363 4324 550 4378 mortis
581 4321 815 4376 novitate
839 4318 1150 4382 dissolvere,
1182 4315 1432 4370 mandato
1454 4327 1592 4368 novo
1623 4310 1747 4368 fecit
1773 4310 1947 4364 homi-

368 4431 487 4468 ιιι-ιιι
511 4428 726 4467 novum.
745 4411 852 4466 Res
871 4410 1012 4465 enim
1031 4419 1181 4464 vetus
1204 4415 1339 4472 erat,
1359 4415 1415 4460 ut
1437 4404 1598 4460 homo
1624 4412 1943 4459 moreretur.

363 4505 516 4573 Quod
549 4520 616 4559 ne
642 4519 856 4574 semper
878 4502 1079 4556 valeret
1118 4500 1170 4555 in
1212 4499 1448 4564 homine,
1495 4512 1583 4552 res
1623 4511 1761 4552 nova
1805 4495 1946 4552 facta

363 4608 467 4663 est,
491 4608 550 4652 ut
579 4596 720 4652 Deus
761 4602 1078 4650 moreretur.
1107 4591 1213 4649 Sed
1251 4590 1374 4662 quia
1418 4590 1470 4644 in
1498 4603 1661 4645 carne
1707 4596 1948 4643 mortuus

363 4695 466 4752 est,
492 4702 600 4741 non
630 4685 682 4740 in
710 4684 1007 4747 divinitate,
1032 4697 1125 4752 per
1149 4681 1526 4750 sempiternam
1552 4679 1716 4734 vitam
1743 4677 1946 4734 divini-
1985 4695 1992 4702 ·

361 4778 484 4834 tatis
506 4792 612 4832 non
641 4775 886 4849 permisit
904 4789 1025 4830 esse
1045 4773 1427 4854 sempiternum
1448 4772 1719 4826 interitum
1745 4769 1945 4826 carnis.

362 4867 564 4940 Itaque,
591 4869 730 4923 sicut
755 4866 882 4922 dicit
907 4865 1220 4935 Apostolus,
1268 4861 1499 4917 Mortuus
1525 4871 1600 4917 est
1625 4871 1831 4934 propter
1858 4859 1951 4915 de-

427 5004 443 5034 ι
467 5001 542 5051 Sic
563 5000 614 5050 in
629 5005 737 5048 uss.
765 5004 818 5048 At
839 4998 888 5047 in
912 4996 1094 5047 editis:
1120 4991 1286 5058 Pincat
1305 4992 1355 5044 in
1377 4998 1422 5044 te
1440 4993 1554 5058 pius
1574 4992 1732 5044 timor.

426 5065 448 5095 ³
471 5064 555 5112 Hic
576 5064 624 5125 in
645 5062 779 5124 prius
795 5060 940 5110 editis
964 5058 1182 5125 additur;
1207 5055 1256 5105 si
1275 5067 1390 5125 ergo
1525 5063 1662 5125 vacat
1681 5067 1842 5125 pontes
1863 5068 1954 5120 pa-

361 5123 504 5192 ginas
518 5115 882 5192 scripturarum
902 5117 1136 5192 euoluere,
1156 5123 1260 5192 tene
1277 5115 1578 5192 clinritatem,
1604 5122 1651 5168 et
1742 5130 1800 5192 ea
1820 5115 1953 5168 inve-

359 5181 464 5236 iries
485 5181 676 5234 mutent
703 5181 970 5233 scientiam.
1004 5189 1118 5241 Quae
1139 5181 1454 5230 sententiain
1488 5181 1824 5241 manuscriptis
1857 5192 1954 5228 non

357 5247 455 5298 Isto
471 5245 598 5306 loco,
620 5245 712 5296 sed
732 5243 828 5295 alio
857 5239 1046 5295 tantum
1065 5242 1189 5293 infra
1209 5253 1319 5291 cum
1348 5239 1580 5290 nonnulla
1609 5239 1846 5290 varietate
1867 5253 1951 5290 re-

358 5316 1108 5420 pei'géndamsaddimmt
1137 5362 1494 5415 duosLadcb.
1517 5376 1583 5414 ω.
1609 5362 1859 5414 θιιιάΑιιι.
1879 5368 1952 5414 Er.

361 5437 680 5553 "inﬁmas.
701 5492 768 5543 de
789 5499 1029 5553 Tempore
1051 5487 1112 5537 59
1135 5495 1188 5539 et
1210 5487 1258 5536 in
1283 5493 1416 5537 tomo
1439 5498 1584 5553 nono.

426 5504 480 5551 ιιι
537 5494 680 5550 Alias.
701 5494 768 5543 de
789 5499 1029 5553 Tempore
1051 5494 1112 5537 59
1135 5495 1188 5539 et
1210 5494 1258 5536 in
1283 5494 1416 5537 tomo
1439 5498 1584 5536 nono.

426 5494 502 5616 (bi
537 5559 701 5616 Exstat
725 5556 773 5604 in
795 5553 896 5602 line
931 5557 1273 5616 Excerme
1296 5548 1621 5616 Eugypii_cum
1645 5546 1810 5616 titulo,
1841 5564 1866 5594 ι
1887 5555 1955 5616 ne

369 5633 393 5660 ι
416 5608 564 5666 Elide
585 5615 851 5666 claritatis.
875 5629 900 5658 ν
929 5614 1002 5661 sic
1040 5608 1182 5660 etiam
1208 5608 1385 5660 vocant
1396 5608 1538 5658 'Beda
1564 5615 1617 5658 et
1656 5608 1820 5658 Florus
1857 5609 1916 5658 ad
1941 5617 1956 5659 ι

1784 261 2012 326 SERMO
2048 265 2239 324 CCCL.

3503 285 3635 342 1534

2052 383 2173 437 [icta
2212 393 2383 438 nostra
2408 426 2421 452 ,
2452 396 2498 440 et
2535 389 2807 444 resurrexit
2846 399 3048 460 propter
3073 392 3488 472 justi/irationem
3534 418 3630 454 no-

2048 484 2204 528 stram
2230 475 2401 547 (Rom.
2437 494 2507 542 iv,
2535 479 2647 548 9.5).
2678 480 2778 547 Qui
2818 498 2944 553 ergo
2968 495 3152 540 contra
3180 488 3365 542 mortis
3393 500 3628 545 vetusta-

2051 573 2155 619 tcm
2185 568 2360 622 attulit
2384 569 2503 624 vitae
2531 571 2816 628 novitatem
2837 614 2854 640 ,
2883 575 2996 644 ipse
3021 585 3207 633 contra
3239 589 3390 635 vetus
3417 595 3624 650 pecca-

2051 665 2160 710 tum
2188 660 2407 728 opponit
2447 677 2638 715 novum
2667 665 2991 719 mandatum.
3023 666 3354 740 Quapmpter
3382 674 3631 742 quisquis

2048 759 2199 802 vetus
2221 760 2493 819 peccatum
2517 751 2598 808 vis
2619 757 2983 827 exstinguere,
3000 764 3248 817 mandato
3275 779 3411 817 novo
3426 767 3630 820 exstiti.

2012 852 2148 911 ‘gue
2199 844 2576 913 cupiditatem,
2617 855 2671 902 et
2721 849 3041 918 amplectere
3091 853 3424 910 charitatem.
3481 856 3628 912 Sicut

2046 937 2188 989 enim
2216 936 2363 991 radix
2390 939 2630 992 omnium
2660 940 2918 994 malorum
2942 955 3024 997 est
3048 945 3344 1015 cupiditas;
3376 947 3444 1002 ita
3467 957 3520 1004 ct
3541 964 3627 1003 ra-

2045 1023 2132 1078 dix
2163 1025 2398 1080 omnium
2422 1027 2681 1082 bonorum
2704 1038 2784 1084 est
2810 1030 3058 1087 charitas.

2115 1115 2170 1169 2.
2203 1116 2457 1172 Charitate
2495 1120 2722 1174 doctrina
2762 1121 3146 1190 Scripturarum
3173 1136 3276 1181 tota
3320 1130 3624 1199 possidetur.

2047 1207 2234 1263 Totam
2271 1211 2696 1281 magnitudinem
2726 1225 2778 1269 et
2811 1215 3140 1289 latitudinem
3183 1221 3478 1276 divinorum
3507 1225 3625 1278 cln-

2045 1299 2289 1369 quiorum
2324 1315 2510 1357 secura
2551 1304 2785 1373 possidet
2815 1306 3066 1370 charilas,
3100 1327 3199 1378 qua
3242 1312 3402 1364 Deum
3444 1314 3624 1380 proxi-

2046 1403 2297 1459 mumque
2334 1390 2618 1460 diligimus.
2664 1394 2826 1450 Docet
2885 1398 3025 1452 cnim
3070 1416 3165 1453 nos
3211 1402 3445 1456 ('(l‘iJSllS
3491 1419 3628 1457 unus

2046 1477 2328 1549 Magister,
2370 1492 2423 1536 et
2462 1483 2624 1538 dicit:
2658 1485 2847 1556 Diliges
2878 1487 3144 1541 Dominum
3181 1490 3338 1545 Deum
3377 1475 3516 1544 tuum
3563 1508 3627 1546 e1:

2046 1579 2148 1624 toto
2177 1572 2328 1625 corde
2361 1582 2464 1639 tuo,
2493 1583 2538 1627 et
2581 1591 2644 1628 cx
2680 1585 2782 1628 tota
2820 1579 2989 1630 auium
3030 1589 3135 1645 tua,
3163 1589 3211 1632 et
3245 1597 3306 1633 ex
3333 1591 3436 1633 tota
3468 1593 3629 1635 mente

2046 1671 2172 1716 tua:
2201 1671 2245 1716 et
2285 1661 2463 1734 diliges
2499 1665 2783 1732 proximum
2829 1678 2967 1720 tuum
3005 1671 3133 1722 sicut
3154 1680 3200 1723 te
3226 1670 3409 1735 ipsum.
3454 1669 3520 1724 In
3550 1672 3628 1726 liis

2045 1754 2238 1810 duobus
2279 1757 2538 1826 praeceptis
2587 1759 2817 1812 uniuersa
2872 1759 2977 1814 Lex
3018 1761 3217 1831 pendet,
3269 1773 3314 1814 et
3356 1761 3629 1832 Prolihetw

2045 1844 2257 1914 (Matth.
2291 1862 2419 1913 λιιι,
2443 1848 2660 1916 57-40).
2690 1848 2745 1903 Si
2772 1865 2898 1920 ergo
2924 1866 3028 1904 non
3074 1862 3223 1906 vacat
3250 1868 3436 1908 omnes
3477 1853 3626 1923 pagi-

2046 1954 2141 1992 uas
2161 1949 2372 1994 sanctas
2402 1943 2744 2010 perscrutari,
2791 1944 2964 1996 omnia
3011 1944 3278 1998 involucra
3321 1961 3624 2000 sermonum

2043 2030 2308 2094 evolvere,
2332 2032 2507 2086 omnia
2529 2033 2918 2102 Scripturarum
2941 2045 3143 2090 secreta
3169 2046 3481 2104 penetrare;
3507 2048 3630 2091 tene

2043 2121 2379 2187 charitatem,
2409 2124 2496 2178 ubi
2528 2124 2760 2196 pendent
2784 2126 2961 2179 omnia
2996 2142 3009 2177 :
3052 2125 3119 2179 ita
3155 2127 3355 2181 tenebis
3383 2130 3521 2197 quod
3556 2128 3626 2182 ibi

2044 2213 2315 2280 didicisti;
2361 2215 2566 2268 tenebis
2605 2217 2764 2269 etiam
2803 2216 2942 2286 quod
2991 2217 3223 2271 nondum
3269 2219 3518 2273 didicisti.
3571 2220 3627 2274 Si

2044 2305 2186 2358 enim
2228 2305 2364 2358 nosti
2405 2305 2754 2372 cliaritatem,
2784 2307 2981 2374 aliquid
3020 2309 3161 2362 nosti
3210 2310 3349 2364 unde
3396 2321 3450 2364 ct
3497 2312 3626 2365 illud

2045 2395 2241 2465 pendet
2264 2395 2402 2465 quod
2433 2396 2565 2449 forte
2591 2413 2694 2449 non
2738 2397 2875 2451 nosti
2912 2414 2924 2450 :
2953 2407 3006 2452 et
3046 2399 3098 2452 in
3129 2414 3194 2452 eo
3222 2400 3362 2470 (ιιιωά
3397 2402 3447 2453 iu
3478 2401 3626 2456 Scri—

2046 2487 2216 2556 pturis
2242 2487 2509 2558 intelligis,
2538 2487 2769 2544 Charitas
2798 2499 2975 2559 patet;
3005 2491 3056 2544 in
3087 2505 3152 2546 co
3173 2493 3313 2562 quod
3337 2508 3439 2548 non
3470 2495 3632 2550 intel-

2044 2577 2183 2648 ligis,
2207 2579 2436 2632 cliarilas
2469 2579 2614 2634 latet.
2649 2579 2740 2634 lllc
2770 2582 2946 2652 itaque
2977 2591 3119 2638 tenet
3155 2591 3204 2638 ct
3232 2585 3372 2652 quod
3411 2597 3549 2654 patet
3575 2597 3630 2643 et

2045 2671 2182 2739 quod
2216 2671 2341 2726 latet
2362 2672 2412 2726 in
2442 2672 2636 2728 divinis
2655 2676 3011 2740 sermonibus,
3031 2678 3116 2746 qui
3139 2676 3450 2733 eliaritatem
3485 2688 3631 2735 tenet

2047 2762 2098 2815 in
2127 2763 2384 2816 morilms.

2116 2853 2169 2907 5.
2212 2852 2480 2908 Charitatis
2525 2856 2830 2925 praconium
2873 2859 3208 2929 prosequitur.
3255 2860 3624 2932 Quapropter,

2046 2941 2260 3010 fratres,
2288 2946 2566 3000 sectamini
2603 2945 2919 3002 charitatem
2945 2989 2959 3014 ,
2993 2947 3148 3005 dulce
3175 2966 3236 3004 ac
3263 2952 3476 3008 salubre
3513 2955 3631 3009 vin-

2044 3033 2222 3088 culum
2251 3036 2526 3101 mentium,
2573 3037 2688 3091 sine
2724 3053 2828 3107 qua
2858 3038 3006 3093 dives
3047 3055 3245 3110 pauper
3285 3052 3400 3108 est,
3429 3053 3628 3098 etcum

2045 3140 2146 3194 qua
2179 3140 2378 3196 pauper
2396 3126 2546 3181 dives
2569 3137 2669 3182 est.
2705 3128 2828 3184 Ηςιξο
2872 3121 3378 3185 ἱιιίιάινθιοεὶιειιίιιυε
3415 3133 3628 3200 tolerat,

2047 3215 2100 3269 in
2150 3218 2591 3287 prosperitatibus
2645 3228 2945 3289 temperat;
2995 3221 3048 3274 in
3097 3220 3246 3276 duris
3297 3223 3632 3288 passioaibus

2047 3307 2216 3372 fortis,
2252 3309 2303 3362 in
2333 3309 2484 3365 bonis
2511 3312 2762 3380 Operibus
2803 3313 3019 3376 hilaris;
3053 3313 3106 3364 in
3151 3314 3444 3368 tentatioue
3474 3316 3632 3370 tutis~

2045 3397 2269 3462 sima,iu
2290 3397 2648 3468 hospitalitate
2664 3399 2952 3463 latissima;
2979 3402 3116 3454 inter
3134 3415 3286 3456 veros
3316 3402 3504 3460 fratres
3535 3408 3630 3462 lic-

2047 3487 2271 3552 tissima,
2297 3489 2434 3544 inter
2463 3488 2623 3544 falsos
2652 3491 3056 3559 patientissima.
3091 3491 3144 3546 In
3177 3493 3308 3548 Abel
3337 3510 3433 3565 per
3458 3498 3631 3553 sacri-

2049 3579 2223 3634 licium
2253 3589 2420 3650 grata,
2454 3581 2508 3634 in
2533 3580 2642 3636 Noe
2667 3597 2761 3652 per
2783 3582 3038 3637 diluvium
3073 3598 3282 3652 secura,
3314 3586 3366 3640 in
3400 3587 3630 3644 Abrahae

2046 3672 2561 3742 peregrinationibus
2599 3674 2926 3740 fidelissima,
2961 3677 3012 3732 in
3043 3678 3221 3751 Moyse
3249 3679 3633 3750 intcrinjurias

2049 3763 2339 3832 lenissima,
2362 3764 2415 3819 in
2447 3765 2609 3820 David
2639 3767 3068 3826 tribulationibus
3095 3773 3540 3827 mansuetissima.
3573 3775 3630 3830 lu

2050 3855 2220 3911 tribus
2251 3857 2427 3926 pueris
2451 3856 2676 3913 blandos
2702 3858 2849 3929 ignes
2880 3861 3196 3917 innocenter
3226 3873 3500 3932 exspectat
3530 3881 3543 3917 :
3579 3867 3634 3918 in

2048 3945 2364 4002 Machabmis
2399 3963 2569 4002 sazvos
2600 3948 2748 4018 ignes
2775 3948 2981 4004 fortiter
3011 3952 3219 4006 tolerat.
3249 3953 3405 4009 Casta
3444 3955 3494 4009 in
3525 3956 3632 4010 Sus

2050 4054 2215 4110 sanna
2244 4055 2366 4111 erga
2394 4041 2586 4108 virum,
2619 4042 2670 4095 in
2698 4042 2843 4095 Anna
2870 4053 2988 4112 post
3009 4044 3208 4110 virum,
3227 4045 3279 4100 in
3303 4045 3464 4100 Maria
3493 4063 3632 4116 praes

2051 4141 2133 4188 ter
2152 4133 2344 4188 virum.
2373 4133 2561 4188 Libera
2589 4133 2641 4188 in
2671 4133 2837 4190 Paulo
2859 4135 2924 4189 ad
2955 4136 3312 4205 arguentium,
3339 4138 3556 4194 humilis
3577 4142 3630 4206 in

2051 4224 2211 4280 Petro
2233 4225 2299 4280 ad
2325 4225 2675 4282 obediendum
2701 4244 2714 4280 :
2736 4226 2963 4282 humana
2995 4229 3047 4282 in
3073 4228 3390 4286 Christianis
3409 4232 3476 4287 ad
3503 4248 3635 4288 cou-.

2053 4317 2344 4383 ﬁtendum,
2379 4319 2556 4374 divina
2597 4319 2649 4375 in
2702 4319 2917 4376 Christo
2954 4320 3022 4376 ad
3079 4322 3479 4392 ignoscendum.
3524 4326 3632 4388 Sed

2052 4407 2176 4477 quid
2203 4423 2303 4479 ego
2327 4409 2396 4464 de
2422 4409 2681 4466 charitate
2707 4411 2878 4480 majus
2903 4420 2994 4465 aut
3032 4413 3250 4468 uberius
3294 4429 3510 4484 possum
3549 4417 3602 4472 di

2051 4513 2195 4563 cere,
2218 4515 2376 4570 quam
2401 4514 2533 4571 quas
2561 4515 2662 4571 per
2702 4515 2764 4556 os
2794 4502 3034 4572 Apostoli
3075 4502 3260 4559 laudes
3287 4505 3405 4574 ejus
3431 4508 3638 4570 intonat

2055 4589 2329 4666 Dominus,
2349 4590 2832 4666 superemincntem
2864 4591 3001 4646 viam
3028 4595 3450 4651 demonstrantis
3477 4607 3639 4666 atque

2051 4665 2290 4723 dicentis
2315 4685 2327 4721 :
2351 4663 2422 4724 ‘Si
2458 4667 2650 4740 linguis
2681 4669 2953 4722 hominum
2983 4669 3175 4740 loquar
3205 4682 3256 4724 et
3287 4663 3635 4746 Angelorum,

2053 4757 2370 4811 charitatem
2404 4765 2582 4811 autem
2613 4774 2715 4811 non
2745 4757 2989 4823 habeam,
3013 4761 3184 4829 factus
3220 4777 3333 4814 sunt
3367 4779 3634 4830 errantem

2052 4855 2166 4899 tum
2196 4861 2414 4908 sonans,
2451 4853 2543 4898 aut
2579 4844 2878 4916 cymbalum
2923 4849 3172 4902 tinniens.
3212 4848 3278 4904 Et
3313 4852 3360 4910 si
3402 4854 3636 4913 habuero

2052 4937 2405 5006 prophetiam,
2438 4937 2671 4990 etsricro
2695 4939 2874 4992 omnia
2921 4948 3282 5005 sacramenta,
3332 4951 3382 4995 et
3422 4960 3631 5000 omnem

2049 5026 2350 5091 scientiam,
2383 5035 2431 5078 et
2460 5027 2504 5079 si
2525 5025 2755 5080 habuero
2784 5042 2991 5081 omnem
3021 5028 3202 5098 ﬁdem,
3225 5030 3300 5084 ita
3341 5039 3396 5082 ut
3427 5045 3630 5094 montes

2049 5113 2393 5185 transferam,
2445 5113 2761 5168 charitatem
2808 5122 2984 5169 autem
3035 5131 3140 5169 non
3185 5117 3442 5182 habeam,
3499 5120 3631 5174 nihil

2048 5219 2186 5257 sunt.
2231 5202 2297 5256 Et
2315 5203 2363 5256 si
2388 5201 2652 5256 donavero
2669 5219 2846 5256 omnes
2862 5202 3143 5272 facultates
3171 5219 3334 5269 nicas,
3371 5215 3422 5260 et
3447 5207 3496 5261 si
3521 5209 3631 5263 dis-

2050 5294 2282 5350 tribuero
2312 5293 2491 5347 omnia
2517 5309 2633 5347 mea
2664 5293 3004 5364 pauperibus,
3043 5302 3092 5347 et
3120 5295 3166 5349 si
3209 5297 3477 5352 tradidero
3506 5317 3626 5354 cor—

2049 5401 2146 5453 pus
2190 5397 2362 5436 meum
2413 5388 2468 5434 ut
2496 5381 2738 5444 ardeam,
2783 5381 3095 5437 charitatcnt
3141 5393 3317 5439 autem
3366 5403 3470 5442 non
3526 5391 3627 5444 lia.

2047 5471 2221 5532 beant,
2257 5469 2389 5524 nihil
2437 5470 2565 5522 mihi
2603 5469 2832 5539 prodest.
2867 5467 3114 5524 Charitas
3153 5475 3499 5542 magnanima
3527 5488 3622 5542 est.

2046 5563 2281 5616 clmritas
2304 5559 2530 5628 benigna
2556 5568 2652 5613 est.
2693 5557 2944 5612 Charitas
2987 5576 3088 5612 non
3145 5561 3454 5628 wmulutur,
3519 5584 3622 5622 non

361 5648 1004 5733 $75.37;???éi'a3'i
1027 5648 1505 5734 ῗίὶῖῐῖἶΧίἔεξεωωτ
1527 5671 1640 5720 olim
1666 5679 1718 5720 et
1754 5671 1802 5719 in
1828 5682 1944 5720 tom:

2050 5653 2160 5720 agit
2196 5663 2492 5718 perperam,
2523 5662 2627 5700 non
2665 5648 2905 5716 inﬂatur,
2930 5663 3033 5699 non
3079 5649 3472 5716 dchoncstatur,
3521 5673 3622 5721 non

363 5751 524 5792 τωο*
549 5739 642 5790 sed
666 5736 986 5804 interpellatus
1010 5735 1076 5786 illi
1095 5768 1111 5794 ,
1151 5732 1398 5805 etuErasml
1417 5743 1628 5784 censura
1650 5734 1955 5796 reprobatus.

2049 5739 2235 5815 quaerit
2257 5753 2373 5808 qua'
2391 5745 2750 5800 suasunt,non
2771 5733 3038 5802 irritatur,
3063 5752 3166 5791 non
3184 5741 3377 5817 cogitat
3400 5741 3619 5807 malum,
