3996 6192
307 383 464 440 1557

303 501 504 556 cliente
545 501 636 556 illo
659 502 750 572 qui
789 501 944 572 erigit
971 501 1131 558 elisos
1155 543 1172 570 ,
1213 503 1370 558 solvit
1397 502 1759 573 compeditos,
1785 503 1908 558 illu-

309 591 490 648 minat
538 607 710 648 cmcos
739 593 760 662 (
785 592 931 648 Psat.
959 610 1134 662 δην,
1165 597 1218 663 7,
1241 597 1348 668 8),
1375 599 1540 666 gratia
1565 598 1661 652 Dei
1691 615 1780 668 per
1817 599 1908 654 Je-

305 701 434 738 stmt
469 682 725 742 Christum
765 684 1042 740 Dominum
1077 698 1302 743 nostrum
1333 689 1526 760 (Rom.
1553 705 1644 756 vlt,
1664 690 1756 757 25,
1777 691 1848 744 25
1861 691 1901 762 ).

388 775 620 833 CAPUT
659 777 724 830 ll.
753 807 828 817 —-
855 778 911 832 2.
951 776 1076 832 Tria
1121 782 1420 850 pteniteutite
1459 799 1662 852 genera.
1727 780 1907 837 Prima

309 867 638 936 pestilentia,
678 876 798 922 ante
832 867 1167 940 Baptismum.
1197 871 1330 928 Tres
1369 882 1494 928 sunt
1535 883 1712 928 autem
1741 874 1906 928 actio-

309 977 419 1016 nes
462 961 830 1031 paenitentiae,
882 977 1014 1032 quas
1051 979 1260 1020 mecum
1288 974 1464 1020 vestra
1491 965 1731 1022 Eruditio
1755 981 1908 1024 reco-

311 1054 549 1122 gnoscit.
589 1053 728 1108 Sunt
759 1053 900 1108 enim
953 1055 1158 1110 usitatte
1191 1056 1244 1110 in
1283 1056 1516 1112 Ecclesia
1542 1058 1666 1124 Dei,
1693 1068 1748 1115 et
1783 1060 1905 1116 dili-

311 1154 506 1214 genter
535 1145 932 1201 attendentibus
957 1155 1115 1200 notat.
1147 1145 1262 1202 Una
1305 1157 1390 1202 est
1430 1165 1548 1218 quae
1577 1165 1770 1206 novum
1799 1151 1900 1207 ho-

313 1233 522 1288 minem
553 1235 810 1302 parturit,
839 1234 1013 1292 donec
1040 1251 1132 1305 per
1165 1238 1488 1306 Baptismum
1527 1239 1758 1296 salutare
1787 1256 1902 1296 om-

315 1325 470 1377 nium
493 1325 882 1392 praeteritorum
916 1325 1005 1380 fiat
1045 1326 1246 1380 ablutio
1285 1339 1618 1397 peccatorum
1649 1347 1662 1384 ε
1693 1343 1752 1385 ut
1787 1341 1903 1386 tun-

315 1432 482 1486 quam
515 1431 682 1486 puero
711 1427 838 1470 nato
877 1417 1090 1472 dolores
1119 1428 1392 1474 tr..nseant
1417 1461 1432 1486 ,
1477 1423 1670 1490 quibus
1699 1423 1900 1480 viscera

316 1509 648 1578 urgebantur
689 1509 756 1562 ad
811 1519 1018 1578 partum
1039 1551 1058 1577 ,
1087 1520 1142 1564 et
1185 1512 1450 1566 tristitiam
1489 1513 1670 1570 hctitia
1706 1530 1898 1570 conse-

315 1608 534 1668 quatur.
579 1597 766 1654 Omnis
801 1600 948 1654 enim
973 1600 1062 1670 qui
1099 1600 1208 1668 jam
1239 1601 1437 1656 arbiter
1467 1604 1748 1662 voluntatis
1789 1622 1900 1663 sua

315 1700 640 1750 constitutus
666 1705 767 1763 est,
795 1711 917 1752 cum
945 1697 1150 1752 accedit
1177 1697 1243 1752 ad
1269 1699 1608 1754 Sacramenta
1639 1699 1895 1768 ﬁdelium,

317 1786 420 1838 nisi
463 1801 588 1840 eum
637 1788 892 1855 poeniteat
925 1788 1044 1844 vita:
1091 1789 1306 1856 veteris,
1353 1805 1542 1845 novam
1597 1807 1698 1846 non
1725 1800 1900 1862 potest

317 1873 594 1929 inchoare.
625 1875 706 1929 Ab
735 1875 836 1931 hac
875 1877 1216 1946 pteniteutia,
1245 1895 1368 1934 cum
1397 1879 1757 1949 baptizantur,
1799 1883 1898 1938 soli

319 1965 528 2031 parvuli
551 1975 674 2018 sunt
707 1965 970 2022 immunes
1015 1986 1030 2022 :
1075 1968 1308 2023 nondum
1355 1970 1498 2024 enim
1553 1971 1628 2026 uti
1673 1983 1898 2040 possunt

321 2055 492 2110 libero
537 2058 782 2112 arbitrio.
837 2058 1038 2126 Quibus
1083 2069 1256 2116 tamen
1315 2061 1382 2115 ad
1437 2063 1894 2120 consecrationem

321 2149 804 2220 rentissionemque
830 2152 1100 2222 originalis
1123 2153 1322 2222 peccati
1351 2154 1566 2224 prodest
1606 2172 1792 2222 eorum
1831 2157 1894 2211 li-

319 2239 448 2304 des,
493 2259 523 2293 a
573 2242 768 2312 quibus
810 2242 1140 2308 oﬂ‘cruntur;
1180 2255 1235 2298 ut
1275 2261 1632 2316 quascumque
1663 2249 1896 2304 maculas

319 2330 632 2386 delictorum
665 2347 762 2402 per
787 2333 921 2387 alios
939 2373 955 2398 ,
982 2349 1048 2388 ex
1067 2335 1258 2404 quibus
1287 2338 1392 2388 uati
1415 2347 1574 2400 sunt,
1615 2351 1895 2394 contraxe-

322 2430 450 2474 runt
475 2463 492 2487 ,
533 2422 756 2476 aliorum
787 2424 946 2478 etiam
995 2425 1405 2494 interrogatione
1443 2441 1504 2480 ac
1549 2430 1894 2496 responsione

321 2523 628 2582 purgentur.
681 2513 970 2569 Verissime
1014 2517 1208 2585 quippe
1239 2520 1290 2572 in
1335 2519 1560 2574 Psalmis
1591 2519 1889 2588 plangitur,

323 2601 454 2656 Ecce
481 2604 530 2656 in
557 2603 821 2672 iniquitate
851 2615 1118 2674 conceptus
1145 2625 1260 2662 sum
1283 2651 1297 2674 ,
1333 2619 1378 2662 et
1405 2609 1456 2662 in
1481 2612 1698 2678 peccatis
1737 2621 1894 2664 mater

320 2709 428 2745 mea
455 2709 532 2746 me
559 2693 613 2748 in
642 2704 782 2748 utero
808 2696 930 2748 aluit
962 2694 1145 2766 (Psal.
1176 2713 1224 2760 ι,
1273 2699 1302 2751 7
1323 2700 1362 2768 ).
1405 2699 1534 2754 Item
1581 2702 1720 2770 quod
1759 2703 1892 2756 scri-

319 2793 466 2850 ptum
496 2793 610 2850 est,
643 2799 751 2839 non
797 2799 914 2842 esse
941 2787 1196 2842 mundum
1243 2788 1294 2842 in
1329 2799 1614 2860 conspectu
1655 2791 1769 2855 Dei,
1795 2808 1892 2848 nec

319 2873 610 2940 infantem,
655 2874 808 2944 cujus
853 2885 940 2931 est
985 2878 1090 2930 vita
1129 2877 1234 2933 diei
1284 2880 1438 2934 unius
1483 2895 1644 2949 super
1697 2891 1888 2936 terram

319 2963 462 3034 (Job
514 2981 624 3032 xw,
665 2965 720 3030 4,
750 2981 852 3021 sec.
879 2966 1082 3034 LXX).
1119 2968 1368 3038 Exceptis
1410 2987 1534 3041 ergo
1565 2972 1756 3026 talibus
1780 3014 1793 3034 ,
1823 2975 1890 3028 de

317 3074 542 3129 quorum
569 3059 758 3116 ordine
785 3076 846 3116 ac
872 3063 1062 3116 merito
1095 3064 1144 3116 in
1169 3062 1343 3118 futura
1384 3065 1489 3126 illa,
1521 3081 1638 3134 qua:
1678 3069 1888 3134 promit-

321 3149 478 3216 titur,
505 3159 651 3206 sorte
687 3160 994 3206 sanctorum
1017 3194 1032 3218 ,
1065 3153 1205 3208 velle
1232 3155 1458 3224 amplius
1483 3171 1720 3225 quaerere
1743 3197 1758 3222 ,
1791 3157 1889 3210 ho-

317 3241 518 3294 minuat
561 3240 838 3296 modulum
889 3243 1142 3309 excedit;
1201 3245 1286 3313 pie
1331 3254 1504 3300 tamen
1535 3245 1770 3302 creditur
1811 3249 1890 3302 eis

319 3331 576 3400 prodesse
599 3332 668 3388 ad
697 3334 1026 3403 spiritualcm
1053 3335 1276 3390 salutem
1301 3377 1315 3402 ,
1347 3337 1488 3407 quod
1515 3338 1887 3392 ecclesiastica:

317 3423 646 3478 auctoritatis
665 3438 762 3494 per
787 3431 956 3480 totum
987 3426 1170 3480 orbem
1199 3434 1461 3482 terrarum
1489 3437 1592 3481 tam
1625 3431 1776 3488 firmo
1803 3443 1887 3482 ro.

317 3511 448 3568 bore
471 3515 766 3570 custoditur
793 3532 807 3569 :
839 3525 1152 3572 eteterorum
1193 3517 1467 3572 hominum
1499 3519 1672 3573 nullus
1700 3521 1888 3572 transit

318 3603 384 3656 ad
409 3601 676 3660 Christum
699 3647 716 3672 ,
745 3615 802 3660 ut
840 3607 1058 3677 incipiat
1085 3621 1204 3662 esse
1250 3608 1392 3678 quod
1435 3623 1540 3662 non
1577 3617 1690 3664 erat
1715 3651 1728 3673 ,
1787 3609 1886 3662 nisi

317 3709 446 3750 eum
465 3699 713 3764 praeniteat
743 3697 907 3753 fuisse
933 3698 1072 3770 quod
1107 3707 1239 3756 erat.
1279 3699 1405 3755 llaac
1433 3701 1598 3770 prima
1628 3701 1890 3770 poeniten-

319 3786 388 3838 tia
419 3787 718 3855 prmcipitur
757 3789 956 3844 Judznis
978 3829 996 3855 ,
1024 3787 1232 3846 dicente
1259 3792 1500 3859 apostolo
1549 3791 1702 3846 Petro
1727 3830 1742 3856 ,
1775 3787 1890 3844 Pa:-

316 3877 578 3932 nitentiam
616 3881 761 3948 agite,
804 3891 850 3936 et
896 3881 1173 3952 baptizatur
1216 3883 1556 3954 unusquisque
1583 3892 1798 3936 uestrum
1835 3883 1888 3936 in

315 3968 516 4024 nomine
541 3968 742 4024 Domini
779 3973 936 4026 nostri
959 3971 1085 4027 Jesn
1111 3972 1295 4026 Christi
1317 3971 1458 4042 (Act.
1483 3988 1538 4037 ll,
1570 3973 1637 4027 58
1741 3972 1883 4028 Talis

313 4059 380 4115 ab
408 4059 526 4130 ipso
555 4061 776 4116 Domino
823 4063 1214 4133 imperabatur,
1257 4079 1378 4118 cum
1413 4064 1615 4118 diceret
1663 4083 1677 4118 :
1709 4063 1832 4118 Pam
1860 4095 1882 4104 -

315 4151 516 4203 tentiam
557 4152 708 4221 agite,
737 4154 1160 4223 appt'Opinquut'it
1205 4155 1336 4208 enim
1387 4172 1593 4225 regnum
1647 4156 1885 4210 cazlorum

313 4241 330 4306 (
351 4241 533 4294 Matth.
560 4259 630 4308 tv,
660 4242 780 4313 17).
811 4244 886 4299 De
912 4244 1009 4298 hac
1036 4245 1194 4300 etiam
1225 4245 1457 4300 Joannes
1483 4247 1737 4316 Baptista,
1771 4248 1883 4314 ple-

309 4349 408 4387 nus
436 4335 634 4402 Spiritu
657 4345 864 4399 sancto,
895 4352 1192 4406 przeeursor
1221 4347 1272 4392 et
1299 4348 1621 4406 prtnparator
1649 4339 1744 4392 τίει)
1778 4339 1882 4392 Do-

311 4428 436 4480 mini
461 4427 530 4480 ita
552 4427 680 4481 dicit
709 4446 722 4482 :
759 4428 1023 4482 Generatio
1065 4431 1386 4498 viperarum,
1415 4431 1524 4500 quis
1553 4431 1765 4482 ostendit
1799 4445 1884 4483 uo-

305 4520 378 4570 bis
409 4521 584 4590 fugere
622 4536 653 4572 a
679 4528 886 4573 ventura
912 4521 1032 4573 ira?
1060 4521 1230 4575 Facite
1253 4537 1370 4591 ergo
1411 4522 1632 4591 fructum
1676 4520 1882 4591 dignum

303 4611 606 4680 pxnitcntia:
638 4610 764 4680 (Id.
799 4628 873 4678 ιιι,
905 4614 956 4675 7,
991 4612 1074 4684 8).

371 4687 598 4757 CAPUT
627 4703 709 4756 ill.
741 4734 812 4742 —
837 4705 886 4758 5.
913 4704 1084 4758 Altera
1105 4703 1392 4774 paenitentia
1420 4720 1533 4774 qum
1557 4704 1637 4760 hic
1657 4704 1880 4758 omnium

297 4803 370 4848 est
395 4803 738 4864 acperpetua.
781 4794 908 4850 Vitta
947 4796 1100 4865 hujus
1143 4797 1382 4867 paenitere
1426 4812 1516 4850 nos
1559 4794 1735 4862 debet,
1763 4796 1880 4864 quia

297 4885 614 4954 corruptioni
651 4893 698 4938 et
749 4887 1100 4940 tentatimtibus
1144 4887 1358 4940 obnoxia
1405 4897 1496 4942 est.
1547 4887 1728 4942 Altera
1753 4903 1880 4942 vero

295 4974 614 5042 pmnitenlia
637 4983 718 5029 est
739 5014 756 5040 ,
783 4976 936 5046 cujus
982 4975 1120 5030 actio
1147 4991 1242 5048 per
1263 4985 1426 5032 totam
1478 4979 1631 5032 istam
1671 4979 1832 5032 vitam
1858 5018 1873 5042 ,

293 5084 400 5138 qua
433 5071 488 5124 in
513 5085 675 5124 carne
702 5071 910 5126 mortali
935 5072 1174 5142 degimus
1197 5114 1212 5139 ,
1253 5081 1506 5142 perpetua
1534 5073 1876 5143 supplicatio-

289 5160 376 5214 uis
411 5158 708 5215 humilitate
728 5159 998 5216 subeunda
1025 5169 1126 5217 est.
1153 5161 1362 5228 Primo,
1391 5163 1514 5231 quia
1535 5177 1694 5218 nemo
1718 5163 1878 5218 vitam

287 5259 580 5316 a-ternam,
603 5249 1084 5320 incorruptibilem,
1115 5252 1572 5322 immortalemque
1587 5251 1872 5318 desiderat,

289 5341 400 5394 nisi
449 5357 571 5396 eum
599 5341 722 5396 vitte
752 5341 909 5412 hujus
937 5343 1242 5414 temporalis
1261 5384 1276 5410 ,
1304 5344 1660 5413 corruptibilis
1679 5383 1694 5408 ,
1725 5359 1873 5398 mor-

289 5434 524 5502 talisque
553 5435 828 5504 paeniteat.
855 5434 969 5490 Non
996 5436 1136 5492 enim
1161 5437 1238 5492 sic
1263 5438 1486 5508 quisque
1514 5437 1568 5492 in
1589 5438 1748 5492 vitam
1779 5451 1879 5491 no—
1903 5491 1916 5504 ,.

287 5541 416 5578 vam
446 5539 542 5595 per
559 5525 1034 5582 sanctiﬁcationcm
1053 5527 1304 5598 Baptismi
1332 5529 1586 5596 nascitur,
1603 5539 1660 5585 ut
1680 5544 1873 5600 quem-

285 5615 582 5670 admodum
636 5617 860 5686 deponit
899 5618 968 5674 ibi
1007 5621 1182 5674 omnia
1211 5629 1424 5690 peccata
1449 5620 1748 5691 praeterita,
1803 5622 1874 5676 ita

285 5707 458 5761 etiam
489 5709 668 5764 statim
715 5709 1088 5768 mortalitatem
1137 5711 1302 5780 ipsam
1353 5713 1529 5768 carnis
1570 5713 1871 5784 corruptio-

289 5817 528 5874 nemque
555 5802 808 5875 deponat.
831 5803 982 5872 Quod
1011 5805 1055 5860 si
1087 5821 1190 5862 non
1217 5805 1288 5860 ita
1310 5813 1424 5876 est,
1458 5815 1622 5862 restat
1661 5816 1716 5861 ut
1749 5805 1872 5863 illud

1732 377 1956 436 SERMO
2011 379 2220 442 CCCLl.

3463 413 3598 468 1558

2015 502 2156 591 quod
2203 505 2456 576 scriptum
2497 521 2614 578 est,
2645 515 2782 582 qttod
2813 517 2974 572 etiam
3001 520 3224 591 quisque
3253 522 3306 578 in
3332 537 3391 581 se
3437 530 3599 584 sentit

2011 590 2186 650 adhuc
2205 635 2220 662 ,
2243 595 2370 650 dum
2399 598 2451 653 in
2479 599 2580 656 hac
2611 603 2717 656 vita
2743 614 2825 660 est
2845 648 2860 674 ,
2889 625 3071 680 corpus
3091 590 3226 682 quod
3256 621 3596 688 corrumpitur

2012 695 2260 756 aggravet
2278 689 2501 746 animum
2521 731 2539 760 ,
2577 703 2626 748 et
2645 695 2906 765 deprimat
2933 710 3125 756 terrena
3151 705 3445 762 inhabitotio
3481 727 3594 766 seu-

2010 789 2122 828 sum
2143 779 2302 832 multa
2325 783 2625 852 cogitantem
2651 784 2804 858 (Sap.
2837 805 2891 844 Ix
2909 831 2923 852 ,
2949 792 3060 862 15).
3083 792 3233 862 Quod
3262 805 3385 854 tunc
3409 799 3462 854 in
3505 800 3590 858 illa

2009 863 2338 926 beatitudine
2364 873 2484 942 quia
2509 891 2614 930 non
2637 879 2770 943 erit,
2800 895 2919 934 cum
2947 881 3320 942 absorbebitur
3345 905 3491 946 mors
3533 892 3590 948 in

2009 957 2284 1056 victoriam
2313 963 2494 1056 (lCoﬁr.
2523 983 2592 1022 xv
2613 1009 2628 1034 ,
2656 969 2750 1038 54)
2775 987 2788 1036 ;
2821 973 2937 1042 quis
2961 975 3164 1033 dubitet
3184 980 3236 1034 in
3257 997 3590 1056 quacumque

2011 1052 2286 1118 temporali
2313 1052 2564 1110 felicitate
2591 1059 2608 1090 ί
2657 1073 2934 1116 versemur
2957 1105 2972 1130 ,
2999 1068 3257 1134 pamitere
3285 1082 3461 1130 tamen
3488 1052 3586 1134 tios

2007 1139 2204 1198 debere
2247 1143 2404 1214 hujus
2431 1148 2548 1202 ritu:
2566 1189 2582 1214 ,
2607 1161 2668 1206 ut
2697 1150 2763 1204 ad
2789 1153 2932 1208 illam
2985 1159 3431 1232 incorruptionem
3477 1175 3586 1224 tota

2006 1232 2258 1288 aviditate
2289 1242 2602 1296 curramus?
2629 1242 2754 1298 Inde
2778 1250 2864 1300 est
2912 1247 3051 1302 enim
3081 1252 3222 1320 quod
3247 1255 3405 1310 etiam
3439 1258 3584 1328 Apo-

2006 1325 2176 1400 stolus
2201 1328 2314 1381 ait:
2353 1327 2608 1396 Quamdiu
2631 1351 2804 1392 sumus
2827 1338 2880 1392 in
2921 1355 3164 1412 corpore,
3209 1325 3584 1416 peregrinantur

2003 1431 2044 1508 ar
2090 1414 2307 1471 Domino
2337 1437 2357 1474 :
2385 1438 2472 1489 per
2495 1424 2646 1490 ﬁdem
2673 1428 2806 1480 enim
2845 1429 3190 1500 ambulamus,
3221 1414 3440 1506 non—per
3462 1455 3580 1508 spe:

2003 1507 2127 1600 ciem
2154 1510 2220 1580 (ll
2248 1511 2364 1566 Cor.
2393 1530 2446 1580 γ,
2475 1515 2508 1570 6
2527 1558 2542 1582 ,
2575 1518 2649 1588 7).
2678 1519 2806 1585 Quis
2845 1535 2971 1590 ergo
2999 1523 3210 1580 festinat
3237 1536 3393 1598 atque
3431 1507 3582 1600 optat

2003 1597 2070 1652 ad
2101 1601 2322 1668 patriam
2348 1619 2588 1660 remeare
2608 1649 2622 1670 ,
2655 1617 2709 1660 et
2739 1609 2882 1664 illaut
2913 1613 3141 1680 speciem
3181 1597 3410 1686 quaeest
3445 1597 3580 1676 facie

2003 1691 2068 1745 ad
2096 1692 2276 1749 faciem
2307 1699 2674 1766 contemplari,
2697 1702 2794 1754 nisi
2824 1719 2978 1772 quem
3011 1709 3448 1777 peregrinationis
3467 1729 3580 1770 stne

2003 1783 2345 1852 pcenituerit?
2370 1787 2444 1840 Ex
2471 1804 2575 1857 quo
2605 1789 2787 1846 dclore
2811 1795 3114 1862 pmnitentis
3135 1839 3148 1860 ,
3177 1801 3334 1854 etiam
3360 1818 3460 1856 vox
3489 1805 3578 1860 illa

2003 1871 2320 1926 miserabilis
2343 1878 2578 1944 erumpit
2606 1888 2658 1933 ct
2684 1891 2835 1936 sonat
2865 1900 2876 1936 :
2909 1883 3024 1938 Heu
3039 1903 3116 1939 me
3130 1887 3150 1941 !
3177 1891 3410 1958 quoniam
3433 1910 3578 1961 pere-

2000 1963 2218 2032 grinatio
2249 1981 2358 2018 utea
2385 1967 2654 2040 longinqua
2685 1975 2819 2042 facta
2848 1985 2937 2028 est.
2967 1975 3030 2030 Et
3067 1993 3134 2033 ne
3155 1989 3306 2048 putes
3343 1983 3578 2038 nondum

2003 2049 2211 2107 fidelem
2241 2053 2338 2108 ista
2367 2055 2539 2126 loqui,
2566 2059 2682 2114 ride
2707 2061 2830 2132 quid
2859 2067 3096 2134 sequitur
3128 2085 3142 2120 :
3177 2067 3466 2124 lnhabitari
3522 2074 3576 2126 in

2001 2143 2332 2198 tabernaculis
2350 2145 2510 2200 Cednr
2535 2165 2553 2201 .·
2573 2166 2685 2203 cum
2721 2151 2798 2206 his
2837 2156 2922 2223 qui
2951 2155 3164 2210 oderunt
3193 2175 3404 2228 pacem,
3440 2179 3577 2216 erant

1999 2234 2279 2304 paciﬁcus;
2327 2253 2440 2289 cum
2489 2239 2715 2310 loquerer
2745 2244 2814 2296 eis
2837 2283 2850 2306 ,
2899 2247 3259 2317 impugnabant
3306 2267 3383 2304 me
3435 2255 3579 2308 valde

2004 2321 2357 2392 (Psal.cxtx,
2391 2327 2527 2398 5-7).
2579 2331 2691 2384 Non
2738 2335 2906 2386 solum
2953 2337 3180 2394 hominis
3225 2340 3432 2406 ﬁdelis,
3481 2345 3574 2400 Sed

2005 2415 2162 2468 etiam
2198 2419 2533 2486 evangelista
2577 2421 2864 2478 firmissimi
2911 2435 2964 2480 et
3011 2432 3256 2500 martyris
3303 2434 3573 2490 fortissimi

2001 2503 2114 2559 hmc
2149 2505 2303 2562 verba
2335 2519 2476 2562 sunt.
2507 2511 2632 2565 Nam
2664 2513 2783 2568 inde
2809 2525 2892 2570 est
2937 2519 3092 2574 etiam
3123 2522 3244 2576 illud
3285 2528 3522 2594 Apostoli
3557 2547 3572 2584 :

2001 2597 2202 2652 Scimus
2229 2601 2358 2652 enim
2385 2641 2398 2664 ,
2428 2603 2544 2671 quia
2569 2613 2613 2655 rt
2633 2605 2677 2656 si
2703 2615 2896 2660 terrena
2909 2620 3080 2662 nostra
3101 2614 3276 2666 domus
3307 2616 3458 2686 hujus
3483 2619 3574 2670 lm-

1999 2689 2250 2746 bitntionis
2271 2693 2570 2748 dissolvatur
2593 2737 2606 2761 ,
2637 2698 3020 2766 ludiﬁcationem
3047 2703 3285 2758 hubcntus
3323 2724 3384 2760 ex
3416 2707 3518 2762 Deo
3545 2750 3562 2774 ,

1997 2783 2198 2836 domum
2227 2801 2324 2838 non
2363 2803 2514 2840 manu
2545 2789 2731 2858 factum
2757 2831 2770 2853 ,
2797 2801 3036 2844 aztcrnant
3083 2794 3134 2846 in
3185 2797 3340 2850 caelis.
3371 2797 3572 2852 Etenim

1997 2875 2046 2926 in
2074 2876 2166 2928 hoc
2207 2876 2606 2945 ingemiscintus,
2653 2879 2994 2934 habitaculum
3043 2889 3465 2955 nostrum,quod
3511 2891 3575 2944 de

1997 2966 2122 3017 cwlo
2149 2975 2218 3018 est
2243 3007 2258 3032 ,
2289 2968 2584 3036 superindui
2608 2971 2858 3039 cupiattes
2887 2988 2906 3026 :
2931 2974 2976 3026 si
3005 2983 3168 3028 tamen
3185 2986 3231 3028 et
3258 2977 3452 3044 induti,
3471 2995 3574 3033 non

1995 3057 2120 3107 nudi
2144 3057 2470 3112 inveniantur.
2499 3057 2700 3114 Etenim
2726 3063 2808 3132 qui
2835 3080 3007 3116 sumus
3035 3065 3087 3118 in
3109 3066 3203 3118 hac
3227 3067 3530 3124 habitatione
3551 3110 3570 3136 ,

1995 3145 2361 3214 ittg:‘tttist‘ittttts
2385 3149 2578 3218 gravati
2601 3193 2615 3216 ,
2650 3151 2700 3204 in
2721 3169 2818 3218 quo
2840 3154 3071 3208 uoluntas
3098 3157 3342 3224 spoliari,
3381 3160 3468 3212 scd
3487 3177 3572 3214 stt-

1995 3237 2248 3304 ριν-υμειὶνὶ
2263 3279 2276 3294 .
2311 3248 2360 3288 ut
2380 3237 2696 3292 absorbeatur
2723 3242 2930 3294 mortale
2950 3260 2980 3294 α
3001 3243 3098 3296 vita
3123 3243 3190 3313 (ll
3212 3243 3328 3300 Cor.
3351 3263 3406 3313 ν,
3430 3248 3566 3318 1-4).

1993 3324 2126 3391 Quid
2152 3343 2274 3394 «ιι-ςςω
2297 3329 2564 3397 cupimus,
2595 3331 2692 3384 nisi
2717 3331 2784 3384 ita
2814 3348 2918 3384 non
2949 3347 3068 3386 esse
3097 3342 3155 3386 ut
3181 3350 3320 3390 nunc
3346 3339 3570 3390 sumus?

1994 3425 2040 3466 el
2068 3415 2190 3484 flliitl
2221 3418 2644 3485 ingemiscimus,
2669 3419 2766 3471 nisi
2789 3421 3097 3488 pmniteudo
3121 3423 3240 3490 quia
3261 3424 3328 3478 ita
3351 3429 3570 3481 sumus?

1995 3506 2098 3559 Sed
2128 3505 2336 3576 quando
2367 3505 2434 3559 ita
2463 3523 2566 3560 non
2595 3508 2827 3574 erimus,
2871 3508 2968 3563 nisi
2999 3521 3207 3566 terrena
3237 3511 3395 3570 domo
3421 3532 3568 3572 reso-

1995 3599 2098 3652 luta
2127 3641 2140 3664 ,
2177 3609 2228 3650 ut
2255 3599 2524 3653 caelestem
2554 3599 2931 3656 habitationem
2963 3611 3018 3657 et
3051 3605 3229 3658 animo
3268 3617 3322 3661 et
3345 3623 3568 3678 corpore

1996 3691 2154 3742 tutius
2199 3690 2424 3744 hotniuis
2465 3691 2828 3748 immutatione
2871 3695 3200 3751 sortiamur?
3235 3698 3568 3770 Quapropter

1992 3789 2047 3834 et
2067 3791 2282 3836 sanetus
2309 3781 2409 3836 Job
2430 3799 2535 3836 non
2555 3785 2629 3838 ait
2657 3799 2776 3840 esse
2801 3786 3146 3843 tentationem
3187 3789 3240 3844 iu
3287 3789 3386 3846 hac
3416 3793 3520 3848 vita
3545 3834 3564 3860 ,

1991 3872 2084 3927 sed
2116 3873 2252 3926 hanc
2279 3872 2445 3942 ipsam
2469 3874 2627 3928 victm
2664 3877 3009 3932 tentationem
3029 3877 3162 3933 dixit
3186 3895 3336 3946 esse,
3390 3882 3458 3936 ita
3488 3883 3566 3938 lo-

1989 3979 2158 4034 quens
2189 3981 2201 4016 :
2227 3962 2489 4034 Numquid
2521 3981 2620 4016 non
2661 3967 2866 4018 tentatio
2892 3975 2965 4019 est
3003 3969 3102 4020 vita
3150 3969 3368 4023 humana
3414 3988 3567 4040 super

1990 4057 2212 4110 terram?
2247 4056 2362 4122 Quo
2389 4057 2438 4108 in
2471 4056 2586 4109 loco
2615 4057 2774 4109 etiam
2806 4059 3115 4126 mysterium
3157 4059 3289 4129 lapsi
3333 4063 3565 4132 hominis

1991 4147 2300 4200 mirabiliter
2327 4145 2494 4214 tetigit
2518 4145 2701 4200 dicens
2735 4163 2748 4198 :
2779 4145 3036 4215 Tanquam
3057 4164 3224 4203 seruus
3249 4149 3445 4220 fugiens
3469 4153 3562 4206 do-

1988 4240 2176 4292 minum
2203 4255 2348 4291 suum
2375 4279 2390 4304 ,
2422 4246 2468 4290 et
2489 4247 2778 4291 consecutus
2810 4239 3034 4290 umbram
3062 4237 3181 4311 (Job
3236 4255 3336 4306 vn,
3367 4242 3390 4296 i
3421 4283 3437 4309 ,
3477 4241 3512 4295 2
3540 4283 3556 4308 ,

1987 4349 2085 4387 sec.
2117 4329 2305 4401 LXX).
2334 4330 2448 4384 Non
2503 4331 2642 4384 enim
2673 4331 2786 4385 tunc
2828 4331 2934 4385 vita
2964 4331 3183 4386 dicenda
3223 4342 3304 4388 est
3351 4335 3558 4403 potius,

1985 4439 2141 4494 quam
2174 4423 2355 4476 umbra
2384 4423 2522 4476 vitm.
2552 4419 2660 4475 Nec
2681 4422 2944 4476 immerito
2983 4421 3228 4492 fugitivus
3249 4423 3415 4479 Adam
3443 4435 3564 4495 post

1985 4515 2330 4569 offensionem
2361 4513 2562 4582 peccati
2581 4511 2857 4567 abscondit
2878 4527 2936 4566 se
2973 4527 3004 4566 a
3037 4512 3171 4567 facie
3205 4513 3443 4580 Domini,
3478 4525 3559 4572 tc-

1984 4616 2102 4662 ctus
2143 4607 2282 4661 foliis
2328 4606 2575 4662 arborum
2597 4645 2610 4666 ,
2645 4605 2834 4674 quibus
2859 4613 3149 4673 opacentur
3199 4607 3504 4662 umbracula
3539 4595 3566 4674 ,I

1986 4709 2221 4766 (utiquam
2244 4699 2440 4769 fugiens
2463 4697 2734 4750 Dominum
2759 4713 2904 4751 suum
2924 4737 2938 4761 ,
2970 4698 3104 4751 Slt'lll.
3130 4697 3326 4754 dictmn
3363 4709 3444 4755 est
3463 4744 3478 4768 ,
3508 4683 3566 4756 et.

1984 4802 2278 4860 consecutus
2301 4787 2546 4842 umbraut.

2053 4883 2105 4936 4.
2141 4879 2453 4936 Ρωηὶιεηιὶω
2479 4877 2736 4933 humilitas
2760 4879 3216 4950 etiamjusti/icatis
3255 4885 3556 4938 necessaria.

1987 4975 2450 5046 Quantumcumque
2478 4973 2631 5044 justis
2654 5013 2669 5038 ,
2719 4989 2818 5026 non
2851 4973 3137 5042 gloriandi,
3166 4973 3258 5026 sed
3288 4963 3564 5043 paenitendi

1983 5083 2187 5121 causam
2230 5082 2426 5134 semper
2464 5064 2656 5118 adesse.
2699 5063 3140 5132 Dispensatoribus
3175 5063 3308 5118 verbi
3361 5062 3455 5118 Dei
3505 5076 3559 5118 et

1985 5159 2426 5213 Sacrantcntorum
2451 5155 2584 5210 unde
2607 5155 2909 5226 pauitantia?
2953 5171 3125 5208 causa.
3149 5155 3276 5222 Quae
3306 5154 3554 5212 universa

1981 5250 2048 5304 ad
2075 5249 2176 5304 hoc
2221 5247 2358 5304 dicta
2388 5257 2538 5312 sunt,
2567 5261 2634 5302 ne
2657 5245 2776 5316 quis
2811 5259 2906 5314 per
2949 5245 3272 5314 Baptismum
3317 5247 3558 5315 quamvis

1977 5339 2298 5412 justificatus
2321 5341 2442 5395 sita
2473 5339 2735 5410 prioribus
2758 5336 3020 5408 peccatis,
3056 5347 3235 5394 tamen
3281 5337 3556 5406 superbire

1981 5432 2202 5500 audeat,
2231 5433 2278 5486 si
2304 5431 2430 5485 nihil
2460 5429 2756 5485 committat
2777 5469 2794 5494 ,
2829 5427 2974 5483 unde
2995 5427 3064 5482 ab
3087 5427 3267 5483 altaris
3314 5440 3552 5482 commu-

1982 5525 2139 5580 nione
2166 5529 2474 5592 separetur,
2505 5519 2656 5591 quasi
2691 5517 2804 5591 jam
2856 5517 2923 5574 de
2957 5517 3112 5589 plena
3161 5516 3448 5572 securitate
3495 5533 3554 5572 se

1970 5591 2184 5688 ‘jactans
2207 5591 2342 5680 {sed
2365 5613 2538 5686 potius
2556 5621 2733 5668 servet
2751 5611 3128 5675 humilitatem,
3151 5623 3271 5680 quae
3291 5624 3425 5682 pene
3451 5625 3556 5666 una

1983 5811 2004 5862 f
2038 5751 2060 5822 ,ί
2217 5757 2384 5862 cpt-ent
2405 5750 2576 5810 verbo,
2596 5743 2855 5812 felicitate;
2875 5755 2962 5806 pro
2975 5755 3072 5806 quo
3089 5745 3214 5794 torte
3234 5739 3556 5806 supplendum

1999 5825 2132 5862 uisse
2157 5844 2174 5862 .
2191 5825 2232 5862 ιιι
2254 5825 2300 5862 a.

1999 5825 2174 5873 uisset,
2191 5825 2300 5862 rua-
