4026 6186
377 439 404 491 1
417 432 521 490 559

375 522 658 613 disciplina
683 539 972 598 christiana
1001 545 1084 592 est
1113 554 1125 589 :
1155 547 1254 590 nec
1273 529 1546 603 superbiat
1570 538 1713 613 terra
1748 535 1804 582 et
1843 523 1980 581 cinis

383 603 569 708 (Eccli.
602 649 671 702 ι,
699 633 792 704 9),
824 632 994 687 donec
1023 630 1122 684 ista
1166 642 1270 681 nox
1299 632 1411 680 tota
1458 603 1726 684 trauseat‘,
1766 619 1820 672 in
1876 631 1981 689 qua

381 737 734 799 pertranseunt
752 741 922 780 omnes
941 722 1112 778 bestia:
1127 722 1286 784 silere,
1315 718 1468 780 catuli
1491 717 1690 771 leonum
1706 711 1976 784 rugientes,

378 828 656 888 qumentes
679 833 711 870 a
733 815 840 870 Deo
889 829 1052 868 escam
1100 811 1193 866 sibi
1223 807 1393 883 (Psal.
1419 823 1540 874 cm,
1565 803 1694 876 21).
1739 803 1798 858 In
1845 801 1984 856 hanc

380 925 564 966 escam
590 907 692 963 Job
721 910 834 976 ipse
865 905 1058 974 petitus
1087 910 1200 967 est,
1231 901 1320 971 qui
1343 900 1510 963 dixit,
1538 895 1773 951 Tentatio
1793 892 1983 948 estvita

381 1001 611 1055 humana
640 1013 791 1066 super
815 1007 1019 1050 terram.
1054 993 1224 1048 Etiam
1254 991 1505 1046 Dominus
1530 1029 1543 1053 ,
1569 985 1635 1041 1η
1661 987 1755 1039 hac
1795 992 1939 1038 nocte
1963 1021 1979 1048 ,

385 1095 579 1165 inquit,
608 1089 877 1162 postulavit
896 1097 1100 1144 satanas
1127 1101 1306 1141 vexare
1320 1101 1405 1138 vos
1427 1084 1555 1136 sicut
1582 1080 1801 1134 triticum
1826 1075 1979 1148 (Luc.

385 1199 497 1240 uti
520 1226 534 1250 ,
567 1184 682 1252 3i).
705 1182 834 1250 Quis
861 1181 1037 1249 itaque
1061 1187 1206 1232 sanie
1243 1175 1439 1231 mentis
1467 1189 1574 1228 non
1605 1169 1923 1242 ingemiscat
1949 1167 1974 1220 ‘l

365 1275 489 1330 .Cui
542 1291 647 1329 non
687 1289 784 1344 per
811 1269 1176 1342 pmnitentiam
1224 1267 1302 1322 sic
1349 1280 1470 1321 esse
1507 1260 1824 1333 displiceat?
1853 1257 1984 1327 Quis

387 1382 498 1422 non
539 1375 646 1420 tota
699 1365 993 1418 humilitate
1041 1361 1346 1431 supplicans
1394 1357 1574 1412 divino
1613 1351 1880 1425 adjutorio
1925 1364 1984 1406 se

392 1456 750 1512 exaudibilem
781 1456 1047 1526 przebeat,
1074 1453 1246 1508 donec
1271 1459 1506 1506 transeat
1542 1448 1716 1503 omnis
1743 1447 1840 1500 ista
1865 1455 1982 1500 ten-

392 1552 653 1605 tatiouum
694 1547 944 1603 materies
974 1557 1132 1616 atque
1161 1544 1345 1599 umbra
1378 1550 1586 1598 terrena
1619 1555 1632 1593 :
1666 1548 1721 1592 et
1764 1537 1855 1592 ille
1893 1534 1983 1606 qui

393 1655 663 1712 nunquam
690 1639 904 1704 deﬁcit,
932 1639 1090 1692 etiam
1123 1637 1280 1692 nobis
1307 1637 1580 1690 illucescat
1627 1631 1985 1701 sempiternus

393 1734 541 1800 dies,
577 1744 626 1790 et
651 1733 912 1788 illumiuet
957 1731 1267 1787 abscondita
1315 1729 1657 1785 tenebrarum
1679 1769 1694 1794 ,
1722 1735 1776 1780 et
1815 1723 1986 1778 mani-

385 1825 548 1882 festet
575 1827 922 1896 cogitationes
949 1823 1126 1878 cordis
1145 1865 1159 1890 ,
1183 1831 1237 1878 et
1269 1831 1395 1877 tunc
1420 1823 1536 1875 laus
1561 1820 1662 1874 erit
1700 1816 1984 1885 unicuique

383 1933 421 1971 ’a
450 1918 561 1972 Deo
590 1915 633 1990 (Ι
661 1915 778 1971 Cor.
812 1933 864 1971 IV
886 1957 901 1983 ,
929 1915 1025 1985 5)?
1054 1913 1253 1970 Deinde
1280 1911 1522 1983 quamvis
1537 1925 1595 1964 se
1615 1908 1836 1980 quisque
1863 1906 1979 1976 glo-

393 2010 566 2063 rietur
591 2009 668 2062 sic
697 2007 896 2062 habere
922 2022 1118 2076 corpus
1138 2005 1463 2069 edomitum,
1493 2010 1554 2057 ut
1582 1999 1779 2056 mundo
1806 1997 1982 2054 cruci-

385 2099 604 2154 ﬁxusab
614 2099 757 2153 omni
771 2113 932 2168 opere
949 2099 1105 2162 malo,
1123 2096 1176 2152 in
1189 2095 1496 2150 servitutem
1514 2091 1724 2148 redacta
1747 2089 1982 2145 membra

387 2192 634 2261 castiget,
683 2206 750 2245 ne
770 2191 878 2260 jam
897 2198 1084 2259 regnet
1104 2197 1377 2258 peccatum
1400 2187 1452 2242 in
1480 2186 1595 2256 ejus
1626 2184 1835 2239 mortali
1865 2197 1986 2237 cor-

391 2295 544 2353 pore,
565 2280 631 2334 ad
658 2279 1009 2334 obediendnm
1037 2277 1315 2333 desideriis
1337 2277 1484 2346 ejus;
1516 2275 1686 2330 solum
1705 2288 1865 2327 unum
1890 2288 1984 2326 ve-

385 2389 509 2427 rum
531 2373 693 2427 Deum
711 2372 867 2432 colat,
884 2369 1008 2424 nulli
1027 2369 1430 2423 simulacrorum
1446 2365 1569 2419 ritui
1585 2363 1812 2428 deditus,
1830 2362 1989 2416 nullis

385 2462 565 2518 sacris
582 2461 968 2516 daemoniorum
1001 2459 1258 2523 irretitus,
1285 2472 1390 2511 non
1412 2455 1681 2526 accipiens
1707 2453 1760 2508 in
1795 2467 1986 2506 vanum

389 2570 590 2611 :nomen
625 2552 829 2606 Domini
859 2551 949 2605 Dei
977 2550 1057 2606 sui
1085 2591 1099 2616 ,
1125 2549 1361 2618 quietem
1393 2546 1772 2616 sempiternam
1806 2553 1986 2598 certus

389 2652 716 2714 expectans
737 2682 752 2705 ,
796 2641 1033 2696 debitum
1078 2639 1334 2692 honorem
1372 2635 1680 2707 parentibus
1711 2632 1940 2688 reddens
1968 2672 1984 2698 ,

396 2750 497 2789 nec
544 2741 797 2786 cruentus
825 2730 1140 2795 homicidio,
1166 2743 1266 2783 nec
1314 2726 1664 2782 fornicatione
1707 2733 1986 2794 turpatus,

399 2838 499 2877 nec
519 2823 658 2874 furto
679 2819 1048 2874 fraudulentus
1065 2860 1080 2885 ,
1106 2833 1206 2872 nec
1243 2817 1524 2872 mendacio
1549 2815 1870 2887 duplicatus,
1891 2828 1992 2870 nec

400 2913 477 2966 rei
507 2912 588 2966 vel
633 2910 816 2964 uxoris
855 2909 1047 2964 aliena:
1076 2908 1508 2978 concupiscentia
1557 2905 1836 2970 sordidus;
1883 2921 1988 2961 non

401 3003 454 3057 in
485 3003 597 3055 suis
621 3001 780 3056 etiam
812 2999 974 3054 rebus
1017 3007 1107 3053 aut
1132 2999 1337 3052 luxuria
1369 2995 1614 3063 difﬂuat,
1647 3005 1739 3050 aut
1784 3004 1993 3050 arescat
2035 3025 2040 3032 -

403 3093 624 3148 avaritia
649 3106 664 3156 ;
698 3105 802 3144 non
820 3089 888 3144 sit
907 3090 1272 3144 eontentiosus
1291 3129 1306 3154 ,
1331 3104 1440 3143 non
1466 3088 1532 3142 sit
1553 3087 1988 3153 contumeliosus,

402 3199 507 3242 non
532 3183 860 3249 maledicus;
888 3182 1078 3237 vendat
1105 3191 1374 3252 postremo
1416 3181 1592 3234 omnia
1640 3196 1774 3247 sua,
1820 3191 1874 3234 et
1903 3179 1993 3235 det

404 3275 760 3346 pauperibus,
793 3283 848 3329 et
885 3285 1140 3344 sequatur
1179 3272 1450 3328 Christum
1478 3314 1492 3338 ,
1549 3280 1709 3340 atque
1739 3271 1995 3326 thesauro

401 3366 606 3421 cmlesti
658 3364 890 3418 radicem
941 3363 1120 3418 cordis
1168 3363 1347 3433 inﬁgat
1385 3379 1398 3414 :
1433 3361 1562 3432 quid
1610 3362 1818 3416 videtur
1870 3361 1994 3417 addi

404 3474 563 3529 posse
585 3458 648 3512 ad
679 3469 784 3512 tam
800 3459 1019 3526 plenam
1043 3455 1343 3525 justitiam?
1373 3464 1548 3511 tamen
1571 3449 1701 3510 nolo
1717 3455 1993 3526 glorietur.

408 3549 798 3620 lntelligathmc
814 3550 991 3603 omnia
1025 3549 1255 3616 prmstita
1282 3548 1380 3601 sibi
1411 3563 1529 3602 esse
1552 3587 1569 3613 ,
1593 3564 1697 3600 non
1719 3563 1747 3599 a
1778 3563 1837 3602 se
1884 3547 1998 3601 exi-

407 3654 570 3700 stere.
603 3643 736 3710 Quid
767 3641 909 3695 enim
940 3640 1135 3702 habet,
1165 3637 1304 3708 quod
1352 3654 1456 3691 non
1498 3637 1750 3706 accepit?
1775 3638 1924 3702 Quod
1951 3639 1995 3692 si

407 3736 640 3805 accepit,
668 3733 792 3803 quid
823 3731 1111 3802 gloriatur,
1149 3729 1300 3800 quasi
1349 3744 1454 3781 non
1497 3728 1762 3796 acceperit
1792 3726 1994 3798 (lbid.,

413 3830 446 3883 7
475 3828 530 3899 )?
556 3827 752 3896 Erogct
803 3838 932 3878 sane
989 3821 1264 3890 pecuniam
1339 3817 1660 3872 dominicam
1700 3833 1715 3872 :
1759 3817 2001 3871 consulat

411 3919 654 3992 proximo
676 3958 689 3980 ,
715 3916 850 3970 sicut
877 3912 977 3967 sibi
1009 3911 1171 3966 sentit
1207 3925 1325 3965 esse
1345 3908 1644 3962 consultum
1673 3908 1711 3960 ί.
1744 3906 1851 3962 Nec
1898 3923 1998 3976 pn-

409 4018 488 4065 tet
513 4009 639 4062 satis
668 4022 787 4061 esse
818 4019 1032 4059 servare
1059 4003 1319 4070 integrum
1345 3997 1486 4070 quod
1508 3997 1733 4067 accepit,
1761 4012 1828 4053 ne
1852 3996 2001 4052 dica-

413 4110 501 4155 tur
525 4099 572 4154 ei
603 4115 616 4151 :
651 4097 806 4154 Serve
825 4111 1038 4166 nequam
1068 4103 1116 4147 et
1140 4093 1280 4162 piger
1303 4130 1319 4155 ,
1345 4089 1493 4144 dares
1522 4089 1784 4158 pecuniam
1804 4105 1996 4155 meam,

406 4203 457 4247 et
487 4208 578 4262 ego
603 4190 802 4244 veitiens
831 4204 946 4240 cum
963 4185 1130 4240 usuris
1158 4183 1403 4254 exigerem
1427 4197 1444 4235 :
1469 4197 1535 4235 ne
1560 4179 1829 4235 auferatur
1847 4181 1912 4256 ab
1933 4196 1999 4236 eo

407 4282 551 4351 quod
582 4279 823 4349 accepit,
855 4293 922 4331 ue
962 4275 1268 4345 projiciatur
1315 4273 1367 4327 in
1414 4271 1662 4326 tenebras
1707 4271 2000 4326 exteriores

407 4372 623 4445 (Matth.
651 4385 765 4426 xxv
786 4411 802 4436 ,
828 4367 1038 4434 26-30).
1058 4366 1226 4435 Quam
1243 4362 1764 4421 vehementissimam
1789 4377 1997 4432 ptenam

393 4465 454 4520 -δί
487 4465 673 4518 timere
693 4462 889 4516 debent
937 4460 1049 4525 illi,
1082 4459 1171 4529 qui
1214 4471 1431 4512 scrvare
1482 4459 1744 4524 integrum
1762 4462 2001 4524 possunt

405 4553 552 4626 quod
578 4561 932 4624 acceperunt;
959 4565 1077 4621 quze
1100 4563 1222 4618 spes
1242 4548 1452 4602 illorum
1472 4555 1554 4601 est
1572 4589 1586 4612 ,
1609 4545 1697 4616 qui
1717 4544 1819 4600 hoc
1841 4544 2001 4614 impie

408 4647 778 4714 serlerateque
797 4640 1146 4712 disperdnnt'l
1167 4639 1473 4696 Versahitur
1488 4655 1616 4709 ergo
1642 4638 1742 4694 iste
1765 4637 1815 4691 in
1843 4639 2000 4693 rebus

410 4737 694 4800 humanis,
729 4749 831 4788 non
871 4733 1131 4797 carnalis,
1181 4730 1275 4786 sed
1319 4731 1605 4801 spiritualis
1634 4728 2002 4801 acquisitionis

411 4828 690 4885 devinctus
738 4825 946 4890 ofﬁcio;
989 4842 1094 4879 non
1141 4824 1353 4894 quidem
1385 4822 1610 4893 negotiis
1651 4815 2003 4878 smcularibns

410 4920 673 4991 obligatus
693 4959 708 4983 ,
733 4917 824 4971 sed
856 4925 1031 4971 tamen
1059 4915 1180 4984 quia
1208 4914 1399 4968 militat
1426 4915 1534 4968 Deo
1553 4955 1567 4977 ,
1598 4929 1702 4967 non
1732 4915 1840 4968 otio
1861 4914 2004 4968 desi-

413 5012 516 5066 diae
542 5008 783 5079 torpidus
813 5017 867 5061 et
888 5006 1146 5074 abiectus.
1203 5003 1300 5060 Det
1326 5018 1487 5073 ergo,
1539 5003 1582 5056 si
1634 5011 1836 5071 potest,
1878 5019 2002 5058 suas

410 5103 784 5172 clcemosynas
811 5112 996 5151 omnes
1022 5111 1141 5151 cum
1185 5094 1448 5148 hilaritate
1469 5135 1484 5159 ,
1528 5094 1642 5149 sive
1665 5109 1784 5149 cum
1816 5109 2002 5148 carna-

416 5193 554 5246 libus
583 5189 987 5245 necessitatibus
1041 5201 1330 5256 pauperum
1375 5184 1573 5256 aliquid
1629 5195 1844 5256 erogat,
1889 5185 2002 5240 sive

413 5297 532 5338 cum
555 5281 706 5352 panis
733 5279 966 5334 cmlestis
993 5277 1326 5347 dispensator
1345 5277 1366 5308 ²
1392 5275 1582 5330 invicta
1606 5274 1858 5330 adversus
1883 5274 2002 5331 dia-

415 5373 592 5427 bohun
622 5381 794 5426 castra
823 5370 874 5422 in
897 5367 1228 5423 credentium
1252 5367 1500 5422 cordibus
1535 5368 1814 5422 construit.
1844 5365 2000 5420 Hila-

415 5481 517 5518 rcnt
544 5465 675 5517 enim
705 5459 930 5516 datorem
954 5461 1118 5529 diligit
1146 5459 1280 5513 Dens
1307 5459 1370 5531 (ll
1401 5457 1516 5513 Cor.
1549 5475 1598 5512 tx
1619 5499 1632 5519 .
1658 5457 1733 5530 7).
1763 5457 1876 5512 Non
1906 5459 2002 5513 ita-

417 5569 518 5622 que
549 5555 705 5608 tazdio
732 5555 1000 5623 frangatur
1025 5552 1075 5605 in
1102 5549 1499 5606 difﬁcultatibus
1519 5565 1694 5605 rerum
1720 5591 1733 5613 ,
1765 5565 1882 5620 qtne
1909 5565 2003 5604 ne-

416 5727 744 5850 nu'seliiji‘ijsifk
763 5729 974 5788 additu“
997 5727 1070 5778 vel
1085 5725 1461 5789 mmmam;
1497 5727 1628 5792 (1de
1656 5727 1799 5778 abest
1841 5738 1870 5777 a
1903 5738 2004 5776 ma-

481 5849 1517 5917 !stcin.\us.ltttneditis,dispensatione.

1609 411 1668 467 s.
1707 374 2072 466 aucusrtut
2114 401 2418 460 EPISCOPI

3539 399 3675 454 isto
3768 371 3772 376 ’

2087 535 2242 578 cosse
2265 528 2351 578 est
2369 518 2636 584 existant,
2669 525 2726 573 ut
2753 515 3064 574 ostendatur
3099 513 3302 571 homini
3332 513 3477 586 quod
3509 515 3674 571 homo

2086 619 2189 666 est.
2215 609 2330 664 Non
2354 609 2431 663 ira
2458 607 2711 678 subrepat
2737 605 2792 662 in
2821 621 2943 662 eum
2971 605 3063 676 qui
3110 613 3202 660 aut
3246 603 3433 660 odiose
3471 605 3628 660 irruit
3656 644 3673 670 ,

2085 713 2178 758 aut
2223 702 2578 773 inepportuue
2625 700 2801 771 inopia
2833 708 3050 755 coactus
3089 697 3256 769 petit;
3314 706 3404 754 aut
3458 697 3678 768 negotio

2086 808 2187 847 suo
2205 833 2221 859 ,
2241 807 2362 847 cum
2389 802 2445 847 tu
2467 793 2671 862 majore
2690 799 2982 859 occupatus
3001 803 3058 844 es
3082 829 3098 856 ,
3132 788 3497 844 indifferenter
3525 787 3677 858 ﬂagi-

2090 895 2165 940 tat
2193 883 2463 940 subveniri
2487 901 2502 950 ;
2533 893 2625 938 aut
2654 883 2706 937 in
2728 883 2892 938 verbo
2916 881 3210 936 manifestae
3231 881 3452 950 iustitia:
3477 880 3677 935 resistit

2087 990 2227 1030 caeca
2267 975 2590 1045 cupiditate,
2639 983 2732 1028 aut
2784 973 3072 1029 miserabili
3113 972 3382 1028 tarditate.
3430 972 3545 1028 Non
3585 972 3679 1028 det

2087 1066 2374 1138 quidquam
2413 1066 2646 1137 amplius
2671 1065 2758 1122 vel
2796 1065 2973 1120 minus
2997 1078 3155 1136 quam
3179 1072 3424 1135 oportet:
3458 1078 3562 1117 non
3601 1063 3681 1117 lo-

2089 1167 2284 1228 quatur
2306 1159 2535 1228 amplius
2580 1173 2740 1229 quam
2793 1171 2930 1227 Opus
2955 1164 3038 1211 est
3056 1199 3070 1222 ,
3095 1164 3188 1210 aut
3211 1170 3331 1210 cum
3359 1155 3519 1210 etiam
3569 1169 3676 1208 non

2088 1265 2222 1319 opus
2247 1257 2350 1306 est.
2375 1249 2606 1321 Speciosi
2629 1249 2769 1303 enim
2799 1247 2948 1318 pedes
2969 1246 3416 1317 euangelizandum
3451 1260 3627 1314 pacem
3660 1283 3674 1307 ,

2089 1339 2540 1411 euangelizandum
2590 1338 2722 1392 bona
2752 1338 2926 1408 (Rom.
2974 1353 3042 1401 ι,
3097 1337 3207 1406 15).
3251 1336 3356 1392 Sed
3395 1346 3566 1390 tamen
3603 1336 3680 1390 de

2089 1442 2230 1488 terra
2252 1433 2391 1488 sicca
2421 1433 2692 1502 pulverem
2718 1430 3043 1486 contralmnt
3062 1470 3075 1493 ,
3095 1430 3183 1498 qui
3201 1444 3333 1484 sane
3354 1429 3404 1482 in
3425 1428 3677 1498 judicium

2090 1541 2274 1581 eorum
2302 1525 2568 1581 excutitur
2586 1565 2600 1590 ,
2629 1524 2718 1594 qui
2742 1522 2844 1578 sibi
2867 1523 3002 1576 hanc
3022 1520 3402 1576 exhibitionem
3432 1533 3678 1589 perversa

2088 1618 2362 1672 voluntate
2387 1622 2758 1671 contemnunt.
2777 1611 2892 1668 Non
2921 1612 3091 1666 solum
3117 1625 3245 1681 ergo
3265 1619 3481 1680 propter
3509 1610 3676 1679 ipsam

2090 1708 2212 1760 vitae
2237 1707 2392 1775 hujus
2416 1704 2793 1759 mortalitatem
2826 1703 2842 1734 ¹
2869 1711 2924 1757 et
2947 1701 3334 1771 ignorantiam,
3375 1709 3427 1754 et
3462 1705 3680 1768 pmpter

2088 1799 2194 1853 diei
2249 1798 2543 1862 malitiam,
2583 1809 2704 1866 quae
2732 1794 2931 1848 utinam
2961 1791 3262 1856 suﬁiceret,
3310 1791 3448 1845 sicut
3493 1789 3562 1843 de
3588 1789 3679 1844 illa

2089 1893 2287 1947 dictum
2315 1899 2436 1956 est,
2482 1888 2678 1959 Sit/ﬁcit
2706 1887 2808 1941 diei
2846 1883 3038 1938 malitia
3062 1882 3390 1952 sualllatth.
3422 1897 3506 1946 vt,
3537 1881 3626 1950 54)
3660 1895 3676 1944 ;

2090 2001 2248 2055 quam
2275 1983 2525 2053 jubemur
2552 1983 2691 2037 ferre
2719 1989 2878 2050 atque
2903 1987 3115 2048 portare
3133 2017 3149 2042 ,
3194 1975 3366 2030 donec
3395 1981 3632 2028 transeat
3657 2012 3673 2037 ,

2089 2085 2144 2129 et
2169 2074 2436 2130 sustinere
2469 2072 2633 2126 Deum
2661 2071 2883 2124 viriliter
2909 2067 3137 2136 agendo,
3165 2075 3222 2119 ut
3242 2065 3470 2119 fructum
3490 2064 3680 2118 alfera-

2091 2179 2208 2219 mus
2228 2179 2348 2218 cum
2376 2162 2655 2217 tolerantia
2685 2178 2699 2215 z
2733 2159 2826 2215 sed
2865 2160 3022 2212 etiam
3049 2167 3263 2226 propter
3286 2155 3460 2225 ipsum
3492 2154 3678 2224 pulve-

2091 2270 2204 2310 rem
2228 2253 2408 2309 mundi
2436 2253 2622 2322 hujus,
2665 2251 2755 2322 qui
2787 2264 2881 2318 per
2907 2249 3092 2302 itinera
3122 2244 3435 2300 consulendi
3477 2257 3678 2298 consu-

2092 2346 2312 2400 lentium
2362 2345 2587 2415 pedibus
2624 2341 2973 2404 adhaerescit,
3000 2347 3054 2392 et
3078 2338 3272 2391 damna
3311 2351 3431 2404 qua:
3473 2336 3528 2389 in
3563 2336 3678 2404 ipsa

2093 2433 2519 2504 negotiosissima
2582 2430 2996 2500 dispensationis
3045 2428 3255 2482 actione
3321 2427 3676 2496 contingunt,

2093 2544 2213 2598 qua:
2243 2526 2498 2581 Dominus
2521 2532 2739 2596 prxestet
2787 2530 2839 2577 ut
2869 2537 2992 2576 cum
3033 2520 3194 2574 lucris
3215 2519 3507 2588 majoribus
3532 2535 3682 2573 com—

2096 2626 2418 2688 pcnsentur,
2475 2616 2837 2686 quotidianam
2887 2613 3144 2668 debemus
3178 2609 3376 2665 habere
3417 2612 3683 2680 poeniten-

2096 2713 2242 2765 tiam.

2165 2804 2218 2858 5.
2248 2801 2516 2856 Laicorum
2535 2809 2739 2872 peccata
2766 2798 3085 2871 quotidiana.
3118 2797 3361 2869 Conjngii
3388 2811 3508 2850 usus
3532 2812 3685 2864 quan-

2095 2896 2280 2951 donam
2308 2894 2652 2964 inculpabilis.
2681 2892 2787 2948 Sed
2816 2891 2864 2946 si
2886 2893 2985 2947 hoc
3008 2891 3404 2961 diSpensatmes
3427 2889 3571 2943 verbt
3593 2888 3684 2943 Dei

2095 2996 2150 3042 ct
2207 2985 2437 3041 ministri
2492 2985 2958 3041 Sacramentorum
3003 2982 3154 3052 ejus,
3205 2981 3399 3035 milites
3453 2979 3684 3046 Christi;

2095 3086 2296 3149 quanto
2323 3077 2491 3147 magis
2515 3085 2708 3132 extera
2743 3074 3087 3145 stipendiaria
3109 3072 3390 3127 multitudo
3413 3112 3429 3138 ,
3457 3081 3510 3126 et
3539 3087 3686 3140 qtae-

2097 3171 2219 3226 dam
2252 3171 2520 3240 provincia
2553 3169 2727 3239 magni
2750 3168 2930 3239 regis?
2957 3167 3128 3236 Quam
3177 3183 3244 3223 ne
3275 3166 3410 3222 forte
3446 3167 3527 3221 vel
3557 3165 3686 3220 falsa

2099 3261 2402 3332 suspicione
2430 3260 2666 3314 avaritia:
2693 3259 2847 3314 miles
2873 3259 2962 3312 ille
3007 3258 3346 3313 ﬁdelissimus
3375 3267 3531 3327 atque
3575 3256 3688 3309 for-

2102 3355 2335 3410 tissimus
2361 3353 2634 3424 apostolus
2663 3351 2859 3408 Paulus
2901 3349 3226 3415 offenderet,
3257 3350 3368 3404 suis
3414 3347 3691 3418 stipendiis

2102 3444 2386 3500 militavit:
2417 3451 2471 3498 et
2512 3443 2601 3497 ubi
2650 3441 2789 3497 forte
2817 3440 2983 3496 defuit
3027 3448 3270 3510 sumptus
3308 3439 3640 3494 necessarius
3669 3479 3685 3500 ,

2104 3536 2275 3602 Alias,
2306 3535 2504 3606 inquit,
2540 3532 2794 3588 Ecclesias
2823 3531 3126 3601 exspoliari,
3157 3531 3409 3600 accipiens
3429 3531 3490 3583 ab
3511 3530 3583 3583 eis
3599 3529 3694 3584 sti-

2103 3629 2343 3698 pendium
2393 3629 2460 3681 ad
2498 3635 2713 3681 vestiam
2753 3625 3170 3680 ministrationem
3207 3624 3275 3696 (ll
3324 3623 3441 3678 Cor.
3495 3638 3584 3687 xl,
3612 3622 3689 3691 8).

2101 3719 2312 3788 Quanto
2340 3734 2468 3788 ergo
2497 3721 2664 3787 magis
2704 3719 2961 3774 Ecclesia
2983 3719 3335 3788 provinciales
3369 3715 3443 3788 (α)
3474 3717 3696 3770 sa-cula-

2103 3812 2250 3865 ribus
2280 3811 2507 3880 negotiis
2523 3810 2736 3879 obligati
2761 3851 2775 3875 ,
2806 3811 3166 3880 quotidianam
3190 3810 3383 3866 debent
3410 3825 3567 3882 agere
3585 3823 3695 3878 pte-

2103 3903 2419 3958 nitentiam?
2449 3902 2547 3968 Qui
2587 3902 2831 3971 quamvis
2861 3917 2891 3954 a
2919 3900 3104 3965 furtis,
3153 3917 3184 3955 a
3216 3902 3420 3971 rapinis
3441 3943 3456 3968 ,
3487 3916 3514 3956 a
3549 3901 3692 3954 fran-

2104 3994 2261 4049 dibus
2296 4035 2311 4060 ,
2367 3993 2435 4047 ab
2499 3991 2776 4046 adulteriis
2829 4002 2885 4046 et
2940 3989 3380 4045 fornicationibus
3443 3990 3696 4061 omnique

2108 4087 2312 4141 luxuria
2332 4125 2347 4151 ,
2396 4100 2425 4139 a
2455 4083 2772 4139 crudelitate
2797 4082 3040 4137 odiorum
3068 4090 3122 4135 et
3150 4080 3541 4134 inimicitiarum
3569 4096 3695 4150 pcr-

2107 4175 2421 4240 tiuacia,ab
2441 4176 2584 4230 omni
2611 4175 2842 4245 denique
2883 4173 3191 4228 idololatria:
3244 4172 3515 4236 fteditate,
3572 4188 3697 4242 spe-

2109 4269 2437 4324 ctaculorum
2479 4267 2816 4338 nugacitate,
2869 4265 3135 4320 luerosum
3165 4273 3323 4334 atque
3349 4263 3693 4319 schismatum

2107 4360 2266 4429 impia
2296 4361 2527 4413 vanitate
2551 4401 2566 4424 ,
2598 4367 2754 4427 atque
2790 4357 2856 4412 ab
2881 4357 3127 4411 omnibus
3154 4356 3518 4426 hujuscemodi
3541 4356 3695 4426 ﬂagi-

2109 4452 2195 4506 tiis
2222 4461 2274 4505 et
2299 4451 2619 4506 facinoribus
2647 4451 2948 4515 immunes,
2974 4449 3089 4518 puri
3130 4458 3292 4519 atque
3344 4448 3534 4519 integri
3575 4464 3695 4504 esse

2105 4543 2332 4598 debeant
2365 4559 2377 4596 :
2405 4551 2580 4596 tamen
2606 4541 3359 4611 propteradministrationem
3390 4555 3566 4593 rerum
3615 4540 3694 4593 fa-

2108 4635 2428 4698 miliarium,
2458 4643 2511 4688 et
2537 4631 2908 4702 conjugiorum
2947 4630 3248 4685 arctissima
3292 4631 3533 4692 Vilicul‘l,
3587 4639 3692 4684 tam

2107 4725 2270 4780 multa
2303 4732 2559 4794 peccant,
2583 4731 2642 4777 ut
2669 4737 2773 4778 non
2819 4731 2925 4776 tam
2975 4720 3043 4776 de
3089 4722 3242 4776 istius
3269 4721 3446 4775 mundi
3476 4721 3697 4789 pulvere

2107 4816 2314 4887 aspergi
2339 4818 2382 4883 ³,
2415 4831 2573 4886 quam
2605 4813 2717 4869 luto
2738 4813 2954 4869 obliniri
2979 4812 3278 4868 vidcantur.
3314 4813 3423 4866 Iloc
3453 4814 3693 4882 estquod

2109 4911 2397 4980 Apostolus
2426 4911 2506 4964 eis
2545 4909 2674 4964 dicit
2702 4925 2716 4961 ε
2744 4907 2866 4963 Jam
2891 4906 3094 4977 quidem
3129 4906 3332 4960 omnino
3361 4905 3596 4958 delictum
3625 4917 3697 4959 est

2108 5004 2159 5058 in
2185 5003 2322 5057 vobis
2342 5043 2356 5067 ,
2378 5003 2496 5072 quia
2509 5001 2709 5074 judicia
2732 5001 2926 5055 [iubetis
2947 4999 3219 5054 uobiscum.
3247 4997 3415 5063 Quare
3455 5015 3556 5052 non
3587 5014 3694 5050 ma-

2107 5096 2184 5165 gis
2212 5093 2522 5162 iniquitatem
2541 5091 2983 5161 patiminilquare
3001 5106 3103 5144 non
3135 5090 3301 5161 potius
3333 5086 3646 5156 [raudumini
3677 5088 3702 5140 Ρ

2107 5184 2239 5240 Nam
2281 5184 2409 5239 illud
2457 5183 2788 5239 exsecrabile
2841 5191 2957 5249 est,
2998 5182 3137 5253 quod
3177 5189 3394 5253 propter
3435 5180 3695 5251 quosdam

2174 5357 2192 5389 ί
2218 5361 2281 5405 tta
2310 5361 2416 5403 Mss.
2439 5352 2559 5403 Editi
2584 5365 2720 5412 vero,
2742 5351 3119 5404 tractabilitatem.

2172 5420 2193 5488 τ
2219 5425 2342 5488 uss.
2369 5414 2539 5488 deis“
2559 5414 2740 5488 ηιωεεια
2754 5414 2955 5488 pulvere.
2971 5414 3182 5488 αςρενθῑ-

2172 5478 2246 5541 (a)
2278 5486 2404 5541 Quos
2427 5477 2573 5527 laicus
2595 5475 2829 5541 usitatius
2865 5475 3274 5541 dicimus,"ipsos
3297 5482 3435 5541 vocat
3472 5475 3699 5526 Ecclesiae

2109 5538 2430 5602 provinciales
2452 5545 2504 5588 et
2534 5539 2879 5602 _stipendiarios
2903 5553 2916 5602 ξ
2944 5539 3146 5602 pulchre
3165 5538 3438 5598 'alludens,
3481 5545 3533 5587 ut
3565 5550 3700 5598 saepe

2109 5599 2227 5672 alias
2244 5635 2259 5658 ,
2297 5600 2364 5672 “ad
2405 5599 2686 5672 popularem
2711 5599 3130 5672 loquendi'usum,
3175 5613 3273 5662 quo
3298 5602 3700 5672 provinciaeque

2108 5662 2342 5712 solvendo
2366 5660 2597 5724 militibus
2617 5660 2859 5724 stipendio
2881 5665 3104 5713 obnoxie
3133 5660 3332 5724 essent",
3369 5660 3701 5723 stipendiaria

2109 5724 2412 5773 dicebantur.
2441 5723 2554 5771 vide
2577 5723 2722 5784 supra
2747 5737 2895 5774 serm.
2920 5724 3042 5779 302.
3091 5739 3138 5772 η.
3171 5723 3226 5772 15
3245 5757 3260 5782 ,
3285 5731 3335 5772 et
3355 5725 3498 5773 citata
3521 5725 3702 5773 ibidem

2228 5797 2523 5897 512253;:me
2542 5787 2856 5896 (piat-numam
2881 5788 2930 5835 in
2954 5784 3182 5848 resimas,
3208 5798 3399 5834 necnon
3433 5794 3702 5836 Tractatum

2145 5880 2204 5896 ..-
2426 5880 2462 5899 ..
2530 5881 2540 5894 .

2145 5855 2204 5896 az
2228 5855 2276 5897 in
2300 5855 2462 5909 Joan.,
2493 5859 2540 5895 n.
2567 5855 2616 5896 δ.
