4026 6186
298 385 427 442 1541
1494 452 1499 455 .

288 497 439 553 addit
464 505 522 552 et
545 494 681 550 dicit
709 513 723 549 :
754 494 860 550 Sed
877 511 960 550 vos
988 494 1300 565 iniquitatem
1327 495 1512 567 facitis,
1532 507 1578 553 et
1598 500 1877 570 fraudatis,

288 599 335 643 et
355 588 448 642 hoc
473 587 718 656 fratribus
747 586 789 656 (l
818 584 936 641 Cor.
962 601 1046 653 vt,
1073 587 1105 639 7
1129 627 1145 654 ,
1174 588 1253 659 8).
1286 588 1535 657 Exceptis
1569 599 1746 645 tamen
1776 593 1881 645 iui-

293 679 580 751 ‘juitatibus
608 686 665 733 et
704 676 1009 745 fraudibus,
1055 676 1158 732 hoc
1206 677 1380 749 ipsum
1423 677 1623 735 habere
1661 681 1884 739 interse

286 770 486 842 judicia
512 778 570 826 et
593 770 718 825 lites
762 768 830 825 de
854 769 1199 826 saecularibus
1241 770 1435 837 rebus,
1467 770 1720 827 delictum
1759 788 1883 831 esse

286 864 418 919 dicit
446 881 461 918 :
494 861 638 933 quod
665 871 843 917 tamen
874 860 1156 917 ferendum
1199 877 1321 919 esse
1360 862 1617 920 admonet
1638 906 1654 931 ,
1698 866 1743 921 si
1792 866 1879 922 vel

284 960 651 1016 ecclesiastico
682 958 885 1029 judicio
911 960 1030 1014 lites
1060 958 1426 1030 hujuscemodi
1452 960 1723 1015 liniantur.
1743 958 1879 1014 llinc

281 1059 366 1107 est
386 1050 551 1106 etiam
582 1049 711 1106 illud
741 1067 757 1106 :
790 1049 889 1117 Qui
909 1050 1018 1105 sine
1043 1066 1203 1106 uxore
1219 1059 1320 1118 est,
1350 1051 1538 1122 cogitat
1554 1066 1613 1104 ea
1627 1065 1741 1120 qua:
1760 1057 1881 1121 sunt

289 1141 377 1196 Dei
396 1184 414 1210 ,
436 1142 692 1215 quomodo
713 1142 912 1213 placeat
940 1141 1051 1198 Deo
1073 1159 1095 1199 :
1121 1144 1209 1213 qui
1231 1152 1398 1198 autem
1415 1143 1733 1197 matrimonio
1756 1158 1878 1197 con-

277 1236 485 1305 iunctus
509 1244 585 1291 est
601 1277 616 1301 ,
639 1237 833 1307 cogitat
869 1251 928 1290 ea
953 1251 1068 1306 quia
1092 1244 1209 1291 sunt
1236 1238 1452 1303 mundi,
1481 1237 1731 1308 quomodo
1756 1234 1873 1308 pla-

280 1339 388 1381 ceat
414 1328 590 1382 uxori.
620 1328 773 1397 Quod
801 1328 963 1383 etiam
989 1327 1055 1382 de
1082 1327 1278 1384 femina
1306 1328 1557 1384 similiter
1581 1336 1750 1383 notat.
1776 1327 1872 1383 Vel

282 1420 410 1474 illud
442 1422 458 1452 ⁸
485 1435 606 1475 cum
632 1420 740 1487 ait,
769 1416 840 1473 Et
890 1420 1074 1474 iterum
1102 1419 1173 1474 ad
1211 1420 1431 1492 idipsum
1461 1430 1618 1474 estote
1637 1462 1652 1487 ,
1683 1436 1745 1473 ne
1786 1435 1872 1474 vos

281 1526 431 1568 tentet
452 1524 661 1569 satanas
686 1523 894 1585 propter
908 1515 1345 1586 intemperantiam
1374 1524 1610 1569 vestram.
1637 1513 1787 1582 Quod
1816 1522 1872 1567 ut

282 1616 559 1677 peccatum
586 1621 707 1663 esse
729 1606 1121 1660 demonStraret
1142 1647 1157 1672 ,
1186 1605 1280 1660 sed
1324 1605 1614 1661 inﬁrmitati
1645 1620 1869 1659 conces—

280 1714 437 1763 sum;
465 1696 689 1766 subjecit
712 1695 932 1751 statim:
964 1694 1079 1750 Hoc
1115 1707 1280 1749 autem
1315 1696 1428 1750 dico
1477 1696 1751 1750 secundum
1790 1712 1871 1748 ve-

281 1789 420 1841 niam
445 1829 460 1854 ,
493 1805 592 1841 non
616 1787 894 1843 secundum
920 1787 1187 1858 imperium
1223 1786 1331 1856 (Id.
1360 1803 1434 1842 vn
1463 1828 1478 1853 ,
1512 1787 1582 1842 52
1601 1830 1614 1851 ,
1652 1780 1754 1853 33,
1786 1788 1820 1841 5
1848 1827 1863 1850 ,

279 1879 358 1950 6).
390 1878 519 1934 Sola
542 1879 685 1933 enim
718 1878 1009 1948 generandi
1030 1893 1188 1934 causa
1219 1888 1301 1934 est
1346 1879 1681 1950 iuculpabilis
1708 1896 1866 1935 sexus

279 1971 553 2041 utriusque
578 1969 911 2026 commixtio.
938 1968 1108 2038 Quam
1135 1970 1300 2025 multa
1326 1979 1449 2025 sunt
1475 1971 1576 2025 alia
1607 1982 1821 2041 peccata
1844 2013 1862 2039 ,

278 2062 398 2116 sive
432 2061 483 2115 in
519 2060 787 2131 loquendo
819 2059 887 2116 de
917 2060 1077 2115 rebus
1124 2069 1179 2115 et
1211 2060 1435 2130 negotiis
1485 2062 1706 2128 alienis,
1746 2079 1865 2131 qua:

276 2170 379 2209 non
399 2153 467 2209 ad
499 2162 552 2209 te
574 2154 870 2224 pertinent;
899 2154 1012 2207 sive
1042 2152 1096 2207 in
1125 2152 1277 2207 vanis
1326 2152 1821 2208 cachinnationibus
1844 2196 1860 2220 ,

275 2264 393 2302 cum
423 2247 681 2318 scriptum
710 2247 811 2312 sit,
840 2245 1045 2301 Stultus
1074 2245 1126 2299 in
1147 2246 1254 2299 risu
1278 2246 1468 2300 exultat
1495 2262 1662 2299 uocem
1683 2264 1824 2300 suam
1844 2290 1859 2314 ,

274 2340 477 2405 sapiens
503 2348 671 2391 autem
689 2338 773 2391 vis:
798 2338 946 2391 tacite
986 2335 1167 2390 ridebit
1191 2335 1378 2408 (Eccli.
1407 2352 1498 2389 xxI
1518 2378 1533 2402 ,
1564 2334 1656 2407 25)
1691 2354 1704 2389 :
1751 2338 1865 2393 sive

274 2432 322 2484 iu
344 2432 484 2501 ipsis
499 2431 640 2484 escis
661 2472 675 2494 ,
698 2445 813 2500 qum
835 2429 899 2483 ad
924 2429 1293 2483 necessitatem
1323 2426 1685 2482 sustentanda:
1705 2426 1862 2491 huius

273 2521 389 2575 vita:
421 2527 789 2591 praeparantur
812 2561 826 2583 ,
853 2519 1058 2572 avidior
1082 2527 1242 2588 atque
1269 2517 1673 2573 immoderatior
1699 2533 1860 2588 appe-

274 2611 393 2663 titus
414 2652 429 2673 ,
475 2624 620 2678 saepe
648 2624 925 2663 excessum
960 2608 1174 2662 modum
1204 2606 1529 2676 postridiana
1551 2609 1573 2639 ³
1599 2608 1862 2663 cruditate

272 2711 575 2755 contestans
610 2719 624 2755 :
654 2702 767 2755 sive
798 2700 849 2753 in
876 2699 1165 2754 vendendis
1182 2708 1235 2753 et
1259 2699 1502 2754 emendis
1537 2699 1699 2755 rebus
1729 2701 1861 2755 cha-

270 2794 437 2848 ritstis
453 2803 503 2846 et
520 2792 738 2847 vilitatis
757 2803 876 2847 vota
898 2809 1139 2862 perversa
1160 2792 1198 2846 ³.
1220 2791 1570 2863 Pigetcuncta
1587 2795 1859 2867 colligere,

269 2904 383 2955 quae
426 2886 653 2956 quisque
690 2886 742 2940 in
772 2901 829 2940 se
882 2886 995 2954 ipso
1025 2885 1222 2940 certius
1261 2885 1662 2956 comprehendit
1698 2895 1860 2958 atque

269 2977 646 3046 reprehendit,
706 2975 751 3032 si
790 2976 1088 3030 divinarum
1131 2977 1525 3045 Seripturarum
1575 2979 1852 3047 speculum

267 3087 367 3125 non
399 3070 731 3141 negligenter
754 3068 1015 3123 attendat.
1039 3068 1167 3137 Qum
1211 3069 1454 3139 quamvis
1501 3069 1710 3141 singula
1749 3087 1855 3126 non

265 3161 443 3216 letltali
466 3163 683 3216 vulnere
711 3159 869 3215 ferire
896 3161 1225 3226 sentiantur,
1253 3159 1413 3215 sicuti
1439 3160 1781 3217 homicidium
1802 3172 1857 3218 et

264 3252 577 3307 adulterium
602 3294 617 3318 ,
646 3253 725 3306 vel
753 3263 946 3306 cetera
971 3251 1270 3322 huiusmodi
1303 3269 1317 3305 :
1344 3260 1519 3308 tamen
1559 3255 1735 3309 omnia
1776 3256 1853 3309 si-

264 3344 371 3399 mul
395 3354 713 3416 congregata
735 3344 882 3399 velut
910 3345 1148 3409 scabies,
1176 3359 1280 3414 quo
1310 3345 1457 3415 plura
1482 3356 1608 3401 sunt
1635 3359 1848 3413 necant,

261 3452 351 3491 aut
374 3446 621 3492 nostrum
641 3437 806 3493 decus
836 3438 904 3491 ita
925 3438 1311 3505 exterminant,
1342 3447 1395 3492 ut
1414 3438 1482 3493 ab
1504 3440 1643 3493 illius
1668 3442 1848 3508 sponsi

260 3528 485 3596 speciosi
511 3526 680 3581 forma
713 3542 823 3597 prze
855 3527 975 3581 ﬁliis
1014 3527 1291 3600 hominum
1345 3527 1519 3598 (Psal.
1577 3545 1734 3596 xuv,
1790 3528 1844 3601 5)

259 3618 575 3674 castissimis
604 3618 935 3687 amplexibus
976 3628 1257 3689 separent,
1308 3620 1407 3673 nisi
1456 3620 1848 3676 medicamento

256 3709 583 3779 quotidiana:
609 3710 932 3777 pmniteutice
959 3708 1298 3765 desiccentur
1325 3708 1373 3763 ‘.

325 3800 381 3856 6.
427 3799 649 3853 Peccatn
691 3801 982 3870 quotidiana
1020 3818 1191 3856 omnes
1234 3817 1297 3855 ea:
1343 3801 1512 3855 carnis
1550 3802 1848 3873 inﬁrmitate

255 3890 622 3944 contrahimus.
654 3889 810 3944 Lucta
830 3892 1123 3946 christiana
1141 3892 1343 3945 animte.
1385 3890 1537 3959 Quod
1577 3894 1618 3947 si
1653 3893 1841 3950 falsum

256 3992 355 4047 est,
383 3995 525 4036 unae
546 3983 782 4051 quotidie
810 3983 1082 4038 tundimus
1112 3983 1362 4053 pectora?
1396 3983 1549 4052 Quod
1580 3999 1678 4040 nos
1707 4002 1845 4056 quo-

256 4089 359 4141 que
385 4074 651 4128 antistites
691 4073 755 4127 ad
794 4075 965 4130 altare
1004 4075 1317 4129 assisteutes
1347 4092 1465 4129 cum
1494 4076 1739 4130 omnibus
1765 4075 1847 4131 fa-

258 4167 443 4220 cimus.
496 4166 648 4221 Unde
686 4169 846 4221 etiam
888 4177 1121 4236 orantes~
1160 4166 1407 4233 dicimus,
1446 4166 1587 4238 quod
1636 4168 1688 4223 in
1735 4179 1841 4223 tota

259 4261 353 4315 ista
402 4261 508 4314 \ita
555 4268 773 4330 oportet
816 4269 876 4313 ut
915 4259 1200 4314 dicamus:
1240 4258 1450 4312 Dimitte
1492 4259 1635 4313 nobis
1678 4260 1843 4315 debita

256 4361 445 4407 nostra.
461 4351 589 4405 sicut
606 4362 650 4403 et
671 4367 763 4405 nos
784 4350 1080 4403 dimittimus
1098 4348 1400 4403 debitoribus
1422 4352 1605 4405 nostris
1626 4350 1837 4423 (Matth.

255 4459 325 4509 vr,
356 4443 469 4514 12).
508 4442 624 4497 Non
655 4444 798 4497 enim
824 4457 887 4496 ea
925 4438 1119 4497 dimitti
1163 4458 1463 4513 precamur,
1505 4459 1623 4512 qum
1645 4443 1754 4513 jam
1788 4446 1839 4499 in

237 4534 529 4605 .Baptismo
570 4534 671 4589 nisi
716 4534 937 4589 dimissa
983 4534 1274 4600 credimus,
1307 4535 1373 4589 de
1401 4536 1511 4605 ipsa
1557 4535 1659 4590 ﬁde
1684 4535 1838 4592 dubi-

254 4635 425 4681 tamus
457 4642 472 4679 :
506 4624 600 4679 sed
632 4626 815 4696 utique
839 4625 906 4681 de
933 4625 1259 4697 quotidianis
1303 4626 1534 4696 peccatis
1563 4626 1664 4682 hoc
1705 4627 1838 4683 dici-

251 4732 400 4784 mus,
452 4732 550 4787 pro
594 4718 789 4787 quibus
835 4719 995 4773 etiam
1045 4716 1306 4773 sacriﬁcia
1353 4718 1837 4791 eleemosynarum,

248 4806 597 4877 jejuniorum,
628 4816 680 4861 et
712 4809 945 4877 ipsarum
972 4808 1277 4861 orationum
1303 4822 1366 4861 ac
1394 4809 1837 4879 supplicationum

251 4899 475 4969 quisque
507 4913 604 4969 pro
639 4899 749 4953 suis
780 4898 980 4954 viribus
1006 4899 1200 4955 offerre
1226 4900 1332 4954 neu
1367 4910 1561 4956 cessat.
1589 4901 1841 4970 Quisouis

251 4992 427 5061 itaque
465 5006 525 5046 se
566 4991 851 5062 diligenter
887 4991 1194 5057 attendens,
1229 4992 1372 5045 nulla
1405 5007 1463 5047 se
1491 4993 1662 5062 ipsum
1709 4993 1842 5049 adu-

251 5083 449 5138 latione
488 5081 718 5149 seducit,
750 5081 880 5136 satis
928 5081 1175 5151 intelligit
1203 5096 1322 5135 cum
1364 5091 1563 5150 quanto
1606 5084 1839 5152 periculo

247 5174 439 5227 mortis
494 5182 745 5237 tutorum,
797 5181 851 5227 et
904 5187 1024 5226 cum
1075 5180 1270 5241 quanta
1323 5173 1541 5240 penuria
1592 5174 1839 5242 perfecta:

244 5263 462 5333 jusutize
510 5262 890 5335 peregrinetur
938 5279 969 5317 a
1019 5263 1276 5326 Domino;
1326 5264 1572 5333 quamvis
1614 5263 1725 5335 jam
1786 5265 1838 5320 in

246 5354 485 5418 Christo,
517 5355 619 5408 hoc
648 5364 751 5420 est,
782 5356 833 5409 in
879 5354 964 5408 via
1006 5355 1329 5409 constitutus
1371 5355 1544 5409 redire
1594 5365 1834 5411 conetur.

244 5444 377 5501 Nam
409 5447 454 5500 si
486 5462 595 5501 non
636 5446 896 5501 habemus
927 5454 1163 5517 peccata,
1201 5453 1253 5499 et
1295 5444 1581 5501 tundentes
1625 5457 1836 5516 pectora

303 5556 320 5619 ξ
346 5555 481 5618 Apud
504 5561 580 5603 Er.
601 5554 888 5619 LugdA'en.
912 5561 1042 5614 tnv.,
1065 5561 1116 5604 nt
1136 5553 1309 5619 illud._
1344 5561 1402 5603 at.

298 5615 474 5674 'MSS.,
519 5623 622 5680 post
662 5615 912 5680 triduana.
947 5624 1054 5665 Iov.
1075 5651 1089 5675 ,
1124 5615 1455 5680 poﬁriduana.
1510 5618 1679 5669 Melius
1710 5619 1837 5668 Pari-

242 5679 483 5741 siensium
509 5677 663 5728 editio
684 5679 965 5734 ttivelliana,
993 5677 1310 5741 postridiana.

299 5740 323 5773 ³
346 5747 480 5811 Low,
501 5748 615 5791 nam
652 5754 878 5805 peruersa
888 5754 908 5804 ;
929 5740 1335 5791 diSseutteutibus
1366 5740 1509 5794 editis
1530 5740 1642 5793 aliis
1666 5748 1718 5793 et
1739 5752 1839 5792 meo

234 5812 514 5865 cturnus.

296 5864 409 5913 ‘s‘ic
431 5870 506 5913 Er.
536 5869 708 5914 eius.
729 5861 1248 5939 Attm.,de__seeentur.

1700 385 1930 442 SEBMO
1968 387 2184 446 CCCLI.

3430 412 3573 471 1512

1990 502 2237 573 dicimus,
2281 505 2491 563 Dimitte
2544 512 2686 568 nobis
2735 515 2901 572 debita
2943 530 3153 589 nostra;
3194 539 3258 581 ex
3303 525 3408 583 hoc
3455 529 3574 600 ipso

1988 605 2135 651 certe
2184 606 2239 653 et
2277 600 2510 669 graviter
2554 603 2701 660 nullo
2749 607 3028 667 dubitante
3078 628 3399 685 peccamus,
3447 634 3573 676 cum

1988 686 2127 742 inter
2182 688 2295 760 ipsa
2339 691 2683 752 Sacramenta
2744 701 3054 758 mentimur.
3093 706 3474 775 Quamobrem,
3518 711 3571 767 in

1985 789 2240 849 quantum
2298 783 2421 848 Deo,
2451 798 2636 843 nostro
2688 790 2825 859 ﬁde,
2873 809 2970 865 spe
3017 806 3074 853 et
3127 799 3386 857 charitate
3436 818 3570 859 cou-

1986 874 2268 943 nectimur,
2299 885 2355 932 et
2390 893 2513 933 eum
2553 881 2605 935 in
2640 895 2894 953 quantum
2945 902 3248 960 possumus,
3278 893 3567 962 imitamur,

1982 978 2090 1020 non
2129 981 2434 1037 peccamus,
2462 972 2553 1027 sed
2581 972 2671 1028 ﬁlii
2712 976 2801 1031 Dei
2829 993 3051 1035 sumus:
3094 981 3145 1036 in
3187 993 3442 1054 quantum
3467 1002 3565 1043 au-

1984 1064 2089 1111 tem
2126 1072 2192 1113 ex
2221 1061 2501 1116 occasione
2536 1065 2765 1120 carnalis
2795 1068 3137 1137 inﬁrmitatis,
3163 1077 3283 1143 quia
3326 1077 3564 1132 nondum

1979 1158 2153 1205 morte
2197 1153 2454 1219 resoluta,
2498 1156 2732 1212 nondum
2783 1168 3176 1220 resurrectione
3220 1178 3420 1224 mutata
3458 1181 3562 1237 est,

1978 1250 2156 1322 motus
2184 1243 2629 1313 reprehensibiles
2665 1248 3000 1321 improbique
3028 1254 3342 1326 subrepunt,
3372 1275 3565 1329 pecca-

1977 1347 2115 1385 mus.
2144 1333 2292 1401 Quod
2321 1335 2502 1406 utique
2534 1338 2682 1394 fateri
2714 1355 2811 1394 nos
2837 1344 3122 1409 convenit;
3166 1361 3234 1401 ne
3268 1347 3399 1401 dura
3440 1366 3563 1407 cer-

1975 1422 2115 1488 vice,
2149 1438 2254 1478 uon
2285 1425 2555 1495 languoris
2581 1432 2749 1483 nostri
2793 1432 3096 1497 sanitatem,
3126 1436 3220 1489 sed
3263 1438 3565 1493 damnatio-

1979 1528 2099 1567 nem
2141 1515 2407 1584 superbia:
2445 1533 2769 1575 mereamur.
2801 1521 2950 1577 Unde
2980 1533 3263 1595 utrumque
3289 1529 3565 1585 verissime

1973 1605 2229 1674 scriptum
2272 1618 2357 1663 est
2396 1627 2408 1663 :
2451 1620 2524 1675 et,
2572 1613 2671 1677 Qui
2700 1626 2847 1670 natus
2878 1626 3037 1671 estea:
3083 1617 3207 1681 Deo,
3251 1638 3349 1676 non
3392 1634 3565 1693 peccat

1975 1694 2026 1767 (l
2053 1696 2210 1751 Joan.
2241 1715 2317 1764 Ill,
2345 1701 2432 1771 9);
2465 1710 2521 1757 et
2559 1705 2702 1774 quod
2736 1707 2784 1760 in
2828 1709 3015 1763 eadem
3055 1710 3277 1767 Joannis
3323 1715 3562 1784 Epistula

1972 1786 2212 1857 legimus,
2261 1791 2323 1846 Si
2360 1793 2638 1851 dixerimus
2682 1800 2798 1868 quia
2848 1811 3106 1869 peccatum
3154 1820 3253 1858 non
3299 1808 3560 1877 habemus,

1971 1880 2299 1949 nosmetipsos
2350 1884 2661 1955 decipimus,
2714 1898 2760 1942 et
2811 1892 2991 1944 veritas
3041 1893 3093 1947 in
3142 1896 3283 1948 nobis
3340 1914 3439 1952 non
3487 1910 3561 1954 est

1972 1966 2078 2038 (Id.
2115 1985 2150 2031 ι.
2183 1970 2261 2041 8).
2297 1972 2425 2027 Illud
2454 1977 2594 2030 enim
2636 1994 2698 2032 ex
2741 1981 2985 2048 primitiis
3016 1985 3143 2039 novi
3179 1985 3430 2051 hominis,
3456 1988 3558 2045 hoc

1969 2075 2033 2113 ex
2066 2060 2301 2131 reliquiis
2326 2067 2524 2120 veteris
2552 2067 2750 2123 dictum
2783 2082 2864 2125 est
2896 2089 2908 2125 :
2943 2083 3227 2145 utrumque
3256 2079 3398 2133 enim
3441 2080 3558 2151 agi-

1969 2165 2088 2206 mus
2116 2150 2167 2205 in
2200 2152 2299 2208 hac
2329 2155 2458 2209 vita.
2496 2157 2754 2213 Paulatim
2785 2172 2961 2216 autem
2999 2166 3208 2221 novitas
3248 2150 3558 2236 accedit,iet

1972 2242 2220 2308 paulatim
2278 2254 2541 2303 vetustate
2606 2250 2832 2306 cedente
2901 2256 3159 2311 succedit.
3223 2258 3354 2314 Cum
3422 2277 3551 2317 vero

1968 2341 2247 2404 utrumque
2275 2339 2467 2405 agitur,
2509 2339 2562 2392 in
2602 2342 2774 2395 stadio
2811 2359 3028 2409 sumus;
3078 2363 3174 2403 nec
3220 2351 3391 2404 solum
3437 2369 3559 2421 per-

1965 2426 2197 2479 cntimus
2236 2427 2600 2484 adversarium
2631 2431 2783 2487 bouis
2810 2436 3085 2503 operibus,
3117 2438 3211 2493 sed
3242 2441 3402 2495 etiam
3432 2459 3555 2512 pec-

1964 2526 2080 2569 cata
2105 2517 2367 2573 incautius
2396 2521 2645 2576 evitando
2671 2526 3021 2592 percutimur.
3064 2528 3247 2600 Neque
3276 2548 3416 2587 nunc
3437 2535 3555 2603 quis

1964 2616 2204 2662 nostrum
2240 2610 2446 2677 vicerit,
2478 2612 2570 2667 sed
2599 2614 2719 2683 quis
2743 2617 2983 2671 crebrius
3014 2619 3188 2685 feriat,
3216 2623 3339 2692 quis
3366 2622 3554 2679 fortius

1963 2695 2213 2769 conﬂigat
2250 2700 2575 2768 attenditur;
2608 2703 2778 2760 donec
2804 2706 2939 2761 alios
2966 2723 3147 2763 secum
3184 2711 3235 2765 in
3267 2713 3552 2781 sempiter-

1965 2804 2085 2843 nam
2116 2800 2340 2845 mortem
2372 2793 2664 2861 pertrahat,
2696 2796 2787 2864 qui
2831 2797 3028 2852 homini
3069 2802 3227 2855 stanti
3260 2802 3437 2872 lapsus
3467 2805 3552 2859 in-

1964 2879 2114 2944 vidit,
2148 2892 2199 2936 et
2225 2882 2292 2936 ab
2317 2882 2436 2937 aliis
2476 2885 2925 2955 triumphantibus
2952 2890 3002 2943 in
3035 2890 3138 2945 ﬁne
3171 2893 3415 2948 dicatur:
3452 2895 3551 2950 Ubi

1961 2980 2052 3033 est,
2086 2988 2240 3037 mors,
2275 2974 2525 3028 contentio
2552 2977 2683 3029 tua?
2727 2976 2812 3031 ubi
2849 2988 2940 3044 est,
2985 2997 3137 3047 mors,
3184 2984 3391 3039 aculeus
3432 2996 3550 3041 tuus

1965 3063 2015 3133 (l
2044 3062 2162 3118 Cor.
2197 3081 2286 3130 xv,
2326 3066 2466 3137 55)?
2494 3066 2599 3122 Sed
2631 3084 2803 3140 neque
2839 3071 3045 3127 facilius
3072 3074 3139 3130 ab
3170 3076 3384 3132 inimico
3412 3080 3551 3150 deji-

1960 3156 2151 3221 cimur,
2181 3174 2339 3226 quam
2368 3160 2505 3213 “cum
2547 3176 2668 3215 eum
2711 3164 3069 3233 superhiendo
3108 3167 3406 3235 imitamur;
3452 3186 3551 3226 nec

1959 3248 2323 3302 vehementius
2354 3264 2474 3304 eum
2520 3254 2930 3321 prosternimus,
2970 3270 3129 3321 quam
3169 3273 3289 3311 cum
3336 3258 3551 3315 humili-

1960 3348 2063 3391 tate
2112 3340 2393 3394 l)ominum
2444 3343 2751 3411 sequimur;
2799 3359 2901 3398 nec
2947 3347 3187 3401 acriores
3238 3349 3286 3401 ei
3331 3348 3546 3407 dolores

1957 3429 2263 3498 inﬂigimtts,
2288 3447 2445 3499 quam
2486 3447 2608 3485 cum
2640 3433 2821 3502 plagas
2865 3441 3203 3502 peccatorum
3234 3446 3542 3496 nostrorum

1954 3520 2257 3576 Conmendo
2283 3530 2337 3575 et
2370 3523 2678 3591 paenitendo
2708 3539 2981 3579 sanamus.

2022 3613 2248 3669 CAPUT
2288 3613 2375 3668 1V.
2414 3644 2488 3655 —-—
2525 3616 2575 3669 7.
2620 3615 2792 3670 Tertia
2856 3619 3148 3687 poenitentia
3194 3623 3410 3677 severior
3452 3642 3544 3694 pro

1954 3708 2167 3777 peccatis
2188 3708 2762 3782 mortiferis.Lacrymtc
2793 3714 3000 3783 sanguis
3035 3717 3334 3785 paenitentis.
3366 3718 3543 3774 Tertia

1956 3803 2096 3855 actio
2116 3808 2198 3855 est
2228 3802 2575 3871 pmnitentiaz,
2602 3820 2720 3874 qum
2747 3820 2845 3874 pro
2882 3807 2984 3861 illis
3010 3811 3243 3877 peccatis
3265 3810 3541 3866 subeunda

1950 3901 2052 3945 est.
2100 3892 2229 3959 Qua:
2279 3893 2434 3964 chis
2487 3895 2771 3966 dccalogus
2816 3899 3089 3964 continuet;
3142 3910 3195 3956 et
3237 3900 3305 3955 de
3351 3902 3549 3971 quibus

1951 3982 2238 4051 Apostolus
2287 3984 2380 4048 ait,
2414 3983 2664 4048 Quoniam
2703 3987 2790 4055 qui
2831 3988 2958 4039 talia
2988 3999 3161 4058 agunt,
3191 4007 3399 4061 regnum
3448 3992 3549 4047 Dei

1949 4089 2049 4126 non
2096 4091 2187 4143 pos
2215 4074 2420 4127 idebunt
2451 4074 2649 4145 (Galat.
2680 4093 2735 4143 v,
2767 4076 2880 4148 21).
2933 4080 2988 4133 1η
3037 4079 3135 4133 hac
3183 4097 3312 4151 ergo
3361 4085 3541 4152 pn'ni-

1953 4167 2143 4234 tentia,
2197 4166 2454 4236 majorem
2509 4168 2735 4238 quisque
2782 4170 2834 4224 in
2877 4185 2937 4226 se
2986 4173 3327 4227 severitatem
3379 4175 3543 4230 debet

1947 4272 2225 4321 exercere;
2270 4268 2327 4312 ut
2371 4273 2401 4311 a
2446 4274 2505 4314 se
2548 4261 2664 4330 ipso
2712 4261 3000 4329 judicatus,
3048 4279 3153 4317 non
3192 4265 3459 4334 judicetur
3506 4284 3542 4323 τι

1949 4347 2193 4414 Domino,
2223 4348 2360 4402 sicut
2388 4348 2526 4403 idem
2559 4351 2832 4419 apostolus
2860 4353 2937 4406 ait
2967 4370 2981 4406 :
3017 4352 3079 4407 Si
3105 4354 3236 4408 enim
3279 4372 3369 4409 nos
3386 4359 3538 4428 judi-

1947 4457 2194 4504 caremus,
2227 4457 2259 4493 a
2290 4440 2507 4495 Domino
2534 4459 2633 4496 non
2670 4444 3025 4512 judicaremur
3069 4444 3112 4515 (l
3144 4445 3264 4500 Cor.
3312 4464 3387 4510 XI,
3420 4450 3539 4518 3|).

1946 4530 2216 4585 Asccudut
2250 4531 2427 4601 itaque
2468 4532 2631 4587 homo
2656 4533 2939 4589 adversum
2983 4550 3041 4589 se
3074 4536 3300 4592 tribunal
3344 4542 3540 4595 mentis

1946 4639 2090 4689 suae;
2123 4627 2164 4679 si
2212 4625 2392 4680 timet‘
2440 4626 2568 4680 illttd
2605 4627 2747 4697 quod
2793 4637 2987 4699 Oportet
3017 4646 3108 4684 nos
3154 4630 3379 4686 exhiberi
3419 4644 3540 4688 ante

1947 4715 2169 4769 tribunal
2193 4714 2395 4779 Christi,
2426 4726 2480 4770 ut
2518 4717 2626 4771 illic
2650 4719 2862 4788 recipiat
2902 4721 3246 4791 unusquisque
3269 4724 3405 4793 quod
3448 4742 3539 4795 per

1944 4822 2127 4876 corpus
2158 4808 2328 4876 gessit,
2357 4807 2459 4861 sive
2496 4810 2699 4871 bonum,
2730 4809 2832 4862 sive
2858 4811 3046 4863 malum
3077 4811 3155 4883 (11
3179 4810 3298 4868 Cor.
3333 4828 3390 4881 ν,
3422 4814 3534 4888 10).

1945 4894 2242 4950 Constituet
2264 4912 2323 4951 se
2350 4905 2473 4951 ante
2502 4897 2688 4952 faciem
2715 4914 2887 4966 suam,
2916 4915 2984 4955 ne
3010 4900 3110 4956 hoc
3134 4903 3182 4957 ei
3211 4914 3392 4973 postea
3421 4904 3533 4963 fiat.

1945 4986 2075 5042 Nam
2124 4988 2355 5042 minatur
2395 4988 2497 5042 hoc
2546 4989 2686 5043 Deus
2728 4991 3015 5059 peccatori,
3045 4992 3271 5047 dicens:
3310 4994 3539 5064 Arguam

1944 5088 2009 5144 te,
2041 5089 2089 5132 et
2135 5089 2353 5132 statuam
2400 5090 2446 5133 te
2484 5090 2601 5134 ante
2629 5082 2810 5152 faciem
2856 5092 2992 5135 tuam
3026 5082 3199 5152 (Psal.
3232 5100 3383 5147 xux,
3416 5086 3533 5155 2!).

1946 5173 2117 5240 Atque
2163 5172 2233 5226 ita
2264 5173 2556 5227 constituto
2602 5174 2653 5227 in
2685 5174 2847 5228 corde
2885 5176 3107 5242 judicio,
3147 5176 3285 5229 adsit
3313 5191 3534 5232 accusa-

1944 5266 2045 5319 trix
2078 5265 2346 5335 cogitatio,
2376 5267 2525 5321 testis
2554 5268 2900 5329 conscientia,
2928 5268 3166 5323 carnifex
3200 5269 3378 5323 timor.
3405 5270 3533 5327 lado

1942 5358 2157 5428 quidam
2188 5358 2403 5428 sanguis
2433 5359 2593 5412 animi
2635 5360 2937 5414 conﬁtentis
2982 5375 3077 5429 per
3108 5362 3368 5431 lacrymas
3412 5378 3536 5432 pro-

1944 5453 2092 5506 fluat.
2125 5452 2402 5507 Postremo
2435 5452 2502 5507 ab
2530 5452 2642 5521 ipsa
2675 5462 2851 5507 mente
2895 5453 3013 5508 talis
3050 5455 3310 5509 sententia
3354 5454 3531 5525 profc-

1943 5553 2110 5607 ratur,
2145 5553 2200 5598 ut
2249 5558 2308 5598 se
2355 5542 2626 5613 indignum
2668 5542 2831 5599 homo
2874 5544 3077 5611 judicct
3128 5545 3532 5616 participatione

1942 5635 2181 5703 corporis
2201 5642 2255 5689 et
2280 5634 2552 5704 sanguinis
2580 5634 2786 5688 Domini
2817 5652 2828 5688 :
2853 5644 2907 5688 ut
2931 5635 3024 5704 qui
3048 5637 3281 5704 separari
3309 5653 3336 5690 a
3370 5652 3535 5706 regno

1942 5726 2203 5782 cwlorum
2254 5726 2406 5781 timet
2450 5741 2545 5796 per
2575 5724 2813 5780 ultimam
2856 5727 3177 5793 sententiam
3208 5730 3407 5785 Summi
3445 5730 3530 5803 ju-

2011 5866 2025 5897 ι
2053 5870 2184 5916 ιον..
2208 5859 2462 5914 existima.
2493 5862 2658 5926 Aptius
2677 5862 2845 5913 caeteri
2867 5858 2996 5923 libri,
3020 5862 3063 5915 si
3080 5868 3239 5914 umet.
