3996 6192
398 332 534 386 1543

391 450 544 511 dicis,
592 463 684 517 per
728 445 1140 502 CCCitSlﬂallCﬂlll
1179 437 1509 506 disciplinam
1557 448 1586 488 a
1623 435 1967 490 Sacramento

391 540 624 593 emlestis
656 537 804 606 panis
832 535 1041 589 interim
1082 538 1381 599 separetur.
1407 526 1660 580 Versetur
1688 533 1812 578 ante
1839 538 1968 577 ocu-

393 633 472 685 los
504 632 675 699 imago
713 629 872 682 futuri
907 625 1090 694 judirii
1125 642 1139 679 :
1168 630 1226 677 ut
1247 635 1368 675 cum
1396 619 1484 674 alii
1509 618 1769 674 accedunt
1795 617 1862 672 ad
1890 618 1969 670 al-

396 731 511 774 tare
556 720 669 779 Dei,
717 733 822 786 quo
870 718 982 784 ipse
1031 729 1134 768 non
1181 712 1408 778 accedit,
1455 711 1651 781 cogitet
1694 723 1851 778 quam
1898 710 1968 762 sit

401 806 855 863 contremiscenda
907 805 992 858 illa
1033 818 1218 872 paena,
1261 816 1362 871 qua
1401 799 1810 872 percipientibus
1850 799 1968 853 aliis

394 901 554 952 vitam
586 907 862 956 aeternam.
895 894 984 947 alii
1031 895 1081 947 in
1122 901 1344 947 mortem
1388 892 1787 961 praecipitantur
1813 899 1967 944 teter-

394 1004 536 1041 nam.
571 987 647 1040 Ad
676 987 778 1040 hoc
803 988 943 1040 enim
969 985 1156 1047 altare,
1185 983 1326 1054 quod
1359 999 1497 1038 nunc
1526 984 1577 1038 in
1609 982 1845 1037 Ecclesia
1884 989 1966 1037 est

394 1081 445 1131 iu
498 1086 637 1132 terra
695 1078 954 1145 positum,
1011 1075 1235 1130 terrenis
1281 1074 1454 1128 oculis
1508 1075 1835 1142 expositum,
1896 1073 1963 1126 ad

393 1170 766 1242 mysteriorum
796 1168 1095 1221 divinorum
1135 1166 1402 1235 signacula
1441 1164 1774 1230 celebranda,
1813 1162 1963 1242 multi

393 1260 550 1313 etiam
601 1258 844 1312 scelerati
900 1266 1122 1326 possunt
1167 1253 1420 1310 accedere
1461 1271 1476 1308 :
1521 1253 1770 1323 quoniam
1825 1253 1963 1307 Deus

392 1347 731 1403 commendat
761 1346 812 1399 iu
853 1345 953 1400 hoc
983 1353 1219 1412 tempore
1261 1343 1566 1413 patientiam
1607 1357 1779 1405 suam,
1815 1350 1870 1395 ut
1908 1341 1960 1394 in

390 1438 567 1493 futuro
618 1445 828 1493 exserat
874 1436 1208 1490 severitatem
1267 1449 1438 1488 suam.
1497 1433 1769 1488 Accedunt
1816 1433 1958 1487 enim

389 1529 695 1598 ignorantes
743 1527 992 1596 quoniam
1051 1525 1300 1594 patientia
1345 1524 1438 1578 Dei
1483 1523 1547 1577 ad
1597 1522 1957 1593 paenitentiam

389 1633 486 1674 eos
533 1618 768 1672 adducit.
816 1617 892 1671 illi
937 1625 1112 1670 autent
1162 1614 1450 1670 secundum
1501 1614 1746 1668 duritiam
1785 1614 1964 1668 cordis

387 1709 470 1763 sui
499 1717 550 1762 ct
578 1723 672 1762 cor
701 1707 1060 1774 impmnitens,
1089 1704 1450 1758 tltesaurizant
1487 1704 1588 1758 sibi
1621 1704 1750 1760 iram
1799 1699 1850 1753 in
1873 1697 1962 1754 die

390 1799 484 1854 ira:
509 1806 562 1853 et
598 1796 938 1852 revelationis
971 1795 1098 1865 justi
1137 1794 1319 1864 judicii
1350 1795 1466 1860 Dei,
1495 1794 1585 1862 qui
1615 1791 1798 1848 reddet
1841 1792 1959 1846 uni-

385 1890 576 1959 cuique
604 1887 896 1943 secundum
937 1903 1094 1957 opera
1125 1903 1218 1941 sua
1250 1887 1423 1955 (Rom.
1460 1901 1519 1952 It,
1547 1885 1686 1954 4-6).
1719 1885 1798 1940 Ad
1829 1884 1956 1939 illud

385 1990 560 2033 autem
585 1979 776 2039 altare,
802 1984 906 2046 quo
935 1991 1232 2045 praeeursor
1258 1991 1352 2044 pro
1375 1975 1527 2029 nobis
1554 1973 1754 2028 introiit
1777 1974 1951 2039 Jesus,

384 2084 490 2138 quo
515 2075 674 2137 caput
717 2067 968 2120 Ecclesia:
1015 2065 1305 2135 praecessit,
1343 2063 1598 2119 membris
1636 2063 1840 2118 cmteris
1868 2078 1955 2116 se-

383 2157 604 2221 cuturis,
639 2155 814 2210 nullus
839 2171 1025 2210 eorum
1053 2154 1309 2208 accedere
1339 2157 1550 2222 poterit,
1573 2152 1640 2206 de
1666 2153 1874 2222 quibus,
1899 2162 1955 2206 ut

379 2246 488 2316 jam
518 2245 949 2305 commemoravi,
994 2243 1125 2298 dixit
1153 2243 1460 2312 Apostolus,
1495 2243 1742 2308 Quoniam
1764 2243 1849 2312 qui
1877 2253 1956 2296 ta-

385 2337 455 2389 lia
483 2345 661 2406 agunt,
690 2350 898 2404 regnum
939 2332 1035 2386 Dei
1077 2349 1176 2385 non
1217 2331 1558 2402 possidebunt.
1606 2331 1761 2386 Solus
1809 2333 1954 2386 enim

384 2427 653 2489 sacerdos,
685 2425 777 2480 sed
829 2426 985 2493 plane
1030 2422 1101 2476 ibi
1146 2431 1285 2476 totus
1312 2422 1543 2485 assistet,
1572 2421 1820 2490 adjuncto
1842 2423 1953 2476 sci-

387 2517 511 2571 licet
561 2530 784 2584 corporc
827 2514 916 2583 qui
959 2524 1117 2580 caput
1145 2518 1247 2576 est,
1274 2508 1413 2579 quod
1461 2509 1570 2577 jam
1619 2509 1854 2563 achntlit
1899 2511 1953 2563 in

383 2609 599 2661 cmlum.
651 2607 766 2675 Ipse
796 2613 877 2659 est
913 2603 997 2657 cui
1047 2601 1181 2656 dixit
1220 2598 1492 2670 apostolus
1546 2599 1755 2660 Petrus,
1804 2599 1956 2655 Plebs

382 2705 576 2761 sancta,
609 2694 776 2763 regale
817 2692 1149 2746 sacerdotium
1195 2687 1249 2763 (Ι
1290 2689 1434 2744 Petr.
1469 2705 1526 2753 tt,
1567 2688 1646 2756 9).
1677 2689 1955 2756 Quomodo

385 2803 513 2857 ergo
567 2787 617 2840 iu
670 2784 919 2837 interiora
959 2781 1083 2845 veli,
1120 2790 1174 2834 et
1211 2779 1265 2833 in
1314 2779 1401 2833 illa
1443 2777 1723 2832 invisibilia
1759 2778 1953 2832 Sancta

385 2887 686 2932 sanctorum
729 2874 929 2927 intrare
969 2870 1185 2925 audebit
1223 2876 1316 2924 aut
1355 2868 1571 2938 poterit,
1599 2867 1688 2937 qui
1731 2867 1954 2922 medici-

386 2981 507 3020 nam
529 2963 764 3018 cmlestis
783 2960 1076 3030 disciplina:
1105 2967 1474 3021 contemnens,
1496 2957 1662 3010 uoluit
1693 2955 1958 3026 paulisper

321 3053 327 3058 ’
385 3074 416 3113 a
449 3055 742 3111 visibilibus
768 3051 1045 3123 separari?
1082 3051 1180 3119 Qui
1207 3051 1348 3105 enim
1377 3049 1546 3104 noluit
1569 3049 1866 3114 humiliari,
1897 3055 1955 3102 ιιι

384 3147 746 3209 exaltaretur;
776 3161 896 3200 cum
928 3143 1149 3198 exaltari
1177 3142 1423 3206 voluerit,
1451 3142 1764 3211 dejicietur;
1817 3151 1871 3196 et
1900 3142 1952 3197 in

387 3245 643 3291 mternum
671 3235 977 3304 sejungetur
1005 3234 1073 3288 ab
1098 3233 1312 3288 internis
1341 3233 1560 3297 sanctis,
1590 3233 1829 3303 quisquis
1851 3233 1955 3288 hoc

389 3338 626 3398 tempore
654 3342 748 3397 per
774 3326 961 3380 merita
986 3324 1305 3379 obedientiac
1334 3332 1388 3378 et
1410 3338 1506 3392 per
1540 3323 1952 3378 satisfactionem

387 3419 711 3490 poenitentiae
742 3432 845 3471 nou
883 3416 986 3470 sibi
1026 3414 1255 3484 providit
1295 3413 1472 3469 locum
1513 3414 1564 3468 in
1604 3428 1829 3483 corpore
1865 3429 1955 3468 sa-

388 3512 639 3568 cerdotis.
703 3509 815 3574 Qua
857 3508 1001 3562 enim
1048 3505 1220 3560 fronte
1266 3505 1603 3574 impudentia:
1647 3515 1774 3560 tunc
1815 3506 1956 3562 volet

387 3600 553 3656 averti
585 3599 770 3653 faciem
799 3598 888 3652 Dei
919 3613 948 3650 a
975 3596 1206 3666 peccatis
1235 3595 1366 3661 suis,
1389 3596 1478 3665 qui
1504 3610 1642 3649 nunc
1664 3603 1773 3649 toto
1793 3596 1954 3651 corde

388 3704 492 3745 non
535 3688 681 3752 dicit,
735 3687 988 3754 Quoniam
1047 3685 1244 3755 facinus
1289 3701 1454 3738 meum
1500 3701 1589 3755 ego
1626 3701 1863 3755 agnosco,
1908 3695 1957 3738 et

386 3789 644 3848 peccatum
673 3793 834 3830 meum
865 3785 981 3830 ante
1008 3792 1086 3829 me
1123 3784 1194 3829 est
1223 3791 1414 3843 semper
1443 3772 1624 3846 (Psal.
1646 3791 1696 3837 ι,
1723 3775 1814 3842 5)?
1838 3775 1953 3842 Quo

389 3878 561 3939 pacto,
590 3883 792 3938 qumso,
837 3866 974 3920 Deus
1012 3866 1257 3936 dignatur
1299 3866 1594 3936 ignoscere,
1623 3865 1764 3936 quod
1803 3866 1854 3919 in
1896 3880 1955 3920 se

387 3962 500 4032 ipse
525 3959 684 4015 homo
707 3958 1021 4028 dedignatur
1041 3957 1371 4028 agnoscere?

459 4075 512 4128 8.
553 4071 620 4125 In
648 4087 728 4124 eos
753 4070 836 4139 qui
875 4068 972 4124 s'ibi
1011 4070 1224 4123 salutem
1264 4052 1445 4140 prieter
1469 4085 1678 4140 regnum
1717 4071 1956 4125 caelorum

392 4163 708 4234 pollicentur.
752 4158 1012 4213 Sententia
1059 4160 1236 4212 ultima
1279 4160 1478 4213 mittens
1511 4168 1598 4213 aut
1627 4162 1680 4214 in
1721 4177 1952 4231 regnum,

392 4260 481 4304 aut
510 4250 561 4302 in
590 4249 774 4319 ignem.
804 4248 909 4300 Aut
951 4247 1078 4301 illud
1119 4247 1272 4316 quale
1305 4257 1414 4312 .est,
1455 4249 1507 4302 in
1535 4264 1640 4315 quo
1677 4250 1776 4304 sibi
1807 4251 1957 4304 blan-

387 4343 621 4406 diuntur,
649 4341 735 4410 qui
761 4354 854 4394 sua
881 4353 940 4393 se
969 4340 1198 4394 vanitate
1223 4339 1518 4394 seducunt?
1545 4341 1954 4399 Perseverantes

385 4433 528 4488 enim
579 4431 632 4486 iu
682 4430 895 4484 malitiis
935 4437 1092 4499 atque
1139 4430 1358 4484 luxuriis
1398 4431 1525 4493 suis,
1572 4446 1692 4486 cum
1736 4434 1956 4488 audiunt

387 4521 699 4591 Apostolum
759 4520 1061 4583 dicentem,
1128 4518 1379 4584 Quoniam
1434 4522 1518 4590 qui
1574 4523 1696 4576 talia
1759 4534 1949 4594 agunt,

385 4629 595 4684 regnum
620 4610 718 4666 Dei
759 4628 858 4665 non
888 4611 1204 4682 possidebunt
1233 4627 1252 4665 :
1286 4612 1482 4668 audent
1507 4613 1603 4668 sibi
1639 4625 1830 4684 prmter
1859 4616 1954 4670 Dei

385 4688 602 4772 regnum
643 4702 888 4764 salutem,
930 4718 1086 4770 quam
1131 4701 1448 4769 desiderant,
1495 4704 1762 4773 polliceri;
1796 4714 1954 4776 atque

384 4790 455 4845 ita
503 4791 640 4844 inter
680 4804 738 4842 se
768 4790 1070 4857 loquuntur,
1113 4789 1237 4844 dum
1281 4801 1526 4846 recusant
1572 4808 1728 4863 agerc
1779 4795 1951 4862 putui-

383 4881 600 4936 teutiam
647 4895 743 4949 pro
795 4880 1026 4948 peccatis
1065 4880 1197 4945 suis,
1241 4890 1295 4935 ct
1349 4881 1582 4951 perditos
1634 4899 1811 4939 mores
1851 4887 1953 4938 ali-

381 4972 592 5044 quando
616 4974 664 5026 iu
697 4972 884 5027 melius
912 4979 1239 5026 commutare
1266 4990 1279 5026 :
1313 4973 1553 5042 Regnare
1586 4975 1730 5036 nolo,
1759 4975 1953 5029 sufficit

382 5064 511 5119 mihi
539 5065 744 5118 salvum
772 5079 857 5118 me
881 5078 1021 5117 esse.
1055 5061 1110 5115 In
1134 5077 1240 5132 quo
1268 5063 1489 5132 primum
1517 5079 1610 5119 eos
1649 5065 1800 5132 fallit,
1829 5067 1951 5136 quia

382 5172 563 5211 eorum
601 5171 700 5212 nec
728 5156 871 5210 salus
899 5155 1002 5210 ulla
1031 5165 1146 5215 est;
1173 5171 1395 5226 quorum
1422 5157 1671 5227 iniquitas
1701 5174 1950 5228 perseve-

381 5260 484 5303 rat.
517 5248 666 5317 Quod
703 5249 845 5303 enim
879 5249 953 5302 ait
977 5249 1252 5314 Dominus,
1279 5248 1530 5314 Quoniam
1554 5251 1821 5306 abundavit
1850 5253 1952 5306 ini-

380 5343 562 5412 quitus,
589 5341 872 5412 refrigescet
897 5332 1115 5394 charitas
1141 5340 1451 5405 multorum;
1495 5343 1580 5412 qui
1624 5352 1791 5396 autem
1837 5361 1953 5414 pcr-

387 5432 676 5485 scueraverit
696 5446 849 5501 usque
873 5431 924 5484 in
953 5430 1127 5500 ﬁnem,
1157 5430 1238 5485 hic
1262 5431 1430 5487 saluus
1455 5433 1547 5487 erit
1575 5433 1784 5503 (Matth.
1807 5449 1950 5498 xstv,

379 5521 475 5583 η,
522 5522 660 5591 15);
711 5523 932 5577 salutem
976 5521 1156 5592 utique
1209 5523 1452 5592 promisit
1497 5526 1953 5594 perseverantibus

382 5611 436 5666 in
474 5611 752 5678 charitatc,
783 5628 887 5668 non
937 5612 990 5668 in
1020 5613 1317 5683 iniquitate.
1367 5613 1467 5670 Ubi
1518 5624 1692 5670 autem
1721 5614 1956 5674 charitas

382 5708 497 5770 est,
543 5716 702 5772 opera
751 5703 836 5756 illa
884 5703 1017 5757 mala
1062 5718 1091 5758 a
1145 5719 1308 5775 regno
1349 5705 1438 5758 Dei
1494 5710 1789 5779 separantia
1836 5727 1954 5766 esse

1609 318 1666 370 S.
1707 311 2072 372 AUGUSTlNl
2113 314 2414 374 EPISCOPI

3515 333 3648 392 1554

2079 445 2180 485 non
2228 444 2467 500 possunt.
2514 435 2688 492 Omnis
2734 441 2862 493 enim
2911 443 2991 496 lc:
3033 443 3082 496 in
3132 459 3232 497 uno
3275 461 3502 500 sermone
3548 451 3648 501 im-

2073 523 2207 588 pleta
2235 534 2325 589 est,
2355 527 2407 578 in
2435 543 2494 579 eo
2533 529 2665 597 quod
2701 531 2941 597 scriptum
2988 543 3078 598 est,
3126 533 3316 604 Diliges
3357 540 3639 607 proximum

2071 618 2212 664 tuum
2248 622 2486 682 tanquam
2507 625 2554 668 te
2581 617 2746 685 ipsum
2785 617 2978 692 (Galat.
3000 637 3052 686 v,
3084 623 3191 693 Μ).
3234 625 3431 680 Deinde
3469 628 3512 681 si
3555 639 3636 682 est

2072 702 2246 770 aliqua
2294 705 2590 760 din‘erentia
2623 708 2760 763 inter
2800 723 3080 779 regnantes
3119 723 3171 767 et
3197 729 3300 768 non
3329 727 3638 786 regnantes;

2070 804 2280 862 oportet.
2323 806 2496 850 tamen
2528 809 2584 852 ut
2627 799 2680 852 in
2727 816 2831 854 uno
2880 817 3044 871 regno
3089 804 3195 857 sint
3240 820 3446 872 omnes,
3479 822 3544 862 ne
3589 809 3640 863 in

2073 884 2300 940 hostium
2339 897 2431 942 aut
2472 889 2762 944 alienorum
2800 908 3023 947 numero
3061 894 3396 963 deputentur.
3443 899 3641 954 Omnes

2065 979 2211 1056 [enim
2243 980 2463 1033 Romani
2507 982 2797 1037 Romanum
2829 999 3048 1053 regnum
3087 987 3400 1056 possident;
3449 1006 3636 1059 quam-

2071 1073 2150 1124 vis
2180 1088 2282 1126 non
2306 1087 2491 1126 omnes
2517 1074 2565 1127 in
2591 1090 2656 1128 eo
2697 1086 2914 1146 regnent
2939 1116 2955 1142 ,
2985 1077 3077 1131 sed
3123 1080 3328 1135 ueteris
3363 1086 3634 1151 regnanti-

2069 1161 2168 1216 bus
2215 1173 2454 1231 pareaut.
2501 1164 2614 1218 Non
2660 1175 2836 1220 autem
2884 1167 2958 1220 ait
3002 1168 3325 1236 Apostolus,
3369 1171 3468 1234 Qui
3513 1175 3637 1227 talia

2067 1265 2257 1324 agunt,
2287 1272 2390 1308 non
2421 1257 2714 1326 regnabunt
2751 1272 2871 1312 cum
2900 1258 3044 1323 Deo;
3071 1259 3163 1313 sed
3185 1277 3392 1330 regnum
3418 1262 3509 1316 Dei
3537 1282 3633 1317 non

2067 1347 2406 1416 possidebunt.
2434 1349 2583 1416 Quod
2611 1352 2769 1404 etiam
2801 1351 2867 1406 de
2887 1367 3044 1406 carne
3073 1362 3126 1407 et
3154 1357 3411 1423 sanguine
3436 1355 3631 1410 dictum

2065 1447 2144 1490 est
2163 1477 2177 1499 ,
2207 1437 2334 1492 (Iuro
2360 1448 2402 1492 et
2428 1440 2631 1509 sanguis
2657 1457 2867 1511 regnum
2897 1441 2990 1494 Dei
3013 1458 3111 1496 non
3136 1444 3458 1510 possidebunt
3477 1448 3632 1514 :quia

2063 1527 2386 1596 corruptibile
2405 1529 2497 1581 hoc
2534 1529 2704 1583 induet
2733 1531 3149 1599 incorruptionem
3171 1573 3186 1594 ,
3223 1543 3269 1585 et
3307 1535 3517 1587 mortale
3543 1535 3636 1588 hoc

2062 1617 2234 1672 induet
2259 1619 2679 1674 immortalitatem
2710 1619 2904 1691 (lCor.
2929 1638 3014 1686 xv,
3039 1623 3126 1685 50,
3157 1622 3247 1695 53)
3273 1640 3288 1688 ;
3320 1633 3375 1677 ut
3394 1624 3502 1693 jam
3527 1641 3632 1680 non

2061 1725 2184 1765 caro
2212 1720 2267 1765 et
2311 1713 2556 1780 sanguis,
2589 1713 2681 1767 sed
2711 1729 2774 1768 ex
2823 1713 3037 1768 animali
3078 1729 3302 1784 corpore
3343 1716 3632 1784 spiritualis

2061 1804 2301 1872 corporis
2326 1803 2561 1858 habitum
2593 1816 2941 1875 naturamque
2987 1816 3270 1861 mereatur.
3301 1806 3396 1862 Vel
3423 1808 3510 1861 illa
3539 1823 3632 1863 eos

2061 1899 2258 1946 terreat
2279 1892 2454 1946 ultima
2477 1895 2738 1948 sententia
2762 1894 2955 1964 judicis
2992 1895 3180 1960 nostri,
3211 1911 3366 1963 quam
3395 1907 3632 1966 propter-

2059 1995 2120 2032 ea
2149 1995 2291 2035 nunc
2310 1983 2501 2046 aperiri
2532 1983 2731 2049 voluit,
2766 1993 2823 2038 ut
2840 1984 2906 2038 ab
2932 1986 3047 2052 ejus
3070 1984 3313 2040 ﬁdelibus
3334 2001 3632 2055 prtecavea-

2061 2081 2147 2124 tur
2171 2089 2184 2133 ;
2217 2072 2348 2126 dans
2377 2074 2706 2128 metuentibus
2741 2091 2794 2128 se
2827 2076 3262 2145 signiﬁcationem,
3291 2087 3346 2130 ut
3373 2077 3570 2147 fugiant
3598 2094 3630 2129 α

2061 2163 2190 2232 {acie
2209 2180 2356 2217 arcus
2387 2163 2557 2237 (Psal.
2589 2182 2672 2221 ιιι
2693 2209 2708 2233 ,
2738 2167 2814 2235 6).
2837 2166 3086 2237 Exceptis
3109 2168 3252 2222 enim
3282 2169 3359 2223 eis
3391 2169 3478 2238 qui
3507 2184 3626 2223 cum

2057 2253 2151 2308 illo
2192 2255 2349 2308 etiam
2395 2255 2731 2323 judicabunt,
2777 2259 2968 2327 quibus
3009 2267 3060 2311 et
3092 2260 3366 2327 promisit,
3396 2260 3578 2315 dicens
3611 2278 3624 2314 :

2058 2344 2309 2400 Sedebitis
2337 2363 2487 2416 super
2515 2346 2781 2400 duodecim
2808 2348 3032 2412 thronos,
3055 2349 3342 2417 judicantes
3368 2350 3628 2404 duodecim

2058 2435 2217 2490 tribus
2248 2434 2412 2489 Israel
2453 2435 2663 2504 (Matth.
2692 2453 2804 2502 χιι,
2832 2436 2944 2506 28).
2977 2437 3032 2490 lu
3072 2454 3177 2506 quo
3223 2455 3444 2494 numero
3483 2439 3627 2506 judi-

2056 2527 2286 2578 cantium
2337 2539 2523 2578 omnes
2570 2525 2962 2593 intelliguntur,
3013 2526 3103 2594 qui
3148 2535 3361 2594 propter
3389 2527 3628 2596 Evange-

2057 2612 2185 2667 lium
2210 2614 2384 2667 omnia
2413 2627 2506 2666 sua
2536 2613 2871 2679 dimiserunt,
2901 2623 2954 2668 et
2981 2614 3147 2668 secuti
3173 2623 3294 2668 sunt
3326 2617 3621 2670 Dominum.

2057 2704 2420 2760 Duodenarius
2446 2705 2638 2774 quippe
2660 2719 2911 2759 numerus
2933 2704 3001 2758 ad
3029 2705 3309 2775 quamdam
3362 2707 3624 2761 universi-

2060 2805 2219 2852 tatem
2247 2796 2491 2851 refertur.
2522 2795 2636 2850 Non
2663 2796 2802 2851 enim
2829 2796 3025 2871 Paulus
3072 2797 3344 2866 apostolus
3395 2797 3468 2851 ibi
3521 2813 3624 2852 non

2057 2888 2336 2958 erit,quia
2381 2890 2517 2943 inter
2567 2889 2684 2944 illos
2728 2887 3006 2942 duodecim
3050 2903 3154 2942 non
3207 2887 3321 2943 fuit.
3375 2887 3627 2958 Exceptis

2057 2993 2184 3049 ergo
2205 2979 2334 3044 illis,
2367 2993 2500 3048 quos
2527 2979 2683 3034 etiam
2715 2981 2927 3034 nomine
2954 2980 3270 3050 Angelorum
3289 2981 3621 3051 signiﬁcavit,

2058 3069 2269 3140 quando
2297 3069 2370 3123 ait
2389 3111 2404 3136 ,
2437 3070 2562 3124 Cum
2586 3071 2774 3124 venerit
2838 3069 3008 3125 Filius
3034 3071 3246 3126 hominis
3259 3073 3493 3142 judicare
3513 3090 3624 3125 eum

2058 3161 2261 3231 Angelis
2282 3162 2406 3215 suis.
2438 3161 2619 3231 Angeli
2646 3162 2785 3216 enim
2817 3162 2996 3233 utique
3024 3163 3192 3216 nuntii
3230 3173 3370 3216 sunt.
3408 3162 3628 3217 Nuntios

2062 3260 2237 3304 autem
2265 3252 2562 3306 rectissime
2587 3252 2875 3320 accipimus
2901 3266 3089 3307 omnes
3133 3253 3223 3322 qui
3251 3252 3474 3308 salutem
3520 3268 3624 3307 em-

2060 3343 2247 3396 lestem
2274 3343 2576 3400 hominibus
2605 3345 2868 3398 nuntiant.
2895 3343 3049 3398 Unde
3091 3345 3248 3400 etiam
3285 3346 3628 3413 Evangelistm

2061 3430 2182 3484 boni
2215 3432 2382 3487 nuntii
2415 3442 2633 3502 possunt
2673 3433 3008 3500 interpretari
3032 3452 3043 3487 :
3067 3441 3120 3488 et
3142 3433 3206 3488 de
3225 3427 3429 3488 Joanne
3452 3433 3630 3502 Βςιῃιίι

2060 3534 2140 3578 sta
2187 3524 2384 3578 dictum
2435 3534 2535 3584 est,
2559 3524 2684 3579 Ecce
2711 3527 2851 3579 mitto
2871 3524 3101 3595 angelum
3129 3541 3291 3578 meum
3311 3535 3427 3577 ante
3450 3527 3627 3595 facient

2061 3624 2196 3668 tuum
2227 3615 2474 3685 (Μαιαειι.
2506 3633 2557 3671 ιιι
2578 3659 2595 3683 ,
2628 3616 2702 3688 l).
2733 3617 2827 3672 llis
2847 3632 2971 3686 ergo
2991 3659 3006 3682 ,
3037 3627 3093 3670 ut
3116 3616 3296 3672 dicere
3325 3631 3586 3684 cmperam
3611 3657 3625 3679 ,

2060 3703 2294 3772 exceptis
2313 3741 2328 3766 ,
2355 3714 2543 3758 cetera
2571 3706 2806 3758 omnium
2837 3707 3105 3760 hominum
3137 3706 3413 3760 multitudo
3433 3746 3448 3770 ,
3493 3706 3624 3760 sicut

2060 3792 2113 3846 in
2143 3793 2308 3860 ipsius
2337 3791 2512 3846 verbis
2535 3793 2741 3845 Domini
2763 3793 3101 3847 manifestum
3128 3805 3243 3859 est,
3276 3797 3326 3848 in
3353 3793 3482 3848 duas
3505 3812 3601 3867 ριν

2061 3890 2141 3937 tes
2159 3881 2438 3938 dividetur.
2467 3881 2740 3937 Positurus
2777 3889 2858 3936 est
2905 3883 3044 3936 enim
3070 3897 3196 3936 oves
3216 3883 3280 3936 ad
3308 3884 3577 3938 dexteram

2060 3974 2242 4030 haedos
2278 3975 2344 4030 ad
2364 3975 2629 4029 sinistram
2655 3992 2668 4027 :
2695 3981 2750 4028 et
2776 3971 2979 4028 dicetur
3005 3973 3191 4026 ovibus
3212 4015 3226 4038 ,
3263 3970 3314 4027 id
3334 3985 3415 4027 est
3431 3973 3586 4043 justis

2069 4067 2242 4122 Venite
2264 4109 2276 4131 ,
2309 4068 2550 4122 benedicti
2597 4065 2768 4120 Patris
2793 4066 2887 4118 mei
2911 4106 2924 4129 ,
2958 4061 3196 4134 percipite
3243 4081 3450 4135 regnum
3496 4082 3621 4135 quoa

2059 4157 2195 4210 nobis
2226 4168 2458 4226 paratum
2495 4167 2564 4211 cst
2595 4173 2626 4210 a
2651 4156 3000 4210 constitutione
3020 4153 3209 4207 mundi.
3235 4155 3309 4208 De
3333 4155 3432 4210 hoc
3449 4155 3628 4223 utique

2060 4263 2224 4316 regno
2258 4247 2384 4299 dixit
2411 4247 2692 4314 Apostolus
2711 4287 2724 4312 ,
2749 4261 2868 4300 cum
2902 4254 3234 4298 enumeraret
3260 4259 3418 4313 Opera
3449 4246 3582 4298 mala
3609 4285 3624 4308 ,

2065 4337 2311 4400 Quoniam
2339 4337 2420 4406 qui
2451 4336 2576 4388 talia
2603 4345 2780 4405 agunt,
2803 4351 3008 4404 regnum
3027 4333 3121 4386 Dei
3143 4349 3241 4386 non
3288 4333 3623 4401 possidebunt.

2060 4425 2557 4496 Audiquidaudiant
2584 4426 2671 4493 qui
2694 4440 2722 4476 a
2753 4419 2982 4479 sinistris
3005 4431 3194 4477 erunt:
3228 4419 3326 4488 Ite,
3359 4421 3544 4490 inquit,
3576 4425 3623 4476 ir.

2059 4517 2222 4587 ignem
2265 4527 2520 4580 internum,
2541 4516 2625 4584 qui
2659 4525 2973 4586 prwparatus
3016 4524 3088 4568 est
3117 4509 3316 4566 diabolo
3354 4523 3397 4565 et
3441 4514 3625 4584 angelo

2057 4611 2167 4679 ejus
2207 4607 2423 4680 (.ilatth.
2467 4624 2599 4672 xxv,
2645 4608 2805 4661 ’ὧι-41
2904 4606 3264 4675 Quapropter,
3310 4618 3626 4675 praesumere

2056 4701 2173 4768 quis
2203 4698 2393 4753 audeat
2417 4700 2431 4730 ¹
2458 4697 2522 4751 de
2554 4698 2762 4750 nomine
2796 4697 3105 4761 christiano,
3132 4705 3185 4750 et
3211 4688 3312 4747 non
3341 4708 3458 4747 cum
3485 4695 3625 4747 omni

2057 4792 2351 4847 olwdi:~utia
2382 4801 2432 4844 et
2459 4792 2644 4843 tit-tore
2663 4787 2842 4843 audiat
2872 4790 3178 4858 Apes-tolum
3202 4789 3482 4852 dicentem,
3517 4785 3627 4840 Hoc

2057 4885 2186 4936 enim
2211 4884 2400 4946 scitote,
2426 4892 2769 4952 cognoscentes
2786 4881 3020 4950 quoniam
3040 4880 3199 4932 omnis
3225 4879 3516 4948 fornicator,
3541 4889 3628 4932 aut

2057 4974 2361 5035 immundus,
2390 4983 2476 5026 aut
2501 4989 2698 5037 avarus,
2735 4973 2868 5042 quod
2893 4980 2963 5023 est
2988 4971 3233 5024 idolorum
3265 4971 3504 5032 servitus,
3529 4987 3630 5023 non

2059 5065 2200 5117 habet
2221 5064 2557 5117 [nereditatem
2585 5064 2636 5115 in
2659 5080 2806 5133 regno
2825 5061 3009 5116 Christi
3028 5072 3071 5114 et
3101 5060 3232 5113 Dei?
3258 5058 3421 5113 Nemo
3444 5077 3528 5115 vos
3549 5077 3628 5113 sc-

2058 5155 2207 5209 ducat
2233 5155 2462 5208 inanibus
2491 5154 2646 5208 verbis
2676 5169 2694 5206 :
2727 5163 2928 5222 propter
2956 5152 3062 5206 hcec
3098 5153 3230 5206 enim
3265 5155 3392 5205 venit
3421 5167 3497 5207 ira
3539 5151 3630 5204 Dei

2059 5249 2108 5301 in
2131 5248 2262 5316 ﬁlios
2286 5247 2587 5316 diffidentiae.
2633 5244 2803 5300 Nolite
2825 5246 2988 5314 itaque
3013 5244 3136 5315 effici
3162 5245 3427 5315 participes
3460 5259 3631 5298 eorum

2064 5336 2273 5408 (Ephes.
2315 5353 2367 5403 v,
2393 5336 2532 5405 5-7).
2567 5336 2747 5389 Latius
2775 5344 2950 5389 autem
2975 5335 3038 5390 ad
3067 5334 3367 5390 Corinthios
3397 5333 3510 5390 haec
3547 5334 3631 5388 di-

2059 5429 2162 5481 cit:
2200 5425 2370 5480 Nolite
2389 5443 2594 5491 crrare;
2626 5441 2780 5492 neque
2799 5425 3143 5493 fornicatores,
3175 5441 3328 5490 neque
3348 5424 3497 5477 idolis
3521 5441 3630 5479 ser-

2060 5519 2272 5582 cientes,
2312 5532 2466 5584 neque
2497 5516 2747 5582 adulteri,
2785 5532 2941 5585 neque
2969 5514 3162 5579 molles,
3192 5531 3348 5583 neque
3383 5515 3628 5568 ntasculo-

2126 5700 2138 5728 ¹
2167 5703 2291 5744 Mss:
2319 5692 2430 5756 Qui:
2467 5693 2703 5758 gaudeat;
2725 5694 2902 5742 omisso
2921 5691 3089 5749 verbo,
3122 5700 3430 5751 manauere.
