  <div class='ocr_page' id='page_1' title='image "/cluster/home/n/w/nwhite01/storage/ocr_20150623/39/hvd.32044096580618/036.png"; bbox 0 0 3996 6192; ppageno 0'>
   <div class='ocr_carea' id='block_1_1' title="bbox 336 304 484 361">
    <p class='ocr_par' dir='ltr' id='par_1_1' title="bbox 336 304 484 361">
     <span class='ocr_line' id='line_1_1' title="bbox 336 304 484 361; baseline 0 0"><span class='ocrx_word' id='word_1_1' title='bbox 336 304 484 361; x_wconf 64' lang='lat'><strong>{545</strong></span> 
     </span>
    </p>
   </div>
   <div class='ocr_carea' id='block_1_2' title="bbox 338 416 1920 491">
    <p class='ocr_par' dir='ltr' id='par_1_2' title="bbox 338 416 1920 491">
     <span class='ocr_line' id='line_1_2' title="bbox 338 416 1920 491; baseline 0.004 -23"><span class='ocrx_word' id='word_1_2' title='bbox 338 433 460 469; x_wconf 85' lang='lat' dir='ltr'><strong>rum</strong></span> <span class='ocrx_word' id='word_1_3' title='bbox 479 416 859 481; x_wconf 78' lang='lat' dir='ltr'><strong>concubitores,</strong></span> <span class='ocrx_word' id='word_1_4' title='bbox 906 434 1066 490; x_wconf 80' lang='lat' dir='ltr'><strong>neque</strong></span> <span class='ocrx_word' id='word_1_5' title='bbox 1117 419 1281 489; x_wconf 87' lang='lat' dir='ltr'><strong>fures,</strong></span> <span class='ocrx_word' id='word_1_6' title='bbox 1327 436 1489 490; x_wconf 85' lang='lat' dir='ltr'><strong>neque</strong></span> <span class='ocrx_word' id='word_1_7' title='bbox 1518 421 1711 487; x_wconf 85' lang='lat' dir='ltr'><strong>avari,</strong></span> <span class='ocrx_word' id='word_1_8' title='bbox 1758 436 1920 491; x_wconf 86' lang='lat' dir='ltr'><strong>neque</strong></span> 
     </span>
    </p>
   </div>
   <div class='ocr_carea' id='block_1_3' title="bbox 331 508 1917 582">
    <p class='ocr_par' dir='ltr' id='par_1_3' title="bbox 331 508 1917 582">
     <span class='ocr_line' id='line_1_3' title="bbox 331 508 1917 582; baseline 0.002 -22"><span class='ocrx_word' id='word_1_9' title='bbox 331 508 552 572; x_wconf 86' lang='lat' dir='ltr'><strong>ebriosi,</strong></span> <span class='ocrx_word' id='word_1_10' title='bbox 572 525 733 578; x_wconf 86' lang='lat' dir='ltr'><strong>neque</strong></span> <span class='ocrx_word' id='word_1_11' title='bbox 754 509 1190 580; x_wconf 81' lang='lat' dir='ltr'><strong>maledici,neque</strong></span> <span class='ocrx_word' id='word_1_12' title='bbox 1202 527 1439 579; x_wconf 75' lang='lat' dir='ltr'><strong>rapaces,</strong></span> <span class='ocrx_word' id='word_1_13' title='bbox 1457 526 1668 582; x_wconf 80' lang='lat' dir='ltr'><strong>regnum</strong></span> <span class='ocrx_word' id='word_1_14' title='bbox 1682 509 1781 563; x_wconf 90' lang='lat' dir='ltr'><strong>Dei</strong></span> <span class='ocrx_word' id='word_1_15' title='bbox 1796 525 1917 577; x_wconf 87' lang='lat' dir='ltr'><strong>pos-</strong></span> 
     </span>
    </p>
   </div>
   <div class='ocr_carea' id='block_1_4' title="bbox 332 601 1919 674">
    <p class='ocr_par' dir='ltr' id='par_1_4' title="bbox 332 601 1919 674">
     <span class='ocr_line' id='line_1_4' title="bbox 332 601 1919 674; baseline 0.002 -18"><span class='ocrx_word' id='word_1_16' title='bbox 332 601 576 656; x_wconf 81' lang='lat' dir='ltr'><strong>sidebunt</strong></span> <span class='ocrx_word' id='word_1_17' title='bbox 588 601 716 656; x_wconf 80' lang='lat' dir='ltr'><strong>.Sed</strong></span> <span class='ocrx_word' id='word_1_18' title='bbox 733 603 909 657; x_wconf 87' lang='lat' dir='ltr'><strong>videte</strong></span> <span class='ocrx_word' id='word_1_19' title='bbox 922 604 1324 673; x_wconf 85' lang='lat' dir='ltr'><strong>quemadmodu</strong></span> <span class='ocrx_word' id='word_1_20' title='bbox 1333 620 1383 657; x_wconf 90' lang='lat' dir='ltr'><strong>m</strong></span> <span class='ocrx_word' id='word_1_21' title='bbox 1399 605 1649 659; x_wconf 77' lang='lat' dir='ltr'><strong>timorem</strong></span> <span class='ocrx_word' id='word_1_22' title='bbox 1665 613 1720 658; x_wconf 87' lang='lat' dir='ltr'><strong>et</strong></span> <span class='ocrx_word' id='word_1_23' title='bbox 1733 605 1919 674; x_wconf 88' lang='lat' dir='ltr'><strong>despe-</strong></span> 
     </span>
    </p>
   </div>
   <div class='ocr_carea' id='block_1_5' title="bbox 334 692 1918 764">
    <p class='ocr_par' dir='ltr' id='par_1_5' title="bbox 334 692 1918 764">
     <span class='ocr_line' id='line_1_5' title="bbox 334 692 1918 764; baseline 0 -18"><span class='ocrx_word' id='word_1_24' title='bbox 334 693 606 748; x_wconf 84' lang='lat' dir='ltr'><strong>rationem</strong></span> <span class='ocrx_word' id='word_1_25' title='bbox 633 694 829 749; x_wconf 88' lang='lat' dir='ltr'><strong>salutis</strong></span> <span class='ocrx_word' id='word_1_26' title='bbox 854 694 1140 749; x_wconf 75' lang='lat' dir='ltr'><strong>abstulerit</strong></span> <span class='ocrx_word' id='word_1_27' title='bbox 1165 695 1267 759; x_wconf 87' lang='lat' dir='ltr'><strong>eis,</strong></span> <span class='ocrx_word' id='word_1_28' title='bbox 1287 696 1379 764; x_wconf 90' lang='lat' dir='ltr'><strong>qui</strong></span> <span class='ocrx_word' id='word_1_29' title='bbox 1400 696 1513 750; x_wconf 63' lang='lat' dir='ltr'><strong>haec</strong></span> <span class='ocrx_word' id='word_1_30' title='bbox 1540 696 1593 749; x_wconf 90' lang='lat' dir='ltr'><strong>iu</strong></span> <span class='ocrx_word' id='word_1_31' title='bbox 1612 695 1722 749; x_wconf 86' lang='lat' dir='ltr'><strong>vita</strong></span> <span class='ocrx_word' id='word_1_32' title='bbox 1747 692 1918 748; x_wconf 85' lang='lat' dir='ltr'><strong>veteri</strong></span> 
     </span>
    </p>
   </div>
   <div class='ocr_carea' id='block_1_6' title="bbox 329 784 1919 856">
    <p class='ocr_par' dir='ltr' id='par_1_6' title="bbox 329 784 1919 856">
     <span class='ocr_line' id='line_1_6' title="bbox 329 784 1919 856; baseline 0 -19"><span class='ocrx_word' id='word_1_33' title='bbox 329 784 831 838; x_wconf 88' lang='lat' dir='ltr'><strong>commiserunt.Et</strong></span> <span class='ocrx_word' id='word_1_34' title='bbox 850 786 960 839; x_wconf 75' lang='lat' dir='ltr'><strong>ha:c</strong></span> <span class='ocrx_word' id='word_1_35' title='bbox 972 786 1407 856; x_wconf 88' lang='lat' dir='ltr'><strong>quidem,inquit,</strong></span> <span class='ocrx_word' id='word_1_36' title='bbox 1423 787 1627 856; x_wconf 84' lang='lat' dir='ltr'><strong>fuistis,</strong></span> <span class='ocrx_word' id='word_1_37' title='bbox 1644 785 1733 839; x_wconf 89' lang='lat' dir='ltr'><strong>sed</strong></span> <span class='ocrx_word' id='word_1_38' title='bbox 1748 784 1919 838; x_wconf 85' lang='lat' dir='ltr'><strong>abluti</strong></span> 
     </span>
    </p>
   </div>
   <div class='ocr_carea' id='block_1_7' title="bbox 324 876 1919 947">
    <p class='ocr_par' dir='ltr' id='par_1_7' title="bbox 324 876 1919 947">
     <span class='ocr_line' id='line_1_7' title="bbox 324 876 1919 947; baseline 0.001 -20"><span class='ocrx_word' id='word_1_39' title='bbox 324 876 588 947; x_wconf 73' lang='lat' dir='ltr'><strong>estis,sed</strong></span> <span class='ocrx_word' id='word_1_40' title='bbox 628 878 951 945; x_wconf 82' lang='lat' dir='ltr'><strong>sanctiﬁcati</strong></span> <span class='ocrx_word' id='word_1_41' title='bbox 969 878 1096 931; x_wconf 87' lang='lat' dir='ltr'><strong>estis</strong></span> <span class='ocrx_word' id='word_1_42' title='bbox 1137 878 1190 930; x_wconf 90' lang='lat' dir='ltr'><strong>in</strong></span> <span class='ocrx_word' id='word_1_43' title='bbox 1230 880 1437 932; x_wconf 78' lang='lat' dir='ltr'><strong><em>nomine</em></strong></span> <span class='ocrx_word' id='word_1_44' title='bbox 1486 877 1700 930; x_wconf 78' lang='lat' dir='ltr'><strong><em>Domini</em></strong></span> <span class='ocrx_word' id='word_1_45' title='bbox 1749 876 1919 930; x_wconf 84' lang='lat' dir='ltr'><strong>nostri</strong></span> 
     </span>
    </p>
   </div>
   <div class='ocr_carea' id='block_1_8' title="bbox 325 966 1886 1042">
    <p class='ocr_par' dir='ltr' id='par_1_8' title="bbox 325 966 1886 1042">
     <span class='ocr_line' id='line_1_8' title="bbox 325 966 1886 1042; baseline 0.001 -21"><span class='ocrx_word' id='word_1_46' title='bbox 325 966 460 1022; x_wconf 77' lang='lat' dir='ltr'><strong>Iesu</strong></span> <span class='ocrx_word' id='word_1_47' title='bbox 479 968 763 1035; x_wconf 83' lang='lat' dir='ltr'><strong>Christi,et</strong></span> <span class='ocrx_word' id='word_1_48' title='bbox 781 970 833 1023; x_wconf 88' lang='lat' dir='ltr'><strong>in</strong></span> <span class='ocrx_word' id='word_1_49' title='bbox 856 968 1065 1039; x_wconf 85' lang='lat' dir='ltr'><strong>Spiritu</strong></span> <span class='ocrx_word' id='word_1_50' title='bbox 1092 970 1186 1025; x_wconf 89' lang='lat' dir='ltr'><strong>Dei</strong></span> <span class='ocrx_word' id='word_1_51' title='bbox 1205 972 1373 1025; x_wconf 79' lang='lat' dir='ltr'><strong>nostri</strong></span> <span class='ocrx_word' id='word_1_52' title='bbox 1391 970 1442 1042; x_wconf 85' lang='lat' dir='ltr'><strong>(l</strong></span> <span class='ocrx_word' id='word_1_53' title='bbox 1470 971 1596 1027; x_wconf 89' lang='lat' dir='ltr'><strong>Cor.</strong></span> <span class='ocrx_word' id='word_1_54' title='bbox 1614 984 1692 1036; x_wconf 86' lang='lat' dir='ltr'><strong>vt,</strong></span> <span class='ocrx_word' id='word_1_55' title='bbox 1715 970 1886 1038; x_wconf 77' lang='lat' dir='ltr'><strong>9—H).</strong></span> 
     </span>
    </p>
   </div>
   <div class='ocr_carea' id='block_1_9' title="bbox 400 1055 1894 1127">
    <p class='ocr_par' dir='ltr' id='par_1_9' title="bbox 400 1055 1894 1127">
     <span class='ocr_line' id='line_1_9' title="bbox 400 1055 1894 1127; baseline -0.005 -10"><span class='ocrx_word' id='word_1_56' title='bbox 400 1061 457 1117; x_wconf 81' lang='lat'><strong>9.</strong></span> <span class='ocrx_word' id='word_1_57' title='bbox 500 1059 799 1114; x_wconf 71' lang='lat' dir='ltr'><strong>Pcuitentia</strong></span> <span class='ocrx_word' id='word_1_58' title='bbox 815 1057 1029 1127; x_wconf 78' lang='lat' dir='ltr'><strong>reiapsis</strong></span> <span class='ocrx_word' id='word_1_59' title='bbox 1053 1067 1162 1126; x_wconf 85' lang='lat' dir='ltr'><strong>post</strong></span> <span class='ocrx_word' id='word_1_60' title='bbox 1180 1057 1499 1127; x_wconf 88' lang='lat' dir='ltr'><strong>Baptismum</strong></span> <span class='ocrx_word' id='word_1_61' title='bbox 1525 1055 1894 1127; x_wconf 74' lang='lat' dir='ltr'><strong>amplectenda.</strong></span> 
     </span>
    </p>
   </div>
   <div class='ocr_carea' id='block_1_10' title="bbox 326 1144 1895 1221">
    <p class='ocr_par' dir='ltr' id='par_1_10' title="bbox 326 1144 1895 1221">
     <span class='ocr_line' id='line_1_10' title="bbox 326 1144 1895 1221; baseline -0.004 -16"><span class='ocrx_word' id='word_1_62' title='bbox 326 1150 581 1221; x_wconf 82' lang='lat' dir='ltr'><strong>Quisquis</strong></span> <span class='ocrx_word' id='word_1_63' title='bbox 605 1162 731 1217; x_wconf 85' lang='lat' dir='ltr'><strong>ergo</strong></span> <span class='ocrx_word' id='word_1_64' title='bbox 750 1156 867 1216; x_wconf 90' lang='lat' dir='ltr'><strong>post</strong></span> <span class='ocrx_word' id='word_1_65' title='bbox 888 1146 1212 1215; x_wconf 83' lang='lat' dir='ltr'><strong>Baptismum</strong></span> <span class='ocrx_word' id='word_1_66' title='bbox 1237 1146 1531 1215; x_wconf 90' lang='lat' dir='ltr'><strong>aliquorum</strong></span> <span class='ocrx_word' id='word_1_67' title='bbox 1555 1144 1895 1215; x_wconf 89' lang='lat' dir='ltr'><strong>pristinorum</strong></span> 
     </span>
    </p>
   </div>
   <div class='ocr_carea' id='block_1_11' title="bbox 327 1233 1896 1307">
    <p class='ocr_par' dir='ltr' id='par_1_11' title="bbox 327 1233 1896 1307">
     <span class='ocr_line' id='line_1_11' title="bbox 327 1233 1896 1307; baseline -0.004 -13"><span class='ocrx_word' id='word_1_68' title='bbox 327 1241 590 1294; x_wconf 83' lang='lat' dir='ltr'><strong>malorum</strong></span> <span class='ocrx_word' id='word_1_69' title='bbox 616 1252 780 1307; x_wconf 85' lang='lat' dir='ltr'><strong>opere</strong></span> <span class='ocrx_word' id='word_1_70' title='bbox 817 1236 1077 1304; x_wconf 80' lang='lat' dir='ltr'><strong>obligatus</strong></span> <span class='ocrx_word' id='word_1_71' title='bbox 1105 1244 1342 1299; x_wconf 89' lang='lat' dir='ltr'><strong>tenetur,</strong></span> <span class='ocrx_word' id='word_1_72' title='bbox 1370 1249 1536 1305; x_wconf 88' lang='lat' dir='ltr'><strong>usque</strong></span> <span class='ocrx_word' id='word_1_73' title='bbox 1564 1234 1767 1289; x_wconf 82' lang='lat' dir='ltr'><strong>adeone</strong></span> <span class='ocrx_word' id='word_1_74' title='bbox 1795 1233 1896 1288; x_wconf 88' lang='lat' dir='ltr'><strong>sibi</strong></span> 
     </span>
    </p>
   </div>
   <div class='ocr_carea' id='block_1_12' title="bbox 323 1325 1895 1392">
    <p class='ocr_par' dir='ltr' id='par_1_12' title="bbox 323 1325 1895 1392">
     <span class='ocr_line' id='line_1_12' title="bbox 323 1325 1895 1392; baseline -0.002 -9"><span class='ocrx_word' id='word_1_75' title='bbox 323 1330 575 1383; x_wconf 77' lang='lat' dir='ltr'><strong>inimicus</strong></span> <span class='ocrx_word' id='word_1_76' title='bbox 605 1336 725 1392; x_wconf 87' lang='lat' dir='ltr'><strong>est,</strong></span> <span class='ocrx_word' id='word_1_77' title='bbox 758 1335 817 1381; x_wconf 90' lang='lat' dir='ltr'><strong>ut</strong></span> <span class='ocrx_word' id='word_1_78' title='bbox 852 1326 1025 1379; x_wconf 89' lang='lat' dir='ltr'><strong>adhuc</strong></span> <span class='ocrx_word' id='word_1_79' title='bbox 1060 1325 1262 1380; x_wconf 75' lang='lat' dir='ltr'><strong>dubitet</strong></span> <span class='ocrx_word' id='word_1_80' title='bbox 1301 1326 1464 1380; x_wconf 86' lang='lat' dir='ltr'><strong>vitam</strong></span> <span class='ocrx_word' id='word_1_81' title='bbox 1507 1335 1743 1392; x_wconf 87' lang='lat' dir='ltr'><strong>mutare,</strong></span> <span class='ocrx_word' id='word_1_82' title='bbox 1771 1340 1895 1380; x_wconf 86' lang='lat' dir='ltr'><strong>cum</strong></span> 
     </span>
    </p>
   </div>
   <div class='ocr_carea' id='block_1_13' title="bbox 329 1415 1893 1492">
    <p class='ocr_par' dir='ltr' id='par_1_13' title="bbox 329 1415 1893 1492">
     <span class='ocr_line' id='line_1_13' title="bbox 329 1415 1893 1492; baseline -0.001 -17"><span class='ocrx_word' id='word_1_83' title='bbox 329 1430 537 1492; x_wconf 80' lang='lat' dir='ltr'><strong>tempus</strong></span> <span class='ocrx_word' id='word_1_84' title='bbox 569 1428 669 1483; x_wconf 86' lang='lat' dir='ltr'><strong>est,</strong></span> <span class='ocrx_word' id='word_1_85' title='bbox 700 1434 819 1472; x_wconf 90' lang='lat' dir='ltr'><strong>cum</strong></span> <span class='ocrx_word' id='word_1_86' title='bbox 851 1417 919 1471; x_wconf 90' lang='lat' dir='ltr'><strong>ita</strong></span> <span class='ocrx_word' id='word_1_87' title='bbox 950 1427 1131 1487; x_wconf 84' lang='lat' dir='ltr'><strong>peccat</strong></span> <span class='ocrx_word' id='word_1_88' title='bbox 1151 1427 1203 1471; x_wconf 89' lang='lat' dir='ltr'><strong>et</strong></span> <span class='ocrx_word' id='word_1_89' title='bbox 1224 1415 1383 1471; x_wconf 84' lang='lat' dir='ltr'><strong>vivit?</strong></span> <span class='ocrx_word' id='word_1_90' title='bbox 1408 1416 1536 1470; x_wconf 85' lang='lat' dir='ltr'><strong>Nam</strong></span> <span class='ocrx_word' id='word_1_91' title='bbox 1555 1417 1735 1487; x_wconf 76' lang='lat' dir='ltr'><strong>utique</strong></span> <span class='ocrx_word' id='word_1_92' title='bbox 1754 1418 1893 1488; x_wconf 89' lang='lat' dir='ltr'><strong>quod</strong></span> 
     </span>
    </p>
   </div>
   <div class='ocr_carea' id='block_1_14' title="bbox 328 1508 1894 1581">
    <p class='ocr_par' dir='ltr' id='par_1_14' title="bbox 328 1508 1894 1581">
     <span class='ocr_line' id='line_1_14' title="bbox 328 1508 1894 1581; baseline -0.001 -14"><span class='ocrx_word' id='word_1_93' title='bbox 328 1517 404 1567; x_wconf 86' lang='lat' dir='ltr'><strong>ita</strong></span> <span class='ocrx_word' id='word_1_94' title='bbox 433 1517 831 1581; x_wconf 71' lang='lat' dir='ltr'><strong>perseveranter</strong></span> <span class='ocrx_word' id='word_1_95' title='bbox 857 1518 1059 1578; x_wconf 78' lang='lat' dir='ltr'><strong>peccat,</strong></span> <span class='ocrx_word' id='word_1_96' title='bbox 1092 1508 1409 1562; x_wconf 82' lang='lat' dir='ltr'><strong>thesaurizat</strong></span> <span class='ocrx_word' id='word_1_97' title='bbox 1443 1508 1541 1563; x_wconf 86' lang='lat' dir='ltr'><strong>sibi</strong></span> <span class='ocrx_word' id='word_1_98' title='bbox 1573 1508 1703 1562; x_wconf 90' lang='lat' dir='ltr'><strong>iram</strong></span> <span class='ocrx_word' id='word_1_99' title='bbox 1731 1509 1783 1563; x_wconf 90' lang='lat' dir='ltr'><strong>in</strong></span> <span class='ocrx_word' id='word_1_100' title='bbox 1806 1510 1894 1565; x_wconf 87' lang='lat' dir='ltr'><strong>die</strong></span> 
     </span>
    </p>
   </div>
   <div class='ocr_carea' id='block_1_15' title="bbox 331 1597 1893 1667">
    <p class='ocr_par' dir='ltr' id='par_1_15' title="bbox 331 1597 1893 1667">
     <span class='ocr_line' id='line_1_15' title="bbox 331 1597 1893 1667; baseline -0.002 -10"><span class='ocrx_word' id='word_1_101' title='bbox 331 1602 427 1656; x_wconf 63' lang='lat' dir='ltr'><strong>ira:</strong></span> <span class='ocrx_word' id='word_1_102' title='bbox 447 1612 499 1657; x_wconf 87' lang='lat' dir='ltr'><strong>et</strong></span> <span class='ocrx_word' id='word_1_103' title='bbox 519 1600 855 1655; x_wconf 81' lang='lat' dir='ltr'><strong>revelationis</strong></span> <span class='ocrx_word' id='word_1_104' title='bbox 870 1599 996 1667; x_wconf 84' lang='lat' dir='ltr'><strong>justi</strong></span> <span class='ocrx_word' id='word_1_105' title='bbox 1010 1597 1193 1667; x_wconf 88' lang='lat' dir='ltr'><strong>judicii</strong></span> <span class='ocrx_word' id='word_1_106' title='bbox 1218 1598 1329 1652; x_wconf 86' lang='lat' dir='ltr'><strong>Dei.</strong></span> <span class='ocrx_word' id='word_1_107' title='bbox 1354 1597 1501 1666; x_wconf 86' lang='lat' dir='ltr'><strong>Quod</strong></span> <span class='ocrx_word' id='word_1_108' title='bbox 1521 1606 1697 1653; x_wconf 92' lang='lat' dir='ltr'><strong>autem</strong></span> <span class='ocrx_word' id='word_1_109' title='bbox 1718 1598 1893 1655; x_wconf 88' lang='lat' dir='ltr'><strong>adhuc</strong></span> 
     </span>
    </p>
   </div>
   <div class='ocr_carea' id='block_1_16' title="bbox 328 1687 1893 1759">
    <p class='ocr_par' dir='ltr' id='par_1_16' title="bbox 328 1687 1893 1759">
     <span class='ocr_line' id='line_1_16' title="bbox 328 1687 1893 1759; baseline -0.001 -14"><span class='ocrx_word' id='word_1_110' title='bbox 328 1692 478 1757; x_wconf 85' lang='lat' dir='ltr'><strong>vivit,</strong></span> <span class='ocrx_word' id='word_1_111' title='bbox 506 1690 753 1759; x_wconf 76' lang='lat' dir='ltr'><strong>patientia</strong></span> <span class='ocrx_word' id='word_1_112' title='bbox 780 1690 871 1743; x_wconf 94' lang='lat' dir='ltr'><strong>Dei</strong></span> <span class='ocrx_word' id='word_1_113' title='bbox 899 1688 964 1743; x_wconf 88' lang='lat' dir='ltr'><strong>ad</strong></span> <span class='ocrx_word' id='word_1_114' title='bbox 996 1687 1353 1757; x_wconf 76' lang='lat' dir='ltr'><strong>pmnitentiam</strong></span> <span class='ocrx_word' id='word_1_115' title='bbox 1377 1704 1496 1743; x_wconf 92' lang='lat' dir='ltr'><strong>eum</strong></span> <span class='ocrx_word' id='word_1_116' title='bbox 1525 1688 1755 1744; x_wconf 86' lang='lat' dir='ltr'><strong>adducit.</strong></span> <span class='ocrx_word' id='word_1_117' title='bbox 1785 1690 1893 1744; x_wconf 86' lang='lat' dir='ltr'><strong>lm-</strong></span> 
     </span>
    </p>
   </div>
   <div class='ocr_carea' id='block_1_17' title="bbox 326 1778 1890 1853">
    <p class='ocr_par' dir='ltr' id='par_1_17' title="bbox 326 1778 1890 1853">
     <span class='ocr_line' id='line_1_17' title="bbox 326 1778 1890 1853; baseline -0.001 -17"><span class='ocrx_word' id='word_1_118' title='bbox 326 1783 551 1853; x_wconf 79' lang='lat' dir='ltr'><strong>plicatus</strong></span> <span class='ocrx_word' id='word_1_119' title='bbox 577 1781 735 1850; x_wconf 78' lang='lat' dir='ltr'><strong>igitur</strong></span> <span class='ocrx_word' id='word_1_120' title='bbox 755 1788 859 1833; x_wconf 86' lang='lat' dir='ltr'><strong>tam</strong></span> <span class='ocrx_word' id='word_1_121' title='bbox 888 1779 1276 1835; x_wconf 86' lang='lat' dir='ltr'><strong>mortiferorum</strong></span> <span class='ocrx_word' id='word_1_122' title='bbox 1306 1778 1528 1833; x_wconf 86' lang='lat' dir='ltr'><strong>vinculis</strong></span> <span class='ocrx_word' id='word_1_123' title='bbox 1555 1789 1890 1848; x_wconf 84' lang='lat' dir='ltr'><strong>peccatorum</strong></span> 
     </span>
    </p>
   </div>
   <div class='ocr_carea' id='block_1_18' title="bbox 325 1869 1888 1941">
    <p class='ocr_par' dir='ltr' id='par_1_18' title="bbox 325 1869 1888 1941">
     <span class='ocr_line' id='line_1_18' title="bbox 325 1869 1888 1941; baseline -0.001 -14"><span class='ocrx_word' id='word_1_124' title='bbox 325 1872 616 1938; x_wconf 78' lang='lat' dir='ltr'><strong>detrectat,</strong></span> <span class='ocrx_word' id='word_1_125' title='bbox 650 1878 741 1924; x_wconf 88' lang='lat' dir='ltr'><strong>aut</strong></span> <span class='ocrx_word' id='word_1_126' title='bbox 762 1869 968 1933; x_wconf 79' lang='lat' dir='ltr'><strong>diﬂ&#39;ert,</strong></span> <span class='ocrx_word' id='word_1_127' title='bbox 995 1878 1088 1923; x_wconf 84' lang='lat' dir='ltr'><strong>aut</strong></span> <span class='ocrx_word' id='word_1_128' title='bbox 1115 1869 1317 1924; x_wconf 83' lang='lat' dir='ltr'><strong>dubitat</strong></span> <span class='ocrx_word' id='word_1_129' title='bbox 1340 1869 1622 1939; x_wconf 78' lang='lat' dir='ltr'><strong>confugere</strong></span> <span class='ocrx_word' id='word_1_130' title='bbox 1647 1869 1712 1924; x_wconf 88' lang='lat' dir='ltr'><strong>ad</strong></span> <span class='ocrx_word' id='word_1_131' title='bbox 1744 1870 1888 1941; x_wconf 81' lang='lat' dir='ltr'><strong>ipsas</strong></span> 
     </span>
    </p>
   </div>
   <div class='ocr_carea' id='block_1_19' title="bbox 320 1959 1890 2031">
    <p class='ocr_par' dir='ltr' id='par_1_19' title="bbox 320 1959 1890 2031">
     <span class='ocr_line' id='line_1_19' title="bbox 320 1959 1890 2031; baseline -0.001 -13"><span class='ocrx_word' id='word_1_132' title='bbox 320 1962 504 2019; x_wconf 77' lang='lat' dir='ltr'><strong>claves</strong></span> <span class='ocrx_word' id='word_1_133' title='bbox 524 1960 795 2031; x_wconf 62' lang='lat' dir='ltr'><strong>Ecclesia},</strong></span> <span class='ocrx_word' id='word_1_134' title='bbox 824 1960 1013 2028; x_wconf 86' lang='lat' dir='ltr'><strong>quibus</strong></span> <span class='ocrx_word' id='word_1_135' title='bbox 1040 1959 1273 2014; x_wconf 73' lang='lat' dir='ltr'><strong>solvatur</strong></span> <span class='ocrx_word' id='word_1_136' title='bbox 1296 1960 1347 2014; x_wconf 94' lang='lat' dir='ltr'><strong>in</strong></span> <span class='ocrx_word' id='word_1_137' title='bbox 1378 1968 1537 2025; x_wconf 87' lang='lat' dir='ltr'><strong>terra,</strong></span> <span class='ocrx_word' id='word_1_138' title='bbox 1564 1969 1625 2014; x_wconf 89' lang='lat' dir='ltr'><strong>ut</strong></span> <span class='ocrx_word' id='word_1_139' title='bbox 1649 1961 1720 2016; x_wconf 85' lang='lat' dir='ltr'><strong>sit</strong></span> <span class='ocrx_word' id='word_1_140' title='bbox 1742 1961 1890 2016; x_wconf 84' lang='lat' dir='ltr'><strong>solu-</strong></span> 
     </span>
    </p>
   </div>
   <div class='ocr_carea' id='block_1_20' title="bbox 326 2032 1889 2121">
    <p class='ocr_par' dir='ltr' id='par_1_20' title="bbox 326 2032 1889 2121">
     <span class='ocr_line' id='line_1_20' title="bbox 326 2032 1889 2121; baseline -0.006 -9"><span class='ocrx_word' id='word_1_141' title='bbox 326 2066 411 2111; x_wconf 86' lang='lat' dir='ltr'><strong>tus</strong></span> <span class='ocrx_word' id='word_1_142' title='bbox 438 2056 497 2110; x_wconf 74' lang='lat' dir='ltr'><strong>in</strong></span> <span class='ocrx_word' id='word_1_143' title='bbox 524 2032 696 2117; x_wconf 54' lang='lat' dir='ltr'><strong>ctilo;</strong></span> <span class='ocrx_word' id='word_1_144' title='bbox 722 2060 776 2107; x_wconf 86' lang='lat' dir='ltr'><strong>et</strong></span> <span class='ocrx_word' id='word_1_145' title='bbox 801 2051 959 2106; x_wconf 82' lang='lat' dir='ltr'><strong>audet</strong></span> <span class='ocrx_word' id='word_1_146' title='bbox 982 2050 1081 2105; x_wconf 85' lang='lat' dir='ltr'><strong>sibi</strong></span> <span class='ocrx_word' id='word_1_147' title='bbox 1109 2058 1228 2120; x_wconf 91' lang='lat' dir='ltr'><strong>post</strong></span> <span class='ocrx_word' id='word_1_148' title='bbox 1249 2050 1383 2105; x_wconf 89' lang='lat' dir='ltr'><strong>hanc</strong></span> <span class='ocrx_word' id='word_1_149' title='bbox 1409 2051 1590 2119; x_wconf 87' lang='lat' dir='ltr'><strong>vitam,</strong></span> <span class='ocrx_word' id='word_1_150' title='bbox 1620 2050 1740 2121; x_wconf 86' lang='lat' dir='ltr'><strong>quia</strong></span> <span class='ocrx_word' id='word_1_151' title='bbox 1768 2059 1889 2107; x_wconf 86' lang='lat' dir='ltr'><strong>tan-</strong></span> 
     </span>
    </p>
   </div>
   <div class='ocr_carea' id='block_1_21' title="bbox 232 2143 1883 2213">
    <p class='ocr_par' dir='ltr' id='par_1_21' title="bbox 232 2143 1883 2213">
     <span class='ocr_line' id='line_1_21' title="bbox 232 2143 1883 2213; baseline -0.002 -12"><span class='ocrx_word' id='word_1_152' title='bbox 232 2186 271 2209; x_wconf 59' lang='lat'><strong>/.</strong></span> <span class='ocrx_word' id='word_1_153' title='bbox 292 2149 439 2201; x_wconf 73' lang='lat' dir='ltr'><strong>*tum</strong></span> <span class='ocrx_word' id='word_1_154' title='bbox 466 2144 789 2201; x_wconf 84' lang='lat' dir='ltr'><strong>christianus</strong></span> <span class='ocrx_word' id='word_1_155' title='bbox 813 2143 1004 2199; x_wconf 90' lang='lat' dir='ltr'><strong>dicitur</strong></span> <span class='ocrx_word' id='word_1_156' title='bbox 1024 2182 1041 2208; x_wconf 93' lang='lat'><strong>,</strong></span> <span class='ocrx_word' id='word_1_157' title='bbox 1086 2143 1308 2198; x_wconf 83' lang='lat' dir='ltr'><strong>salutem</strong></span> <span class='ocrx_word' id='word_1_158' title='bbox 1344 2143 1570 2213; x_wconf 84' lang='lat' dir='ltr'><strong>aliquam</strong></span> <span class='ocrx_word' id='word_1_159' title='bbox 1611 2143 1883 2212; x_wconf 89' lang='lat' dir='ltr'><strong>polliceri;</strong></span> 
     </span>
    </p>
   </div>
   <div class='ocr_carea' id='block_1_22' title="bbox 324 2233 1921 2300">
    <p class='ocr_par' dir='ltr' id='par_1_22' title="bbox 324 2233 1921 2300">
     <span class='ocr_line' id='line_1_22' title="bbox 324 2233 1921 2300; baseline -0.003 -8"><span class='ocrx_word' id='word_1_160' title='bbox 324 2252 428 2293; x_wconf 84' lang='lat' dir='ltr'><strong>nec</strong></span> <span class='ocrx_word' id='word_1_161' title='bbox 444 2236 675 2291; x_wconf 83' lang='lat' dir='ltr'><strong>veridico</strong></span> <span class='ocrx_word' id='word_1_162' title='bbox 691 2235 783 2290; x_wconf 92' lang='lat' dir='ltr'><strong>illo</strong></span> <span class='ocrx_word' id='word_1_163' title='bbox 801 2234 1081 2289; x_wconf 71' lang='lat' dir='ltr'><strong>dominica:</strong></span> <span class='ocrx_word' id='word_1_164' title='bbox 1100 2233 1245 2288; x_wconf 80' lang='lat' dir='ltr'><strong>vocis</strong></span> <span class='ocrx_word' id='word_1_165' title='bbox 1261 2233 1491 2289; x_wconf 80' lang='lat' dir='ltr'><strong>tonitrua</strong></span> <span class='ocrx_word' id='word_1_166' title='bbox 1504 2234 1881 2300; x_wconf 87' lang='lat' dir='ltr'><strong>contremiscit,</strong></span> <span class='ocrx_word' id='word_1_167' title='bbox 1918 2260 1921 2263; x_wconf 94' lang='lat'><strong><em>-</em></strong></span> 
     </span>
    </p>
   </div>
   <div class='ocr_carea' id='block_1_23' title="bbox 328 2323 1887 2399">
    <p class='ocr_par' dir='ltr' id='par_1_23' title="bbox 328 2323 1887 2399">
     <span class='ocr_line' id='line_1_23' title="bbox 328 2323 1887 2399; baseline -0.004 -13"><span class='ocrx_word' id='word_1_168' title='bbox 328 2330 451 2386; x_wconf 74' lang='lat' dir='ltr'><strong>Non</strong></span> <span class='ocrx_word' id='word_1_169' title='bbox 475 2329 635 2385; x_wconf 80' lang='lat' dir='ltr'><strong>omnis</strong></span> <span class='ocrx_word' id='word_1_170' title='bbox 654 2328 742 2399; x_wconf 85' lang='lat' dir='ltr'><strong>qui</strong></span> <span class='ocrx_word' id='word_1_171' title='bbox 770 2327 888 2382; x_wconf 84' lang='lat' dir='ltr'><strong><em>dicit</em></strong></span> <span class='ocrx_word' id='word_1_172' title='bbox 916 2326 1067 2390; x_wconf 87' lang='lat' dir='ltr'><strong>mihi,</strong></span> <span class='ocrx_word' id='word_1_173' title='bbox 1095 2323 1327 2392; x_wconf 85' lang='lat' dir='ltr'><strong>Domine,</strong></span> <span class='ocrx_word' id='word_1_174' title='bbox 1351 2326 1583 2391; x_wconf 87' lang='lat' dir='ltr'><strong>Domine,</strong></span> <span class='ocrx_word' id='word_1_175' title='bbox 1609 2326 1809 2380; x_wconf 84' lang='lat' dir='ltr'><strong>intrabit</strong></span> <span class='ocrx_word' id='word_1_176' title='bbox 1832 2326 1887 2380; x_wconf 84' lang='lat' dir='ltr'><strong>in</strong></span> 
     </span>
    </p>
   </div>
   <div class='ocr_carea' id='block_1_24' title="bbox 325 2416 1888 2495">
    <p class='ocr_par' dir='ltr' id='par_1_24' title="bbox 325 2416 1888 2495">
     <span class='ocr_line' id='line_1_24' title="bbox 325 2416 1888 2495; baseline -0.004 -17"><span class='ocrx_word' id='word_1_177' title='bbox 325 2438 536 2495; x_wconf 66' lang='lat' dir='ltr'><strong>regnum</strong></span> <span class='ocrx_word' id='word_1_178' title='bbox 568 2422 841 2484; x_wconf 68' lang='lat' dir='ltr'><strong>calorum;</strong></span> <span class='ocrx_word' id='word_1_179' title='bbox 874 2420 963 2474; x_wconf 79' lang='lat' dir='ltr'><strong>sed</strong></span> <span class='ocrx_word' id='word_1_180' title='bbox 1002 2420 1087 2489; x_wconf 82' lang='lat' dir='ltr'><strong>qui</strong></span> <span class='ocrx_word' id='word_1_181' title='bbox 1114 2420 1236 2491; x_wconf 81' lang='lat' dir='ltr'><strong><em>facit</em></strong></span> <span class='ocrx_word' id='word_1_182' title='bbox 1258 2416 1561 2473; x_wconf 81' lang='lat' dir='ltr'><strong>voluntatem</strong></span> <span class='ocrx_word' id='word_1_183' title='bbox 1593 2419 1766 2473; x_wconf 88' lang='lat' dir='ltr'><strong>Patris</strong></span> <span class='ocrx_word' id='word_1_184' title='bbox 1789 2419 1888 2473; x_wconf 83' lang='lat' dir='ltr'><strong>mei</strong></span> 
     </span>
    </p>
   </div>
   <div class='ocr_carea' id='block_1_25' title="bbox 325 2508 1882 2584">
    <p class='ocr_par' dir='ltr' id='par_1_25' title="bbox 325 2508 1882 2584">
     <span class='ocr_line' id='line_1_25' title="bbox 325 2508 1882 2584; baseline -0.002 -17"><span class='ocrx_word' id='word_1_185' title='bbox 325 2515 410 2584; x_wconf 74' lang='lat' dir='ltr'><strong>qui</strong></span> <span class='ocrx_word' id='word_1_186' title='bbox 427 2515 482 2566; x_wconf 80' lang='lat' dir='ltr'><strong>in</strong></span> <span class='ocrx_word' id='word_1_187' title='bbox 501 2512 637 2567; x_wconf 67' lang='lat' dir='ltr'><strong>caelis</strong></span> <span class='ocrx_word' id='word_1_188' title='bbox 658 2521 751 2578; x_wconf 87' lang='lat' dir='ltr'><strong>est,</strong></span> <span class='ocrx_word' id='word_1_189' title='bbox 773 2511 881 2581; x_wconf 90' lang='lat' dir='ltr'><strong>ipse</strong></span> <span class='ocrx_word' id='word_1_190' title='bbox 896 2510 1099 2564; x_wconf 83' lang='lat' dir='ltr'><strong>intrabit</strong></span> <span class='ocrx_word' id='word_1_191' title='bbox 1118 2511 1169 2563; x_wconf 91' lang='lat' dir='ltr'><strong>in</strong></span> <span class='ocrx_word' id='word_1_192' title='bbox 1190 2526 1396 2581; x_wconf 77' lang='lat' dir='ltr'><strong>regnum</strong></span> <span class='ocrx_word' id='word_1_193' title='bbox 1414 2510 1653 2565; x_wconf 70' lang='lat' dir='ltr'><strong>caelorum</strong></span> <span class='ocrx_word' id='word_1_194' title='bbox 1672 2508 1882 2579; x_wconf 66' lang='lat' dir='ltr'><strong>(Matth.</strong></span> 
     </span>
    </p>
   </div>
   <div class='ocr_carea' id='block_1_26' title="bbox 327 2600 1888 2675">
    <p class='ocr_par' dir='ltr' id='par_1_26' title="bbox 327 2600 1888 2675">
     <span class='ocr_line' id='line_1_26' title="bbox 327 2600 1888 2675; baseline -0.003 -14"><span class='ocrx_word' id='word_1_195' title='bbox 327 2620 419 2672; x_wconf 87' lang='lat' dir='ltr'><strong>vn,</strong></span> <span class='ocrx_word' id='word_1_196' title='bbox 444 2605 539 2675; x_wconf 72' lang='grc'><strong>21)</strong></span> <span class='ocrx_word' id='word_1_197' title='bbox 557 2604 583 2658; x_wconf 68' lang='grc' dir='ltr'><strong>ἲ</strong></span> <span class='ocrx_word' id='word_1_198' title='bbox 609 2603 770 2673; x_wconf 85' lang='lat' dir='ltr'><strong>Quid,</strong></span> <span class='ocrx_word' id='word_1_199' title='bbox 798 2601 865 2658; x_wconf 82' lang='lat' dir='ltr'><strong>ad</strong></span> <span class='ocrx_word' id='word_1_200' title='bbox 890 2600 1103 2657; x_wconf 84' lang='lat' dir='ltr'><strong>Galatas</strong></span> <span class='ocrx_word' id='word_1_201' title='bbox 1123 2601 1259 2656; x_wconf 89' lang='lat' dir='ltr'><strong>idem</strong></span> <span class='ocrx_word' id='word_1_202' title='bbox 1284 2600 1576 2671; x_wconf 84' lang='lat' dir='ltr'><strong>apostolus,</strong></span> <span class='ocrx_word' id='word_1_203' title='bbox 1607 2616 1784 2657; x_wconf 89' lang='lat' dir='ltr'><strong>nonne</strong></span> <span class='ocrx_word' id='word_1_204' title='bbox 1808 2612 1888 2657; x_wconf 63' lang='lat' dir='ltr'><strong>ta-</strong></span> 
     </span>
    </p>
   </div>
   <div class='ocr_carea' id='block_1_27' title="bbox 325 2692 1884 2766">
    <p class='ocr_par' dir='ltr' id='par_1_27' title="bbox 325 2692 1884 2766">
     <span class='ocr_line' id='line_1_27' title="bbox 325 2692 1884 2766; baseline -0.003 -14"><span class='ocrx_word' id='word_1_205' title='bbox 325 2697 390 2753; x_wconf 90' lang='lat' dir='ltr'><strong>lia</strong></span> <span class='ocrx_word' id='word_1_206' title='bbox 414 2711 739 2752; x_wconf 84' lang='lat' dir='ltr'><strong>enumerans</strong></span> <span class='ocrx_word' id='word_1_207' title='bbox 765 2694 951 2750; x_wconf 87' lang='lat' dir='ltr'><strong>eodem</strong></span> <span class='ocrx_word' id='word_1_208' title='bbox 983 2694 1088 2750; x_wconf 82' lang='lat' dir='ltr'><strong>fine</strong></span> <span class='ocrx_word' id='word_1_209' title='bbox 1112 2692 1422 2748; x_wconf 87' lang='lat' dir='ltr'><strong>concludit?</strong></span> <span class='ocrx_word' id='word_1_210' title='bbox 1450 2692 1722 2766; x_wconf 75' lang='lat' dir='ltr'><strong>Manifesta</strong></span> <span class='ocrx_word' id='word_1_211' title='bbox 1746 2704 1884 2761; x_wconf 84' lang='lat' dir='ltr'><strong>sunt,</strong></span> 
     </span>
    </p>
   </div>
   <div class='ocr_carea' id='block_1_28' title="bbox 322 2783 1889 2858">
    <p class='ocr_par' dir='ltr' id='par_1_28' title="bbox 322 2783 1889 2858">
     <span class='ocr_line' id='line_1_28' title="bbox 322 2783 1889 2858; baseline -0.003 -17"><span class='ocrx_word' id='word_1_212' title='bbox 322 2787 511 2858; x_wconf 76' lang='lat' dir='ltr'><strong>inquit,</strong></span> <span class='ocrx_word' id='word_1_213' title='bbox 536 2802 695 2856; x_wconf 81' lang='lat' dir='ltr'><strong><em>opera</em></strong></span> <span class='ocrx_word' id='word_1_214' title='bbox 719 2786 903 2851; x_wconf 87' lang='lat' dir='ltr'><strong>carnis,</strong></span> <span class='ocrx_word' id='word_1_215' title='bbox 923 2800 1037 2855; x_wconf 68' lang='lat' dir='ltr'><strong>qua</strong></span> <span class='ocrx_word' id='word_1_216' title='bbox 1060 2792 1177 2839; x_wconf 90' lang='lat' dir='ltr'><strong>sunt</strong></span> <span class='ocrx_word' id='word_1_217' title='bbox 1204 2783 1558 2854; x_wconf 77' lang='lat' dir='ltr'><strong>fornicationes</strong></span> <span class='ocrx_word' id='word_1_218' title='bbox 1577 2825 1591 2849; x_wconf 92' lang='lat'><strong>,</strong></span> <span class='ocrx_word' id='word_1_219' title='bbox 1613 2783 1889 2839; x_wconf 86' lang='lat' dir='ltr'><strong>immundi-</strong></span> 
     </span>
    </p>
   </div>
   <div class='ocr_carea' id='block_1_29' title="bbox 324 2872 1890 2943">
    <p class='ocr_par' dir='ltr' id='par_1_29' title="bbox 324 2872 1890 2943">
     <span class='ocr_line' id='line_1_29' title="bbox 324 2872 1890 2943; baseline -0.002 -12"><span class='ocrx_word' id='word_1_220' title='bbox 324 2878 424 2943; x_wconf 70' lang='lat' dir='ltr'><strong>tise,</strong></span> <span class='ocrx_word' id='word_1_221' title='bbox 456 2876 702 2939; x_wconf 62' lang='lat' dir='ltr'><strong>luxuriae,</strong></span> <span class='ocrx_word' id='word_1_222' title='bbox 741 2874 990 2929; x_wconf 85' lang='lat' dir='ltr'><strong>idolorum</strong></span> <span class='ocrx_word' id='word_1_223' title='bbox 1029 2874 1268 2942; x_wconf 82' lang='lat' dir='ltr'><strong>servitus,</strong></span> <span class='ocrx_word' id='word_1_224' title='bbox 1296 2872 1551 2943; x_wconf 78' lang='lat' dir='ltr'><strong>veneﬁcia,</strong></span> <span class='ocrx_word' id='word_1_225' title='bbox 1572 2872 1849 2929; x_wconf 70' lang='lat' dir='ltr'><strong><em>inimicitia</em></strong></span> <span class='ocrx_word' id='word_1_226' title='bbox 1872 2915 1890 2941; x_wconf 92' lang='lat'><strong>,</strong></span> 
     </span>
    </p>
   </div>
   <div class='ocr_carea' id='block_1_30' title="bbox 321 2965 1885 3041">
    <p class='ocr_par' dir='ltr' id='par_1_30' title="bbox 321 2965 1885 3041">
     <span class='ocr_line' id='line_1_30' title="bbox 321 2965 1885 3041; baseline -0.002 -17"><span class='ocrx_word' id='word_1_227' title='bbox 321 2969 680 3041; x_wconf 72' lang='lat' dir='ltr'><strong>contentiones,</strong></span> <span class='ocrx_word' id='word_1_228' title='bbox 710 2966 1056 3021; x_wconf 74' lang='lat' dir='ltr'><strong>mutationes</strong></span> <span class='ocrx_word' id='word_1_229' title='bbox 1074 3007 1090 3033; x_wconf 94' lang='lat'><strong>,</strong></span> <span class='ocrx_word' id='word_1_230' title='bbox 1120 2965 1457 3019; x_wconf 79' lang='lat' dir='ltr'><strong>animositates</strong></span> <span class='ocrx_word' id='word_1_231' title='bbox 1476 3006 1492 3033; x_wconf 89' lang='lat'><strong>,</strong></span> <span class='ocrx_word' id='word_1_232' title='bbox 1527 2965 1885 3032; x_wconf 69' lang='lat' dir='ltr'><strong>dissensiona,</strong></span> 
     </span>
    </p>
   </div>
   <div class='ocr_carea' id='block_1_31' title="bbox 325 3055 1890 3126">
    <p class='ocr_par' dir='ltr' id='par_1_31' title="bbox 325 3055 1890 3126">
     <span class='ocr_line' id='line_1_31' title="bbox 325 3055 1890 3126; baseline -0.003 -12"><span class='ocrx_word' id='word_1_233' title='bbox 325 3063 557 3126; x_wconf 67' lang='lat' dir='ltr'><strong>hereses,</strong></span> <span class='ocrx_word' id='word_1_234' title='bbox 571 3058 794 3119; x_wconf 70' lang='lat' dir='ltr'><strong>incidite,</strong></span> <span class='ocrx_word' id='word_1_235' title='bbox 812 3055 1086 3120; x_wconf 82' lang='lat' dir='ltr'><strong>ebrietates,</strong></span> <span class='ocrx_word' id='word_1_236' title='bbox 1100 3056 1497 3120; x_wconf 85' lang='lat' dir='ltr'><strong>comessationes,</strong></span> <span class='ocrx_word' id='word_1_237' title='bbox 1514 3065 1560 3110; x_wconf 86' lang='lat' dir='ltr'><strong>et</strong></span> <span class='ocrx_word' id='word_1_238' title='bbox 1573 3055 1652 3111; x_wconf 89' lang='lat' dir='ltr'><strong>his</strong></span> <span class='ocrx_word' id='word_1_239' title='bbox 1669 3056 1857 3112; x_wconf 85' lang='lat' dir='ltr'><strong>similia</strong></span> <span class='ocrx_word' id='word_1_240' title='bbox 1871 3073 1890 3121; x_wconf 88' lang='lat'><strong><em>;</em></strong></span> 
     </span>
    </p>
   </div>
   <div class='ocr_carea' id='block_1_32' title="bbox 326 3146 1889 3222">
    <p class='ocr_par' dir='ltr' id='par_1_32' title="bbox 326 3146 1889 3222">
     <span class='ocr_line' id='line_1_32' title="bbox 326 3146 1889 3222; baseline -0.002 -17"><span class='ocrx_word' id='word_1_241' title='bbox 326 3167 434 3222; x_wconf 71' lang='lat' dir='ltr'><strong>quis</strong></span> <span class='ocrx_word' id='word_1_242' title='bbox 476 3149 695 3221; x_wconf 67' lang='lat' dir='ltr'><strong>praedico</strong></span> <span class='ocrx_word' id='word_1_243' title='bbox 735 3147 903 3214; x_wconf 82' lang='lat' dir='ltr'><strong>vobis,</strong></span> <span class='ocrx_word' id='word_1_244' title='bbox 934 3147 1061 3201; x_wconf 82' lang='lat' dir='ltr'><strong>sicut</strong></span> <span class='ocrx_word' id='word_1_245' title='bbox 1101 3146 1313 3217; x_wconf 70' lang='lat' dir='ltr'><strong>prcdixi</strong></span> <span class='ocrx_word' id='word_1_246' title='bbox 1330 3188 1344 3212; x_wconf 94' lang='lat'><strong>,</strong></span> <span class='ocrx_word' id='word_1_247' title='bbox 1383 3148 1619 3217; x_wconf 78' lang='lat' dir='ltr'><strong>quoniam</strong></span> <span class='ocrx_word' id='word_1_248' title='bbox 1652 3149 1739 3219; x_wconf 86' lang='lat' dir='ltr'><strong>qui</strong></span> <span class='ocrx_word' id='word_1_249' title='bbox 1767 3149 1889 3202; x_wconf 83' lang='lat' dir='ltr'><strong><em>talia</em></strong></span> 
     </span>
    </p>
   </div>
   <div class='ocr_carea' id='block_1_33' title="bbox 325 3234 1886 3312">
    <p class='ocr_par' dir='ltr' id='par_1_33' title="bbox 325 3234 1886 3312">
     <span class='ocr_line' id='line_1_33' title="bbox 325 3234 1886 3312; baseline -0.002 -18"><span class='ocrx_word' id='word_1_250' title='bbox 325 3251 500 3312; x_wconf 74' lang='lat' dir='ltr'><strong>agunt,</strong></span> <span class='ocrx_word' id='word_1_251' title='bbox 530 3255 738 3311; x_wconf 82' lang='lat' dir='ltr'><strong>regnum</strong></span> <span class='ocrx_word' id='word_1_252' title='bbox 766 3236 863 3292; x_wconf 87' lang='lat' dir='ltr'><strong>Dei</strong></span> <span class='ocrx_word' id='word_1_253' title='bbox 892 3253 991 3291; x_wconf 91' lang='lat' dir='ltr'><strong>non</strong></span> <span class='ocrx_word' id='word_1_254' title='bbox 1021 3234 1339 3305; x_wconf 85' lang='lat' dir='ltr'><strong>possidebunt</strong></span> <span class='ocrx_word' id='word_1_255' title='bbox 1368 3234 1556 3305; x_wconf 85' lang='lat' dir='ltr'><strong>(Galat.</strong></span> <span class='ocrx_word' id='word_1_256' title='bbox 1585 3253 1640 3303; x_wconf 87' lang='lat' dir='ltr'><strong>v,</strong></span> <span class='ocrx_word' id='word_1_257' title='bbox 1671 3237 1886 3307; x_wconf 69' lang='lat'><strong>19-21).</strong></span> 
     </span>
    </p>
   </div>
   <div class='ocr_carea' id='block_1_34' title="bbox 325 3326 1885 3399">
    <p class='ocr_par' dir='ltr' id='par_1_34' title="bbox 325 3326 1885 3399">
     <span class='ocr_line' id='line_1_34' title="bbox 325 3326 1885 3399; baseline -0.001 -14"><span class='ocrx_word' id='word_1_258' title='bbox 325 3329 533 3385; x_wconf 78' lang='lat' dir='ltr'><strong>Judicet</strong></span> <span class='ocrx_word' id='word_1_259' title='bbox 557 3343 689 3399; x_wconf 89' lang='lat' dir='ltr'><strong>ergo</strong></span> <span class='ocrx_word' id='word_1_260' title='bbox 721 3344 780 3382; x_wconf 89' lang='lat' dir='ltr'><strong>se</strong></span> <span class='ocrx_word' id='word_1_261' title='bbox 809 3327 980 3397; x_wconf 88' lang='lat' dir='ltr'><strong>ipsum</strong></span> <span class='ocrx_word' id='word_1_262' title='bbox 1010 3327 1169 3381; x_wconf 89' lang='lat' dir='ltr'><strong>homo</strong></span> <span class='ocrx_word' id='word_1_263' title='bbox 1203 3326 1257 3381; x_wconf 91' lang='lat' dir='ltr'><strong>in</strong></span> <span class='ocrx_word' id='word_1_264' title='bbox 1287 3326 1400 3381; x_wconf 90' lang='lat' dir='ltr'><strong>istis</strong></span> <span class='ocrx_word' id='word_1_265' title='bbox 1424 3327 1697 3383; x_wconf 81' lang='lat' dir='ltr'><strong>voluntate</strong></span> <span class='ocrx_word' id='word_1_266' title='bbox 1717 3369 1732 3393; x_wconf 88' lang='lat'><strong>,</strong></span> <span class='ocrx_word' id='word_1_267' title='bbox 1760 3328 1885 3383; x_wconf 90' lang='lat' dir='ltr'><strong>dum</strong></span> 
     </span>
    </p>
   </div>
   <div class='ocr_carea' id='block_1_35' title="bbox 326 3416 1886 3489">
    <p class='ocr_par' dir='ltr' id='par_1_35' title="bbox 326 3416 1886 3489">
     <span class='ocr_line' id='line_1_35' title="bbox 326 3416 1886 3489; baseline -0.003 -15"><span class='ocrx_word' id='word_1_268' title='bbox 326 3428 502 3489; x_wconf 80' lang='lat' dir='ltr'><strong>potest</strong></span> <span class='ocrx_word' id='word_1_269' title='bbox 522 3461 539 3483; x_wconf 89' lang='lat'><strong>,</strong></span> <span class='ocrx_word' id='word_1_270' title='bbox 582 3428 637 3474; x_wconf 89' lang='lat' dir='ltr'><strong>et</strong></span> <span class='ocrx_word' id='word_1_271' title='bbox 677 3432 857 3473; x_wconf 85' lang='lat' dir='ltr'><strong>mores</strong></span> <span class='ocrx_word' id='word_1_272' title='bbox 893 3425 1165 3472; x_wconf 84' lang='lat' dir='ltr'><strong>convertat</strong></span> <span class='ocrx_word' id='word_1_273' title='bbox 1191 3416 1243 3471; x_wconf 92' lang='lat' dir='ltr'><strong>in</strong></span> <span class='ocrx_word' id='word_1_274' title='bbox 1271 3417 1463 3472; x_wconf 86' lang='lat' dir='ltr'><strong>melius</strong></span> <span class='ocrx_word' id='word_1_275' title='bbox 1493 3435 1507 3472; x_wconf 91' lang='lat'><strong>:</strong></span> <span class='ocrx_word' id='word_1_276' title='bbox 1538 3433 1606 3471; x_wconf 91' lang='lat' dir='ltr'><strong>ne</strong></span> <span class='ocrx_word' id='word_1_277' title='bbox 1631 3432 1753 3472; x_wconf 89' lang='lat' dir='ltr'><strong>cum</strong></span> <span class='ocrx_word' id='word_1_278' title='bbox 1778 3419 1886 3486; x_wconf 88' lang='lat' dir='ltr'><strong>jam</strong></span> 
     </span>
    </p>
   </div>
   <div class='ocr_carea' id='block_1_36' title="bbox 325 3508 1890 3581">
    <p class='ocr_par' dir='ltr' id='par_1_36' title="bbox 325 3508 1890 3581">
     <span class='ocr_line' id='line_1_36' title="bbox 325 3508 1890 3581; baseline -0.004 -13"><span class='ocrx_word' id='word_1_279' title='bbox 325 3525 434 3567; x_wconf 82' lang='lat' dir='ltr'><strong>nan</strong></span> <span class='ocrx_word' id='word_1_280' title='bbox 459 3511 670 3581; x_wconf 86' lang='lat' dir='ltr'><strong>poterit,</strong></span> <span class='ocrx_word' id='word_1_281' title='bbox 695 3510 854 3566; x_wconf 88' lang='lat' dir='ltr'><strong>etiam</strong></span> <span class='ocrx_word' id='word_1_282' title='bbox 879 3516 1071 3577; x_wconf 65' lang='lat' dir='ltr'><strong>praeter</strong></span> <span class='ocrx_word' id='word_1_283' title='bbox 1092 3508 1412 3564; x_wconf 85' lang='lat' dir='ltr'><strong>voluntatem</strong></span> <span class='ocrx_word' id='word_1_284' title='bbox 1440 3524 1470 3562; x_wconf 93' lang='lat' dir='ltr'><strong>a</strong></span> <span class='ocrx_word' id='word_1_285' title='bbox 1497 3508 1723 3564; x_wconf 91' lang='lat' dir='ltr'><strong>Domino</strong></span> <span class='ocrx_word' id='word_1_286' title='bbox 1741 3508 1890 3578; x_wconf 89' lang='lat' dir='ltr'><strong>judi-</strong></span> 
     </span>
    </p>
   </div>
   <div class='ocr_carea' id='block_1_37' title="bbox 323 3600 1889 3672">
    <p class='ocr_par' dir='ltr' id='par_1_37' title="bbox 323 3600 1889 3672">
     <span class='ocr_line' id='line_1_37' title="bbox 323 3600 1889 3672; baseline -0.002 -14"><span class='ocrx_word' id='word_1_287' title='bbox 323 3611 500 3658; x_wconf 71' lang='lat' dir='ltr'><strong>Cetur.</strong></span> <span class='ocrx_word' id='word_1_288' title='bbox 526 3603 595 3657; x_wconf 84' lang='lat' dir='ltr'><strong>Et.</strong></span> <span class='ocrx_word' id='word_1_289' title='bbox 626 3617 743 3656; x_wconf 87' lang='lat' dir='ltr'><strong>cum</strong></span> <span class='ocrx_word' id='word_1_290' title='bbox 776 3601 890 3672; x_wconf 88' lang='lat' dir='ltr'><strong>ipse</strong></span> <span class='ocrx_word' id='word_1_291' title='bbox 918 3600 972 3655; x_wconf 90' lang='lat' dir='ltr'><strong>in</strong></span> <span class='ocrx_word' id='word_1_292' title='bbox 1001 3615 1059 3656; x_wconf 90' lang='lat' dir='ltr'><strong>se</strong></span> <span class='ocrx_word' id='word_1_293' title='bbox 1087 3600 1361 3670; x_wconf 84' lang='lat' dir='ltr'><strong>protulerit</strong></span> <span class='ocrx_word' id='word_1_294' title='bbox 1394 3600 1741 3656; x_wconf 64' lang='lat' dir='ltr'><strong>severissimae</strong></span> <span class='ocrx_word' id='word_1_295' title='bbox 1769 3615 1889 3655; x_wconf 88' lang='lat' dir='ltr'><strong>me-</strong></span> 
     </span>
    </p>
   </div>
   <div class='ocr_carea' id='block_1_38' title="bbox 323 3690 1887 3756">
    <p class='ocr_par' dir='ltr' id='par_1_38' title="bbox 323 3690 1887 3756">
     <span class='ocr_line' id='line_1_38' title="bbox 323 3690 1887 3756; baseline -0.001 -9"><span class='ocrx_word' id='word_1_296' title='bbox 323 3692 555 3756; x_wconf 64' lang='lat' dir='ltr'><strong>dicinae,</strong></span> <span class='ocrx_word' id='word_1_297' title='bbox 582 3690 674 3745; x_wconf 89' lang='lat' dir='ltr'><strong>sed</strong></span> <span class='ocrx_word' id='word_1_298' title='bbox 702 3698 870 3747; x_wconf 85' lang='lat' dir='ltr'><strong>tamen</strong></span> <span class='ocrx_word' id='word_1_299' title='bbox 910 3690 1185 3746; x_wconf 73' lang='lat' dir='ltr'><strong>medicinze</strong></span> <span class='ocrx_word' id='word_1_300' title='bbox 1221 3691 1533 3746; x_wconf 86' lang='lat' dir='ltr'><strong>sententiam</strong></span> <span class='ocrx_word' id='word_1_301' title='bbox 1557 3728 1574 3756; x_wconf 94' lang='lat'><strong>,</strong></span> <span class='ocrx_word' id='word_1_302' title='bbox 1615 3692 1796 3745; x_wconf 87' lang='lat' dir='ltr'><strong>veniat</strong></span> <span class='ocrx_word' id='word_1_303' title='bbox 1820 3691 1887 3746; x_wconf 92' lang='lat' dir='ltr'><strong>ad</strong></span> 
     </span>
    </p>
   </div>
   <div class='ocr_carea' id='block_1_39' title="bbox 322 3780 1890 3851">
    <p class='ocr_par' dir='ltr' id='par_1_39' title="bbox 322 3780 1890 3851">
     <span class='ocr_line' id='line_1_39' title="bbox 322 3780 1890 3851; baseline 0.002 -17"><span class='ocrx_word' id='word_1_304' title='bbox 322 3782 612 3845; x_wconf 81' lang='lat' dir='ltr'><strong>antistites,</strong></span> <span class='ocrx_word' id='word_1_305' title='bbox 655 3795 752 3850; x_wconf 88' lang='lat' dir='ltr'><strong>per</strong></span> <span class='ocrx_word' id='word_1_306' title='bbox 776 3795 907 3851; x_wconf 88' lang='lat' dir='ltr'><strong>quos</strong></span> <span class='ocrx_word' id='word_1_307' title='bbox 936 3780 1009 3836; x_wconf 89' lang='lat' dir='ltr'><strong>illi</strong></span> <span class='ocrx_word' id='word_1_308' title='bbox 1048 3781 1099 3834; x_wconf 93' lang='lat' dir='ltr'><strong>in</strong></span> <span class='ocrx_word' id='word_1_309' title='bbox 1125 3780 1359 3835; x_wconf 85' lang='lat' dir='ltr'><strong>Ecclesia</strong></span> <span class='ocrx_word' id='word_1_310' title='bbox 1385 3781 1559 3837; x_wconf 85' lang='lat' dir='ltr'><strong>claves</strong></span> <span class='ocrx_word' id='word_1_311' title='bbox 1585 3780 1890 3837; x_wconf 79' lang='lat' dir='ltr'><strong>ministran-</strong></span> 
     </span>
    </p>
   </div>
   <div class='ocr_carea' id='block_1_40' title="bbox 322 3869 1886 3942">
    <p class='ocr_par' dir='ltr' id='par_1_40' title="bbox 322 3869 1886 3942">
     <span class='ocr_line' id='line_1_40' title="bbox 322 3869 1886 3942; baseline 0.001 -18"><span class='ocrx_word' id='word_1_312' title='bbox 322 3878 415 3925; x_wconf 83' lang='lat' dir='ltr'><strong>tur</strong></span> <span class='ocrx_word' id='word_1_313' title='bbox 441 3889 455 3924; x_wconf 92' lang='lat'>:</span> <span class='ocrx_word' id='word_1_314' title='bbox 483 3882 535 3925; x_wconf 87' lang='lat' dir='ltr'><strong>et</strong></span> <span class='ocrx_word' id='word_1_315' title='bbox 565 3879 808 3941; x_wconf 87' lang='lat' dir='ltr'><strong>tanquam</strong></span> <span class='ocrx_word' id='word_1_316' title='bbox 835 3870 1008 3926; x_wconf 90' lang='lat' dir='ltr'><strong>bonus</strong></span> <span class='ocrx_word' id='word_1_317' title='bbox 1024 3870 1133 3939; x_wconf 90' lang='lat' dir='ltr'><strong>jam</strong></span> <span class='ocrx_word' id='word_1_318' title='bbox 1158 3869 1417 3942; x_wconf 85' lang='lat' dir='ltr'><strong>incipiens</strong></span> <span class='ocrx_word' id='word_1_319' title='bbox 1445 3884 1564 3925; x_wconf 87' lang='lat' dir='ltr'><strong>esse</strong></span> <span class='ocrx_word' id='word_1_320' title='bbox 1588 3869 1750 3938; x_wconf 83' lang='lat' dir='ltr'><strong>titius,</strong></span> <span class='ocrx_word' id='word_1_321' title='bbox 1772 3884 1886 3925; x_wconf 85' lang='lat' dir='ltr'><strong>ma-</strong></span> 
     </span>
    </p>
   </div>
   <div class='ocr_carea' id='block_1_41' title="bbox 324 3960 1887 4033">
    <p class='ocr_par' dir='ltr' id='par_1_41' title="bbox 324 3960 1887 4033">
     <span class='ocr_line' id='line_1_41' title="bbox 324 3960 1887 4033; baseline 0.003 -20"><span class='ocrx_word' id='word_1_322' title='bbox 324 3970 596 4016; x_wconf 87' lang='lat' dir='ltr'><strong>ternorum</strong></span> <span class='ocrx_word' id='word_1_323' title='bbox 625 3962 979 4016; x_wconf 86' lang='lat' dir='ltr'><strong>membrorum</strong></span> <span class='ocrx_word' id='word_1_324' title='bbox 1005 3960 1193 4016; x_wconf 87' lang='lat' dir='ltr'><strong>ordine</strong></span> <span class='ocrx_word' id='word_1_325' title='bbox 1218 3960 1502 4029; x_wconf 90' lang='lat' dir='ltr'><strong>custodito,</strong></span> <span class='ocrx_word' id='word_1_326' title='bbox 1533 3978 1563 4016; x_wconf 91' lang='lat' dir='ltr'><strong>a</strong></span> <span class='ocrx_word' id='word_1_327' title='bbox 1591 3963 1887 4033; x_wconf 65' lang='lat' dir='ltr'><strong>praepositis</strong></span> 
     </span>
    </p>
   </div>
   <div class='ocr_carea' id='block_1_42' title="bbox 327 4050 1883 4121">
    <p class='ocr_par' dir='ltr' id='par_1_42' title="bbox 327 4050 1883 4121">
     <span class='ocr_line' id='line_1_42' title="bbox 327 4050 1883 4121; baseline 0 -14"><span class='ocrx_word' id='word_1_328' title='bbox 327 4052 794 4107; x_wconf 87' lang='lat' dir='ltr'><strong>Sacramentorum</strong></span> <span class='ocrx_word' id='word_1_329' title='bbox 826 4052 1053 4121; x_wconf 86' lang='lat' dir='ltr'><strong>accipiat</strong></span> <span class='ocrx_word' id='word_1_330' title='bbox 1087 4050 1459 4106; x_wconf 84' lang='lat' dir='ltr'><strong>satisfactionis</strong></span> <span class='ocrx_word' id='word_1_331' title='bbox 1494 4066 1604 4106; x_wconf 67' lang='lat' dir='ltr'><strong>sure</strong></span> <span class='ocrx_word' id='word_1_332' title='bbox 1628 4050 1841 4107; x_wconf 90' lang='lat' dir='ltr'><strong>modum</strong></span> <span class='ocrx_word' id='word_1_333' title='bbox 1868 4068 1883 4117; x_wconf 90' lang='lat'><strong>;</strong></span> 
     </span>
    </p>
   </div>
   <div class='ocr_carea' id='block_1_43' title="bbox 325 4140 1883 4198">
    <p class='ocr_par' dir='ltr' id='par_1_43' title="bbox 325 4140 1883 4198">
     <span class='ocr_line' id='line_1_43' title="bbox 325 4140 1883 4198; baseline 0 -1"><span class='ocrx_word' id='word_1_334' title='bbox 325 4153 382 4198; x_wconf 88' lang='lat' dir='ltr'><strong>ut</strong></span> <span class='ocrx_word' id='word_1_335' title='bbox 416 4143 469 4197; x_wconf 89' lang='lat' dir='ltr'><strong>in</strong></span> <span class='ocrx_word' id='word_1_336' title='bbox 497 4141 771 4198; x_wconf 64' lang='lat' dir='ltr'><strong>offerendo</strong></span> <span class='ocrx_word' id='word_1_337' title='bbox 800 4140 1060 4197; x_wconf 80' lang='lat' dir='ltr'><strong>sacriﬁcio</strong></span> <span class='ocrx_word' id='word_1_338' title='bbox 1092 4141 1269 4197; x_wconf 89' lang='lat' dir='ltr'><strong>cordis</strong></span> <span class='ocrx_word' id='word_1_339' title='bbox 1301 4142 1632 4197; x_wconf 89' lang='lat' dir='ltr'><strong>contribulati</strong></span> <span class='ocrx_word' id='word_1_340' title='bbox 1660 4141 1883 4197; x_wconf 88' lang='lat' dir='ltr'><strong>devotus</strong></span> 
     </span>
    </p>
   </div>
   <div class='ocr_carea' id='block_1_44' title="bbox 323 4232 1885 4304">
    <p class='ocr_par' dir='ltr' id='par_1_44' title="bbox 323 4232 1885 4304">
     <span class='ocr_line' id='line_1_44' title="bbox 323 4232 1885 4304; baseline -0.001 -16"><span class='ocrx_word' id='word_1_341' title='bbox 323 4244 377 4289; x_wconf 88' lang='lat' dir='ltr'><strong>et</strong></span> <span class='ocrx_word' id='word_1_342' title='bbox 403 4234 621 4304; x_wconf 77' lang='lat' dir='ltr'><strong>supplex</strong></span> <span class='ocrx_word' id='word_1_343' title='bbox 642 4275 659 4300; x_wconf 96' lang='lat'><strong>,</strong></span> <span class='ocrx_word' id='word_1_344' title='bbox 700 4234 753 4287; x_wconf 92' lang='lat' dir='ltr'><strong>id</strong></span> <span class='ocrx_word' id='word_1_345' title='bbox 786 4241 961 4288; x_wconf 87' lang='lat' dir='ltr'><strong>tamen</strong></span> <span class='ocrx_word' id='word_1_346' title='bbox 989 4242 1107 4303; x_wconf 84' lang='lat' dir='ltr'><strong>agat</strong></span> <span class='ocrx_word' id='word_1_347' title='bbox 1132 4232 1271 4303; x_wconf 90' lang='lat' dir='ltr'><strong>quod</strong></span> <span class='ocrx_word' id='word_1_348' title='bbox 1300 4248 1404 4287; x_wconf 89' lang='lat' dir='ltr'><strong>non</strong></span> <span class='ocrx_word' id='word_1_349' title='bbox 1434 4233 1603 4287; x_wconf 87' lang='lat' dir='ltr'><strong>solum</strong></span> <span class='ocrx_word' id='word_1_350' title='bbox 1631 4232 1731 4300; x_wconf 87' lang='lat' dir='ltr'><strong>ipsi</strong></span> <span class='ocrx_word' id='word_1_351' title='bbox 1758 4247 1885 4301; x_wconf 84' lang='lat' dir='ltr'><strong>pro-</strong></span> 
     </span>
    </p>
   </div>
   <div class='ocr_carea' id='block_1_45' title="bbox 319 4322 1882 4395">
    <p class='ocr_par' dir='ltr' id='par_1_45' title="bbox 319 4322 1882 4395">
     <span class='ocr_line' id='line_1_45' title="bbox 319 4322 1882 4395; baseline -0.001 -15"><span class='ocrx_word' id='word_1_352' title='bbox 319 4325 390 4380; x_wconf 87' lang='lat' dir='ltr'><strong>sit</strong></span> <span class='ocrx_word' id='word_1_353' title='bbox 436 4326 500 4379; x_wconf 84' lang='lat' dir='ltr'><strong>ad</strong></span> <span class='ocrx_word' id='word_1_354' title='bbox 550 4324 909 4395; x_wconf 86' lang='lat' dir='ltr'><strong>recipiendam</strong></span> <span class='ocrx_word' id='word_1_355' title='bbox 950 4324 1201 4389; x_wconf 87' lang='lat' dir='ltr'><strong>salutem,</strong></span> <span class='ocrx_word' id='word_1_356' title='bbox 1244 4322 1339 4379; x_wconf 84' lang='lat' dir='ltr'><strong>sed</strong></span> <span class='ocrx_word' id='word_1_357' title='bbox 1369 4322 1530 4378; x_wconf 87' lang='lat' dir='ltr'><strong>etiam</strong></span> <span class='ocrx_word' id='word_1_358' title='bbox 1568 4323 1774 4379; x_wconf 72' lang='lat' dir='ltr'><strong>caneris</strong></span> <span class='ocrx_word' id='word_1_359' title='bbox 1814 4322 1882 4378; x_wconf 88' lang='lat' dir='ltr'><strong>ad</strong></span> 
     </span>
    </p>
   </div>
   <div class='ocr_carea' id='block_1_46' title="bbox 318 4412 1890 4487">
    <p class='ocr_par' dir='ltr' id='par_1_46' title="bbox 318 4412 1890 4487">
     <span class='ocr_line' id='line_1_46' title="bbox 318 4412 1890 4487; baseline -0.003 -16"><span class='ocrx_word' id='word_1_360' title='bbox 318 4418 646 4487; x_wconf 73' lang='lat' dir='ltr'><strong>exemplum.</strong></span> <span class='ocrx_word' id='word_1_361' title='bbox 676 4414 747 4472; x_wconf 84' lang='lat' dir='ltr'><strong>Ut</strong></span> <span class='ocrx_word' id='word_1_362' title='bbox 771 4414 817 4470; x_wconf 87' lang='lat' dir='ltr'><strong>si</strong></span> <span class='ocrx_word' id='word_1_363' title='bbox 845 4423 1119 4484; x_wconf 82' lang='lat' dir='ltr'><strong>peccatum</strong></span> <span class='ocrx_word' id='word_1_364' title='bbox 1157 4412 1271 4481; x_wconf 87' lang='lat' dir='ltr'><strong>ejus</strong></span> <span class='ocrx_word' id='word_1_365' title='bbox 1294 4452 1310 4477; x_wconf 96' lang='lat'><strong>,</strong></span> <span class='ocrx_word' id='word_1_366' title='bbox 1338 4427 1443 4465; x_wconf 90' lang='lat' dir='ltr'><strong>non</strong></span> <span class='ocrx_word' id='word_1_367' title='bbox 1469 4412 1639 4466; x_wconf 88' lang='lat' dir='ltr'><strong>solum</strong></span> <span class='ocrx_word' id='word_1_368' title='bbox 1669 4412 1720 4465; x_wconf 92' lang='lat' dir='ltr'><strong>in</strong></span> <span class='ocrx_word' id='word_1_369' title='bbox 1745 4412 1890 4482; x_wconf 88' lang='lat' dir='ltr'><strong>gravi</strong></span> 
     </span>
    </p>
   </div>
   <div class='ocr_carea' id='block_1_47' title="bbox 316 4499 1886 4576">
    <p class='ocr_par' dir='ltr' id='par_1_47' title="bbox 316 4499 1886 4576">
     <span class='ocr_line' id='line_1_47' title="bbox 316 4499 1886 4576; baseline -0.003 -17"><span class='ocrx_word' id='word_1_370' title='bbox 316 4506 433 4576; x_wconf 84' lang='lat' dir='ltr'><strong>ejus</strong></span> <span class='ocrx_word' id='word_1_371' title='bbox 464 4507 639 4570; x_wconf 76' lang='lat' dir='ltr'><strong>maio,</strong></span> <span class='ocrx_word' id='word_1_372' title='bbox 679 4502 774 4557; x_wconf 88' lang='lat' dir='ltr'><strong>sed</strong></span> <span class='ocrx_word' id='word_1_373' title='bbox 799 4503 957 4558; x_wconf 88' lang='lat' dir='ltr'><strong>etiam</strong></span> <span class='ocrx_word' id='word_1_374' title='bbox 982 4502 1034 4554; x_wconf 93' lang='lat' dir='ltr'><strong>in</strong></span> <span class='ocrx_word' id='word_1_375' title='bbox 1060 4508 1206 4555; x_wconf 89' lang='lat' dir='ltr'><strong>tanto</strong></span> <span class='ocrx_word' id='word_1_376' title='bbox 1234 4499 1483 4555; x_wconf 86' lang='lat' dir='ltr'><strong>seandalo</strong></span> <span class='ocrx_word' id='word_1_377' title='bbox 1520 4500 1741 4555; x_wconf 89' lang='lat' dir='ltr'><strong>aliorum</strong></span> <span class='ocrx_word' id='word_1_378' title='bbox 1768 4509 1851 4556; x_wconf 84' lang='lat' dir='ltr'><strong>est</strong></span> <span class='ocrx_word' id='word_1_379' title='bbox 1870 4542 1886 4565; x_wconf 95' lang='lat'><strong>,</strong></span> 
     </span>
    </p>
   </div>
   <div class='ocr_carea' id='block_1_48' title="bbox 314 4591 1891 4670">
    <p class='ocr_par' dir='ltr' id='par_1_48' title="bbox 314 4591 1891 4670">
     <span class='ocr_line' id='line_1_48' title="bbox 314 4591 1891 4670; baseline -0.004 -17"><span class='ocrx_word' id='word_1_380' title='bbox 314 4610 478 4670; x_wconf 85' lang='lat' dir='ltr'><strong>atque</strong></span> <span class='ocrx_word' id='word_1_381' title='bbox 501 4600 608 4653; x_wconf 83' lang='lat' dir='ltr'><strong>hoc</strong></span> <span class='ocrx_word' id='word_1_382' title='bbox 631 4595 885 4665; x_wconf 82' lang='lat' dir='ltr'><strong>expedire</strong></span> <span class='ocrx_word' id='word_1_383' title='bbox 902 4592 1115 4649; x_wconf 88' lang='lat' dir='ltr'><strong>utilitati</strong></span> <span class='ocrx_word' id='word_1_384' title='bbox 1143 4593 1391 4648; x_wconf 75' lang='lat' dir='ltr'><strong>Ecclesia:</strong></span> <span class='ocrx_word' id='word_1_385' title='bbox 1416 4591 1625 4647; x_wconf 88' lang='lat' dir='ltr'><strong>videtur</strong></span> <span class='ocrx_word' id='word_1_386' title='bbox 1648 4592 1891 4659; x_wconf 88' lang='lat' dir='ltr'><strong>antistiti,</strong></span> 
     </span>
    </p>
   </div>
   <div class='ocr_carea' id='block_1_49' title="bbox 316 4682 1895 4753">
    <p class='ocr_par' dir='ltr' id='par_1_49' title="bbox 316 4682 1895 4753">
     <span class='ocr_line' id='line_1_49' title="bbox 316 4682 1895 4753; baseline -0.003 -10"><span class='ocrx_word' id='word_1_387' title='bbox 316 4690 367 4744; x_wconf 89' lang='lat' dir='ltr'><strong>in</strong></span> <span class='ocrx_word' id='word_1_388' title='bbox 410 4690 608 4745; x_wconf 88' lang='lat' dir='ltr'><strong>notitia</strong></span> <span class='ocrx_word' id='word_1_389' title='bbox 652 4685 973 4752; x_wconf 89' lang='lat' dir='ltr'><strong>multorum,</strong></span> <span class='ocrx_word' id='word_1_390' title='bbox 1014 4684 1097 4741; x_wconf 88' lang='lat' dir='ltr'><strong>vel</strong></span> <span class='ocrx_word' id='word_1_391' title='bbox 1134 4684 1293 4740; x_wconf 86' lang='lat' dir='ltr'><strong>etiam</strong></span> <span class='ocrx_word' id='word_1_392' title='bbox 1330 4684 1489 4739; x_wconf 88' lang='lat' dir='ltr'><strong>totius</strong></span> <span class='ocrx_word' id='word_1_393' title='bbox 1529 4682 1698 4752; x_wconf 88' lang='lat' dir='ltr'><strong>plebis</strong></span> <span class='ocrx_word' id='word_1_394' title='bbox 1736 4698 1895 4753; x_wconf 85' lang='lat' dir='ltr'><strong>agere</strong></span> 
     </span>
    </p>
   </div>
   <div class='ocr_carea' id='block_1_50' title="bbox 314 4773 1896 4849">
    <p class='ocr_par' dir='ltr' id='par_1_50' title="bbox 314 4773 1896 4849">
     <span class='ocr_line' id='line_1_50' title="bbox 314 4773 1896 4849; baseline -0.003 -16"><span class='ocrx_word' id='word_1_395' title='bbox 314 4779 695 4849; x_wconf 77' lang='lat' dir='ltr'><strong>pcnuitcnliam</strong></span> <span class='ocrx_word' id='word_1_396' title='bbox 726 4792 831 4832; x_wconf 87' lang='lat' dir='ltr'><strong>non</strong></span> <span class='ocrx_word' id='word_1_397' title='bbox 860 4784 1092 4843; x_wconf 83' lang='lat' dir='ltr'><strong>recuset,</strong></span> <span class='ocrx_word' id='word_1_398' title='bbox 1121 4787 1224 4829; x_wconf 90' lang='lat' dir='ltr'><strong>non</strong></span> <span class='ocrx_word' id='word_1_399' title='bbox 1245 4774 1475 4839; x_wconf 89' lang='lat' dir='ltr'><strong>resistat,</strong></span> <span class='ocrx_word' id='word_1_400' title='bbox 1509 4788 1613 4827; x_wconf 89' lang='lat' dir='ltr'><strong>non</strong></span> <span class='ocrx_word' id='word_1_401' title='bbox 1639 4773 1819 4829; x_wconf 82' lang='lat' dir='ltr'><strong>letbali</strong></span> <span class='ocrx_word' id='word_1_402' title='bbox 1840 4780 1896 4828; x_wconf 83' lang='lat' dir='ltr'><strong>et</strong></span> 
     </span>
    </p>
   </div>
   <div class='ocr_carea' id='block_1_51' title="bbox 311 4862 1893 4939">
    <p class='ocr_par' dir='ltr' id='par_1_51' title="bbox 311 4862 1893 4939">
     <span class='ocr_line' id='line_1_51' title="bbox 311 4862 1893 4939; baseline -0.004 -16"><span class='ocrx_word' id='word_1_403' title='bbox 311 4871 614 4925; x_wconf 70' lang='lat' dir='ltr'><strong>mortifera:</strong></span> <span class='ocrx_word' id='word_1_404' title='bbox 643 4870 809 4939; x_wconf 73' lang='lat' dir='ltr'><strong>plaga:</strong></span> <span class='ocrx_word' id='word_1_405' title='bbox 832 4882 925 4937; x_wconf 87' lang='lat' dir='ltr'><strong>per</strong></span> <span class='ocrx_word' id='word_1_406' title='bbox 943 4864 1201 4935; x_wconf 84' lang='lat' dir='ltr'><strong>pudorem</strong></span> <span class='ocrx_word' id='word_1_407' title='bbox 1224 4863 1381 4919; x_wconf 86' lang='lat' dir='ltr'><strong>addat</strong></span> <span class='ocrx_word' id='word_1_408' title='bbox 1405 4872 1683 4919; x_wconf 89' lang='lat' dir='ltr'><strong>tumorem.</strong></span> <span class='ocrx_word' id='word_1_409' title='bbox 1710 4862 1893 4918; x_wconf 86' lang='lat' dir='ltr'><strong>Memi-</strong></span> 
     </span>
    </p>
   </div>
   <div class='ocr_carea' id='block_1_52' title="bbox 307 4955 1893 5028">
    <p class='ocr_par' dir='ltr' id='par_1_52' title="bbox 307 4955 1893 5028">
     <span class='ocr_line' id='line_1_52' title="bbox 307 4955 1893 5028; baseline -0.003 -13"><span class='ocrx_word' id='word_1_410' title='bbox 307 4963 456 5015; x_wconf 86' lang='lat' dir='ltr'><strong>nerit</strong></span> <span class='ocrx_word' id='word_1_411' title='bbox 495 4974 717 5028; x_wconf 83' lang='lat' dir='ltr'><strong>semper</strong></span> <span class='ocrx_word' id='word_1_412' title='bbox 736 4999 753 5026; x_wconf 91' lang='lat'><strong>,</strong></span> <span class='ocrx_word' id='word_1_413' title='bbox 796 4957 935 5028; x_wconf 90' lang='lat' dir='ltr'><strong>quod</strong></span> <span class='ocrx_word' id='word_1_414' title='bbox 958 4955 1186 5028; x_wconf 81' lang='lat' dir='ltr'><strong>superbis</strong></span> <span class='ocrx_word' id='word_1_415' title='bbox 1217 4955 1350 5011; x_wconf 86' lang='lat' dir='ltr'><strong>Deus</strong></span> <span class='ocrx_word' id='word_1_416' title='bbox 1376 4956 1593 5019; x_wconf 89' lang='lat' dir='ltr'><strong>resistit,</strong></span> <span class='ocrx_word' id='word_1_417' title='bbox 1621 4955 1893 5010; x_wconf 78' lang='lat' dir='ltr'><strong>humilibus</strong></span> 
     </span>
    </p>
   </div>
   <div class='ocr_carea' id='block_1_53' title="bbox 303 5044 1899 5118">
    <p class='ocr_par' dir='ltr' id='par_1_53' title="bbox 303 5044 1899 5118">
     <span class='ocr_line' id='line_1_53' title="bbox 303 5044 1899 5118; baseline -0.002 -14"><span class='ocrx_word' id='word_1_418' title='bbox 303 5062 484 5105; x_wconf 80' lang='lat' dir='ltr'><strong>autem</strong></span> <span class='ocrx_word' id='word_1_419' title='bbox 516 5050 610 5101; x_wconf 85' lang='lat' dir='ltr'><strong>dat</strong></span> <span class='ocrx_word' id='word_1_420' title='bbox 632 5048 846 5118; x_wconf 81' lang='lat' dir='ltr'><strong>gratiam</strong></span> <span class='ocrx_word' id='word_1_421' title='bbox 869 5044 1085 5115; x_wconf 77' lang='lat' dir='ltr'><strong>(Jacobi</strong></span> <span class='ocrx_word' id='word_1_422' title='bbox 1107 5061 1183 5113; x_wconf 79' lang='lat' dir='ltr'><strong>IV,</strong></span> <span class='ocrx_word' id='word_1_423' title='bbox 1202 5044 1278 5118; x_wconf 79' lang='lat'><strong>6).</strong></span> <span class='ocrx_word' id='word_1_424' title='bbox 1297 5046 1431 5114; x_wconf 82' lang='lat' dir='ltr'><strong>Quid</strong></span> <span class='ocrx_word' id='word_1_425' title='bbox 1448 5047 1592 5101; x_wconf 82' lang='lat' dir='ltr'><strong>enim</strong></span> <span class='ocrx_word' id='word_1_426' title='bbox 1609 5056 1691 5101; x_wconf 88' lang='lat' dir='ltr'><strong>est</strong></span> <span class='ocrx_word' id='word_1_427' title='bbox 1724 5046 1899 5101; x_wconf 78' lang='lat' dir='ltr'><strong>infeli-</strong></span> 
     </span>
    </p>
   </div>
   <div class='ocr_carea' id='block_1_54' title="bbox 301 5135 1892 5211">
    <p class='ocr_par' dir='ltr' id='par_1_54' title="bbox 301 5135 1892 5211">
     <span class='ocr_line' id='line_1_54' title="bbox 301 5135 1892 5211; baseline -0.003 -16"><span class='ocrx_word' id='word_1_428' title='bbox 301 5143 425 5197; x_wconf 87' lang='lat' dir='ltr'><strong>cius</strong></span> <span class='ocrx_word' id='word_1_429' title='bbox 450 5183 468 5206; x_wconf 88' lang='lat'><strong>,</strong></span> <span class='ocrx_word' id='word_1_430' title='bbox 503 5137 637 5211; x_wconf 87' lang='lat' dir='ltr'><strong>quid</strong></span> <span class='ocrx_word' id='word_1_431' title='bbox 667 5138 964 5208; x_wconf 87' lang='lat' dir='ltr'><strong>perversius</strong></span> <span class='ocrx_word' id='word_1_432' title='bbox 986 5177 1002 5201; x_wconf 92' lang='lat'><strong>,</strong></span> <span class='ocrx_word' id='word_1_433' title='bbox 1033 5151 1189 5207; x_wconf 85' lang='lat' dir='ltr'><strong>quam</strong></span> <span class='ocrx_word' id='word_1_434' title='bbox 1221 5135 1292 5191; x_wconf 89' lang='lat' dir='ltr'><strong>de</strong></span> <span class='ocrx_word' id='word_1_435' title='bbox 1320 5135 1434 5206; x_wconf 81' lang='lat' dir='ltr'><strong>ipso</strong></span> <span class='ocrx_word' id='word_1_436' title='bbox 1464 5137 1677 5190; x_wconf 87' lang='lat' dir='ltr'><strong>vulnere</strong></span> <span class='ocrx_word' id='word_1_437' title='bbox 1696 5176 1712 5201; x_wconf 92' lang='lat'><strong>,</strong></span> <span class='ocrx_word' id='word_1_438' title='bbox 1749 5136 1892 5205; x_wconf 88' lang='lat' dir='ltr'><strong>quod</strong></span> 
     </span>
    </p>
   </div>
   <div class='ocr_carea' id='block_1_55' title="bbox 297 5226 1894 5298">
    <p class='ocr_par' dir='ltr' id='par_1_55' title="bbox 297 5226 1894 5298">
     <span class='ocr_line' id='line_1_55' title="bbox 297 5226 1894 5298; baseline -0.003 -13"><span class='ocrx_word' id='word_1_439' title='bbox 297 5231 481 5287; x_wconf 81' lang='lat' dir='ltr'><strong>latere</strong></span> <span class='ocrx_word' id='word_1_440' title='bbox 508 5245 617 5284; x_wconf 88' lang='lat' dir='ltr'><strong>non</strong></span> <span class='ocrx_word' id='word_1_441' title='bbox 650 5238 841 5298; x_wconf 86' lang='lat' dir='ltr'><strong>potest,</strong></span> <span class='ocrx_word' id='word_1_442' title='bbox 858 5242 965 5283; x_wconf 92' lang='lat' dir='ltr'><strong>non</strong></span> <span class='ocrx_word' id='word_1_443' title='bbox 992 5227 1329 5295; x_wconf 77' lang='lat' dir='ltr'><strong>erubescere,</strong></span> <span class='ocrx_word' id='word_1_444' title='bbox 1355 5236 1409 5282; x_wconf 90' lang='lat' dir='ltr'><strong>et</strong></span> <span class='ocrx_word' id='word_1_445' title='bbox 1434 5226 1503 5282; x_wconf 89' lang='lat' dir='ltr'><strong>de</strong></span> <span class='ocrx_word' id='word_1_446' title='bbox 1530 5227 1749 5297; x_wconf 86' lang='lat' dir='ltr'><strong>ligatura</strong></span> <span class='ocrx_word' id='word_1_447' title='bbox 1778 5226 1894 5297; x_wconf 86' lang='lat' dir='ltr'><strong>ejus</strong></span> 
     </span>
    </p>
   </div>
   <div class='ocr_carea' id='block_1_56' title="bbox 1710 304 2190 365">
    <p class='ocr_par' dir='ltr' id='par_1_56' title="bbox 1710 304 2190 365">
     <span class='ocr_line' id='line_1_56' title="bbox 1710 304 2190 365; baseline -0.01 0"><span class='ocrx_word' id='word_1_448' title='bbox 1710 304 1938 365; x_wconf 75' lang='lat' dir='ltr'><strong>SERMO</strong></span> <span class='ocrx_word' id='word_1_449' title='bbox 1975 304 2190 363; x_wconf 77' lang='lat' dir='ltr'><strong>CCCLI.</strong></span> 
     </span>
    </p>
   </div>
   <div class='ocr_carea' id='block_1_57' title="bbox 3444 315 3579 371">
    <p class='ocr_par' dir='ltr' id='par_1_57' title="bbox 3444 315 3579 371">
     <span class='ocr_line' id='line_1_57' title="bbox 3444 315 3579 371; baseline 0.015 -2"><span class='ocrx_word' id='word_1_450' title='bbox 3444 315 3579 371; x_wconf 67' lang='lat' dir='ltr'><strong>15w</strong></span> 
     </span>
    </p>
   </div>
   <div class='ocr_carea' id='block_1_58' title="bbox 2012 417 3575 489">
    <p class='ocr_par' dir='ltr' id='par_1_58' title="bbox 2012 417 3575 489">
     <span class='ocr_line' id='line_1_58' title="bbox 2012 417 3575 489; baseline 0.006 -17"><span class='ocrx_word' id='word_1_451' title='bbox 2012 417 2207 474; x_wconf 89' lang='lat' dir='ltr'><strong>debere</strong></span> <span class='ocrx_word' id='word_1_452' title='bbox 2236 427 2594 485; x_wconf 85' lang='lat' dir='ltr'><strong>contemnere,</strong></span> <span class='ocrx_word' id='word_1_453' title='bbox 2617 421 2735 489; x_wconf 88' lang='lat' dir='ltr'><strong>quia</strong></span> <span class='ocrx_word' id='word_1_454' title='bbox 2757 420 2952 476; x_wconf 90' lang='lat' dir='ltr'><strong>multos</strong></span> <span class='ocrx_word' id='word_1_455' title='bbox 2978 422 3115 478; x_wconf 88' lang='lat' dir='ltr'><strong>forte</strong></span> <span class='ocrx_word' id='word_1_456' title='bbox 3142 424 3368 480; x_wconf 83' lang='lat' dir='ltr'><strong>advertit</strong></span> <span class='ocrx_word' id='word_1_457' title='bbox 3393 436 3445 481; x_wconf 91' lang='lat' dir='ltr'><strong>et</strong></span> <span class='ocrx_word' id='word_1_458' title='bbox 3474 440 3575 483; x_wconf 51' lang='lat' dir='ltr'><strong>nos</strong></span> 
     </span>
    </p>
   </div>
   <div class='ocr_carea' id='block_1_59' title="bbox 2008 509 3577 584">
    <p class='ocr_par' dir='ltr' id='par_1_59' title="bbox 2008 509 3577 584">
     <span class='ocr_line' id='line_1_59' title="bbox 2008 509 3577 584; baseline 0.006 -21"><span class='ocrx_word' id='word_1_459' title='bbox 2008 510 2082 564; x_wconf 91' lang='lat' dir='ltr'><strong>vit</strong></span> <span class='ocrx_word' id='word_1_460' title='bbox 2104 509 2171 563; x_wconf 86' lang='lat' dir='ltr'><strong>ad</strong></span> <span class='ocrx_word' id='word_1_461' title='bbox 2198 509 2537 565; x_wconf 87' lang='lat' dir='ltr'><strong>Sacramenta</strong></span> <span class='ocrx_word' id='word_1_462' title='bbox 2561 511 2743 567; x_wconf 89' lang='lat' dir='ltr'><strong>altaris</strong></span> <span class='ocrx_word' id='word_1_463' title='bbox 2766 514 3042 577; x_wconf 87' lang='lat' dir='ltr'><strong>accedere,</strong></span> <span class='ocrx_word' id='word_1_464' title='bbox 3068 529 3293 584; x_wconf 90' lang='lat' dir='ltr'><strong>quorum</strong></span> <span class='ocrx_word' id='word_1_465' title='bbox 3326 517 3447 570; x_wconf 86' lang='lat' dir='ltr'><strong>talia</strong></span> <span class='ocrx_word' id='word_1_466' title='bbox 3472 519 3577 572; x_wconf 86' lang='lat' dir='ltr'><strong>cri-</strong></span> 
     </span>
    </p>
   </div>
   <div class='ocr_carea' id='block_1_60' title="bbox 2005 602 3572 674">
    <p class='ocr_par' dir='ltr' id='par_1_60' title="bbox 2005 602 3572 674">
     <span class='ocr_line' id='line_1_60' title="bbox 2005 602 3572 674; baseline 0.006 -19"><span class='ocrx_word' id='word_1_467' title='bbox 2005 602 2145 655; x_wconf 89' lang='lat' dir='ltr'><strong>mina</strong></span> <span class='ocrx_word' id='word_1_468' title='bbox 2163 617 2266 656; x_wconf 90' lang='lat' dir='ltr'><strong>non</strong></span> <span class='ocrx_word' id='word_1_469' title='bbox 2295 602 2516 671; x_wconf 78' lang='lat' dir='ltr'><strong>ignorat.</strong></span> <span class='ocrx_word' id='word_1_470' title='bbox 2541 602 2682 657; x_wconf 80' lang='lat' dir='ltr'><strong>Multi</strong></span> <span class='ocrx_word' id='word_1_471' title='bbox 2715 605 2855 658; x_wconf 89' lang='lat' dir='ltr'><strong>enim</strong></span> <span class='ocrx_word' id='word_1_472' title='bbox 2876 606 3231 674; x_wconf 87' lang='lat' dir='ltr'><strong>corriguntur,</strong></span> <span class='ocrx_word' id='word_1_473' title='bbox 3263 608 3520 663; x_wconf 88' lang='lat' dir='ltr'><strong>utPetrus</strong></span> <span class='ocrx_word' id='word_1_474' title='bbox 3557 626 3572 664; x_wconf 89' lang='lat'><strong>:</strong></span> 
     </span>
    </p>
   </div>
   <div class='ocr_carea' id='block_1_61' title="bbox 2005 692 3574 765">
    <p class='ocr_par' dir='ltr' id='par_1_61' title="bbox 2005 692 3574 765">
     <span class='ocr_line' id='line_1_61' title="bbox 2005 692 3574 765; baseline 0.005 -20"><span class='ocrx_word' id='word_1_475' title='bbox 2005 692 2155 746; x_wconf 90' lang='lat' dir='ltr'><strong>multi</strong></span> <span class='ocrx_word' id='word_1_476' title='bbox 2186 693 2506 759; x_wconf 89' lang='lat' dir='ltr'><strong>tolerantur,</strong></span> <span class='ocrx_word' id='word_1_477' title='bbox 2537 703 2596 747; x_wconf 90' lang='lat' dir='ltr'><strong>ut</strong></span> <span class='ocrx_word' id='word_1_478' title='bbox 2620 693 2782 748; x_wconf 86' lang='lat' dir='ltr'><strong>Judas</strong></span> <span class='ocrx_word' id='word_1_479' title='bbox 2812 713 2825 747; x_wconf 89' lang='lat'><strong>:</strong></span> <span class='ocrx_word' id='word_1_480' title='bbox 2856 696 3005 749; x_wconf 91' lang='lat' dir='ltr'><strong>multi</strong></span> <span class='ocrx_word' id='word_1_481' title='bbox 3035 698 3374 765; x_wconf 87' lang='lat' dir='ltr'><strong>nesciuntur,</strong></span> <span class='ocrx_word' id='word_1_482' title='bbox 3402 698 3574 753; x_wconf 88' lang='lat' dir='ltr'><strong>donec</strong></span> 
     </span>
    </p>
   </div>
   <div class='ocr_carea' id='block_1_62' title="bbox 2003 784 3571 856">
    <p class='ocr_par' dir='ltr' id='par_1_62' title="bbox 2003 784 3571 856">
     <span class='ocr_line' id='line_1_62' title="bbox 2003 784 3571 856; baseline 0.004 -18"><span class='ocrx_word' id='word_1_483' title='bbox 2003 784 2182 838; x_wconf 87' lang='lat' dir='ltr'><strong>veniat</strong></span> <span class='ocrx_word' id='word_1_484' title='bbox 2202 785 2476 850; x_wconf 91' lang='lat' dir='ltr'><strong>Dominus,</strong></span> <span class='ocrx_word' id='word_1_485' title='bbox 2499 786 2588 854; x_wconf 90' lang='lat' dir='ltr'><strong>qui</strong></span> <span class='ocrx_word' id='word_1_486' title='bbox 2607 786 2862 841; x_wconf 88' lang='lat' dir='ltr'><strong>illuminet</strong></span> <span class='ocrx_word' id='word_1_487' title='bbox 2882 787 3188 841; x_wconf 85' lang='lat' dir='ltr'><strong>abscondita</strong></span> <span class='ocrx_word' id='word_1_488' title='bbox 3209 791 3571 856; x_wconf 87' lang='lat' dir='ltr'><strong>tenebrarum,</strong></span> 
     </span>
    </p>
   </div>
   <div class='ocr_carea' id='block_1_63' title="bbox 2003 874 3571 948">
    <p class='ocr_par' dir='ltr' id='par_1_63' title="bbox 2003 874 3571 948">
     <span class='ocr_line' id='line_1_63' title="bbox 2003 874 3571 948; baseline 0.004 -19"><span class='ocrx_word' id='word_1_489' title='bbox 2003 882 2059 929; x_wconf 90' lang='lat' dir='ltr'><strong>et</strong></span> <span class='ocrx_word' id='word_1_490' title='bbox 2081 874 2379 928; x_wconf 88' lang='lat' dir='ltr'><strong>manifestet</strong></span> <span class='ocrx_word' id='word_1_491' title='bbox 2402 874 2748 944; x_wconf 82' lang='lat' dir='ltr'><strong>cogitationes</strong></span> <span class='ocrx_word' id='word_1_492' title='bbox 2768 876 2945 931; x_wconf 87' lang='lat' dir='ltr'><strong>cordis</strong></span> <span class='ocrx_word' id='word_1_493' title='bbox 2970 876 3011 947; x_wconf 87' lang='lat' dir='ltr'><strong>(l</strong></span> <span class='ocrx_word' id='word_1_494' title='bbox 3036 877 3154 932; x_wconf 86' lang='lat' dir='ltr'><strong>Cor.</strong></span> <span class='ocrx_word' id='word_1_495' title='bbox 3188 894 3240 932; x_wconf 83' lang='lat' dir='ltr'><strong>tv</strong></span> <span class='ocrx_word' id='word_1_496' title='bbox 3261 920 3275 946; x_wconf 93' lang='lat'><strong>,</strong></span> <span class='ocrx_word' id='word_1_497' title='bbox 3318 880 3394 948; x_wconf 84' lang='lat'><strong>5).</strong></span> <span class='ocrx_word' id='word_1_498' title='bbox 3440 881 3571 935; x_wconf 86' lang='lat' dir='ltr'><strong>Nam</strong></span> 
     </span>
    </p>
   </div>
   <div class='ocr_carea' id='block_1_64' title="bbox 2004 965 3573 1041">
    <p class='ocr_par' dir='ltr' id='par_1_64' title="bbox 2004 965 3573 1041">
     <span class='ocr_line' id='line_1_64' title="bbox 2004 965 3573 1041; baseline 0.004 -22"><span class='ocrx_word' id='word_1_499' title='bbox 2004 965 2241 1035; x_wconf 88' lang='lat' dir='ltr'><strong>plerique</strong></span> <span class='ocrx_word' id='word_1_500' title='bbox 2262 974 2539 1034; x_wconf 81' lang='lat' dir='ltr'><strong>propterea</strong></span> <span class='ocrx_word' id='word_1_501' title='bbox 2560 966 2747 1020; x_wconf 74' lang='lat' dir='ltr'><strong>nolunt</strong></span> <span class='ocrx_word' id='word_1_502' title='bbox 2769 967 2901 1021; x_wconf 88' lang='lat' dir='ltr'><strong>alios</strong></span> <span class='ocrx_word' id='word_1_503' title='bbox 2928 983 3178 1023; x_wconf 86' lang='lat' dir='ltr'><strong>accusare</strong></span> <span class='ocrx_word' id='word_1_504' title='bbox 3195 1012 3210 1036; x_wconf 91' lang='lat'><strong>,</strong></span> <span class='ocrx_word' id='word_1_505' title='bbox 3242 970 3367 1024; x_wconf 90' lang='lat' dir='ltr'><strong>dum</strong></span> <span class='ocrx_word' id='word_1_506' title='bbox 3396 988 3452 1026; x_wconf 90' lang='lat' dir='ltr'><strong>se</strong></span> <span class='ocrx_word' id='word_1_507' title='bbox 3478 989 3573 1041; x_wconf 87' lang='lat' dir='ltr'><strong>per</strong></span> 
     </span>
    </p>
   </div>
   <div class='ocr_carea' id='block_1_65' title="bbox 2002 1056 3572 1126">
    <p class='ocr_par' dir='ltr' id='par_1_65' title="bbox 2002 1056 3572 1126">
     <span class='ocr_line' id='line_1_65' title="bbox 2002 1056 3572 1126; baseline 0.005 -17"><span class='ocrx_word' id='word_1_508' title='bbox 2002 1056 2122 1110; x_wconf 91' lang='lat' dir='ltr'><strong>illos</strong></span> <span class='ocrx_word' id='word_1_509' title='bbox 2146 1056 2361 1124; x_wconf 86' lang='lat' dir='ltr'><strong>cupiunt</strong></span> <span class='ocrx_word' id='word_1_510' title='bbox 2388 1071 2661 1111; x_wconf 84' lang='lat' dir='ltr'><strong>excusare.</strong></span> <span class='ocrx_word' id='word_1_511' title='bbox 2684 1057 2929 1126; x_wconf 88' lang='lat' dir='ltr'><strong>Plerique</strong></span> <span class='ocrx_word' id='word_1_512' title='bbox 2953 1066 3127 1111; x_wconf 89' lang='lat' dir='ltr'><strong>autem</strong></span> <span class='ocrx_word' id='word_1_513' title='bbox 3156 1060 3277 1113; x_wconf 92' lang='lat' dir='ltr'><strong>boni</strong></span> <span class='ocrx_word' id='word_1_514' title='bbox 3296 1061 3572 1117; x_wconf 83' lang='lat' dir='ltr'><strong>christiani</strong></span> 
     </span>
    </p>
   </div>
   <div class='ocr_carea' id='block_1_66' title="bbox 2002 1144 3572 1218">
    <p class='ocr_par' dir='ltr' id='par_1_66' title="bbox 2002 1144 3572 1218">
     <span class='ocr_line' id='line_1_66' title="bbox 2002 1144 3572 1218; baseline 0.004 -19"><span class='ocrx_word' id='word_1_515' title='bbox 2002 1154 2280 1214; x_wconf 88' lang='lat' dir='ltr'><strong>propterea</strong></span> <span class='ocrx_word' id='word_1_516' title='bbox 2304 1152 2495 1208; x_wconf 84' lang='lat' dir='ltr'><strong>tacent.</strong></span> <span class='ocrx_word' id='word_1_517' title='bbox 2521 1155 2575 1199; x_wconf 88' lang='lat' dir='ltr'><strong>et</strong></span> <span class='ocrx_word' id='word_1_518' title='bbox 2594 1144 2850 1200; x_wconf 86' lang='lat' dir='ltr'><strong>sufferunt</strong></span> <span class='ocrx_word' id='word_1_519' title='bbox 2866 1147 3086 1201; x_wconf 89' lang='lat' dir='ltr'><strong>aliorum</strong></span> <span class='ocrx_word' id='word_1_520' title='bbox 3106 1159 3319 1217; x_wconf 84' lang='lat' dir='ltr'><strong>peccata</strong></span> <span class='ocrx_word' id='word_1_521' title='bbox 3341 1166 3457 1218; x_wconf 66' lang='lat' dir='ltr'><strong>quae</strong></span> <span class='ocrx_word' id='word_1_522' title='bbox 3474 1167 3572 1204; x_wconf 80' lang='lat' dir='ltr'><strong>no-</strong></span> 
     </span>
    </p>
   </div>
   <div class='ocr_carea' id='block_1_67' title="bbox 2000 1236 3569 1310">
    <p class='ocr_par' dir='ltr' id='par_1_67' title="bbox 2000 1236 3569 1310">
     <span class='ocr_line' id='line_1_67' title="bbox 2000 1236 3569 1310; baseline 0.003 -20"><span class='ocrx_word' id='word_1_523' title='bbox 2000 1244 2209 1300; x_wconf 86' lang='lat' dir='ltr'><strong>verunt,</strong></span> <span class='ocrx_word' id='word_1_524' title='bbox 2237 1236 2359 1305; x_wconf 86' lang='lat' dir='ltr'><strong>quia</strong></span> <span class='ocrx_word' id='word_1_525' title='bbox 2384 1236 2718 1293; x_wconf 87' lang='lat' dir='ltr'><strong>documentis</strong></span> <span class='ocrx_word' id='word_1_526' title='bbox 2742 1252 2884 1306; x_wconf 69' lang='lat' dir='ltr'><strong>smpe</strong></span> <span class='ocrx_word' id='word_1_527' title='bbox 2908 1237 3244 1305; x_wconf 89' lang='lat' dir='ltr'><strong>deseruntur,</strong></span> <span class='ocrx_word' id='word_1_528' title='bbox 3273 1249 3325 1295; x_wconf 89' lang='lat' dir='ltr'><strong>et</strong></span> <span class='ocrx_word' id='word_1_529' title='bbox 3352 1255 3413 1295; x_wconf 83' lang='lat' dir='ltr'><strong>ea</strong></span> <span class='ocrx_word' id='word_1_530' title='bbox 3450 1257 3569 1310; x_wconf 83' lang='lat' dir='ltr'><strong>quas</strong></span> 
     </span>
    </p>
   </div>
   <div class='ocr_carea' id='block_1_68' title="bbox 2001 1328 3567 1400">
    <p class='ocr_par' dir='ltr' id='par_1_68' title="bbox 2001 1328 3567 1400">
     <span class='ocr_line' id='line_1_68' title="bbox 2001 1328 3567 1400; baseline 0 -17"><span class='ocrx_word' id='word_1_531' title='bbox 2001 1328 2100 1398; x_wconf 86' lang='lat' dir='ltr'><strong>ipsi</strong></span> <span class='ocrx_word' id='word_1_532' title='bbox 2128 1328 2331 1395; x_wconf 89' lang='lat' dir='ltr'><strong>sciunt,</strong></span> <span class='ocrx_word' id='word_1_533' title='bbox 2358 1328 2626 1397; x_wconf 88' lang='lat' dir='ltr'><strong>judicibus</strong></span> <span class='ocrx_word' id='word_1_534' title='bbox 2652 1328 3030 1384; x_wconf 87' lang='lat' dir='ltr'><strong>ecclesiasticis</strong></span> <span class='ocrx_word' id='word_1_535' title='bbox 3053 1330 3277 1398; x_wconf 87' lang='lat' dir='ltr'><strong>probare</strong></span> <span class='ocrx_word' id='word_1_536' title='bbox 3307 1345 3410 1384; x_wconf 91' lang='lat' dir='ltr'><strong>non</strong></span> <span class='ocrx_word' id='word_1_537' title='bbox 3443 1347 3567 1400; x_wconf 87' lang='lat' dir='ltr'><strong>pos-</strong></span> 
     </span>
    </p>
   </div>
   <div class='ocr_carea' id='block_1_69' title="bbox 2000 1419 3567 1490">
    <p class='ocr_par' dir='ltr' id='par_1_69' title="bbox 2000 1419 3567 1490">
     <span class='ocr_line' id='line_1_69' title="bbox 2000 1419 3567 1490; baseline 0.002 -17"><span class='ocrx_word' id='word_1_538' title='bbox 2000 1427 2144 1473; x_wconf 90' lang='lat' dir='ltr'><strong>sunt.</strong></span> <span class='ocrx_word' id='word_1_539' title='bbox 2180 1419 2432 1485; x_wconf 83' lang='lat' dir='ltr'><strong>Quamvis</strong></span> <span class='ocrx_word' id='word_1_540' title='bbox 2470 1419 2612 1474; x_wconf 87' lang='lat' dir='ltr'><strong>enim</strong></span> <span class='ocrx_word' id='word_1_541' title='bbox 2647 1434 2773 1474; x_wconf 87' lang='lat' dir='ltr'><strong>vera</strong></span> <span class='ocrx_word' id='word_1_542' title='bbox 2808 1420 2915 1475; x_wconf 90' lang='lat' dir='ltr'><strong>sint</strong></span> <span class='ocrx_word' id='word_1_543' title='bbox 2941 1420 3213 1490; x_wconf 85' lang='lat' dir='ltr'><strong>quaedam;</strong></span> <span class='ocrx_word' id='word_1_544' title='bbox 3259 1437 3362 1476; x_wconf 90' lang='lat' dir='ltr'><strong>non</strong></span> <span class='ocrx_word' id='word_1_545' title='bbox 3393 1430 3567 1476; x_wconf 87' lang='lat' dir='ltr'><strong>tamen</strong></span> 
     </span>
    </p>
   </div>
   <div class='ocr_carea' id='block_1_70' title="bbox 1996 1508 3568 1578">
    <p class='ocr_par' dir='ltr' id='par_1_70' title="bbox 1996 1508 3568 1578">
     <span class='ocr_line' id='line_1_70' title="bbox 1996 1508 3568 1578; baseline 0.002 -16"><span class='ocrx_word' id='word_1_546' title='bbox 1996 1508 2157 1577; x_wconf 92' lang='lat' dir='ltr'><strong>judici</strong></span> <span class='ocrx_word' id='word_1_547' title='bbox 2180 1508 2337 1564; x_wconf 82' lang='lat' dir='ltr'><strong>facile</strong></span> <span class='ocrx_word' id='word_1_548' title='bbox 2357 1509 2620 1566; x_wconf 86' lang='lat' dir='ltr'><strong>credenda</strong></span> <span class='ocrx_word' id='word_1_549' title='bbox 2643 1519 2787 1578; x_wconf 89' lang='lat' dir='ltr'><strong>sunt,</strong></span> <span class='ocrx_word' id='word_1_550' title='bbox 2809 1510 2909 1565; x_wconf 89' lang='lat' dir='ltr'><strong>nisi</strong></span> <span class='ocrx_word' id='word_1_551' title='bbox 2934 1512 3096 1566; x_wconf 89' lang='lat' dir='ltr'><strong>certis</strong></span> <span class='ocrx_word' id='word_1_552' title='bbox 3120 1510 3326 1567; x_wconf 89' lang='lat' dir='ltr'><strong>indiciis</strong></span> <span class='ocrx_word' id='word_1_553' title='bbox 3346 1513 3568 1568; x_wconf 87' lang='lat' dir='ltr'><strong>demon-</strong></span> 
     </span>
    </p>
   </div>
   <div class='ocr_carea' id='block_1_71' title="bbox 1999 1598 3566 1672">
    <p class='ocr_par' dir='ltr' id='par_1_71' title="bbox 1999 1598 3566 1672">
     <span class='ocr_line' id='line_1_71' title="bbox 1999 1598 3566 1672; baseline 0.002 -20"><span class='ocrx_word' id='word_1_554' title='bbox 1999 1606 2252 1653; x_wconf 88' lang='lat' dir='ltr'><strong>strentur.</strong></span> <span class='ocrx_word' id='word_1_555' title='bbox 2286 1598 2394 1654; x_wconf 82' lang='lat' dir='ltr'><strong>Nos</strong></span> <span class='ocrx_word' id='word_1_556' title='bbox 2432 1615 2560 1654; x_wconf 88' lang='lat' dir='ltr'><strong>vero</strong></span> <span class='ocrx_word' id='word_1_557' title='bbox 2594 1615 2625 1654; x_wconf 90' lang='lat' dir='ltr'><strong>a</strong></span> <span class='ocrx_word' id='word_1_558' title='bbox 2667 1601 3040 1655; x_wconf 90' lang='lat' dir='ltr'><strong>communione</strong></span> <span class='ocrx_word' id='word_1_559' title='bbox 3069 1601 3349 1670; x_wconf 83' lang='lat' dir='ltr'><strong>prohibere</strong></span> <span class='ocrx_word' id='word_1_560' title='bbox 3377 1619 3566 1672; x_wconf 85' lang='lat' dir='ltr'><strong>quem-</strong></span> 
     </span>
    </p>
   </div>
   <div class='ocr_carea' id='block_1_72' title="bbox 1997 1688 3568 1762">
    <p class='ocr_par' dir='ltr' id='par_1_72' title="bbox 1997 1688 3568 1762">
     <span class='ocr_line' id='line_1_72' title="bbox 1997 1688 3568 1762; baseline 0.001 -19"><span class='ocrx_word' id='word_1_561' title='bbox 1997 1702 2155 1756; x_wconf 88' lang='lat' dir='ltr'><strong>quam</strong></span> <span class='ocrx_word' id='word_1_562' title='bbox 2200 1704 2307 1742; x_wconf 87' lang='lat' dir='ltr'><strong>uon</strong></span> <span class='ocrx_word' id='word_1_563' title='bbox 2346 1702 2626 1758; x_wconf 88' lang='lat' dir='ltr'><strong>possumus</strong></span> <span class='ocrx_word' id='word_1_564' title='bbox 2652 1688 2926 1762; x_wconf 87' lang='lat' dir='ltr'><strong>(quamvis</strong></span> <span class='ocrx_word' id='word_1_565' title='bbox 2960 1689 3074 1746; x_wconf 57' lang='lat' dir='ltr'><strong>haec</strong></span> <span class='ocrx_word' id='word_1_566' title='bbox 3112 1689 3400 1759; x_wconf 86' lang='lat' dir='ltr'><strong>prohibitio</strong></span> <span class='ocrx_word' id='word_1_567' title='bbox 3429 1708 3568 1746; x_wconf 89' lang='lat' dir='ltr'><strong>nou-</strong></span> 
     </span>
    </p>
   </div>
   <div class='ocr_carea' id='block_1_73' title="bbox 1997 1778 3567 1854">
    <p class='ocr_par' dir='ltr' id='par_1_73' title="bbox 1997 1778 3567 1854">
     <span class='ocr_line' id='line_1_73' title="bbox 1997 1778 3567 1854; baseline 0.004 -21"><span class='ocrx_word' id='word_1_568' title='bbox 1997 1779 2125 1833; x_wconf 90' lang='lat' dir='ltr'><strong>dum</strong></span> <span class='ocrx_word' id='word_1_569' title='bbox 2151 1778 2220 1833; x_wconf 89' lang='lat' dir='ltr'><strong>sit</strong></span> <span class='ocrx_word' id='word_1_570' title='bbox 2245 1781 2485 1835; x_wconf 88' lang='lat' dir='ltr'><strong>mortalis</strong></span> <span class='ocrx_word' id='word_1_571' title='bbox 2504 1822 2519 1847; x_wconf 90' lang='lat'><strong>,</strong></span> <span class='ocrx_word' id='word_1_572' title='bbox 2547 1780 2641 1835; x_wconf 87' lang='lat' dir='ltr'><strong>sed</strong></span> <span class='ocrx_word' id='word_1_573' title='bbox 2679 1780 3083 1854; x_wconf 89' lang='lat' dir='ltr'><strong>medicinalis),</strong></span> <span class='ocrx_word' id='word_1_574' title='bbox 3108 1782 3210 1838; x_wconf 89' lang='lat' dir='ltr'><strong>nisi</strong></span> <span class='ocrx_word' id='word_1_575' title='bbox 3247 1792 3339 1837; x_wconf 90' lang='lat' dir='ltr'><strong>aut</strong></span> <span class='ocrx_word' id='word_1_576' title='bbox 3376 1794 3567 1853; x_wconf 84' lang='lat' dir='ltr'><strong>sponte</strong></span> 
     </span>
    </p>
   </div>
   <div class='ocr_carea' id='block_1_74' title="bbox 1996 1867 3570 1939">
    <p class='ocr_par' dir='ltr' id='par_1_74' title="bbox 1996 1867 3570 1939">
     <span class='ocr_line' id='line_1_74' title="bbox 1996 1867 3570 1939; baseline 0.001 -16"><span class='ocrx_word' id='word_1_577' title='bbox 1996 1867 2320 1936; x_wconf 84' lang='lat' dir='ltr'><strong>confessum,</strong></span> <span class='ocrx_word' id='word_1_578' title='bbox 2346 1878 2436 1924; x_wconf 91' lang='lat' dir='ltr'><strong>aut</strong></span> <span class='ocrx_word' id='word_1_579' title='bbox 2464 1869 2518 1924; x_wconf 88' lang='lat' dir='ltr'><strong>in</strong></span> <span class='ocrx_word' id='word_1_580' title='bbox 2543 1870 2722 1939; x_wconf 87' lang='lat' dir='ltr'><strong>aliquo</strong></span> <span class='ocrx_word' id='word_1_581' title='bbox 2747 1873 2860 1926; x_wconf 87' lang='lat' dir='ltr'><strong>sive</strong></span> <span class='ocrx_word' id='word_1_582' title='bbox 2887 1872 3151 1937; x_wconf 67' lang='lat' dir='ltr'><strong>smeulari,</strong></span> <span class='ocrx_word' id='word_1_583' title='bbox 3182 1872 3296 1927; x_wconf 87' lang='lat' dir='ltr'><strong>sive</strong></span> <span class='ocrx_word' id='word_1_584' title='bbox 3322 1874 3570 1929; x_wconf 59' lang='lat' dir='ltr'><strong>ecclesia.</strong></span> 
     </span>
    </p>
   </div>
   <div class='ocr_carea' id='block_1_75' title="bbox 1996 1959 3564 2035">
    <p class='ocr_par' dir='ltr' id='par_1_75' title="bbox 1996 1959 3564 2035">
     <span class='ocr_line' id='line_1_75' title="bbox 1996 1959 3564 2035; baseline 0.003 -21"><span class='ocrx_word' id='word_1_585' title='bbox 1996 1960 2129 2015; x_wconf 87' lang='lat' dir='ltr'><strong>stico</strong></span> <span class='ocrx_word' id='word_1_586' title='bbox 2142 1959 2347 2031; x_wconf 89' lang='lat' dir='ltr'><strong>judicio</strong></span> <span class='ocrx_word' id='word_1_587' title='bbox 2372 1962 2700 2018; x_wconf 87' lang='lat' dir='ltr'><strong>nominatum</strong></span> <span class='ocrx_word' id='word_1_588' title='bbox 2728 1971 2885 2035; x_wconf 88' lang='lat' dir='ltr'><strong>atque</strong></span> <span class='ocrx_word' id='word_1_589' title='bbox 2921 1964 3240 2019; x_wconf 85' lang='lat' dir='ltr'><strong>convictum.</strong></span> <span class='ocrx_word' id='word_1_590' title='bbox 3272 1966 3401 2033; x_wconf 84' lang='lat' dir='ltr'><strong>Quis</strong></span> <span class='ocrx_word' id='word_1_591' title='bbox 3423 1966 3564 2021; x_wconf 87' lang='lat' dir='ltr'><strong>enim</strong></span> 
     </span>
    </p>
   </div>
   <div class='ocr_carea' id='block_1_76' title="bbox 1995 2048 3568 2124">
    <p class='ocr_par' dir='ltr' id='par_1_76' title="bbox 1995 2048 3568 2124">
     <span class='ocr_line' id='line_1_76' title="bbox 1995 2048 3568 2124; baseline 0.003 -21"><span class='ocrx_word' id='word_1_592' title='bbox 1995 2048 2095 2104; x_wconf 88' lang='lat' dir='ltr'><strong>sibi</strong></span> <span class='ocrx_word' id='word_1_593' title='bbox 2122 2058 2401 2120; x_wconf 89' lang='lat' dir='ltr'><strong>utrumque</strong></span> <span class='ocrx_word' id='word_1_594' title='bbox 2423 2050 2614 2106; x_wconf 88' lang='lat' dir='ltr'><strong>audeat</strong></span> <span class='ocrx_word' id='word_1_595' title='bbox 2641 2065 2913 2108; x_wconf 80' lang='lat' dir='ltr'><strong>assumere</strong></span> <span class='ocrx_word' id='word_1_596' title='bbox 2933 2094 2947 2119; x_wconf 93' lang='lat'><strong>,</strong></span> <span class='ocrx_word' id='word_1_597' title='bbox 2975 2061 3032 2108; x_wconf 88' lang='lat' dir='ltr'><strong>ut</strong></span> <span class='ocrx_word' id='word_1_598' title='bbox 3060 2054 3303 2123; x_wconf 89' lang='lat' dir='ltr'><strong>cuiquam</strong></span> <span class='ocrx_word' id='word_1_599' title='bbox 3341 2054 3455 2124; x_wconf 86' lang='lat' dir='ltr'><strong>ipse</strong></span> <span class='ocrx_word' id='word_1_600' title='bbox 3494 2055 3568 2108; x_wconf 89' lang='lat' dir='ltr'><strong>sit</strong></span> 
     </span>
    </p>
   </div>
   <div class='ocr_carea' id='block_1_77' title="bbox 1996 2142 3561 2214">
    <p class='ocr_par' dir='ltr' id='par_1_77' title="bbox 1996 2142 3561 2214">
     <span class='ocr_line' id='line_1_77' title="bbox 1996 2142 3561 2214; baseline 0.002 -18"><span class='ocrx_word' id='word_1_601' title='bbox 1996 2150 2050 2196; x_wconf 87' lang='lat' dir='ltr'><strong>et</strong></span> <span class='ocrx_word' id='word_1_602' title='bbox 2092 2150 2371 2199; x_wconf 76' lang='lat' dir='ltr'><strong>accusator</strong></span> <span class='ocrx_word' id='word_1_603' title='bbox 2410 2150 2465 2198; x_wconf 90' lang='lat' dir='ltr'><strong>et</strong></span> <span class='ocrx_word' id='word_1_604' title='bbox 2504 2142 2710 2213; x_wconf 78' lang='lat' dir='ltr'><strong>judex‘t</strong></span> <span class='ocrx_word' id='word_1_605' title='bbox 2755 2143 3067 2213; x_wconf 86' lang='lat' dir='ltr'><strong>Cujusmodi</strong></span> <span class='ocrx_word' id='word_1_606' title='bbox 3116 2145 3351 2214; x_wconf 85' lang='lat' dir='ltr'><strong>regulam</strong></span> <span class='ocrx_word' id='word_1_607' title='bbox 3399 2146 3561 2201; x_wconf 84' lang='lat' dir='ltr'><strong>etiam</strong></span> 
     </span>
    </p>
   </div>
   <div class='ocr_carea' id='block_1_78' title="bbox 1995 2232 3565 2305">
    <p class='ocr_par' dir='ltr' id='par_1_78' title="bbox 1995 2232 3565 2305">
     <span class='ocr_line' id='line_1_78' title="bbox 1995 2232 3565 2305; baseline 0.003 -18"><span class='ocrx_word' id='word_1_608' title='bbox 1995 2232 2189 2287; x_wconf 83' lang='lat' dir='ltr'><strong>Paulus</strong></span> <span class='ocrx_word' id='word_1_609' title='bbox 2207 2232 2479 2302; x_wconf 88' lang='lat' dir='ltr'><strong>apostolus</strong></span> <span class='ocrx_word' id='word_1_610' title='bbox 2502 2235 2554 2288; x_wconf 94' lang='lat' dir='ltr'><strong>in</strong></span> <span class='ocrx_word' id='word_1_611' title='bbox 2574 2234 2758 2289; x_wconf 83' lang='lat' dir='ltr'><strong>eadem</strong></span> <span class='ocrx_word' id='word_1_612' title='bbox 2778 2236 2845 2289; x_wconf 92' lang='lat' dir='ltr'><strong>ad</strong></span> <span class='ocrx_word' id='word_1_613' title='bbox 2860 2233 3160 2290; x_wconf 85' lang='lat' dir='ltr'><strong>Corinthios</strong></span> <span class='ocrx_word' id='word_1_614' title='bbox 3182 2236 3417 2305; x_wconf 87' lang='lat' dir='ltr'><strong>Epistola</strong></span> <span class='ocrx_word' id='word_1_615' title='bbox 3444 2237 3565 2291; x_wconf 88' lang='lat' dir='ltr'><strong>bre-</strong></span> 
     </span>
    </p>
   </div>
   <div class='ocr_carea' id='block_1_79' title="bbox 1995 2322 3566 2396">
    <p class='ocr_par' dir='ltr' id='par_1_79' title="bbox 1995 2322 3566 2396">
     <span class='ocr_line' id='line_1_79' title="bbox 1995 2322 3566 2396; baseline 0.004 -20"><span class='ocrx_word' id='word_1_616' title='bbox 1995 2323 2131 2376; x_wconf 89' lang='lat' dir='ltr'><strong>viter</strong></span> <span class='ocrx_word' id='word_1_617' title='bbox 2158 2322 2457 2379; x_wconf 88' lang='lat' dir='ltr'><strong>insinuasse</strong></span> <span class='ocrx_word' id='word_1_618' title='bbox 2485 2324 2826 2394; x_wconf 82' lang='lat' dir='ltr'><strong>intelligitur,</strong></span> <span class='ocrx_word' id='word_1_619' title='bbox 2862 2341 2981 2381; x_wconf 90' lang='lat' dir='ltr'><strong>cum</strong></span> <span class='ocrx_word' id='word_1_620' title='bbox 3011 2326 3331 2396; x_wconf 82' lang='lat' dir='ltr'><strong>quibusdam</strong></span> <span class='ocrx_word' id='word_1_621' title='bbox 3371 2328 3566 2383; x_wconf 88' lang='lat' dir='ltr'><strong>talibus</strong></span> 
     </span>
    </p>
   </div>
   <div class='ocr_carea' id='block_1_80' title="bbox 1994 2412 3565 2486">
    <p class='ocr_par' dir='ltr' id='par_1_80' title="bbox 1994 2412 3565 2486">
     <span class='ocr_line' id='line_1_80' title="bbox 1994 2412 3565 2486; baseline 0.004 -21"><span class='ocrx_word' id='word_1_622' title='bbox 1994 2413 2423 2467; x_wconf 88' lang='lat' dir='ltr'><strong>commemoratis</strong></span> <span class='ocrx_word' id='word_1_623' title='bbox 2454 2412 2802 2481; x_wconf 86' lang='lat' dir='ltr'><strong>criminibus,</strong></span> <span class='ocrx_word' id='word_1_624' title='bbox 2843 2415 3190 2471; x_wconf 83' lang='lat' dir='ltr'><strong>ecclesiastici</strong></span> <span class='ocrx_word' id='word_1_625' title='bbox 3229 2416 3414 2486; x_wconf 87' lang='lat' dir='ltr'><strong>judicii</strong></span> <span class='ocrx_word' id='word_1_626' title='bbox 3455 2416 3565 2472; x_wconf 79' lang='lat' dir='ltr'><strong>for-</strong></span> 
     </span>
    </p>
   </div>
   <div class='ocr_carea' id='block_1_81' title="bbox 1995 2503 3560 2576">
    <p class='ocr_par' dir='ltr' id='par_1_81' title="bbox 1995 2503 3560 2576">
     <span class='ocr_line' id='line_1_81' title="bbox 1995 2503 3560 2576; baseline 0.002 -17"><span class='ocrx_word' id='word_1_627' title='bbox 1995 2518 2135 2559; x_wconf 90' lang='lat' dir='ltr'><strong>mam</strong></span> <span class='ocrx_word' id='word_1_628' title='bbox 2156 2503 2223 2558; x_wconf 88' lang='lat' dir='ltr'><strong>ad</strong></span> <span class='ocrx_word' id='word_1_629' title='bbox 2242 2504 2419 2559; x_wconf 91' lang='lat' dir='ltr'><strong>omnia</strong></span> <span class='ocrx_word' id='word_1_630' title='bbox 2439 2504 2630 2560; x_wconf 90' lang='lat' dir='ltr'><strong>similia</strong></span> <span class='ocrx_word' id='word_1_631' title='bbox 2651 2520 2717 2561; x_wconf 82' lang='lat' dir='ltr'><strong>ex</strong></span> <span class='ocrx_word' id='word_1_632' title='bbox 2738 2506 3053 2576; x_wconf 88' lang='lat' dir='ltr'><strong>quibusdam</strong></span> <span class='ocrx_word' id='word_1_633' title='bbox 3069 2507 3239 2563; x_wconf 91' lang='lat' dir='ltr'><strong>daret.</strong></span> <span class='ocrx_word' id='word_1_634' title='bbox 3264 2508 3352 2563; x_wconf 82' lang='lat' dir='ltr'><strong>Ait</strong></span> <span class='ocrx_word' id='word_1_635' title='bbox 3377 2508 3517 2563; x_wconf 88' lang='lat' dir='ltr'><strong>enim</strong></span> <span class='ocrx_word' id='word_1_636' title='bbox 3545 2526 3560 2562; x_wconf 89' lang='lat'><strong>:</strong></span> 
     </span>
    </p>
   </div>
   <div class='ocr_carea' id='block_1_82' title="bbox 1996 2592 3565 2667">
    <p class='ocr_par' dir='ltr' id='par_1_82' title="bbox 1996 2592 3565 2667">
     <span class='ocr_line' id='line_1_82' title="bbox 1996 2592 3565 2667; baseline 0.002 -19"><span class='ocrx_word' id='word_1_637' title='bbox 1996 2592 2196 2665; x_wconf 85' lang='lat' dir='ltr'><strong>Scripsi</strong></span> <span class='ocrx_word' id='word_1_638' title='bbox 2234 2594 2373 2648; x_wconf 73' lang='lat' dir='ltr'><strong>vobis</strong></span> <span class='ocrx_word' id='word_1_639' title='bbox 2409 2595 2463 2648; x_wconf 90' lang='lat' dir='ltr'><strong>in</strong></span> <span class='ocrx_word' id='word_1_640' title='bbox 2504 2596 2717 2665; x_wconf 80' lang='lat' dir='ltr'><strong>epistola</strong></span> <span class='ocrx_word' id='word_1_641' title='bbox 2752 2612 2853 2649; x_wconf 90' lang='lat' dir='ltr'><strong>non</strong></span> <span class='ocrx_word' id='word_1_642' title='bbox 2894 2597 3205 2652; x_wconf 83' lang='lat' dir='ltr'><strong>commisceri</strong></span> <span class='ocrx_word' id='word_1_643' title='bbox 3227 2597 3510 2667; x_wconf 85' lang='lat' dir='ltr'><strong>fornicuriis</strong></span> <span class='ocrx_word' id='word_1_644' title='bbox 3543 2614 3565 2651; x_wconf 90' lang='lat'><strong><em>:</em></strong></span> 
     </span>
    </p>
   </div>
   <div class='ocr_carea' id='block_1_83' title="bbox 1994 2684 3565 2756">
    <p class='ocr_par' dir='ltr' id='par_1_83' title="bbox 1994 2684 3565 2756">
     <span class='ocr_line' id='line_1_83' title="bbox 1994 2684 3565 2756; baseline 0.003 -18"><span class='ocrx_word' id='word_1_645' title='bbox 1994 2699 2096 2739; x_wconf 89' lang='lat' dir='ltr'><strong>non</strong></span> <span class='ocrx_word' id='word_1_646' title='bbox 2123 2684 2292 2753; x_wconf 88' lang='lat' dir='ltr'><strong>utique</strong></span> <span class='ocrx_word' id='word_1_647' title='bbox 2317 2685 2603 2755; x_wconf 85' lang='lat' dir='ltr'><strong>fornicariis</strong></span> <span class='ocrx_word' id='word_1_648' title='bbox 2631 2685 2782 2756; x_wconf 82' lang='lat' dir='ltr'><strong>hujus</strong></span> <span class='ocrx_word' id='word_1_649' title='bbox 2803 2686 2979 2740; x_wconf 90' lang='lat' dir='ltr'><strong>mundi</strong></span> <span class='ocrx_word' id='word_1_650' title='bbox 2996 2727 3011 2750; x_wconf 89' lang='lat'><strong>,</strong></span> <span class='ocrx_word' id='word_1_651' title='bbox 3042 2695 3129 2742; x_wconf 91' lang='lat' dir='ltr'><strong>aut</strong></span> <span class='ocrx_word' id='word_1_652' title='bbox 3151 2688 3337 2751; x_wconf 85' lang='lat' dir='ltr'><strong>auaris,</strong></span> <span class='ocrx_word' id='word_1_653' title='bbox 3365 2698 3451 2742; x_wconf 86' lang='lat' dir='ltr'><strong>aut</strong></span> <span class='ocrx_word' id='word_1_654' title='bbox 3476 2706 3565 2742; x_wconf 80' lang='lat' dir='ltr'><strong>ra-</strong></span> 
     </span>
    </p>
   </div>
   <div class='ocr_carea' id='block_1_84' title="bbox 1998 2774 3566 2846">
    <p class='ocr_par' dir='ltr' id='par_1_84' title="bbox 1998 2774 3566 2846">
     <span class='ocr_line' id='line_1_84' title="bbox 1998 2774 3566 2846; baseline 0.004 -20"><span class='ocrx_word' id='word_1_655' title='bbox 1998 2774 2241 2844; x_wconf 89' lang='lat' dir='ltr'><strong>ptoribus,</strong></span> <span class='ocrx_word' id='word_1_656' title='bbox 2268 2783 2357 2827; x_wconf 89' lang='lat' dir='ltr'><strong>aut</strong></span> <span class='ocrx_word' id='word_1_657' title='bbox 2383 2774 2533 2829; x_wconf 85' lang='lat' dir='ltr'><strong>idolis</strong></span> <span class='ocrx_word' id='word_1_658' title='bbox 2556 2776 2915 2841; x_wconf 79' lang='lat' dir='ltr'><strong>servientibus;</strong></span> <span class='ocrx_word' id='word_1_659' title='bbox 2948 2775 3173 2846; x_wconf 86' lang='lat' dir='ltr'><strong>alioquin</strong></span> <span class='ocrx_word' id='word_1_660' title='bbox 3197 2777 3474 2832; x_wconf 84' lang='lat' dir='ltr'><strong>debueratis</strong></span> <span class='ocrx_word' id='word_1_661' title='bbox 3503 2779 3566 2832; x_wconf 89' lang='lat' dir='ltr'><strong>de</strong></span> 
     </span>
    </p>
   </div>
   <div class='ocr_carea' id='block_1_85' title="bbox 1998 2864 3566 2937">
    <p class='ocr_par' dir='ltr' id='par_1_85' title="bbox 1998 2864 3566 2937">
     <span class='ocr_line' id='line_1_85' title="bbox 1998 2864 3566 2937; baseline 0.004 -20"><span class='ocrx_word' id='word_1_662' title='bbox 1998 2864 2092 2918; x_wconf 85' lang='lat' dir='ltr'><strong>hoc</strong></span> <span class='ocrx_word' id='word_1_663' title='bbox 2120 2864 2307 2918; x_wconf 87' lang='lat' dir='ltr'><strong>mundo</strong></span> <span class='ocrx_word' id='word_1_664' title='bbox 2345 2865 2499 2919; x_wconf 76' lang='lat' dir='ltr'><strong>exire.</strong></span> <span class='ocrx_word' id='word_1_665' title='bbox 2526 2865 2641 2920; x_wconf 84' lang='lat' dir='ltr'><strong>Non</strong></span> <span class='ocrx_word' id='word_1_666' title='bbox 2671 2866 2810 2921; x_wconf 88' lang='lat' dir='ltr'><strong>enim</strong></span> <span class='ocrx_word' id='word_1_667' title='bbox 2838 2875 3061 2937; x_wconf 90' lang='lat' dir='ltr'><strong>possunt</strong></span> <span class='ocrx_word' id='word_1_668' title='bbox 3092 2866 3335 2924; x_wconf 88' lang='lat' dir='ltr'><strong>homines</strong></span> <span class='ocrx_word' id='word_1_669' title='bbox 3370 2869 3423 2923; x_wconf 90' lang='lat' dir='ltr'><strong>in</strong></span> <span class='ocrx_word' id='word_1_670' title='bbox 3462 2868 3566 2924; x_wconf 87' lang='lat' dir='ltr'><strong>hoc</strong></span> 
     </span>
    </p>
   </div>
   <div class='ocr_carea' id='block_1_86' title="bbox 1994 2950 3581 3024">
    <p class='ocr_par' dir='ltr' id='par_1_86' title="bbox 1994 2950 3581 3024">
     <span class='ocr_line' id='line_1_86' title="bbox 1994 2950 3581 3024; baseline 0.005 -17"><span class='ocrx_word' id='word_1_671' title='bbox 1994 2953 2195 3009; x_wconf 88' lang='lat' dir='ltr'><strong>mundo</strong></span> <span class='ocrx_word' id='word_1_672' title='bbox 2223 2954 2461 3010; x_wconf 86' lang='lat' dir='ltr'><strong>viventes</strong></span> <span class='ocrx_word' id='word_1_673' title='bbox 2483 2996 2501 3024; x_wconf 92' lang='lat'><strong>,</strong></span> <span class='ocrx_word' id='word_1_674' title='bbox 2545 2956 2644 3011; x_wconf 85' lang='lat' dir='ltr'><strong>nisi</strong></span> <span class='ocrx_word' id='word_1_675' title='bbox 2680 2972 2799 3011; x_wconf 90' lang='lat' dir='ltr'><strong>cum</strong></span> <span class='ocrx_word' id='word_1_676' title='bbox 2826 2950 3038 3013; x_wconf 72' lang='lat' dir='ltr'><strong>’talibus</strong></span> <span class='ocrx_word' id='word_1_677' title='bbox 3066 2958 3244 3014; x_wconf 88' lang='lat' dir='ltr'><strong>vivere</strong></span> <span class='ocrx_word' id='word_1_678' title='bbox 3273 2975 3288 3012; x_wconf 88' lang='lat'><strong>:</strong></span> <span class='ocrx_word' id='word_1_679' title='bbox 3337 2974 3438 3014; x_wconf 89' lang='lat' dir='ltr'><strong>nec</strong></span> <span class='ocrx_word' id='word_1_680' title='bbox 3470 2974 3581 3015; x_wconf 84' lang='lat' dir='ltr'><strong>eos</strong></span> 
     </span>
    </p>
   </div>
   <div class='ocr_carea' id='block_1_87' title="bbox 1996 3043 3563 3120">
    <p class='ocr_par' dir='ltr' id='par_1_87' title="bbox 1996 3043 3563 3120">
     <span class='ocr_line' id='line_1_87' title="bbox 1996 3043 3563 3120; baseline 0.004 -23"><span class='ocrx_word' id='word_1_681' title='bbox 1996 3052 2220 3114; x_wconf 80' lang='lat' dir='ltr'><strong>possunt</strong></span> <span class='ocrx_word' id='word_1_682' title='bbox 2260 3043 2572 3101; x_wconf 76' lang='lat' dir='ltr'><strong>lucrifacere</strong></span> <span class='ocrx_word' id='word_1_683' title='bbox 2618 3046 2830 3101; x_wconf 88' lang='lat' dir='ltr'><strong>Christo</strong></span> <span class='ocrx_word' id='word_1_684' title='bbox 2858 3087 2874 3113; x_wconf 92' lang='lat'><strong>,</strong></span> <span class='ocrx_word' id='word_1_685' title='bbox 2923 3048 2972 3104; x_wconf 86' lang='lat' dir='ltr'><strong>si</strong></span> <span class='ocrx_word' id='word_1_686' title='bbox 3011 3063 3196 3103; x_wconf 91' lang='lat' dir='ltr'><strong>eorum</strong></span> <span class='ocrx_word' id='word_1_687' title='bbox 3237 3049 3563 3120; x_wconf 83' lang='lat' dir='ltr'><strong>colloquium</strong></span> 
     </span>
    </p>
   </div>
   <div class='ocr_carea' id='block_1_88' title="bbox 1995 3133 3564 3208">
    <p class='ocr_par' dir='ltr' id='par_1_88' title="bbox 1995 3133 3564 3208">
     <span class='ocr_line' id='line_1_88' title="bbox 1995 3133 3564 3208; baseline 0.001 -19"><span class='ocrx_word' id='word_1_688' title='bbox 1995 3133 2400 3205; x_wconf 86' lang='lat' dir='ltr'><strong>convictumque</strong></span> <span class='ocrx_word' id='word_1_689' title='bbox 2423 3136 2721 3192; x_wconf 89' lang='lat' dir='ltr'><strong>vitaverint.</strong></span> <span class='ocrx_word' id='word_1_690' title='bbox 2753 3136 2906 3192; x_wconf 87' lang='lat' dir='ltr'><strong>Unde</strong></span> <span class='ocrx_word' id='word_1_691' title='bbox 2934 3146 2989 3192; x_wconf 91' lang='lat' dir='ltr'><strong>et</strong></span> <span class='ocrx_word' id='word_1_692' title='bbox 3031 3138 3284 3193; x_wconf 90' lang='lat' dir='ltr'><strong>Dominus</strong></span> <span class='ocrx_word' id='word_1_693' title='bbox 3306 3154 3426 3193; x_wconf 88' lang='lat' dir='ltr'><strong>eum</strong></span> <span class='ocrx_word' id='word_1_694' title='bbox 3468 3155 3564 3208; x_wconf 78' lang='lat' dir='ltr'><strong>pu-</strong></span> 
     </span>
    </p>
   </div>
   <div class='ocr_carea' id='block_1_89' title="bbox 1996 3223 3561 3298">
    <p class='ocr_par' dir='ltr' id='par_1_89' title="bbox 1996 3223 3561 3298">
     <span class='ocr_line' id='line_1_89' title="bbox 1996 3223 3561 3298; baseline 0.003 -21"><span class='ocrx_word' id='word_1_695' title='bbox 1996 3223 2221 3279; x_wconf 86' lang='lat' dir='ltr'><strong>blicanis</strong></span> <span class='ocrx_word' id='word_1_696' title='bbox 2260 3233 2315 3279; x_wconf 91' lang='lat' dir='ltr'><strong>et</strong></span> <span class='ocrx_word' id='word_1_697' title='bbox 2352 3226 2716 3295; x_wconf 87' lang='lat' dir='ltr'><strong>peccatoribus</strong></span> <span class='ocrx_word' id='word_1_698' title='bbox 2758 3226 3045 3281; x_wconf 89' lang='lat' dir='ltr'><strong>comedens</strong></span> <span class='ocrx_word' id='word_1_699' title='bbox 3077 3246 3090 3280; x_wconf 93' lang='lat'>:</span> <span class='ocrx_word' id='word_1_700' title='bbox 3122 3227 3243 3280; x_wconf 85' lang='lat' dir='ltr'><strong>Non</strong></span> <span class='ocrx_word' id='word_1_701' title='bbox 3284 3238 3355 3281; x_wconf 84' lang='lat' dir='ltr'><strong>est</strong></span> <span class='ocrx_word' id='word_1_702' title='bbox 3399 3244 3561 3298; x_wconf 88' lang='lat' dir='ltr'><strong>opus,</strong></span> 
     </span>
    </p>
   </div>
   <div class='ocr_carea' id='block_1_90' title="bbox 1996 3313 3566 3385">
    <p class='ocr_par' dir='ltr' id='par_1_90' title="bbox 1996 3313 3566 3385">
     <span class='ocr_line' id='line_1_90' title="bbox 1996 3313 3566 3385; baseline 0.004 -16"><span class='ocrx_word' id='word_1_703' title='bbox 1996 3313 2183 3385; x_wconf 86' lang='lat' dir='ltr'><strong>inquit,</strong></span> <span class='ocrx_word' id='word_1_704' title='bbox 2213 3316 2350 3370; x_wconf 89' lang='lat' dir='ltr'><strong>sanis</strong></span> <span class='ocrx_word' id='word_1_705' title='bbox 2376 3317 2596 3370; x_wconf 83' lang='lat' dir='ltr'><strong>medicus</strong></span> <span class='ocrx_word' id='word_1_706' title='bbox 2616 3358 2629 3381; x_wconf 91' lang='lat'><strong>,</strong></span> <span class='ocrx_word' id='word_1_707' title='bbox 2660 3318 2749 3371; x_wconf 79' lang='lat' dir='ltr'><strong>sed</strong></span> <span class='ocrx_word' id='word_1_708' title='bbox 2775 3320 2907 3370; x_wconf 85' lang='lat' dir='ltr'><strong>male</strong></span> <span class='ocrx_word' id='word_1_709' title='bbox 2933 3318 3242 3373; x_wconf 77' lang='lat' dir='ltr'><strong>habentibus.</strong></span> <span class='ocrx_word' id='word_1_710' title='bbox 3282 3318 3403 3373; x_wconf 85' lang='lat' dir='ltr'><strong>Non</strong></span> <span class='ocrx_word' id='word_1_711' title='bbox 3429 3322 3566 3375; x_wconf 84' lang='lat' dir='ltr'><strong>enim</strong></span> 
     </span>
    </p>
   </div>
   <div class='ocr_carea' id='block_1_91' title="bbox 1995 3404 3557 3482">
    <p class='ocr_par' dir='ltr' id='par_1_91' title="bbox 1995 3404 3557 3482">
     <span class='ocr_line' id='line_1_91' title="bbox 1995 3404 3557 3482; baseline 0.006 -26"><span class='ocrx_word' id='word_1_712' title='bbox 1995 3404 2105 3456; x_wconf 83' lang='lat' dir='ltr'><strong>ueni</strong></span> <span class='ocrx_word' id='word_1_713' title='bbox 2121 3419 2298 3457; x_wconf 80' lang='lat' dir='ltr'><strong>vocare</strong></span> <span class='ocrx_word' id='word_1_714' title='bbox 2314 3405 2501 3475; x_wconf 84' lang='lat' dir='ltr'><strong>justas,</strong></span> <span class='ocrx_word' id='word_1_715' title='bbox 2522 3406 2611 3458; x_wconf 87' lang='lat' dir='ltr'><strong>sed</strong></span> <span class='ocrx_word' id='word_1_716' title='bbox 2634 3414 2916 3475; x_wconf 87' lang='lat' dir='ltr'><strong>peccatores</strong></span> <span class='ocrx_word' id='word_1_717' title='bbox 2946 3406 3158 3477; x_wconf 78' lang='lat' dir='ltr'><strong>(Matth.</strong></span> <span class='ocrx_word' id='word_1_718' title='bbox 3181 3424 3256 3474; x_wconf 75' lang='lat' dir='ltr'><strong>ix,</strong></span> <span class='ocrx_word' id='word_1_719' title='bbox 3287 3408 3354 3463; x_wconf 73' lang='grc'><strong>12</strong></span> <span class='ocrx_word' id='word_1_720' title='bbox 3382 3420 3429 3464; x_wconf 90' lang='lat' dir='ltr'><strong>et</strong></span> <span class='ocrx_word' id='word_1_721' title='bbox 3448 3412 3557 3482; x_wconf 74' lang='grc'><strong>15).</strong></span> 
     </span>
    </p>
   </div>
   <div class='ocr_carea' id='block_1_92' title="bbox 1996 3494 3564 3570">
    <p class='ocr_par' dir='ltr' id='par_1_92' title="bbox 1996 3494 3564 3570">
     <span class='ocr_line' id='line_1_92' title="bbox 1996 3494 3564 3570; baseline 0.004 -21"><span class='ocrx_word' id='word_1_722' title='bbox 1996 3494 2065 3549; x_wconf 83' lang='grc' dir='ltr'>Ει</span> <span class='ocrx_word' id='word_1_723' title='bbox 2088 3494 2208 3550; x_wconf 90' lang='lat' dir='ltr'><strong>ideo</strong></span> <span class='ocrx_word' id='word_1_724' title='bbox 2234 3496 2475 3566; x_wconf 89' lang='lat' dir='ltr'><strong>sequitur</strong></span> <span class='ocrx_word' id='word_1_725' title='bbox 2493 3497 2798 3567; x_wconf 85' lang='lat' dir='ltr'><strong>Apostolus,</strong></span> <span class='ocrx_word' id='word_1_726' title='bbox 2825 3508 2880 3554; x_wconf 91' lang='lat' dir='ltr'><strong>et</strong></span> <span class='ocrx_word' id='word_1_727' title='bbox 2902 3498 3141 3570; x_wconf 88' lang='lat' dir='ltr'><strong>adjungit</strong></span> <span class='ocrx_word' id='word_1_728' title='bbox 3172 3518 3185 3554; x_wconf 90' lang='lat'><strong>:</strong></span> <span class='ocrx_word' id='word_1_729' title='bbox 3219 3499 3374 3556; x_wconf 88' lang='lat' dir='ltr'><strong>Nunc</strong></span> <span class='ocrx_word' id='word_1_730' title='bbox 3397 3514 3564 3557; x_wconf 85' lang='lat' dir='ltr'><strong>autem</strong></span> 
     </span>
    </p>
   </div>
   <div class='ocr_carea' id='block_1_93' title="bbox 1994 3588 3567 3663">
    <p class='ocr_par' dir='ltr' id='par_1_93' title="bbox 1994 3588 3567 3663">
     <span class='ocr_line' id='line_1_93' title="bbox 1994 3588 3567 3663; baseline 0.003 -21"><span class='ocrx_word' id='word_1_731' title='bbox 1994 3588 2174 3659; x_wconf 85' lang='lat' dir='ltr'><strong>scripsi</strong></span> <span class='ocrx_word' id='word_1_732' title='bbox 2202 3588 2336 3641; x_wconf 75' lang='lat' dir='ltr'><strong>vobis</strong></span> <span class='ocrx_word' id='word_1_733' title='bbox 2364 3604 2465 3641; x_wconf 92' lang='lat' dir='ltr'><strong>non</strong></span> <span class='ocrx_word' id='word_1_734' title='bbox 2503 3591 2829 3643; x_wconf 86' lang='lat' dir='ltr'><strong>commisceri.</strong></span> <span class='ocrx_word' id='word_1_735' title='bbox 2862 3589 2923 3645; x_wconf 90' lang='lat' dir='ltr'><strong><em>Si</em></strong></span> <span class='ocrx_word' id='word_1_736' title='bbox 2945 3591 3059 3661; x_wconf 86' lang='lat' dir='ltr'><strong>quis</strong></span> <span class='ocrx_word' id='word_1_737' title='bbox 3088 3593 3245 3663; x_wconf 79' lang='lat' dir='ltr'><strong>frater</strong></span> <span class='ocrx_word' id='word_1_738' title='bbox 3279 3594 3567 3647; x_wconf 80' lang='lat' dir='ltr'><strong>nominatur</strong></span> 
     </span>
    </p>
   </div>
   <div class='ocr_carea' id='block_1_94' title="bbox 1996 3679 3561 3748">
    <p class='ocr_par' dir='ltr' id='par_1_94' title="bbox 1996 3679 3561 3748">
     <span class='ocr_line' id='line_1_94' title="bbox 1996 3679 3561 3748; baseline 0.003 -16"><span class='ocrx_word' id='word_1_739' title='bbox 1996 3687 2081 3732; x_wconf 87' lang='lat' dir='ltr'><strong>aut</strong></span> <span class='ocrx_word' id='word_1_740' title='bbox 2110 3679 2407 3747; x_wconf 80' lang='lat' dir='ltr'><strong>fornicator,</strong></span> <span class='ocrx_word' id='word_1_741' title='bbox 2431 3687 2519 3733; x_wconf 89' lang='lat' dir='ltr'><strong>aut</strong></span> <span class='ocrx_word' id='word_1_742' title='bbox 2544 3680 2693 3734; x_wconf 72' lang='lat' dir='ltr'><strong>idolis</strong></span> <span class='ocrx_word' id='word_1_743' title='bbox 2717 3681 2934 3735; x_wconf 88' lang='lat' dir='ltr'><strong>serviens</strong></span> <span class='ocrx_word' id='word_1_744' title='bbox 2955 3722 2968 3745; x_wconf 91' lang='lat'><strong>,</strong></span> <span class='ocrx_word' id='word_1_745' title='bbox 2996 3690 3081 3735; x_wconf 90' lang='lat' dir='ltr'><strong>aut</strong></span> <span class='ocrx_word' id='word_1_746' title='bbox 3106 3699 3309 3748; x_wconf 83' lang='lat' dir='ltr'><strong>avarus,</strong></span> <span class='ocrx_word' id='word_1_747' title='bbox 3337 3692 3423 3735; x_wconf 83' lang='lat' dir='ltr'><strong>aut</strong></span> <span class='ocrx_word' id='word_1_748' title='bbox 3448 3701 3561 3736; x_wconf 64' lang='lat' dir='ltr'><strong>ma.</strong></span> 
     </span>
    </p>
   </div>
   <div class='ocr_carea' id='block_1_95' title="bbox 1996 3768 3564 3842">
    <p class='ocr_par' dir='ltr' id='par_1_95' title="bbox 1996 3768 3564 3842">
     <span class='ocr_line' id='line_1_95' title="bbox 1996 3768 3564 3842; baseline 0.002 -19"><span class='ocrx_word' id='word_1_749' title='bbox 1996 3768 2185 3823; x_wconf 83' lang='lat' dir='ltr'><strong>ledicus</strong></span> <span class='ocrx_word' id='word_1_750' title='bbox 2206 3808 2222 3835; x_wconf 90' lang='lat'><strong>,</strong></span> <span class='ocrx_word' id='word_1_751' title='bbox 2247 3777 2333 3821; x_wconf 91' lang='lat' dir='ltr'><strong>aut</strong></span> <span class='ocrx_word' id='word_1_752' title='bbox 2356 3768 2578 3824; x_wconf 82' lang='lat' dir='ltr'><strong>ebriosus</strong></span> <span class='ocrx_word' id='word_1_753' title='bbox 2598 3812 2611 3835; x_wconf 94' lang='lat'><strong>,</strong></span> <span class='ocrx_word' id='word_1_754' title='bbox 2646 3780 2735 3824; x_wconf 89' lang='lat' dir='ltr'><strong>aut</strong></span> <span class='ocrx_word' id='word_1_755' title='bbox 2771 3787 2975 3841; x_wconf 69' lang='lat' dir='ltr'><strong>rapax;</strong></span> <span class='ocrx_word' id='word_1_756' title='bbox 3013 3788 3125 3825; x_wconf 90' lang='lat' dir='ltr'><strong>cum</strong></span> <span class='ocrx_word' id='word_1_757' title='bbox 3154 3773 3446 3842; x_wconf 86' lang='lat' dir='ltr'><strong>hujusmodi</strong></span> <span class='ocrx_word' id='word_1_758' title='bbox 3474 3790 3564 3826; x_wconf 86' lang='lat' dir='ltr'><strong>nec</strong></span> 
     </span>
    </p>
   </div>
   <div class='ocr_carea' id='block_1_96' title="bbox 1995 3863 3564 3935">
    <p class='ocr_par' dir='ltr' id='par_1_96' title="bbox 1995 3863 3564 3935">
     <span class='ocr_line' id='line_1_96' title="bbox 1995 3863 3564 3935; baseline 0.001 -20"><span class='ocrx_word' id='word_1_759' title='bbox 1995 3863 2196 3932; x_wconf 86' lang='lat' dir='ltr'><strong>quidem</strong></span> <span class='ocrx_word' id='word_1_760' title='bbox 2231 3863 2394 3918; x_wconf 85' lang='lat' dir='ltr'><strong>cibum</strong></span> <span class='ocrx_word' id='word_1_761' title='bbox 2431 3882 2642 3919; x_wconf 85' lang='lat' dir='ltr'><strong>sumere.</strong></span> <span class='ocrx_word' id='word_1_762' title='bbox 2682 3866 2791 3930; x_wconf 81' lang='lat' dir='ltr'><strong>Quo</strong></span> <span class='ocrx_word' id='word_1_763' title='bbox 2818 3867 2947 3919; x_wconf 87' lang='lat' dir='ltr'><strong>enim</strong></span> <span class='ocrx_word' id='word_1_764' title='bbox 2976 3866 3101 3918; x_wconf 83' lang='lat' dir='ltr'><strong>mihi</strong></span> <span class='ocrx_word' id='word_1_765' title='bbox 3138 3868 3200 3919; x_wconf 86' lang='lat' dir='ltr'><strong>de</strong></span> <span class='ocrx_word' id='word_1_766' title='bbox 3222 3866 3299 3918; x_wconf 86' lang='lat' dir='ltr'><strong>his</strong></span> <span class='ocrx_word' id='word_1_767' title='bbox 3324 3867 3407 3935; x_wconf 86' lang='lat' dir='ltr'><strong>qui</strong></span> <span class='ocrx_word' id='word_1_768' title='bbox 3438 3865 3564 3934; x_wconf 86' lang='lat' dir='ltr'><strong>foris</strong></span> 
     </span>
    </p>
   </div>
   <div class='ocr_carea' id='block_1_97' title="bbox 1999 3952 3564 4024">
    <p class='ocr_par' dir='ltr' id='par_1_97' title="bbox 1999 3952 3564 4024">
     <span class='ocr_line' id='line_1_97' title="bbox 1999 3952 3564 4024; baseline 0.001 -19"><span class='ocrx_word' id='word_1_769' title='bbox 1999 3960 2116 4005; x_wconf 91' lang='lat' dir='ltr'><strong>sunt</strong></span> <span class='ocrx_word' id='word_1_770' title='bbox 2129 3954 2364 4022; x_wconf 88' lang='lat' dir='ltr'><strong>judicare</strong></span> <span class='ocrx_word' id='word_1_771' title='bbox 2387 3956 2403 3987; x_wconf 83' lang='grc'>¹</span> <span class='ocrx_word' id='word_1_772' title='bbox 2426 3956 2452 4009; x_wconf 82' lang='lat'><strong>?</strong></span> <span class='ocrx_word' id='word_1_773' title='bbox 2482 3952 2663 4007; x_wconf 84' lang='lat' dir='ltr'><strong>Nonne</strong></span> <span class='ocrx_word' id='word_1_774' title='bbox 2697 3956 2760 4007; x_wconf 87' lang='lat' dir='ltr'><strong>de</strong></span> <span class='ocrx_word' id='word_1_775' title='bbox 2783 3955 2860 4006; x_wconf 87' lang='lat' dir='ltr'><strong>his</strong></span> <span class='ocrx_word' id='word_1_776' title='bbox 2887 3955 2972 4022; x_wconf 88' lang='lat' dir='ltr'><strong>qui</strong></span> <span class='ocrx_word' id='word_1_777' title='bbox 3007 3955 3142 4006; x_wconf 90' lang='lat' dir='ltr'><strong>intus</strong></span> <span class='ocrx_word' id='word_1_778' title='bbox 3163 3963 3277 4006; x_wconf 88' lang='lat' dir='ltr'><strong>sunt</strong></span> <span class='ocrx_word' id='word_1_779' title='bbox 3310 3971 3394 4007; x_wconf 78' lang='lat' dir='ltr'><strong>vos</strong></span> <span class='ocrx_word' id='word_1_780' title='bbox 3414 3956 3564 4024; x_wconf 85' lang='lat' dir='ltr'><strong>judi-</strong></span> 
     </span>
    </p>
   </div>
   <div class='ocr_carea' id='block_1_98' title="bbox 1998 4039 3564 4112">
    <p class='ocr_par' dir='ltr' id='par_1_98' title="bbox 1998 4039 3564 4112">
     <span class='ocr_line' id='line_1_98' title="bbox 1998 4039 3564 4112; baseline -0.001 -17"><span class='ocrx_word' id='word_1_781' title='bbox 1998 4042 2121 4096; x_wconf 89' lang='lat' dir='ltr'><strong>catis</strong></span> <span class='ocrx_word' id='word_1_782' title='bbox 2141 4042 2167 4096; x_wconf 82' lang='lat'><strong>.’</strong></span> <span class='ocrx_word' id='word_1_783' title='bbox 2194 4042 2272 4096; x_wconf 92' lang='lat' dir='ltr'><strong>De</strong></span> <span class='ocrx_word' id='word_1_784' title='bbox 2295 4043 2372 4097; x_wconf 87' lang='lat' dir='ltr'><strong>his</strong></span> <span class='ocrx_word' id='word_1_785' title='bbox 2398 4052 2564 4096; x_wconf 83' lang='lat' dir='ltr'><strong>autem</strong></span> <span class='ocrx_word' id='word_1_786' title='bbox 2585 4043 2671 4111; x_wconf 87' lang='lat' dir='ltr'><strong>qui</strong></span> <span class='ocrx_word' id='word_1_787' title='bbox 2695 4043 2818 4112; x_wconf 89' lang='lat' dir='ltr'><strong>foris</strong></span> <span class='ocrx_word' id='word_1_788' title='bbox 2844 4052 2982 4106; x_wconf 85' lang='lat' dir='ltr'><strong>sunt,</strong></span> <span class='ocrx_word' id='word_1_789' title='bbox 3011 4041 3148 4095; x_wconf 86' lang='lat' dir='ltr'><strong>Deus</strong></span> <span class='ocrx_word' id='word_1_790' title='bbox 3165 4040 3433 4111; x_wconf 81' lang='lat' dir='ltr'><strong>judicabit.</strong></span> <span class='ocrx_word' id='word_1_791' title='bbox 3460 4039 3564 4093; x_wconf 81' lang='lat' dir='ltr'><strong>Au-</strong></span> 
     </span>
    </p>
   </div>
   <div class='ocr_carea' id='block_1_99' title="bbox 1998 4128 3561 4204">
    <p class='ocr_par' dir='ltr' id='par_1_99' title="bbox 1998 4128 3561 4204">
     <span class='ocr_line' id='line_1_99' title="bbox 1998 4128 3561 4204; baseline -0.001 -20"><span class='ocrx_word' id='word_1_792' title='bbox 1998 4133 2124 4202; x_wconf 88' lang='lat' dir='ltr'><strong>ferte</strong></span> <span class='ocrx_word' id='word_1_793' title='bbox 2143 4132 2330 4185; x_wconf 80' lang='lat' dir='ltr'><strong>matum</strong></span> <span class='ocrx_word' id='word_1_794' title='bbox 2353 4147 2385 4184; x_wconf 93' lang='lat' dir='ltr'><strong><em>a</em></strong></span> <span class='ocrx_word' id='word_1_795' title='bbox 2410 4131 2542 4185; x_wconf 84' lang='lat' dir='ltr'><strong>vobis</strong></span> <span class='ocrx_word' id='word_1_796' title='bbox 2568 4132 2693 4200; x_wconf 85' lang='lat' dir='ltr'><strong>ipsis</strong></span> <span class='ocrx_word' id='word_1_797' title='bbox 2714 4131 2756 4204; x_wconf 95' lang='lat' dir='ltr'><strong>(l</strong></span> <span class='ocrx_word' id='word_1_798' title='bbox 2777 4130 2892 4186; x_wconf 91' lang='lat' dir='ltr'><strong>Cor.</strong></span> <span class='ocrx_word' id='word_1_799' title='bbox 2925 4146 2978 4199; x_wconf 91' lang='lat' dir='ltr'><strong>v,</strong></span> <span class='ocrx_word' id='word_1_800' title='bbox 3009 4128 3182 4202; x_wconf 73' lang='lat'><strong>9—13).</strong></span> <span class='ocrx_word' id='word_1_801' title='bbox 3212 4130 3410 4196; x_wconf 85' lang='lat' dir='ltr'><strong>Quibus</strong></span> <span class='ocrx_word' id='word_1_802' title='bbox 3438 4145 3561 4184; x_wconf 88' lang='lat' dir='ltr'><strong>ver-</strong></span> 
     </span>
    </p>
   </div>
   <div class='ocr_carea' id='block_1_100' title="bbox 1997 4220 3558 4291">
    <p class='ocr_par' dir='ltr' id='par_1_100' title="bbox 1997 4220 3558 4291">
     <span class='ocr_line' id='line_1_100' title="bbox 1997 4220 3558 4291; baseline 0 -16"><span class='ocrx_word' id='word_1_803' title='bbox 1997 4220 2080 4275; x_wconf 84' lang='lat' dir='ltr'><strong>bis</strong></span> <span class='ocrx_word' id='word_1_804' title='bbox 2102 4221 2231 4277; x_wconf 85' lang='lat' dir='ltr'><strong>satis</strong></span> <span class='ocrx_word' id='word_1_805' title='bbox 2254 4222 2487 4277; x_wconf 85' lang='lat' dir='ltr'><strong>ostendit</strong></span> <span class='ocrx_word' id='word_1_806' title='bbox 2510 4237 2617 4277; x_wconf 91' lang='lat' dir='ltr'><strong>non</strong></span> <span class='ocrx_word' id='word_1_807' title='bbox 2647 4230 2846 4277; x_wconf 86' lang='lat' dir='ltr'><strong>temere</strong></span> <span class='ocrx_word' id='word_1_808' title='bbox 2870 4230 2961 4275; x_wconf 90' lang='lat' dir='ltr'><strong>aut</strong></span> <span class='ocrx_word' id='word_1_809' title='bbox 2996 4220 3394 4291; x_wconf 86' lang='lat' dir='ltr'><strong>quomodolibet</strong></span> <span class='ocrx_word' id='word_1_810' title='bbox 3416 4259 3432 4286; x_wconf 93' lang='lat'><strong>,</strong></span> <span class='ocrx_word' id='word_1_811' title='bbox 3464 4220 3558 4275; x_wconf 86' lang='lat' dir='ltr'><strong>sed</strong></span> 
     </span>
    </p>
   </div>
   <div class='ocr_carea' id='block_1_101' title="bbox 1998 4310 3565 4383">
    <p class='ocr_par' dir='ltr' id='par_1_101' title="bbox 1998 4310 3565 4383">
     <span class='ocr_line' id='line_1_101' title="bbox 1998 4310 3565 4383; baseline -0.001 -17"><span class='ocrx_word' id='word_1_812' title='bbox 1998 4327 2094 4382; x_wconf 90' lang='lat' dir='ltr'><strong>per</strong></span> <span class='ocrx_word' id='word_1_813' title='bbox 2112 4313 2366 4383; x_wconf 85' lang='lat' dir='ltr'><strong>judicium</strong></span> <span class='ocrx_word' id='word_1_814' title='bbox 2396 4312 2709 4368; x_wconf 75' lang='lat' dir='ltr'><strong>auferendus</strong></span> <span class='ocrx_word' id='word_1_815' title='bbox 2731 4327 2850 4368; x_wconf 88' lang='lat' dir='ltr'><strong>esse</strong></span> <span class='ocrx_word' id='word_1_816' title='bbox 2870 4313 3038 4366; x_wconf 88' lang='lat' dir='ltr'><strong>malos</strong></span> <span class='ocrx_word' id='word_1_817' title='bbox 3060 4311 3126 4365; x_wconf 88' lang='lat' dir='ltr'><strong>ab</strong></span> <span class='ocrx_word' id='word_1_818' title='bbox 3148 4310 3398 4365; x_wconf 78' lang='lat' dir='ltr'><strong>Ecclesia:</strong></span> <span class='ocrx_word' id='word_1_819' title='bbox 3416 4325 3565 4366; x_wconf 84' lang='lat' dir='ltr'><strong>com-</strong></span> 
     </span>
    </p>
   </div>
   <div class='ocr_carea' id='block_1_102' title="bbox 1997 4401 3564 4472">
    <p class='ocr_par' dir='ltr' id='par_1_102' title="bbox 1997 4401 3564 4472">
     <span class='ocr_line' id='line_1_102' title="bbox 1997 4401 3564 4472; baseline -0.001 -16"><span class='ocrx_word' id='word_1_820' title='bbox 1997 4405 2248 4457; x_wconf 89' lang='lat' dir='ltr'><strong>munione</strong></span> <span class='ocrx_word' id='word_1_821' title='bbox 2279 4420 2291 4455; x_wconf 89' lang='lat'><strong>:</strong></span> <span class='ocrx_word' id='word_1_822' title='bbox 2323 4412 2382 4458; x_wconf 92' lang='lat' dir='ltr'><strong>ut</strong></span> <span class='ocrx_word' id='word_1_823' title='bbox 2425 4404 2469 4457; x_wconf 92' lang='lat' dir='ltr'><strong>si</strong></span> <span class='ocrx_word' id='word_1_824' title='bbox 2510 4417 2606 4472; x_wconf 89' lang='lat' dir='ltr'><strong>per</strong></span> <span class='ocrx_word' id='word_1_825' title='bbox 2635 4402 2887 4472; x_wconf 86' lang='lat' dir='ltr'><strong>judicium</strong></span> <span class='ocrx_word' id='word_1_826' title='bbox 2927 4401 3123 4455; x_wconf 82' lang='lat' dir='ltr'><strong>auferri</strong></span> <span class='ocrx_word' id='word_1_827' title='bbox 3162 4416 3267 4456; x_wconf 91' lang='lat' dir='ltr'><strong>non</strong></span> <span class='ocrx_word' id='word_1_828' title='bbox 3308 4412 3564 4470; x_wconf 86' lang='lat' dir='ltr'><strong>possunt,</strong></span> 
     </span>
    </p>
   </div>
   <div class='ocr_carea' id='block_1_103' title="bbox 2001 4492 3573 4562">
    <p class='ocr_par' dir='ltr' id='par_1_103' title="bbox 2001 4492 3573 4562">
     <span class='ocr_line' id='line_1_103' title="bbox 2001 4492 3573 4562; baseline 0.001 -17"><span class='ocrx_word' id='word_1_829' title='bbox 2001 4493 2293 4547; x_wconf 85' lang='lat' dir='ltr'><strong>tolerentur</strong></span> <span class='ocrx_word' id='word_1_830' title='bbox 2340 4493 2532 4562; x_wconf 88' lang='lat' dir='ltr'><strong>potius,</strong></span> <span class='ocrx_word' id='word_1_831' title='bbox 2579 4510 2645 4547; x_wconf 82' lang='lat' dir='ltr'><strong>nc</strong></span> <span class='ocrx_word' id='word_1_832' title='bbox 2691 4508 2939 4562; x_wconf 81' lang='lat' dir='ltr'><strong>perverse</strong></span> <span class='ocrx_word' id='word_1_833' title='bbox 2983 4492 3151 4546; x_wconf 90' lang='lat' dir='ltr'><strong>malos</strong></span> <span class='ocrx_word' id='word_1_834' title='bbox 3197 4493 3419 4561; x_wconf 86' lang='lat' dir='ltr'><strong>quisque</strong></span> <span class='ocrx_word' id='word_1_835' title='bbox 3454 4494 3573 4546; x_wconf 62' lang='lat' dir='ltr'><strong>evi»</strong></span> 
     </span>
    </p>
   </div>
   <div class='ocr_carea' id='block_1_104' title="bbox 1999 4579 3565 4649">
    <p class='ocr_par' dir='ltr' id='par_1_104' title="bbox 1999 4579 3565 4649">
     <span class='ocr_line' id='line_1_104' title="bbox 1999 4579 3565 4649; baseline 0.001 -15"><span class='ocrx_word' id='word_1_836' title='bbox 1999 4581 2190 4647; x_wconf 79' lang='lat' dir='ltr'><strong>tando,</strong></span> <span class='ocrx_word' id='word_1_837' title='bbox 2221 4581 2287 4635; x_wconf 89' lang='lat' dir='ltr'><strong>ab</strong></span> <span class='ocrx_word' id='word_1_838' title='bbox 2322 4582 2554 4637; x_wconf 87' lang='lat' dir='ltr'><strong>Ecclesia</strong></span> <span class='ocrx_word' id='word_1_839' title='bbox 2584 4582 2695 4649; x_wconf 88' lang='lat' dir='ltr'><strong>ipse</strong></span> <span class='ocrx_word' id='word_1_840' title='bbox 2719 4579 3000 4635; x_wconf 87' lang='lat' dir='ltr'><strong>discedens</strong></span> <span class='ocrx_word' id='word_1_841' title='bbox 3024 4621 3038 4639; x_wconf 86' lang='lat'><strong>.</strong></span> <span class='ocrx_word' id='word_1_842' title='bbox 3077 4594 3173 4635; x_wconf 91' lang='lat' dir='ltr'><strong>eos</strong></span> <span class='ocrx_word' id='word_1_843' title='bbox 3208 4595 3341 4649; x_wconf 91' lang='lat' dir='ltr'><strong>quos</strong></span> <span class='ocrx_word' id='word_1_844' title='bbox 3382 4580 3565 4649; x_wconf 73' lang='lat' dir='ltr'><strong>fugere</strong></span> 
     </span>
    </p>
   </div>
   <div class='ocr_carea' id='block_1_105' title="bbox 1998 4669 3565 4738">
    <p class='ocr_par' dir='ltr' id='par_1_105' title="bbox 1998 4669 3565 4738">
     <span class='ocr_line' id='line_1_105' title="bbox 1998 4669 3565 4738; baseline 0 -15"><span class='ocrx_word' id='word_1_845' title='bbox 1998 4670 2210 4725; x_wconf 74' lang='lat' dir='ltr'><strong>videtur</strong></span> <span class='ocrx_word' id='word_1_846' title='bbox 2231 4711 2249 4736; x_wconf 88' lang='lat'><strong>,</strong></span> <span class='ocrx_word' id='word_1_847' title='bbox 2282 4671 2474 4724; x_wconf 83' lang='lat' dir='ltr'><strong>vinciat</strong></span> <span class='ocrx_word' id='word_1_848' title='bbox 2502 4673 2523 4703; x_wconf 79' lang='grc'>³</span> <span class='ocrx_word' id='word_1_849' title='bbox 2546 4670 2613 4724; x_wconf 90' lang='lat' dir='ltr'><strong>ad</strong></span> <span class='ocrx_word' id='word_1_850' title='bbox 2642 4669 2959 4738; x_wconf 81' lang='lat' dir='ltr'><strong>gehennam.</strong></span> <span class='ocrx_word' id='word_1_851' title='bbox 2990 4670 3124 4738; x_wconf 84' lang='lat' dir='ltr'><strong>Quia</strong></span> <span class='ocrx_word' id='word_1_852' title='bbox 3160 4679 3215 4724; x_wconf 92' lang='lat' dir='ltr'><strong>et</strong></span> <span class='ocrx_word' id='word_1_853' title='bbox 3238 4670 3303 4724; x_wconf 89' lang='lat' dir='ltr'><strong>ad</strong></span> <span class='ocrx_word' id='word_1_854' title='bbox 3335 4670 3435 4726; x_wconf 89' lang='lat' dir='ltr'><strong>hoc</strong></span> <span class='ocrx_word' id='word_1_855' title='bbox 3463 4688 3565 4725; x_wconf 85' lang='lat' dir='ltr'><strong>no-</strong></span> 
     </span>
    </p>
   </div>
   <div class='ocr_carea' id='block_1_106' title="bbox 1999 4759 3561 4829">
    <p class='ocr_par' dir='ltr' id='par_1_106' title="bbox 1999 4759 3561 4829">
     <span class='ocr_line' id='line_1_106' title="bbox 1999 4759 3561 4829; baseline 0.002 -17"><span class='ocrx_word' id='word_1_856' title='bbox 1999 4759 2081 4815; x_wconf 86' lang='lat' dir='ltr'><strong>bis</strong></span> <span class='ocrx_word' id='word_1_857' title='bbox 2102 4768 2227 4814; x_wconf 84' lang='lat' dir='ltr'><strong>sunt</strong></span> <span class='ocrx_word' id='word_1_858' title='bbox 2263 4760 2318 4814; x_wconf 91' lang='lat' dir='ltr'><strong>in</strong></span> <span class='ocrx_word' id='word_1_859' title='bbox 2342 4760 2626 4828; x_wconf 87' lang='lat' dir='ltr'><strong>Scripturis</strong></span> <span class='ocrx_word' id='word_1_860' title='bbox 2649 4761 2847 4814; x_wconf 88' lang='lat' dir='ltr'><strong>sanctis</strong></span> <span class='ocrx_word' id='word_1_861' title='bbox 2872 4760 3113 4827; x_wconf 78' lang='lat' dir='ltr'><strong>exetnpla</strong></span> <span class='ocrx_word' id='word_1_862' title='bbox 3144 4761 3409 4829; x_wconf 86' lang='lat' dir='ltr'><strong>pr0posita</strong></span> <span class='ocrx_word' id='word_1_863' title='bbox 3427 4802 3441 4824; x_wconf 87' lang='lat'><strong>,</strong></span> <span class='ocrx_word' id='word_1_864' title='bbox 3469 4776 3561 4816; x_wconf 87' lang='lat' dir='ltr'><strong>ve-</strong></span> 
     </span>
    </p>
   </div>
   <div class='ocr_carea' id='block_1_107' title="bbox 2003 4849 3558 4919">
    <p class='ocr_par' dir='ltr' id='par_1_107' title="bbox 2003 4849 3558 4919">
     <span class='ocr_line' id='line_1_107' title="bbox 2003 4849 3558 4919; baseline -0.001 -15"><span class='ocrx_word' id='word_1_865' title='bbox 2003 4850 2080 4906; x_wconf 88' lang='lat' dir='ltr'><strong>lut</strong></span> <span class='ocrx_word' id='word_1_866' title='bbox 2104 4851 2154 4904; x_wconf 91' lang='lat' dir='ltr'><strong>in</strong></span> <span class='ocrx_word' id='word_1_867' title='bbox 2196 4865 2406 4913; x_wconf 86' lang='lat' dir='ltr'><strong>messe,</strong></span> <span class='ocrx_word' id='word_1_868' title='bbox 2438 4856 2494 4903; x_wconf 90' lang='lat' dir='ltr'><strong>ut</strong></span> <span class='ocrx_word' id='word_1_869' title='bbox 2523 4850 2667 4919; x_wconf 89' lang='lat' dir='ltr'><strong>palea</strong></span> <span class='ocrx_word' id='word_1_870' title='bbox 2705 4849 2985 4904; x_wconf 72' lang='lat' dir='ltr'><strong>suiferatur</strong></span> <span class='ocrx_word' id='word_1_871' title='bbox 3012 4865 3177 4919; x_wconf 89' lang='lat' dir='ltr'><strong>usque</strong></span> <span class='ocrx_word' id='word_1_872' title='bbox 3210 4850 3275 4903; x_wconf 90' lang='lat' dir='ltr'><strong>ad</strong></span> <span class='ocrx_word' id='word_1_873' title='bbox 3318 4850 3558 4904; x_wconf 87' lang='lat' dir='ltr'><strong>ultimum</strong></span> 
     </span>
    </p>
   </div>
   <div class='ocr_carea' id='block_1_108' title="bbox 1998 4939 3562 5013">
    <p class='ocr_par' dir='ltr' id='par_1_108' title="bbox 1998 4939 3562 5013">
     <span class='ocr_line' id='line_1_108' title="bbox 1998 4939 3562 5013; baseline -0.001 -17"><span class='ocrx_word' id='word_1_874' title='bbox 1998 4941 2353 4996; x_wconf 83' lang='lat' dir='ltr'><strong>ventilabrum</strong></span> <span class='ocrx_word' id='word_1_875' title='bbox 2384 4940 2594 5013; x_wconf 76' lang='lat' dir='ltr'><strong>(Matth.</strong></span> <span class='ocrx_word' id='word_1_876' title='bbox 2638 4956 2732 5004; x_wconf 88' lang='grc' dir='ltr'>ιιι,</span> <span class='ocrx_word' id='word_1_877' title='bbox 2765 4939 2891 5008; x_wconf 71' lang='grc'><strong>12);</strong></span> <span class='ocrx_word' id='word_1_878' title='bbox 2939 4942 3083 4995; x_wconf 84' lang='lat' dir='ltr'><strong>velut</strong></span> <span class='ocrx_word' id='word_1_879' title='bbox 3110 4941 3243 4994; x_wconf 88' lang='lat' dir='ltr'><strong>intra</strong></span> <span class='ocrx_word' id='word_1_880' title='bbox 3282 4941 3368 4995; x_wconf 83' lang='lat' dir='ltr'><strong>illa</strong></span> <span class='ocrx_word' id='word_1_881' title='bbox 3395 4941 3521 4994; x_wconf 85' lang='lat' dir='ltr'><strong>retia</strong></span> <span class='ocrx_word' id='word_1_882' title='bbox 3545 4980 3562 5003; x_wconf 89' lang='lat'><strong>,</strong></span> 
     </span>
    </p>
   </div>
   <div class='ocr_carea' id='block_1_109' title="bbox 2000 5029 3564 5100">
    <p class='ocr_par' dir='ltr' id='par_1_109' title="bbox 2000 5029 3564 5100">
     <span class='ocr_line' id='line_1_109' title="bbox 2000 5029 3564 5100; baseline 0 -17"><span class='ocrx_word' id='word_1_883' title='bbox 2000 5029 2090 5084; x_wconf 90' lang='lat' dir='ltr'><strong>ubi</strong></span> <span class='ocrx_word' id='word_1_884' title='bbox 2129 5031 2299 5099; x_wconf 87' lang='lat' dir='ltr'><strong>pisces</strong></span> <span class='ocrx_word' id='word_1_885' title='bbox 2330 5030 2453 5084; x_wconf 89' lang='lat' dir='ltr'><strong>boni</strong></span> <span class='ocrx_word' id='word_1_886' title='bbox 2479 5046 2598 5083; x_wconf 69' lang='lat' dir='ltr'><strong>enim</strong></span> <span class='ocrx_word' id='word_1_887' title='bbox 2638 5031 2790 5084; x_wconf 90' lang='lat' dir='ltr'><strong>malis</strong></span> <span class='ocrx_word' id='word_1_888' title='bbox 2819 5046 2983 5100; x_wconf 87' lang='lat' dir='ltr'><strong>usque</strong></span> <span class='ocrx_word' id='word_1_889' title='bbox 3019 5031 3084 5084; x_wconf 91' lang='lat' dir='ltr'><strong>ad</strong></span> <span class='ocrx_word' id='word_1_890' title='bbox 3113 5031 3525 5099; x_wconf 86' lang='lat' dir='ltr'><strong>segregationem</strong></span> <span class='ocrx_word' id='word_1_891' title='bbox 3549 5072 3564 5094; x_wconf 91' lang='lat'><strong>,</strong></span> 
     </span>
    </p>
   </div>
   <div class='ocr_carea' id='block_1_110' title="bbox 2000 5112 3565 5189">
    <p class='ocr_par' dir='ltr' id='par_1_110' title="bbox 2000 5112 3565 5189">
     <span class='ocr_line' id='line_1_110' title="bbox 2000 5112 3565 5189; baseline 0 -15"><span class='ocrx_word' id='word_1_892' title='bbox 2000 5135 2119 5189; x_wconf 69' lang='lat' dir='ltr'><strong>qua:</strong></span> <span class='ocrx_word' id='word_1_893' title='bbox 2144 5119 2316 5174; x_wconf 85' lang='lat' dir='ltr'><strong>futura</strong></span> <span class='ocrx_word' id='word_1_894' title='bbox 2341 5128 2423 5174; x_wconf 89' lang='lat' dir='ltr'><strong>est</strong></span> <span class='ocrx_word' id='word_1_895' title='bbox 2451 5121 2502 5174; x_wconf 90' lang='lat' dir='ltr'><strong>in</strong></span> <span class='ocrx_word' id='word_1_896' title='bbox 2533 5112 2735 5185; x_wconf 85' lang='lat' dir='ltr'><strong>littore,</strong></span> <span class='ocrx_word' id='word_1_897' title='bbox 2766 5121 2814 5173; x_wconf 90' lang='lat' dir='ltr'><strong>id</strong></span> <span class='ocrx_word' id='word_1_898' title='bbox 2842 5130 2939 5182; x_wconf 88' lang='lat' dir='ltr'><strong>est,</strong></span> <span class='ocrx_word' id='word_1_899' title='bbox 2973 5121 3025 5174; x_wconf 90' lang='lat' dir='ltr'><strong>in</strong></span> <span class='ocrx_word' id='word_1_900' title='bbox 3055 5123 3158 5174; x_wconf 83' lang='lat' dir='ltr'><strong>line</strong></span> <span class='ocrx_word' id='word_1_901' title='bbox 3182 5119 3381 5185; x_wconf 81' lang='lat' dir='ltr'><strong>saeculi,</strong></span> <span class='ocrx_word' id='word_1_902' title='bbox 3412 5135 3565 5189; x_wconf 80' lang='lat' dir='ltr'><strong>:cquo</strong></span> 
     </span>
    </p>
   </div>
   <div class='ocr_carea' id='block_1_111' title="bbox 1999 5208 3561 5281">
    <p class='ocr_par' dir='ltr' id='par_1_111' title="bbox 1999 5208 3561 5281">
     <span class='ocr_line' id='line_1_111' title="bbox 1999 5208 3561 5281; baseline 0.001 -19"><span class='ocrx_word' id='word_1_903' title='bbox 1999 5210 2178 5264; x_wconf 89' lang='lat' dir='ltr'><strong>animo</strong></span> <span class='ocrx_word' id='word_1_904' title='bbox 2203 5210 2489 5265; x_wconf 88' lang='lat' dir='ltr'><strong>tolereutur</strong></span> <span class='ocrx_word' id='word_1_905' title='bbox 2514 5208 2622 5281; x_wconf 87' lang='lat' dir='ltr'><strong>(Id.</strong></span> <span class='ocrx_word' id='word_1_906' title='bbox 2651 5226 2763 5273; x_wconf 82' lang='lat' dir='ltr'><strong>xm,</strong></span> <span class='ocrx_word' id='word_1_907' title='bbox 2794 5210 3007 5280; x_wconf 66' lang='lat'><strong>47-50).</strong></span> <span class='ocrx_word' id='word_1_908' title='bbox 3037 5209 3151 5263; x_wconf 84' lang='lat' dir='ltr'><strong>Non</strong></span> <span class='ocrx_word' id='word_1_909' title='bbox 3182 5210 3321 5264; x_wconf 90' lang='lat' dir='ltr'><strong>enim</strong></span> <span class='ocrx_word' id='word_1_910' title='bbox 3345 5220 3561 5265; x_wconf 85' lang='lat' dir='ltr'><strong>contra-</strong></span> 
     </span>
    </p>
   </div>
   <div class='ocr_carea' id='block_1_112' title="bbox 1999 5299 3558 5372">
    <p class='ocr_par' dir='ltr' id='par_1_112' title="bbox 1999 5299 3558 5372">
     <span class='ocr_line' id='line_1_112' title="bbox 1999 5299 3558 5372; baseline 0.001 -17"><span class='ocrx_word' id='word_1_911' title='bbox 1999 5299 2135 5355; x_wconf 87' lang='lat' dir='ltr'><strong>rium</strong></span> <span class='ocrx_word' id='word_1_912' title='bbox 2162 5311 2243 5356; x_wconf 88' lang='lat' dir='ltr'><strong>est</strong></span> <span class='ocrx_word' id='word_1_913' title='bbox 2271 5301 2391 5355; x_wconf 90' lang='lat' dir='ltr'><strong>huic</strong></span> <span class='ocrx_word' id='word_1_914' title='bbox 2416 5302 2533 5357; x_wconf 88' lang='lat' dir='ltr'><strong>loco</strong></span> <span class='ocrx_word' id='word_1_915' title='bbox 2558 5302 2608 5355; x_wconf 94' lang='lat' dir='ltr'><strong>id</strong></span> <span class='ocrx_word' id='word_1_916' title='bbox 2634 5302 2773 5372; x_wconf 85' lang='lat' dir='ltr'><strong>quod</strong></span> <span class='ocrx_word' id='word_1_917' title='bbox 2808 5302 2911 5355; x_wconf 90' lang='lat' dir='ltr'><strong>alio</strong></span> <span class='ocrx_word' id='word_1_918' title='bbox 2934 5301 3052 5356; x_wconf 88' lang='lat' dir='ltr'><strong>loco</strong></span> <span class='ocrx_word' id='word_1_919' title='bbox 3077 5302 3207 5356; x_wconf 92' lang='lat' dir='ltr'><strong>dicit</strong></span> <span class='ocrx_word' id='word_1_920' title='bbox 3231 5301 3513 5371; x_wconf 84' lang='lat' dir='ltr'><strong>Apostolus</strong></span> <span class='ocrx_word' id='word_1_921' title='bbox 3541 5320 3558 5357; x_wconf 88' lang='lat'><strong>:</strong></span> 
     </span>
    </p>
   </div>
   <div class='ocr_carea' id='block_1_113' title="bbox 293 5317 688 5378">
    <p class='ocr_par' dir='ltr' id='par_1_113' title="bbox 293 5317 688 5378">
     <span class='ocr_line' id='line_1_113' title="bbox 293 5317 688 5378; baseline -0.015 0"><span class='ocrx_word' id='word_1_922' title='bbox 293 5317 688 5378; x_wconf 82' lang='lat' dir='ltr'><strong>erubescere?</strong></span> 
     </span>
    </p>
   </div>
   <div class='ocr_carea' id='block_1_114' title="bbox 367 5405 1891 5479">
    <p class='ocr_par' dir='ltr' id='par_1_114' title="bbox 367 5405 1891 5479">
     <span class='ocr_line' id='line_1_114' title="bbox 367 5405 1891 5479; baseline -0.004 -12"><span class='ocrx_word' id='word_1_923' title='bbox 367 5410 471 5468; x_wconf 72' lang='lat' dir='ltr'><strong>ID.</strong></span> <span class='ocrx_word' id='word_1_924' title='bbox 508 5408 587 5463; x_wconf 77' lang='lat' dir='ltr'><strong>In</strong></span> <span class='ocrx_word' id='word_1_925' title='bbox 621 5424 705 5463; x_wconf 86' lang='lat' dir='ltr'><strong>eos</strong></span> <span class='ocrx_word' id='word_1_926' title='bbox 728 5408 813 5479; x_wconf 83' lang='lat' dir='ltr'><strong>qui</strong></span> <span class='ocrx_word' id='word_1_927' title='bbox 837 5405 1139 5479; x_wconf 69' lang='lat' dir='ltr'><strong>pmnitentic</strong></span> <span class='ocrx_word' id='word_1_928' title='bbox 1163 5405 1471 5477; x_wconf 71' lang='lat' dir='ltr'><strong>negligenda</strong></span> <span class='ocrx_word' id='word_1_929' title='bbox 1505 5406 1788 5475; x_wconf 75' lang='lat' dir='ltr'><strong>exentplum</strong></span> <span class='ocrx_word' id='word_1_930' title='bbox 1830 5422 1891 5461; x_wconf 81' lang='lat' dir='ltr'><strong>ea:</strong></span> 
     </span>
    </p>
   </div>
   <div class='ocr_carea' id='block_1_115' title="bbox 288 5496 1890 5566">
    <p class='ocr_par' dir='ltr' id='par_1_115' title="bbox 288 5496 1890 5566">
     <span class='ocr_line' id='line_1_115' title="bbox 288 5496 1890 5566; baseline -0.005 -10"><span class='ocrx_word' id='word_1_931' title='bbox 288 5502 417 5556; x_wconf 71' lang='lat' dir='ltr'><strong>aliis</strong></span> <span class='ocrx_word' id='word_1_932' title='bbox 441 5507 682 5554; x_wconf 74' lang='lat' dir='ltr'><strong>sumunt.</strong></span> <span class='ocrx_word' id='word_1_933' title='bbox 706 5498 748 5551; x_wconf 86' lang='grc' dir='ltr'><em>Α</em></span> <span class='ocrx_word' id='word_1_934' title='bbox 768 5498 1114 5552; x_wconf 87' lang='lat' dir='ltr'><strong>communione</strong></span> <span class='ocrx_word' id='word_1_935' title='bbox 1137 5514 1236 5549; x_wconf 91' lang='lat' dir='ltr'><strong>non</strong></span> <span class='ocrx_word' id='word_1_936' title='bbox 1261 5496 1581 5566; x_wconf 87' lang='lat' dir='ltr'><strong>prohibentur</strong></span> <span class='ocrx_word' id='word_1_937' title='bbox 1599 5497 1693 5549; x_wconf 89' lang='lat' dir='ltr'><strong>nisi</strong></span> <span class='ocrx_word' id='word_1_938' title='bbox 1715 5506 1890 5564; x_wconf 87' lang='lat' dir='ltr'><strong>sponte</strong></span> 
     </span>
    </p>
   </div>
   <div class='ocr_carea' id='block_1_116' title="bbox 288 5586 1884 5661">
    <p class='ocr_par' dir='ltr' id='par_1_116' title="bbox 288 5586 1884 5661">
     <span class='ocr_line' id='line_1_116' title="bbox 288 5586 1884 5661; baseline -0.004 -14"><span class='ocrx_word' id='word_1_939' title='bbox 288 5590 561 5661; x_wconf 82' lang='lat' dir='ltr'><strong>confessi,</strong></span> <span class='ocrx_word' id='word_1_940' title='bbox 585 5590 661 5642; x_wconf 78' lang='lat' dir='ltr'><strong>vel</strong></span> <span class='ocrx_word' id='word_1_941' title='bbox 682 5588 898 5659; x_wconf 84' lang='lat' dir='ltr'><strong>legitime</strong></span> <span class='ocrx_word' id='word_1_942' title='bbox 914 5588 1142 5641; x_wconf 78' lang='lat' dir='ltr'><strong>convicti.</strong></span> <span class='ocrx_word' id='word_1_943' title='bbox 1164 5586 1331 5641; x_wconf 86' lang='lat' dir='ltr'><strong>Nemo</strong></span> <span class='ocrx_word' id='word_1_944' title='bbox 1348 5588 1650 5651; x_wconf 86' lang='lat' dir='ltr'><strong>arbitretur,</strong></span> <span class='ocrx_word' id='word_1_945' title='bbox 1677 5587 1884 5649; x_wconf 80' lang='lat' dir='ltr'><strong>fratres,</strong></span> 
     </span>
    </p>
   </div>
   <div class='ocr_carea' id='block_1_117' title="bbox 286 5674 1885 5754">
    <p class='ocr_par' dir='ltr' id='par_1_117' title="bbox 286 5674 1885 5754">
     <span class='ocr_line' id='line_1_117' title="bbox 286 5674 1885 5754; baseline -0.002 -19"><span class='ocrx_word' id='word_1_946' title='bbox 286 5691 606 5754; x_wconf 73' lang='lat' dir='ltr'><strong>propterea</strong></span> <span class='ocrx_word' id='word_1_947' title='bbox 649 5679 1006 5731; x_wconf 85' lang='lat' dir='ltr'><strong>seconsilium</strong></span> <span class='ocrx_word' id='word_1_948' title='bbox 1047 5674 1329 5731; x_wconf 59' lang='lat' dir='ltr'><strong>salutifera).</strong></span> <span class='ocrx_word' id='word_1_949' title='bbox 1371 5676 1523 5748; x_wconf 75' lang='lat' dir='ltr'><strong>hujus</strong></span> <span class='ocrx_word' id='word_1_950' title='bbox 1560 5678 1885 5747; x_wconf 63' lang='lat' dir='ltr'><strong>pinnitcntize</strong></span> 
     </span>
    </p>
   </div>
   <div class='ocr_carea' id='block_1_118' title="bbox 600 5772 1197 5838">
    <p class='ocr_par' dir='ltr' id='par_1_118' title="bbox 600 5772 1197 5838">
     <span class='ocr_line' id='line_1_118' title="bbox 600 5772 1197 5838; baseline -0.005 0"><span class='ocrx_word' id='word_1_951' title='bbox 600 5780 871 5838; x_wconf 79' lang='lat' dir='ltr'><strong>PATROL.</strong></span> <span class='ocrx_word' id='word_1_952' title='bbox 908 5772 1197 5835; x_wconf 76' lang='lat' dir='ltr'><strong>XXXIX.</strong></span> 
     </span>
    </p>
   </div>
   <div class='ocr_carea' id='block_1_119' title="bbox 2000 5388 3565 5464">
    <p class='ocr_par' dir='ltr' id='par_1_119' title="bbox 2000 5388 3565 5464">
     <span class='ocr_line' id='line_1_119' title="bbox 2000 5388 3565 5464; baseline 0.001 -20"><span class='ocrx_word' id='word_1_953' title='bbox 2000 5388 2079 5444; x_wconf 80' lang='lat' dir='ltr'><strong>Tu</strong></span> <span class='ocrx_word' id='word_1_954' title='bbox 2113 5392 2223 5464; x_wconf 72' lang='lat' dir='ltr'><strong>quis</strong></span> <span class='ocrx_word' id='word_1_955' title='bbox 2258 5409 2309 5446; x_wconf 89' lang='lat' dir='ltr'><strong>es</strong></span> <span class='ocrx_word' id='word_1_956' title='bbox 2344 5394 2428 5463; x_wconf 90' lang='lat' dir='ltr'><strong>qui</strong></span> <span class='ocrx_word' id='word_1_957' title='bbox 2446 5393 2651 5463; x_wconf 88' lang='lat' dir='ltr'><strong>judicas</strong></span> <span class='ocrx_word' id='word_1_958' title='bbox 2688 5393 2909 5447; x_wconf 79' lang='lat' dir='ltr'><strong>alienum</strong></span> <span class='ocrx_word' id='word_1_959' title='bbox 2947 5393 3183 5448; x_wconf 79' lang='lat' dir='ltr'><strong>seruum?</strong></span> <span class='ocrx_word' id='word_1_960' title='bbox 3211 5392 3319 5447; x_wconf 86' lang='lat' dir='ltr'><strong>Suo</strong></span> <span class='ocrx_word' id='word_1_961' title='bbox 3358 5392 3565 5446; x_wconf 87' lang='lat' dir='ltr'><strong>domino</strong></span> 
     </span>
    </p>
   </div>
   <div class='ocr_carea' id='block_1_120' title="bbox 2064 5563 3564 5632">
    <p class='ocr_par' dir='ltr' id='par_1_120' title="bbox 2064 5563 3564 5632">
     <span class='ocr_line' id='line_1_120' title="bbox 2064 5563 3564 5632; baseline 0.003 -20"><span class='ocrx_word' id='word_1_962' title='bbox 2064 5565 2081 5597; x_wconf 81' lang='grc' dir='ltr'>ί</span> <span class='ocrx_word' id='word_1_963' title='bbox 2102 5572 2131 5632; x_wconf 64' lang='grc' dir='ltr'>Α</span> <span class='ocrx_word' id='word_1_964' title='bbox 2138 5563 2320 5632; x_wconf 65' lang='lat' dir='ltr'><strong>pudtir.</strong></span> <span class='ocrx_word' id='word_1_965' title='bbox 2337 5566 2481 5632; x_wconf 79' lang='lat' dir='ltr'><strong>Lugd.</strong></span> <span class='ocrx_word' id='word_1_966' title='bbox 2499 5575 2616 5616; x_wconf 74' lang='lat' dir='ltr'><strong>ven.</strong></span> <span class='ocrx_word' id='word_1_967' title='bbox 2636 5572 2763 5627; x_wconf 61' lang='lat' dir='ltr'><strong>Ima,</strong></span> <span class='ocrx_word' id='word_1_968' title='bbox 2776 5564 2898 5627; x_wconf 84' lang='lat' dir='ltr'><strong>Quid</strong></span> <span class='ocrx_word' id='word_1_969' title='bbox 2915 5564 3041 5616; x_wconf 88' lang='lat' dir='ltr'><strong>enim</strong></span> <span class='ocrx_word' id='word_1_970' title='bbox 3054 5564 3172 5616; x_wconf 86' lang='lat' dir='ltr'><strong>mihi</strong></span> <span class='ocrx_word' id='word_1_971' title='bbox 3183 5566 3245 5615; x_wconf 86' lang='lat' dir='ltr'><strong>de</strong></span> <span class='ocrx_word' id='word_1_972' title='bbox 3262 5563 3335 5615; x_wconf 88' lang='lat' dir='ltr'><strong>his</strong></span> <span class='ocrx_word' id='word_1_973' title='bbox 3349 5564 3431 5632; x_wconf 83' lang='lat' dir='ltr'><strong>qui</strong></span> <span class='ocrx_word' id='word_1_974' title='bbox 3444 5563 3564 5630; x_wconf 75' lang='lat' dir='ltr'><strong>furis</strong></span> 
     </span>
    </p>
   </div>
   <div class='ocr_carea' id='block_1_121' title="bbox 1999 5626 2518 5686">
    <p class='ocr_par' dir='ltr' id='par_1_121' title="bbox 1999 5626 2518 5686">
     <span class='ocr_line' id='line_1_121' title="bbox 1999 5626 2518 5686; baseline 0.002 -11"><span class='ocrx_word' id='word_1_975' title='bbox 1999 5631 2108 5675; x_wconf 84' lang='lat' dir='ltr'><strong>sunt</strong></span> <span class='ocrx_word' id='word_1_976' title='bbox 2133 5626 2362 5686; x_wconf 85' lang='lat' dir='ltr'><strong>judicare</strong></span> <span class='ocrx_word' id='word_1_977' title='bbox 2379 5626 2424 5675; x_wconf 57' lang='grc' dir='ltr'>ΞΓ</span> <span class='ocrx_word' id='word_1_978' title='bbox 2464 5636 2518 5676; x_wconf 83' lang='lat' dir='ltr'><strong>M.</strong></span> 
     </span>
    </p>
   </div>
   <div class='ocr_carea' id='block_1_122' title="bbox 2066 5687 2431 5747">
    <p class='ocr_par' dir='ltr' id='par_1_122' title="bbox 2066 5687 2431 5747">
     <span class='ocr_line' id='line_1_122' title="bbox 2066 5687 2431 5747; baseline 0.005 -14"><span class='ocrx_word' id='word_1_979' title='bbox 2066 5689 2085 5718; x_wconf 78' lang='grc'><strong><em>²</em></strong></span> <span class='ocrx_word' id='word_1_980' title='bbox 2109 5695 2233 5747; x_wconf 60' lang='lat' dir='ltr'><strong>Mss,</strong></span> <span class='ocrx_word' id='word_1_981' title='bbox 2260 5687 2431 5737; x_wconf 76' lang='lat' dir='ltr'><strong>vincat.</strong></span> 
     </span>
    </p>
   </div>
   <div class='ocr_carea' id='block_1_123' title="bbox 2715 5770 3296 5851">
    <p class='ocr_par' dir='ltr' id='par_1_123' title="bbox 2715 5770 3296 5851">
     <span class='ocr_line' id='line_1_123' title="bbox 2715 5770 3296 5851; baseline 0.01 -23"><span class='ocrx_word' id='word_1_982' title='bbox 2715 5770 3296 5851; x_wconf 68' lang='lat' dir='ltr'><strong>(Quarantc—neuf.)</strong></span> 
     </span>
    </p>
   </div>
  </div>
