3996 6192
354 372 507 437 filiai-7

369 505 488 557 stat,
518 504 606 549 aut
639 490 773 548 cadit
806 486 980 561 (Rom.
1010 500 1097 539 xxv
1117 524 1132 547 ,
1171 480 1246 552 4).
1295 470 1475 533 Noluit
1501 475 1641 531 enim
1679 474 1945 527 hominem

371 590 442 644 ab
468 586 686 642 homine
710 580 930 655 iudicari
961 593 1027 633 ex
1054 574 1273 629 arbitrio
1296 566 1646 639 suSpicionis,
1674 563 1753 618 vel
1789 564 1947 616 etiam

372 676 801 735 extraordinario
840 676 1094 738 usurpato
1111 664 1311 734 judicio
1340 678 1353 714 :
1386 660 1480 716 sed
1527 659 1701 729 potius
1729 672 1792 710 ex
1835 656 1951 724 lege

372 770 468 825 Dei
498 764 789 823 secundum
816 759 1055 815 ordinem
1088 750 1530 815 Ecclesim,lsive
1564 748 1701 802 ultro
1742 744 1950 800 confes-

373 876 514 926 sum,
538 860 651 913 sive
678 862 981 910 accusatum
1006 857 1164 917 atque
1191 844 1516 900 convictum.
1545 838 1791 909 Alioquin
1826 835 1955 895 illud

376 969 472 1006 cur
495 951 645 1013 dixit,
671 948 731 1001 Si
754 944 866 1016 quis
896 946 1053 1014 frater
1079 937 1367 993 nominatur
1391 943 1478 987 aut
1519 931 1797 1003 fornicator
1814 968 1827 994 ,
1866 934 1955 979 aut

376 1042 528 1097 idolis
556 1038 789 1101 serviens,
815 1043 868 1089 et
886 1040 1109 1095 caetera;
1137 1028 1236 1083 nisi
1256 1025 1380 1097 quia
1400 1039 1517 1079 eam
1542 1021 1955 1078 nominationem

379 1129 600 1200 intelligi
651 1125 818 1180 voluit
865 1137 984 1193 qua:
1030 1120 1087 1174 fit
1142 1120 1196 1172 in
1241 1128 1603 1188 quemquam,
1651 1126 1773 1200 cum
1835 1122 1959 1200 seu:

381 1196 768 1276 tentiavordine
805 1210 1084 1284 judiciario
1127 1216 1285 1277 atque
1313 1204 1611 1274 integritate
1648 1196 1958 1272 profertur?

328 1306 331 1309 λ
378 1308 512 1370 'Nam
540 1309 585 1363 si
608 1303 896 1360 nominatio
918 1299 1134 1365 sufﬁcit,
1165 1295 1317 1351 multi
1340 1292 1624 1351 damnandi
1653 1298 1779 1345 sunt
1803 1289 1961 1343 inuo-

388 1410 565 1458 centes
584 1440 600 1466 ,
631 1396 752 1467 quia
792 1409 935 1464 saepe
961 1392 1094 1447 falso
1133 1390 1186 1445 in
1208 1384 1721 1459 quoquam‘crimiue
1744 1385 1760 1413 ¹
1790 1380 1964 1439 nomi-

370 1500 597 1548 'uautur.

458 1582 545 1635 11.
586 1579 835 1632 Aduersus
866 1589 949 1629 eos
976 1571 1059 1642 qui
1102 1570 1268 1642 pravis
1314 1566 1555 1636 exemplis
1598 1564 1962 1635 acquiescentu

385 1678 707 1729 contemnunt
764 1663 1125 1737 pwnitentiam.
1179 1658 1452 1730 Praepositi
1499 1657 1620 1711 mali
1685 1671 1785 1709 non
1840 1653 1962 1707 imi-

384 1765 549 1819 tondi.
582 1761 804 1832 Elegans
831 1754 1128 1813 similitudo.
1174 1753 1290 1809 Non
1307 1767 1434 1822 ergo
1457 1750 1557 1815 illi,
1597 1763 1734 1819 quos
1772 1761 1962 1802 mone-

388 1869 512 1911 mus
550 1867 707 1924 agere
760 1846 1147 1920 pmnitentiam,
1203 1851 1443 1914 quierant
1484 1840 1586 1897 sibi
1633 1838 1856 1894 comites
1897 1835 1966 1891 ad

390 1944 735 2017 supplicium;
789 1952 888 1994 nec
920 1935 1185 2007 gaudeant
1230 1933 1353 2004 quia
1395 1932 1576 2001 plures
1628 1927 1967 1983 inveniunt’.

390 2038 510 2097 Non
551 2036 693 2091 enim
750 2040 1028 2102 propterea
1086 2027 1259 2082 minus
1315 2022 1616 2087 ardebant,
1681 2018 1803 2089 quia
1846 2031 1969 2072 cum

384 2128 573 2183 multis
596 2125 873 2179 ardebant.
904 2121 1020 2176 Non
1049 2128 1132 2175 est
1171 2118 1312 2174 enim
1347 2115 1451 2170 hoc
1487 2112 1728 2168 sanitatis
1765 2117 1969 2164 certum

393 2218 695 2283 consilium,
723 2213 818 2269 sed
834 2210 1215 2268 malevolentiae
1229 2222 1423 2262 vanum
1449 2204 1715 2259 solatium.
1742 2202 1821 2257 An
1839 2200 1974 2254 forte

394 2305 674 2362 attendunt
700 2304 894 2357 multos
919 2301 1081 2356 etiam
1111 2299 1165 2352 in
1196 2297 1324 2366 ipsis
1348 2293 1639 2350 honoribus
1657 2289 1976 2346 ecclesiasti-

373 2401 474 2456 rcis
504 2396 908 2469 praepositorum
934 2399 987 2445 et
1013 2390 1377 2445 ministrorum
1406 2400 1513 2440 non
1534 2390 1886 2453 congruenter
1902 2380 1979 2435 νίς

396 2506 523 2548 vere
550 2486 888 2545 sermonibus
913 2491 967 2539 et
989 2479 1372 2544 Sacramentis,
1399 2491 1517 2546 qua:
1542 2489 1638 2544 per
1655 2487 1749 2527 eos
1773 2470 1981 2541 populis

398 2576 797 2638 ministrantur?
837 2575 881 2631 Ο
917 2574 1145 2628 miseros
1185 2569 1447 2631 homines,
1479 2565 1569 2635 qui
1598 2564 1697 2619 hos
1725 2562 1980 2616 intuendo

399 2671 666 2727 Christum
688 2662 1099 2723 obliviscuntur!
1131 2660 1221 2729 qui
1245 2668 1299 2713 et
1324 2664 1472 2711 tanto
1498 2662 1621 2708 ante
1641 2651 1903 2723 praedixit,
1924 2656 1982 2704 ut

377 2761 505 2831 'legi
528 2760 621 2814 Dei
643 2758 818 2829 patius
842 2754 1258 2819 obtemperetur,
1289 2762 1447 2816 quam
1485 2742 1722 2799 imitandi
1760 2742 1980 2831 videan-

401 2830 488 2907 tur
515 2850 610 2915 illi,
638 2847 727 2918 qui
748 2861 808 2900 ea
824 2860 942 2915 quae
959 2843 1140 2897 dicunt
1157 2855 1259 2894 non
1279 2838 1478 2894 faciunt
1502 2834 1711 2908 (Matth.
1728 2848 1879 2897 nm,
1897 2830 1979 2903 '5):

402 2951 452 2998 et
481 2940 788 2996 traditorem
809 2949 965 2990 suum
988 2934 1220 2988 tolerans
1242 2944 1407 2999 usque
1427 2928 1478 2983 in
1510 2927 1693 2992 linem,
1721 2925 1880 2979 etiam
1914 2921 1983 2976 ad

404 3029 875 3103 evangelizandum
903 3042 1024 3082 cum
1055 3025 1262 3080 amris
1292 3022 1453 3076 misit.
1496 3021 1625 3075 Tam
1653 3026 1777 3072 sunt
1803 3024 1980 3072 autem

405 3125 491 3180 isti
517 3120 730 3179 absurdi
755 3129 810 3175 et
830 3115 1137 3189 praeposteri
1159 3122 1212 3170 et
1232 3112 1432 3176 miseri,
1465 3112 1552 3182 qui
1578 3109 1983 3181 praepositorum

405 3229 619 3271 suorum
659 3211 828 3266 malos
854 3221 1035 3263 mores
1077 3205 1271 3260 imitari
1310 3204 1529 3273 eligunt,
1575 3216 1732 3272 quam
1771 3214 1867 3269 per
1891 3213 1985 3254 eos

402 3307 688 3377 praedicata
725 3301 933 3358 Domini
961 3306 1229 3371 praecepta
1268 3311 1511 3360 servare;
1552 3308 1709 3363 quam
1752 3294 1797 3346 si
1836 3291 1986 3361 quis-

405 3415 563 3471 quam
594 3399 761 3452 viator
788 3390 1170 3449 remanendum
1209 3387 1308 3441 sibi
1352 3401 1471 3441 esse
1513 3384 1780 3439 existimet
1815 3384 1866 3436 in
1898 3381 1987 3436 iti-

425 3504 552 3551 nere,
576 3501 698 3541 cum
720 3482 911 3538 viderit
937 3478 1178 3535 milliaria
1209 3474 1413 3545 lapidea
1436 3474 1626 3528 litteris
1658 3473 1807 3543 plena
1848 3471 1986 3525 viam

406 3582 621 3643 docere,
648 3586 702 3631 et
725 3589 826 3627 non
852 3570 1140 3627 ambulare.
1163 3567 1272 3620 Cur
1292 3566 1433 3620 enim
1462 3579 1565 3617 non
1597 3564 1789 3632 potius,
1808 3563 1849 3615 si
1871 3576 1990 3630 pcr-

408 3668 589 3722 venire
613 3661 896 3725 desiderat,
932 3657 1064 3712 tales
1091 3653 1316 3710 comites
1343 3652 1575 3706 intuetur
1618 3660 1674 3705 et
1710 3649 1991 3717 consequi-

412 3773 515 3822 tur,
545 3756 633 3826 qui
660 3762 716 3809 ct
740 3752 877 3804 viam
907 3748 1043 3803 bene
1070 3745 1454 3804 demonstrant,
1486 3750 1538 3812 et
1569 3741 1621 3794 in
1657 3754 1720 3794 ea
1745 3753 1990 3807 perseve—

411 3858 589 3901 ranter
614 3855 772 3913 atque
795 3838 1042 3895 alacriter
1068 3831 1375 3889 ambulanti
1412 3830 1564 3898 Quod
1602 3830 1646 3883 si
1675 3829 1760 3884 isti
1790 3829 1987 3895 desint,

413 3941 492 3995 vel
525 3938 696 4008 potius
722 3933 901 3988 minus
921 3934 1233 4000 appareant,
1256 3939 1376 3977 nam
1399 3923 1585 3978 deesse
1606 3936 1707 3977 non
1736 3928 1989 3991 possunt:

415 4046 519 4084 non
547 4027 687 4083 enim
715 4024 791 4078 sic
810 4027 1056 4092 quaerunt
1071 4014 1317 4072 homines
1330 4012 1584 4069 charitate
1604 4010 1834 4077 studiosa
1852 4009 1993 4080 quod

418 4121 705 4191 praedicent
735 4114 802 4170 ad
828 4110 1200 4171 imitationem,
1235 4104 1501 4175 quomodo
1528 4112 1772 4175 qmerunt
1799 4101 1993 4171 iniqui-

404 4223 522 4268 »tate
547 4208 838 4279 suspiciosa
864 4201 1004 4274 quod
1034 4196 1443 4255 murmurentad
1459 4195 1844 4263 deceptionem,
1868 4210 1995 4263 par-

406 4305 513 4360 Itim
538 4316 644 4356 non
676 4293 990 4353 inveniendo
1016 4292 1207 4356 bonos,
1246 4289 1370 4344 dum
1402 4288 1501 4357 ipsi
1531 4287 1653 4342 mali
1682 4295 1837 4352 sunt;
1868 4302 1995 4356 par-

408 4400 511 4452 tim
544 4390 777 4449 timendo
804 4386 1064 4450 invenire,
1091 4384 1217 4439 dum
1255 4381 1380 4438 mali
1398 4395 1527 4438 esse
1553 4395 1764 4449 semper
1790 4379 1992 4434 volunt.

419 4488 521 4544 Sed
556 4495 731 4540 tamen
755 4478 1110 4537 concedamus
1151 4490 1256 4529 non
1287 4488 1543 4544 apparere
1586 4487 1726 4526 nunc
1754 4471 1998 4526 homines

418 4580 606 4649 dignos
635 4571 948 4629 imitatione.
994 4566 1244 4637 Quisquis
1273 4564 1374 4620 hoc
1398 4572 1572 4634 putas,
1602 4572 1781 4618 mente
1810 4562 1996 4617 Domi-

410 4686 546 4725 num
574 4668 802 4729 intuere,
827 4662 916 4732 qui
945 4661 1104 4715 homo
1130 4657 1299 4712 factus
1326 4664 1429 4723 est,
1453 4663 1511 4709 ut
1536 4653 1801 4709 hominem
1819 4655 1998 4709 vivere

418 4765 653 4817 doceret.
680 4756 741 4813 Si
769 4755 971 4809 habitat
1005 4751 1249 4807 Christus
1286 4751 1339 4804 in
1382 4748 1633 4803 interiore
1660 4745 1876 4801 homine
1905 4761 1999 4815 per

420 4856 578 4910 tidem
609 4855 660 4907 in
682 4847 843 4904 corde
866 4856 977 4911 tuo,
1003 4843 1411 4913 recordarisque
1434 4841 1565 4897 illud
1600 4840 1741 4911 quod
1764 4840 1999 4896 Joannes

421 4948 513 5013 ait,
547 4943 646 5013 Qui
671 4940 792 4994 dicit
811 4954 864 4994 se
882 4939 936 4992 in
960 4935 1157 4990 Christo
1177 4950 1397 4998 manere,
1422 4934 1562 4988 debet
1574 4933 1999 5006 quemadmodum

420 5038 508 5093 ille
528 5032 819 5094 ambulavit,
849 5041 897 5085 et
924 5030 1031 5095 ipse
1054 5025 1314 5080 ambulare
1334 5024 1379 5097 (i
1399 5023 1554 5080 Joan.
1580 5041 1639 5093 ιι,
1666 5024 1721 5100 6)
1744 5045 1756 5079 :
1787 5026 1857 5081 ita
1886 5040 1999 5082 -nec

422 5132 514 5186 tibi
554 5127 724 5183 deerit
746 5136 904 5196 quem
929 5116 1187 5189 sequaris,
1214 5126 1410 5171 etcum
1442 5126 1494 5172 te
1531 5117 1666 5172 alius
1691 5117 1903 5182 viderit,
1931 5117 2001 5175 de

425 5226 685 5275 bonorum
716 5212 893 5283 inopia
919 5207 1173 5280 conqueri
1201 5206 1427 5262 desinet.
1456 5206 1511 5262 Si
1542 5208 1686 5262 enim
1723 5222 1828 5263 non
1860 5210 1998 5264 nosti

422 5312 549 5382 quid
575 5293 644 5365 sit
673 5316 817 5363 recte
842 5305 1042 5368 vivere,
1070 5301 1246 5356 divina
1276 5309 1537 5370 praecepta
1561 5315 1841 5371 cognosce.
1872 5302 2003 5357 For-

418 5404 582 5459 tassis
607 5401 750 5457 enim
778 5396 931 5453 multi
955 5404 1099 5450 recte
1127 5393 1340 5459 vivunt;
1365 5392 1460 5448 sed
1477 5400 1751 5463 prOpterea
1775 5394 1867 5450 tibi
1886 5396 2001 5450 nul-

426 5495 506 5548 lus
528 5502 674 5548 recte
698 5490 876 5544 vivere
897 5483 1124 5550 videtur,
1153 5482 1400 5554 quoniam
1416 5483 1540 5555 quid
1563 5483 1632 5539 sit
1652 5494 1793 5541 recte
1816 5488 2001 5543 vivere

488 5670 504 5701 ι
529 5666 602 5715 sic
622 5672 713 5714 uss
757 5668 810 5712 Αι
830 5654 1204 5726 editl,cri_mina.
1243 5715 1253 5726 .

490 5726 508 5755 ¹
527 5726 604 5772 Ι·.ι’.
624 5726 770 5787 Lugd.
799 5731 849 5772 ct
873 5717 1012 5780 γοα,
1044 5717 1305 5769 itteenerint
1344 5721 1474 5767 ιω..
1498 5717 1752 5770 inveniant.

1594 355 1649 409 S.
1684 347 2047 409 A'UGUSTINI
2089 348 2389 405 EPISCOPI

3460 384 3463 387 -
3498 351 3634 410 sats

2058 466 2287 536 ignoras.
2316 467 2370 522 Si
2397 474 2570 521 autem
2593 466 2751 534 nosti,
2781 481 2878 538 age
2906 466 3047 539 quod
3076 466 3243 537 nosti;
3264 476 3323 524 ut
3342 474 3396 521 et
3422 474 3475 522 tu
3497 468 3636 539 quod

2058 559 2251 626 quaeris
2274 558 2490 623 habeas,
2520 566 2577 613 et
2592 557 2707 612 aliis
2731 558 2872 628 quod
2899 559 3171 614 imitentur
3185 557 3454 613 ostendas.
3485 559 3639 613 Chri-

2059 660 2198 704 stum
2233 650 2408 702 animo
2437 646 2672 713 attende,
2717 647 2931 703 attende
2956 648 3263 717 Apostolos,
3289 663 3512 717 quorum
3538 663 3636 702 no-

2062 740 2306 794 vissimus
2335 748 2417 794 est
2440 739 2529 792 ille
2557 739 2645 805 qui
2680 739 2829 804 dicit,
2858 737 3144 794 Imitotores
3182 741 3280 795 mei
3308 750 3479 804 estote,
3510 744 3636 794 sicut

2062 842 2108 887 et
2136 848 2225 903 ego
2244 830 2430 885 Christi
2460 830 2502 904 (ι
2529 831 2645 886 Cor.
2684 846 2760 898 iv,
2792 831 2904 903 16).
2936 832 3162 887 Attende
3186 834 3363 887 animo
3394 843 3468 887 tot
3494 849 3637 886 mar-

2066 931 2237 994 tyrum
2263 924 2443 977 millia.
2474 923 2582 977 Cur
2605 924 2746 978 enim
2777 932 2828 978 te
2865 922 3109 978 Natalitia
3150 938 3336 991 eorum
3382 926 3640 979 conviviis

2065 1015 2305 1084 turpibus
2322 1014 2596 1070 celebrare
2619 1014 2867 1081 delectat,
2894 1023 2949 1070 et
2972 1030 3155 1069 eorum
3181 1015 3341 1069 vitam
3364 1016 3511 1086 sequi
3539 1014 3637 1070 ho-

2064 1106 2230 1163 nestis
2255 1106 2492 1161 moribus
2518 1121 2623 1161 non
2668 1106 2929 1161 delectat?
2972 1105 3047 1161 lbi
3083 1105 3287 1161 videbis
3322 1122 3426 1160 non
3469 1105 3643 1161 solum

2065 1197 2228 1259 viros,
2256 1196 2351 1251 sed
2376 1197 2534 1251 etiam
2561 1195 2804 1260 feminas,
2825 1205 3094 1266 postremo
3112 1211 3305 1265 pueros
3332 1204 3385 1250 et
3413 1196 3638 1264 puellas,

2060 1303 2167 1344 nec
2191 1287 2540 1358 imprudentia
2582 1287 2774 1359 decipi,
2816 1303 2915 1342 nec
2944 1288 3218 1359 iniquitate
3246 1290 3494 1358 perverti,
3544 1303 3645 1343 nec

2070 1376 2288 1448 periculi
2306 1378 2495 1434 timore
2511 1376 2702 1448 frangi.
2730 1392 2829 1434 nec
2853 1379 3031 1434 smculi
3056 1393 3238 1433 amore
3261 1380 3551 1448 corrumpi.
3571 1379 3643 1434 Ita

2062 1478 2125 1524 ω
2150 1485 2254 1524 non
2284 1470 2636 1524 invenientem
2664 1468 2790 1539 quid
2827 1483 3069 1531 excuses,
3096 1485 3202 1522 non
3243 1469 3415 1524 solum
3447 1484 3647 1539 prmtte-

2074 1570 2283 1632 ptorum
2314 1561 2629 1616 inevitabilis
2653 1560 2938 1625 rcctitndo,
2966 1560 3061 1616 sed
3085 1560 3243 1615 etiam
3278 1561 3647 1632 exemplorum

2065 1651 2473 1707 «innumerabilis
2498 1650 2777 1706 multitudo
2798 1651 3169 1706 circumdabit.
3453 1689 3456 1691 Α

2141 1739 2367 1797 CAPUT
2408 1740 2469 1795 γ.
2499 1767 2571 1782 -ο
2600 1741 2686 1795 12.
2728 1738 2971 1795 Peccator
2993 1740 3164 1795 nullus
3188 1740 3436 1810 desperet,
3469 1741 3558 1795 sed
3586 1741 3654 1793 ad

2066 1833 2415 1904 paenitentiam
2453 1833 2730 1903 confugiat.
2773 1830 2991 1891 Mutatio,
3028 1834 3142 1887 vitta
3167 1840 3214 1886 et
3249 1833 3530 1903 satisfactio
3560 1849 3655 1902 pro

2066 1924 2369 1977 (commissis.
2401 1922 2505 1977 Sed
2532 1922 2599 1978 de
2626 1923 2850 1977 utilitate
2871 1937 2934 1977 ac
2966 1922 3274 1976 salubritate
3297 1922 3649 1991 paenitenlim,

2067 2012 2298 2082 utquod
2330 2014 2651 2067 instituimus
2675 2012 2957 2083 aliquando
2978 2027 3322 2083 peragamus:
3349 2013 3393 2066 si
3436 2013 3545 2082 jam
3584 2013 3654 2067 de

2068 2104 2302 2159 sanitate
2329 2103 2617 2172 deSperans
2653 2103 2804 2157 addis
2831 2112 3044 2172 peccata
3077 2104 3325 2171 peccatis,
3361 2104 3497 2157 sicut
3523 2104 3657 2157 scri-

2079 2204 2226 2265 ptum
2241 2202 2343 2259 est,
2372 2193 2630 2257 Peccator,
2653 2209 2764 2246 cum
2782 2193 2965 2245 venerit
2984 2193 3035 2245 in
3056 2192 3365 2263 profundum
3386 2191 3655 2257 malorum,

2080 2288 2346 2342 contemnit
2390 2285 2569 2357 (Prov.
2599 2300 2745 2349 xvut,
2775 2285 2868 2355 5):
2898 2284 3006 2338 noli
3033 2294 3395 2347 contemnere,
3426 2281 3535 2337 noli
3556 2280 3656 2335 de-

2080 2392 2329 2449 sperare;
2354 2378 2522 2431 clama
2547 2376 2706 2430 etiam
2733 2375 2800 2429 de
2821 2373 3081 2444 profundo
3097 2373 3161 2427 ad
3186 2373 3487 2435 Dominum,
3510 2381 3562 2427 et
3577 2372 3661 2427 dic

2085 2470 2135 2526 ei
2167 2487 2181 2524 :
2212 2468 2289 2523 De
2328 2468 2592 2540 profundis
2631 2468 2845 2522 clamavi
2885 2466 2951 2520 ad
3001 2476 3085 2534 te,
3133 2465 3379 2532 Domine;
3422 2463 3659 2529 Domine,

2081 2562 2268 2616 umidi
2294 2577 2460 2614 vocem
2490 2577 2668 2613 meant.
2697 2559 2851 2612 Fiant
2874 2575 3020 2612 aures
3041 2568 3141 2612 tua:
3162 2560 3471 2612 intendentes
3490 2558 3544 2612 in
3572 2574 3662 2613 vo-

2086 2668 2190 2706 cem
2217 2650 2568 2705 obsecrationis
2593 2665 2733 2704 meae.
2772 2648 2834 2704 Si
2860 2650 3142 2717 iniquitates
3169 2649 3521 2715 observaveris,
3552 2649 3659 2703 Do-

2086 2743 2248 2807 mine;
2271 2740 2506 2804 Domine,
2524 2741 2644 2812 quis
2658 2739 2954 2794 sustinebit?
2981 2739 3232 2804 Quoniam
3257 2740 3397 2809 apud
3424 2750 3470 2793 te
3492 2742 3665 2811 γινορί-

2086 2832 2227 2887 tiatio
2247 2842 2319 2885 est
2351 2830 2517 2900 (Psal.
2538 2831 2887 2901 cxxtx,i-4).
2921 2830 2992 2884 De
3020 2829 3111 2884 tali
3135 2829 3394 2899 profundo
3421 2831 3665 2885 Ninivitzc

2085 2923 2467 2986 clamaverunt,
2496 2930 2551 2977 et
2575 2922 2709 2977 hanc
2734 2921 3160 2992 proliitiationem
3207 2924 3555 2979 invenerunt:
3588 2926 3664 2978 fa-

2088 3013 2344 3081 ciliusque
2383 3023 2465 3069 est
2507 3024 2759 3071 evacuata
2803 3012 3144 3067 comminatio
3174 3013 3476 3082 Proxibetze,
3506 3030 3664 3084 quam

2092 3105 2385 3159 bumiliatio
2406 3103 2916 3175 pmnitentimUome
2957 3103 3071 3175 ιιι).
3100 3106 3194 3159 llic
3232 3105 3454 3161 fortasse
3497 3107 3663 3161 dicis:

2089 3193 2193 3251 Sed
2223 3210 2320 3264 ego
2346 3194 2452 3263 jam
2477 3194 2774 3264 baptizatus
2795 3210 2911 3248 sum
2943 3195 2993 3248 in
3028 3193 3259 3259 Christo,
3288 3210 3318 3249 a
3358 3210 3462 3264 quo
3490 3197 3666 3251 omnia

2092 3284 2219 3340 mihi
2244 3295 2454 3355 peccata
2487 3286 2753 3355 praeterita
2773 3284 2987 3338 dimissa
3018 3294 3170 3350 snnt;
3210 3286 3328 3339 vilis
3360 3286 3525 3340 factus
3549 3302 3665 3340 smn

2093 3376 2252 3430 nimis
2277 3378 2474 3430 iterans
2491 3377 2601 3430 vias
2620 3390 2788 3439 meas,
2818 3384 2867 3429 et
2896 3374 3040 3428 canis
3073 3375 3340 3431 horribilis
3367 3377 3533 3430 oculis
3554 3378 3665 3440 Dei,

2094 3480 2381 3521 conversus
2397 3465 2463 3519 ad
2482 3464 2732 3519 vomitum
2758 3479 2932 3518 suum.
2957 3464 3072 3532 Quo
3089 3465 3245 3520 abibo
3261 3480 3291 3521 a
3314 3466 3499 3535 Spiritu
3522 3467 3671 3535 ejus?

2095 3566 2150 3612 et
2173 3574 2201 3610 a
2232 3556 2364 3613 facie
2387 3556 2501 3627 ejus
2537 3572 2645 3626 quo
2681 3555 2909 3627 fugiam?
2936 3557 3071 3620 Quo,
3114 3557 3293 3623 frater,
3335 3558 3434 3612 nisi
3462 3561 3527 3613 ad
3558 3560 3671 3627 ejus

2097 3647 2513 3702 misericordiam
2544 3646 2871 3715 paenitendo,
2894 3647 3045 3717 cujus
3071 3656 3379 3715 potestatem
3402 3650 3671 3718 peccando

2095 3735 2522 3803 contempseras?
2550 3736 2717 3790 Nemo
2745 3736 2887 3790 enim
2923 3747 3068 3792 recte
3092 3736 3223 3807 fugit
3248 3739 3313 3793 ab
3339 3738 3448 3804 illo,
3482 3740 3578 3792 nisi
3607 3740 3671 3793 ad

2097 3826 2267 3891 illum,
2289 3824 2357 3878 ab
2385 3823 2500 3894 ejus
2518 3826 2800 3878 severitate
2816 3824 2881 3877 ad
2902 3827 3017 3893 ejus
3038 3828 3348 3882 bonitatem.
3376 3829 3503 3896 Quis
3529 3830 3669 3883 enim

2098 3917 2246 3972 locus
2273 3925 2323 3971 te
2342 3917 2570 3985 excipiet
2595 3913 2905 3985 fugientem,
2938 3917 3024 3971 ubi
3049 3918 3165 3987 ejus
3193 3922 3472 3986 prtesentia
3497 3931 3547 3976 te
3569 3938 3671 3976 non

2098 4004 2363 4064 inveniat?
2397 4009 2452 4063 Si
2473 4009 2779 4065 ascenderis
2806 4010 2856 4064 in
2884 4009 3104 4077 omium,
3133 4009 3207 4066 ibi
3235 4021 3349 4066 est:
3379 4014 3423 4068 si
3452 4015 3673 4070 descen-

2098 4100 2241 4156 deris
2262 4101 2327 4156 ad
2351 4101 2633 4168 infernum,
2662 4103 2831 4157 adest.
2864 4102 3061 4173 Recipe
3094 4118 3223 4175 ergo
3248 4120 3450 4175 pennas
3479 4116 3594 4162 tuas
3623 4109 3673 4162 in

2099 4192 2381 4259 directum,
2409 4204 2466 4249 et
2489 4194 2661 4249 habita
2694 4194 2745 4249 in
2773 4208 2868 4264 spe
2896 4195 2949 4250 in
2974 4204 3210 4251 extrema
3228 4199 3243 4228 ‘
3272 4196 3429 4266 hujus
3457 4201 3672 4254 surculi:

2100 4286 2295 4340 ctenim
2323 4286 2446 4341 illuc
2468 4301 2656 4341 manus
2680 4301 2772 4341 sua
2796 4286 3021 4342 deducet
3038 4296 3109 4354 te,
3131 4288 3443 4358 etpcrducet
3473 4298 3524 4345 te
3550 4292 3679 4346 dex-

2102 4384 2216 4433 tera
2245 4392 2339 4432 sua
2370 4375 2538 4448 (Psal.
2561 4392 2814 4440 cxxxvut,
2842 4376 3016 4449 7-l0).
3048 4376 3311 4447 Quidquid
3352 4380 3492 4433 enim
3534 4380 3673 4435 fece-

2102 4468 2196 4534 ris,
2215 4483 2559 4539 quaecumque
2580 4469 2914 4539 peccaveris;
2941 4470 3114 4524 adhuc
3136 4470 3186 4524 in
3206 4470 3305 4525 bac
3321 4472 3422 4526 vita
3441 4487 3519 4539 cs,
3539 4472 3679 4527 unde

2103 4566 2156 4612 te
2186 4558 2326 4614 Deus
2351 4559 2588 4626 omnino,
2616 4560 2659 4614 si
2690 4576 2881 4617 sanare
2902 4561 3123 4629 nollet’,
3145 4561 3396 4617 auferret.
3424 4560 3531 4617 Cur
3551 4579 3675 4634 ergo

2102 4648 2317 4717 ignoras
2336 4649 2457 4719 quia
2486 4650 2738 4718 patientia
2769 4651 2861 4706 Dei
2893 4651 2958 4705 ad
2992 4652 3354 4721 paenitentiam
3388 4660 3439 4708 te
3465 4654 3677 4708 adducit

2107 4740 2279 4813 (Rom.
2303 4757 2357 4805 ιι,
2382 4740 2478 4815 4)ἳ
2506 4741 2604 4810 Qui
2634 4744 2776 4797 enim
2806 4744 3085 4799 clamando
3106 4760 3208 4800 non
3232 4745 3321 4799 tibi
3345 4747 3603 4815 persuasit
3622 4755 3678 4802 ut

2102 4847 2212 4887 non
2239 4832 2540 4899 recederes,
2574 4833 2839 4903 parcendo
2867 4834 3062 4890 clamat
3105 4844 3163 4889 ut
3207 4835 3414 4890 redeas.
3467 4835 3678 4893 intuere

2104 4923 2268 4978 David
2288 4938 2466 4993 regem
2488 4941 2501 4977 :
2519 4924 2627 4992 jam
2657 4925 2835 4996 utique
2854 4935 2908 4983 et
2931 4927 3045 4997 ipse
3065 4928 3205 4985 illius
3230 4931 3483 5001 temporis
3503 4944 3683 4984 sacra-

2104 5021 2282 5068 menta
2313 5023 2638 5084 perceperat.
2659 5014 2768 5085 jam
2796 5018 2975 5088 utique
3003 5021 3344 5077 circumcisus
3370 5032 3505 5083 erat,
3538 5022 3678 5094 quod

2104 5116 2283 5176 patres
2310 5107 2473 5161 nostri
2496 5122 2593 5177 pro
2612 5107 2882 5178 Baptismo
2900 5109 3181 5166 habebant.
3199 5111 3329 5167 Nam
3348 5115 3411 5169 ad
3436 5114 3535 5170 hoc
3555 5116 3683 5171 dicit

2106 5198 2390 5267 Apostolus
2409 5208 2648 5254 sanctum
2678 5200 2942 5255 Abraham
2966 5202 3291 5271 signaculum
3311 5204 3531 5275 justitia:
3560 5205 3678 5261 fidei

2105 5290 2369 5361 recepisse
2401 5290 2419 5363 (
2450 5289 2535 5344 Id.
2561 5306 2633 5357 tv,
2664 5289 2772 5363 li).
2818 5291 2934 5346 Jam
2980 5293 3143 5349 etiam
3189 5307 3377 5351 unctus
3423 5305 3537 5352 erat
3577 5313 3681 5354 un-

2106 5380 2282 5435 ctione
2310 5382 2617 5442 venerabili.
2647 5398 2746 5451 qua
2772 5384 2949 5452 regale
2974 5386 3326 5441 sacerdotium
3374 5388 3681 5458 praefigura-

2107 5473 2262 5527 batur
2287 5473 2554 5528 Ecclesiae.
2582 5474 2823 5544 Repente
2853 5484 3029 5532 autem
3073 5478 3241 5535 factus
3266 5490 3319 5536 et
3345 5480 3587 5537 adulterii
3629 5493 3684 5538 et

2172 5629 2186 5659 ¹
2212 5625 2349 5694 aditi,
2371 5623 2422 5675 in
2436 5631 2666 5694 extremo.
2693 5636 2747 5679 At
2769 5638 2896 5694 Mss,
2921 5632 2970 5683 in
2984 5639 3217 5694 extranea.
3245 5634 3532 5694 Augustinus
3550 5650 3683 5687 eum-

2107 5686 2221 5757 dem
2238 5686 2469 5757 Psaltuum
2498 5689 2590 5757 138_
2605 5703 2835 5757 enarratis
2856 5686 3072 5757 legebat,
3096 5693 3146 5745 in
3168 5686 3437 5747 novissima.

2175 5751 2195 5781 ³
2216 5757 2339 5808 stas,
2365 5750 2407 5798 si
2429 5750 2591 5799 armari
2613 5753 2771 5803 nollet.
