3996 6192
529 309 657 366 1549

527 420 788 479 homicidii
812 429 959 487 reus,
989 434 1097 476 non
1136 419 1328 476 frustra
1359 428 1532 472 tamen
1566 417 1631 474 de
1660 428 1764 473 tam
1797 419 2012 473 immani
2041 428 2096 475 et

527 517 746 582 abrupto
765 510 1024 581 profundo
1041 511 1258 567 sceleris
1277 511 1543 580 paenitens
1561 509 1810 564 clamavit
1835 509 1900 564 ad
1920 509 2096 564 Domi-

528 621 670 667 num,
697 603 882 659 dicens
918 621 932 655 :
962 604 1142 658 Aserte
1177 602 1357 674 faciem
1382 613 1522 655 tuam
1560 618 1591 655 a
1631 601 1848 672 peccatis
1875 601 2017 666 meis,
2049 611 2098 654 et

525 711 692 750 omnes
717 695 1004 764 iniquitates
1026 709 1160 747 meas
1185 693 1312 746 dele.
1339 692 1457 759 Quo
1494 691 1703 746 tandem
1739 691 1951 758 merito,
1995 691 2096 746 nisi

522 785 642 855 quia
668 787 792 838 item
823 783 978 838 dicit:
1007 781 1330 853 lniquitatem
1349 798 1510 836 meam
1529 797 1618 851 ego
1643 796 1878 851 agnosco,
1905 790 1952 836 et
1977 797 2095 849 pec-

523 886 688 928 catum
716 892 881 928 meum
913 882 1028 927 ante
1057 889 1136 927 me
1173 883 1244 926 est
1269 872 1499 942 semper?
1539 871 1674 939 Quid
1701 880 1878 927 autem
1909 871 2097 926 obtulit

525 964 748 1018 Domino
777 963 916 1018 unde
934 963 1082 1018 illum
1103 963 1412 1032 propitiaret
1433 963 1566 1017 sibi?
1584 963 1834 1030 Quoniam
1857 963 1900 1017 si
1919 964 2097 1016 voluis-

520 1072 617 1120 ses,
641 1054 825 1122 inquit,
845 1055 1169 1122 sacriﬁcium,
1192 1053 1438 1108 dedissem
1460 1055 1658 1125 utique;
1675 1055 1978 1108 holocaustis
1994 1071 2094 1108 non

521 1145 858 1200 delectaberis.
889 1144 1209 1215 Sacriﬁcium
1229 1145 1336 1200 Deo
1355 1146 1565 1216 spiritus
1589 1147 1950 1201 contribulatus
1967 1164 1986 1202 :
2009 1163 2097 1202 cor

519 1235 788 1288 contritum
815 1243 862 1288 et
887 1235 1204 1288 huniiliatum
1226 1234 1363 1289 Deus
1387 1252 1486 1290 non
1508 1237 1699 1308 spernit
1727 1235 1895 1308 (Psal.
1920 1253 1972 1303 1.,
2003 1238 2092 1306 Η,

520 1325 572 1391 5,
597 1325 683 1390 l8,
712 1323 822 1395 i9).
851 1323 968 1378 Non
995 1325 1168 1380 solum
1189 1339 1316 1395 ergo
1342 1325 1532 1380 devote
1562 1325 1772 1390 obtulit,
1801 1327 1897 1382 sed
1934 1327 2092 1382 etiam

519 1415 618 1470 ista
642 1415 869 1470 dicendo
892 1414 1019 1486 quid
1045 1415 1222 1470 oﬁ'erri
1245 1424 1517 1485 oporteret
1541 1416 1792 1471 ostendit.
1808 1416 1925 1472 Non
1950 1419 2092 1472 enim

518 1507 711 1563 suﬂicit
735 1521 912 1562 mores
937 1507 989 1561 in
1015 1507 1205 1562 melius
1225 1516 1572 1573 commutare,
1603 1515 1658 1563 et
1693 1522 1722 1561 a
1757 1507 1911 1564 factis
1938 1509 2092 1564 malis

518 1600 797 1665 recedere;
830 1599 929 1653 nisi
955 1600 1117 1654 etiam
1146 1599 1215 1654 de
1244 1599 1326 1653 his
1361 1614 1481 1668 qua:
1517 1599 1652 1655 facta
1679 1608 1822 1666 sunt,
1869 1600 2094 1656 satisﬁat

519 1691 628 1746 Deo
662 1705 760 1762 per
799 1687 1127 1760 penitentire
1151 1688 1414 1755 dolorem,
1447 1703 1545 1759 per
1569 1687 1880 1744 humilitatis
1920 1690 2092 1760 gemi-

519 1788 647 1846 tum,
685 1793 782 1849 per
825 1778 1038 1833 contriti
1080 1777 1257 1832 cordis
1301 1777 1640 1844 sacriﬁcium,
1683 1779 2092 1849 cooperantibus

517 1871 884 1942 elcemosynis.
930 1868 1076 1925 Beati
1103 1870 1244 1924 enim
1273 1870 1636 1933 misericordes,
1672 1871 1908 1941 quoniam
1949 1871 2092 1940 ipso-

517 1979 627 2014 rum
653 1962 964 2015 miserebitur
984 1959 1124 2014 Deus
1146 1958 1357 2032 (Matth.
1380 1977 1432 2024 v,
1461 1959 1538 2031 7).
1580 1959 1694 2016 Non
1725 1961 1869 2017 enim
1894 1961 2091 2017 dictum

516 2062 616 2117 est,
641 2061 697 2104 ut
719 2060 919 2104 tantum
945 2049 1304 2106 abstineamus
1327 2065 1356 2103 a
1385 2051 1649 2119 peccatis:
1681 2049 1786 2106 Sed
1803 2060 1849 2105 et
1870 2051 1934 2105 de
1954 2066 2091 2121 prte-

518 2141 693 2206 teritis,
727 2140 913 2210 inquit,
935 2139 1204 2209 deprecare
1240 2139 1533 2208 Dominum,
1570 2149 1625 2194 ut
1663 2141 1752 2196 tibi
1777 2142 2092 2196 dimittantur

519 2230 700 2303 (Eccti.
721 2247 837 2298 xxx,
865 2232 937 2304 l).
968 2231 1036 2285 Et
1061 2231 1249 2286 Petrus
1269 2231 1379 2302 jam
1403 2241 1518 2287 erat
1534 2232 1722 2298 lldelis,
1737 2233 1845 2301 jam
1868 2233 1920 2286 in
1938 2231 2092 2288 Chri-

517 2333 597 2376 sto
623 2333 676 2376 et
701 2322 833 2376 alios
860 2321 1237 2391 lmptizaverat.
1265 2320 1473 2376 Intuere
1501 2336 1628 2391 ergo
1653 2321 1866 2376 Petrum
1889 2337 2090 2391 przesu-

517 2421 744 2466 meutcm
793 2419 1117 2477 accusatum,
1167 2411 1440 2466 timentem
1470 2411 1827 2475 vulneratum,
1873 2411 2084 2466 ﬂentem

515 2512 775 2557 sanatum.
802 2501 918 2557 Jam
947 2502 1106 2556 etiam
1135 2511 1250 2570 post
1282 2500 1570 2554 adventum
1595 2500 1664 2556 de
1701 2501 1840 2554 calo
1857 2499 2088 2570 Spiritus

515 2592 703 2657 sancti,
728 2591 939 2662 quidam
970 2591 1154 2646 Simon
1186 2591 1408 2660 pecunia
1431 2590 1601 2646 voluit
1634 2589 2086 2661 eumdem-Spiri-

515 2693 623 2738 tum
649 2693 887 2738 sanctum
907 2698 1106 2747 emere,
1129 2682 1593 2738 sceleratissimum
1623 2692 1678 2738 et
1706 2684 1923 2753 impium
1944 2700 2088 2740 mer-

513 2775 800 2828 cimonium
827 2774 1086 2843 cogitans,
1114 2773 1223 2843 jam
1251 2773 1548 2843 baptizatus
1572 2773 1627 2828 in
1652 2773 1902 2831 Christo:
1926 2784 1982 2830 et
2005 2785 2086 2829 ta-

515 2881 636 2920 men
670 2865 992 2934 paenitentiae
1020 2864 1298 2918 consilium
1347 2864 1414 2919 ab
1460 2864 1575 2934 ipso
1616 2864 1776 2918 Petro
1808 2872 2088 2934 correptus

513 2957 715 3027 accepit
740 2956 873 3029 (Act.
906 2973 1019 3023 vui,
1065 2953 1278 3028 15-22).
1305 2956 1441 3011 Dicit
1463 2956 1622 3010 etiam
1647 2957 1917 3025 apostolus
1946 2957 2086 3012 Pau-

515 3049 613 3114 lus,
645 3049 733 3118 qui
762 3049 942 3117 utique
985 3046 1228 3102 ﬁdelibus
1272 3045 1514 3101 mittebat
1550 3046 1815 3115 Epistolas
1842 3064 1857 3102 :
1882 3044 1965 3100 Ne
1989 3047 2087 3102 ite-

513 3158 623 3194 rum
649 3157 765 3194 cum
785 3155 962 3193 venero
995 3138 1063 3190 ad
1098 3153 1202 3202 vos,
1241 3136 1466 3191 Itumiliet
1495 3151 1574 3190 me
1608 3135 1768 3203 Deus,
1807 3145 1855 3191 et
1891 3137 2089 3209 lugeam

515 3234 696 3287 multos
720 3249 784 3286 ea:
801 3232 881 3285 his
905 3231 987 3300 qui
1017 3238 1134 3284 ante
1158 3235 1504 3299 peccaverunt,
1521 3237 1568 3282 et
1587 3244 1686 3281 non
1705 3237 1908 3300 egerunt
1927 3229 2090 3299 peni-

515 3326 716 3378 tentiam
764 3339 917 3391 super
958 3321 1278 3375 immunditia
1321 3329 1370 3372 et
1411 3319 1632 3384 luntria,
1675 3329 1722 3374 et
1761 3319 2092 3388 fornicatione

515 3431 663 3484 quam
691 3422 950 3485 gesserunt
979 3410 1042 3483 (ll
1065 3410 1182 3466 Cor.
1207 3427 1298 3472 xu,
1322 3409 1435 3481 2i).
1456 3407 1816 3464 Circumstant
1841 3425 1970 3480 ergo
1990 3425 2088 3465 nos

513 3518 568 3563 et
611 3517 871 3578 prmcepta
921 3514 1064 3559 recte
1103 3503 1348 3565 faciendi,
1395 3513 1448 3558 et
1476 3501 1715 3570 exempla
1749 3516 1852 3557 non
1883 3510 2086 3556 tantum

514 3611 658 3656 recte
682 3598 1004 3660 iacientium,
1031 3596 1125 3650 sed
1148 3596 1308 3651 etiam
1334 3594 1700 3664 peeuiteutium
1729 3594 1794 3647 ad
1828 3594 2086 3662 recipien-

521 3691 644 3745 dam
686 3692 925 3752 Salutem,
958 3704 1074 3757 qua:
1101 3686 1274 3742 fuerat
1315 3686 1506 3740 amissa
1545 3685 1833 3756 peccando.
1863 3685 1968 3740 Sed
2009 3684 2090 3742 l’ac

522 3782 773 3837 incertum
801 3797 920 3836 esse
952 3790 1127 3834 utrum
1155 3781 1392 3849 ignoScat
1417 3779 1573 3834 Deus.
1594 3777 1726 3845 Quid
1753 3778 1945 3846 perdit,
1966 3793 2086 3832 cum

515 3875 774 3944 supplicat
797 3875 925 3940 Deo,
953 3873 1040 3942 qui
1065 3873 1288 3927 salutem
1309 3869 1528 3940 perdere
1549 3886 1652 3925 non
1673 3870 1947 3936 dubitavit,
1967 3885 2086 3925 eum

513 3966 809 4020 offenderet
839 3963 1042 4018 Deum?
1071 3962 1201 4028 Quis
1233 3962 1374 4015 enim
1414 3969 1592 4015 certus
1630 3970 1711 4016 est
1745 3961 1885 4030 quod
1929 3961 2087 4015 etiam

513 4061 804 4127 itttpet‘alor
835 4056 1106 4127 ignoscat?
1137 4054 1202 4108 Et
1229 4063 1405 4107 tamen
1436 4054 1656 4121 pecunia
1683 4051 1940 4113 funditur,
1972 4066 2088 4104 ma-

514 4150 591 4204 ria
621 4158 1030 4211 transmeantur,
1058 4144 1408 4215 procellarum
1446 4144 1645 4198 incerta
1684 4143 2006 4207 subeuntur;
2037 4150 2092 4197 et

514 4258 652 4313 pene
677 4251 735 4296 ut
772 4255 917 4295 mors
955 4239 1203 4304 evitetur,
1236 4251 1388 4290 mors
1407 4235 1522 4305 ipsa
1547 4235 1854 4304 suscipitur.
1881 4233 2093 4304 Suppli-

513 4345 667 4390 catur
704 4333 899 4389 deinde
940 4347 1036 4401 per
1072 4331 1314 4385 homines
1346 4328 1579 4384 homini:
1609 4329 1725 4383 sine
1762 4327 2092 4383 dubitatione

516 4424 651 4479 ﬁunt
676 4425 796 4489 ista,
828 4438 948 4479 cum
969 4422 1038 4476 sit
1065 4421 1282 4476 dubium
1313 4433 1417 4490 quo
1443 4418 1548 4473 ﬁne
1570 4419 1904 4488 proveniant.
1936 4418 2003 4472 Et
2023 4427 2095 4473 ta-

513 4531 638 4570 men
649 4515 910 4570 ccrtiores
925 4520 1048 4566 sunt
1061 4511 1236 4566 claves
1254 4509 1523 4573 Ecclesiae,
1545 4523 1702 4578 quam
1715 4507 1873 4563 corda
1886 4522 2090 4578 regum:

514 4608 706 4678 quibus
731 4606 966 4661 clavibus
995 4604 1365 4675 quodcumque
1395 4601 1446 4655 in
1477 4609 1616 4655 terra
1659 4598 1906 4668 solvitur,
1934 4599 2093 4654 etiam

515 4699 568 4754 in
587 4697 727 4753 cosio
751 4696 980 4751 solutum
1008 4693 1334 4765 promittitur
1357 4689 1570 4765 (Matth.
1599 4704 1707 4754 xvr,
1736 4686 1846 4761 l9).
1872 4689 1940 4744 Et
1959 4689 2097 4744 mul-

514 4798 570 4844 to
597 4798 678 4845 est
722 4787 998 4843 honestior
1039 4785 1329 4848 humilitas,
1380 4797 1483 4853 qua
1513 4795 1572 4836 se
1603 4781 1828 4852 quisque
1852 4779 2097 4836 bumiliat

516 4880 767 4935 Ecclesia:
799 4878 924 4934 Dei:
953 4884 1008 4933 et
1029 4875 1177 4932 labor
1201 4875 1375 4929 minor
1390 4871 1700 4942 imponitur,
1716 4881 1765 4926 et
1786 4869 1932 4927 nullo
1957 4879 2094 4926 tem-

514 4973 712 5045 poralis
740 4971 926 5026 mortis
955 4967 1192 5040 periculo
1211 4979 1358 5022 mors
1376 4973 1573 5021 aeterna
1594 4963 1810 5020 vitatur.

976 5119 1203 5180 δειλιιο
1245 5116 1466 5176 eccm
1494 5121 1512 5143 ο
1537 5115 1638 5191 (α).

825 5257 911 5312 De
925 5258 1139 5312 utilitate
1161 5253 1371 5327 agendae
1393 5252 1713 5326 paenitentiw,
1742 5267 1799 5308 ιι.

587 5390 811 5449 CAPUT
861 5385 1238 5444 PRIMUM.—-
1270 5385 1324 5440 1.
1365 5383 1600 5442 Sermoni
1636 5381 1834 5438 occasio
1875 5379 1996 5434 data
2035 5394 2099 5433 ea:

518 5486 744 5541 lectione.
790 5483 898 5539 Vox
937 5479 1244 5552 paenitentis
1267 5477 1577 5549 agnoscitur
1615 5477 1669 5531 in
1705 5474 1884 5533 verbis
1905 5474 2098 5546 quibus

581 5642 600 5661 °
626 5639 911 5689 maculatus
923 5635 982 5687 ad
1007 5650 1053 5684 v.
1080 5642 1130 5685 et
1151 5633 1210 5683 ad
1236 5643 1337 5684 Am.
1359 5639 1435 5684 Er.
1470 5640 1697 5687 Par.Lov.

582 5700 656 5762 (ιι)
680 5699 818 5762 Alias,
841 5700 900 5748 ‘27
919 5701 1047 5748 inter
1071 5695 1385 5748 ﬂornlllasiio.

1920 297 2150 358 SERMO
2183 299 2413 362 CCCLII.
2503 301 2511 308 ’

3645 301 3782 363 1559

2203 417 2449 488 psalleuti
2477 417 2846 487 respondimus
2870 435 2883 471 :
2913 418 3089 473 Averte
3115 419 3294 490 facient
3322 427 3460 473 tuam
3495 437 3528 475 a
3555 405 3780 491 peccatis

2201 508 2344 573 meis,
2371 516 2416 561 et
2437 519 2607 561 omnes
2627 508 2912 577 iniquitates
2929 525 3066 562 meas
3087 508 3195 562 dele
3211 506 3382 581 (Psal.
3411 524 3462 575 ι,
3491 509 3603 581 Η).
3627 509 3780 567 Unde

2201 613 2323 655 cum
2351 613 2654 654 sermonem
2683 600 2748 655 ad
2778 610 3006 656 vestram
3037 599 3358 655 Charitatem
3380 615 3486 654 non
3515 615 3779 670 prazpara-

2201 704 2401 756 remus,
2422 688 2544 744 hinc
2570 690 2722 745 nobis
2743 705 2861 746 esse
2878 690 3206 746 tractandum
3237 690 3459 744 Domino
3483 691 3774 760 imperante

2200 782 2566 852 cognovimus.
2594 781 2920 838 Volebamus
2948 783 3090 838 enim
3117 781 3371 835 hodierna
3395 780 3482 836 die
3502 795 3597 835 vos
3618 781 3670 835 in
3695 796 3784 836 ru-

2199 872 2490 927 minatione
2516 873 2842 942 permittere,
2862 874 3094 930 scientes
3109 889 3267 944 quam
3293 873 3622 928 abundantes
3647 888 3777 943 epu-

2199 959 2278 1015 las
2305 962 2570 1031 ceperitis.
2598 962 2701 1017 Sed
2732 963 2852 1033 quia
2895 963 3181 1018 salubriter
3205 963 3344 1033 quod
3373 965 3655 1034 apponitur
3678 978 3772 1020 ac-

2198 1050 2391 1119 cipitis,
2419 1051 2652 1121 quotidie
2677 1053 2901 1108 multum
2935 1054 3167 1108 esuritis.
3195 1053 3419 1110 Prmstet
3447 1069 3574 1124 ergo
3596 1055 3770 1110 Domi-

2198 1154 2301 1196 nus
2327 1141 2438 1211 ipse
2465 1141 2603 1196 Deus
2625 1151 2823 1207 noSter,
2852 1151 2907 1199 et
2935 1143 3087 1198 nobis
3104 1145 3289 1198 virium
3309 1146 3700 1213 sufﬁcientiam,
3719 1158 3774 1203 et

2197 1231 2348 1285 vobis
2374 1232 2554 1286 utilem
2583 1232 2925 1289 audientiam.
2949 1233 3130 1304 Neque
3145 1236 3287 1290 enim
3306 1236 3633 1306 ignoramus,
3652 1252 3776 1295 esse

2197 1323 2532 1377 serviendum
2551 1324 2701 1379 bona:
2715 1333 2902 1379 vestrae
2928 1336 2982 1381 et
2999 1327 3110 1380 utili
3139 1326 3416 1381 voluntati.
3447 1327 3775 1398 Adjuvcmur

2197 1426 2324 1481 ergo
2346 1427 2375 1466 a
2403 1413 2554 1468 vobis
2573 1424 2627 1469 et
2647 1423 2772 1470 voto
2807 1424 2862 1471 et
2886 1414 3089 1477 studio;
3119 1424 3242 1471 voto
3273 1416 3338 1470 ad
3371 1417 3554 1481 Deum,
3597 1418 3774 1476 studio

2196 1501 2263 1558 ad
2290 1504 2537 1569 verbum;
2569 1515 2624 1559 ut
2643 1520 2704 1561 ea
2725 1505 2962 1560 dicamus
2988 1521 3106 1576 qua:
3131 1507 3281 1561 vobis
3309 1522 3430 1562 esse
3472 1508 3618 1563 utilia
3659 1509 3776 1578 ipse

2191 1592 2414 1661 iudicat,
2445 1595 2532 1664 qui
2559 1610 2654 1650 vos
2681 1597 2849 1664 pascit
2876 1611 2971 1665 per
2995 1611 3111 1651 nos.
3146 1597 3256 1652 Vox
3281 1597 3438 1667 igitur
3465 1599 3517 1652 iu
3546 1597 3628 1653 his
3653 1615 3776 1655 ver-

2194 1684 2278 1740 bis
2307 1686 2610 1754 paenitentis
2638 1687 2976 1758 agnoscitur:
3005 1687 3183 1741 Averte
3207 1689 3390 1758 faciem
3416 1697 3557 1742 tuam
3589 1707 3622 1742 a
3656 1708 3777 1761 pec-

2194 1776 2320 1830 catis
2336 1777 2478 1841 meis,
2507 1785 2555 1830 et
2579 1777 2748 1830 omnia
2773 1775 3002 1845 facinora
3027 1793 3138 1830 mea
3165 1777 3294 1832 dele.
3322 1777 3552 1832 Proinde
3576 1779 3777 1849 aliquid

2193 1865 2262 1921 de
2283 1867 2589 1937 paenitentia
2632 1868 2812 1924 dicere
2849 1867 3104 1924 divinitus
3125 1867 3393 1938 iubemur.
3423 1868 3604 1939 Neque
3632 1872 3777 1925 enim

2195 1970 2294 2010 nos
2322 1957 2480 2012 istum
2510 1957 2771 2027 psalmum
2799 1958 3119 2014 cantandum
3147 1959 3331 2013 lectori
3363 1960 3774 2029 impcravimus:

2193 2050 2286 2103 sed
2305 2049 2443 2119 quod
2460 2049 2549 2105 ille
2565 2050 2771 2105 censuit
2786 2050 2936 2107 vobis
2956 2065 3078 2107 esse
3095 2051 3220 2104 utile
3234 2051 3299 2105 ad
3317 2051 3654 2118 audiendum,
3678 2053 3780 2109 hoc

2193 2140 2342 2194 cordi
2372 2141 2532 2196 etiam
2557 2142 2743 2211 puerili
2771 2142 3066 2213 imperavit.
3099 2143 3345 2199 Dicamus
3372 2144 3569 2215 aliquid
3589 2145 3657 2201 de
3682 2147 3779 2200 uti-

2193 2230 2340 2286 litate
2368 2232 2693 2302 paanitentiae
2715 2251 2730 2288 :
2750 2233 3068 2302 praesertim,
3095 2235 3214 2304 quia
3241 2244 3294 2289 et
3309 2235 3544 2305 dicsjam
3563 2247 3780 2292 sanctus

2191 2322 2586 2377 anniversarius
2625 2323 2888 2390 imminet,
2933 2337 3040 2393 quo
3069 2325 3459 2394 propinquante
3506 2327 3776 2382 humiliari

2191 2411 2399 2468 animas
2422 2420 2476 2467 et
2499 2412 2702 2466 domari
2731 2426 2956 2482 corpora
2985 2413 3273 2468 studiosius
3301 2414 3472 2469 decet.

2259 2501 2316 2556 9.
2358 2501 2661 2558 Ριεηὶιεηιία
2685 2504 2890 2573 triplex.
2931 2502 3109 2559 Prima
3136 2505 3580 2576 baptizandorum.
3614 2508 3780 2566 Pteni-

2190 2592 2346 2645 tentia
2368 2600 2486 2646 ante
2509 2592 2812 2662 baptismum
2834 2593 3081 2665 imperata
3108 2594 3326 2649 ludatis.
3359 2595 3568 2667 Triplex
3597 2608 3778 2655 autem

2190 2681 2548 2738 consideratio
2585 2683 2804 2754 agenda:
2846 2683 3172 2754 pmnitentia:
3218 2686 3270 2740 in
3313 2702 3465 2742 sacra
3508 2687 3778 2760 Scriptura

2190 2771 2475 2826 invenitur.
2507 2773 2638 2827 Nam
2677 2789 2849 2844 neque
2875 2773 2942 2829 ad
2969 2775 3299 2845 Baptismum
3331 2776 3547 2845 Christi,
3580 2780 3633 2834 in
3671 2796 3782 2852 quo

2191 2863 2369 2917 omnia
2405 2873 2620 2934 peccata
2658 2864 2923 2932 delentur,
2952 2867 3232 2939 quisquam
3258 2868 3395 2925 bene
3419 2871 3642 2938 accedit,
3677 2873 3780 2927 nisi

2191 2954 2398 3024 agendo
2421 2956 2786 3026 pmnitentiam
2816 2957 2884 3012 de
2909 2957 3014 3012 vita
3041 2959 3280 3028 pristina.
3317 2959 3488 3016 Nemo
3514 2964 3655 3018 enim
3681 2963 3776 3018 eli-.

2190 3045 2267 3114 git
2287 3045 2446 3098 vitam
2473 3060 2688 3112 novam,
2721 3045 2822 3101 nisi
2863 3062 3021 3117 quem
3053 3049 3250 3103 veteris
3279 3051 3516 3119 poenitet.
3547 3051 3658 3108 lloc
3685 3068 3781 3105 au-

2193 3142 2299 3190 tem
2339 3135 2498 3190 etiam
2535 3137 2847 3191 auctoritate
2887 3137 3186 3193 divinorum
3225 3138 3504 3195 Librorum
3554 3135 3779 3212 probare

2190 3225 2477 3293 debemus,
2540 3236 2719 3282 utrum
2771 3228 3070 3297 baptizandi
3119 3229 3326 3299 egerint
3384 3231 3775 3299 paenitentiam.

2190 3313 2414 3384 Quando
2449 3314 2675 3384 Spiritus
2707 3328 2924 3370 sanctus
2964 3317 3157 3370 missus
3187 3327 3269 3369 est
3308 3326 3431 3370 ante
3463 3321 3776 3386 promissus.

2192 3413 2247 3460 et
2317 3406 2552 3474 implevit
2615 3406 2869 3460 Dominus
2932 3405 3090 3459 ﬁdem
3160 3407 3559 3476 pollicitationis
3615 3426 3777 3477 sum;

2190 3503 2409 3564 accepto
2434 3492 2632 3562 Spiritu
2663 3504 2851 3550 sancto
2890 3495 3158 3566 discipuli,
3191 3504 3250 3550 ut
3283 3499 3469 3563 nostis,
3499 3514 3779 3570 coeperunt

2191 3586 2334 3658 loqui
2361 3587 2606 3643 omnibus
2636 3587 2844 3657 linguis,
2871 3596 2926 3641 ut
2952 3588 3001 3642 in
3031 3589 3134 3644 illis
3162 3589 3249 3660 qui
3281 3589 3521 3655 aderant,
3549 3594 3778 3664 linguam

2192 3689 2341 3734 suam
2370 3677 2594 3749 quisque
2622 3686 2988 3748 cognosceret.
3030 3679 3143 3735 lioc
3166 3691 3343 3736 autem
3374 3683 3632 3740 miraculo
3666 3695 3775 3740 tcr-

2192 3768 2302 3838 riti,
2331 3770 2610 3826 consilium
2643 3771 2765 3823 vitzc
2805 3770 2871 3824 ab
2897 3771 3166 3842 Apostolis
3211 3773 3492 3842 petierunt.
3527 3775 3568 3829 Τ
3573 3791 3675 3830 unc
3701 3778 3779 3831 eis

2193 3859 2382 3916 Petrus
2407 3860 2736 3914 annuntiavit
2755 3876 2875 3915 eum
2897 3861 3176 3915 colendum
3207 3877 3360 3931 quem
3379 3865 3775 3930 crucilixcrunt,

2195 3959 2250 4003 ut
2281 3948 2398 4020 ejus
2430 3948 2540 4020 jam
2566 3951 2875 4020 sanguinem
2907 3950 3146 4005 biberent
3173 3952 3475 4018 credentes,
3506 3971 3662 4024 quem
3690 3955 3777 4011 fu-

2193 4038 2383 4094 derant
2433 4039 2730 4093 szcvicutes.
2787 4039 3112 4093 Annuutiato
3159 4050 3336 4094 autem
3394 4043 3498 4098 illis
3553 4045 3780 4101 Domino

2194 4137 2380 4186 nostro
2411 4130 2536 4186 Jcsu
2565 4129 2798 4194 Christo,
2833 4139 2886 4183 ct
2913 4131 3320 4200 agnoscentibus
3347 4142 3550 4188 reatum
3581 4151 3736 4192 sutuu
3759 4177 3776 4202 ,

2195 4231 2257 4277 ut
2279 4222 2592 4293 impleretur
2616 4225 2668 4276 in
2703 4223 2782 4277 eis
2805 4222 2946 4293 quod
2978 4221 3235 4293 propheta
3271 4235 3397 4279 ante
3425 4226 3739 4295 prmdixerat
3759 4270 3776 4294 ,

2198 4315 2477 4372 Conversus
2490 4333 2602 4370 sum
2621 4316 2672 4370 in
2688 4331 2965 4371 «erumnam
2981 4331 3162 4381 meam,
3179 4315 3299 4369 dum
3313 4318 3587 4389 conﬁgitur
3604 4319 3775 4390 spina;

2197 4407 2498 4478 compuncti
2545 4414 2687 4461 sunt.
2735 4405 2988 4462 Conversi
3030 4407 3174 4461 cnim
3220 4415 3346 4461 sunt
3391 4408 3444 4462 in
3483 4423 3776 4465 aerumnam

2199 4498 2421 4566 doloris,
2445 4512 2566 4553 cum
2595 4498 2953 4568 conﬁgeretur
2968 4496 3117 4566 spina
3147 4497 3346 4566 peccati
3371 4499 3776 4557 recordationis.

2197 4589 2338 4646 Nihil
2366 4589 2506 4644 enim
2532 4589 2654 4643 mali
2685 4602 2744 4642 se
2767 4587 2957 4642 iecisse
2989 4596 3325 4657 putaverant,
3357 4591 3591 4646 nondum
3620 4591 3780 4649 inﬁxa

2200 4688 2316 4735 erat
2341 4683 2512 4750 spina.
2553 4677 2830 4748 Loquente
2852 4685 3029 4732 autem
3058 4679 3236 4745 Petro,
3282 4688 3340 4735 ut
3363 4695 3619 4752 agnoscas
3659 4684 3782 4738 iuti-

2201 4787 2322 4828 xam
2344 4773 2572 4842 spinam,
2600 4770 2872 4842 Scriptura
2894 4769 3041 4836 dixit,
3074 4769 3225 4826 Petro
3251 4772 3480 4841 loquente
3495 4759 3786 4846 compuncti

2201 4870 2319 4918 sunt
2355 4860 2524 4915 corde.
2568 4859 2797 4921 Proinde
2840 4860 2891 4914 in
2930 4860 3117 4916 codem
3156 4861 3383 4931 psalmo,
3414 4878 3536 4918 cum
3578 4865 3780 4920 dictum

2203 4960 2307 5017 est,
2333 4948 2612 5007 Conversus
2629 4967 2742 5028 sum
2766 4951 2817 5003 in
2850 4966 3129 5004 arumnam
3155 4968 3336 5019 meam,
3373 4954 3494 5007 dum
3511 4955 3782 5026 con/igitur
3819 4991 3822 4995 -

2201 5043 2388 5113 spina;
2415 5041 2675 5113 sequitur,
2724 5039 2998 5095 Peccatum
3025 5043 3254 5114 cognovi,
3295 5052 3341 5098 et
3385 5045 3584 5114 [acinus
3612 5062 3780 5100 meum

2204 5152 2307 5190 non
2351 5134 2546 5206 operui.
2593 5131 2746 5202 Dixi,
2795 5127 3082 5204 Proloquar
3115 5135 3376 5188 adversum
3419 5151 3498 5190 me
3539 5137 3780 5192 delictum

2205 5242 2370 5280 meum
2397 5224 2657 5289 Domino;
2694 5233 2742 5279 et
2776 5232 2828 5277 tu
2865 5223 3101 5276 dimisisti
3137 5223 3442 5294 impietatem
3468 5227 3637 5281 cordis
3680 5231 3781 5282 mei

2208 5316 2378 5390 (Psal.
2410 5331 2557 5382 χχιι,
2594 5307 2648 5382 i,
2678 5301 2755 5385 5).
2784 5313 2916 5368 Cum
2942 5328 3068 5384 ergo
3099 5314 3248 5384 spina
3289 5315 3375 5370 illa
3398 5316 3783 5376 recordationis

2203 5407 2506 5479 compuncti
2545 5407 2783 5462 dicerent
2821 5405 3111 5475 Apostolis,
3163 5405 3300 5474 Quid
3340 5423 3457 5478 ergo
3497 5407 3784 5480 faciemus?

2203 5498 2280 5552 ait
2303 5497 2405 5552 illis
2429 5497 2639 5553 Petrus.
2666 5496 2809 5570 Agite
2833 5498 3190 5568 paenitentiam,
3231 5508 3280 5552 et
3315 5498 3592 5569 baptiutur
3622 5518 3773 5560 unuso

2202 5588 2410 5659 quisque
2428 5590 2716 5643 vestrumin
2750 5589 2948 5643 nomine
2977 5588 3182 5643 Domini
3219 5591 3377 5644 nostri
3402 5589 3529 5659 Jestt
3556 5591 3779 5658 Christi;

2203 5682 2256 5734 et
2274 5678 2584 5734 remittemur
2611 5679 2745 5734 nobis
2775 5688 2974 5749 peccata
3006 5679 3025 5744 (
3046 5679 3153 5732 Art.
3175 5695 3231 5749 ιι,
3256 5680 3366 5750 57).
3404 5682 3543 5753 ΕΙ·ςο
3568 5683 3777 5741 interim
