3996 6192
175 307 312 364 1851

182 436 344 487 nune,
382 419 431 474 si
457 419 545 489 qui
572 418 707 473 forte
742 416 933 471 adsunt
961 428 1025 470 ex
1067 429 1132 470 eo
1172 429 1414 478 numero,
1460 415 1548 484 qui
1579 414 1747 485 bapli‘

180 511 294 566 zari
345 509 630 579 disponunt
672 507 964 579 (credimus
1027 509 1167 561 enim
1216 521 1310 561 eos
1364 504 1552 560 adesse
1610 514 1754 559 tanto

183 601 250 654 ad
277 599 496 655 verbum
526 598 834 656 studiosius.
880 606 1077 667 quanto
1114 596 1180 649 ad
1223 595 1599 665 indulgentiam
1629 594 1757 648 viei-

183 691 349 758 nius),
369 690 467 743 hos
486 692 707 759 primum
729 688 905 757 paucis
919 687 1316 756 alloquimur,ut
1330 686 1533 755 erigant
1553 694 1756 739 mentes

184 783 239 837 in
270 798 438 852 spem.
485 783 678 835 Ament
718 780 832 835 ﬁeri
876 780 1016 850 quod
1056 794 1162 833 non
1201 788 1343 841 sunt,
1384 778 1593 833 oderint
1617 776 1758 847 quod

184 873 416 927 fuerunt.
450 871 655 926 Novum
680 870 947 924 hominem
974 870 1297 924 nasciturum
1315 868 1426 937 jam
1444 867 1759 922 votoeonci-

186 962 332 1032 piant
356 981 368 1015 :
393 959 643 1031 quidquid
656 960 721 1014 de
741 960 844 1013 vita
863 958 1493 1028 prasteritaremordebat,
1506 957 1758 1027 quidquid

184 1052 410 1122 angebat
437 1049 833 1114 conscientiam,
878 1049 1131 1119 quidquid
1159 1050 1377 1103 omnino
1403 1049 1484 1103 vel
1514 1062 1759 1116 maguum

183 1142 271 1196 vel
308 1156 563 1211 parvum,
606 1139 691 1194 vel
718 1138 1000 1193 dicendum
1027 1138 1109 1192 vel
1151 1154 1255 1192 non
1298 1137 1601 1201 dicendum,
1649 1152 1755 1190 non

184 1232 426 1287 dubitent
453 1245 607 1302 posse
637 1228 858 1294 dimitti;
906 1244 973 1284 ne
998 1228 1132 1283 forte
1155 1229 1295 1296 quod
1341 1229 1457 1283 vult
1493 1229 1760 1283 dimittere

185 1321 279 1377 Dei
320 1321 610 1387 miseratio,
631 1328 813 1374 contra
843 1333 900 1373 se
928 1328 1101 1374 teneat
1126 1318 1353 1373 humana
1378 1318 1651 1373 dubitatio.

256 1411 310 1465 5.
352 1408 559 1480 Figura:
603 1416 787 1461 nostra:
811 1408 862 1461 in
902 1408 963 1461 iis
1005 1424 1115 1476 qua:
1141 1407 1390 1462 Israelitis
1426 1410 1756 1478 contigerunt.

187 1497 363 1563 Petra,
392 1499 555 1567 ﬁgura
580 1496 824 1551 Christus.
872 1495 1138 1550 Transitus
1178 1498 1328 1551 maris
1359 1496 1534 1563 Rubri,
1577 1497 1758 1565 Bapti-

184 1606 342 1645 smus.
375 1588 567 1641 Manna
603 1586 788 1640 Christi
828 1586 971 1655 panis
1014 1588 1223 1641 ccclestis
1262 1589 1447 1657 ﬁgura.
1498 1585 1759 1651 Quomodo

186 1681 349 1735 cibum
374 1688 417 1733 et
446 1689 618 1748 potum
644 1677 956 1746 spiritualem
984 1678 1211 1731 eumdem
1238 1677 1493 1730 nobiscum
1528 1692 1758 1743 sumpse-

185 1779 303 1823 runt
328 1767 595 1822 Israelita.
632 1766 781 1820 Petra
821 1768 958 1837 uirga
986 1783 1237 1836 percussa.
1271 1767 1579 1837 Exemplum
1600 1768 1757 1822 etiam

188 1859 241 1911 in
271 1858 439 1927 primo
468 1856 561 1911 illo
591 1855 786 1927 populo
827 1856 1120 1910 exhibitum
1150 1857 1510 1926 unusquisque
1536 1856 1761 1911 ﬁdeliter

186 1948 517 2003 recordetur.
564 1950 653 2002 Ait
678 1948 816 2003 enim
858 1947 1183 2017 Apostolus:
1219 1947 1401 2001 Omnia
1442 1948 1548 2002 [nec
1584 1951 1762 2019 ﬁgurae

187 2051 375 2095 nostra:
418 2043 618 2111 fuerunt
657 2056 676 2094 :
718 2055 838 2095 cum
884 2040 949 2095 de
997 2040 1155 2094 rebus
1201 2040 1390 2095 talibus
1437 2040 1758 2110 loqueretur.

188 2130 325 2198 Quid
365 2131 507 2184 enim
536 2129 777 2183 dixerat?
821 2128 958 2182 Nolo
986 2129 1117 2183 enim
1152 2145 1236 2183 vos
1261 2130 1511 2200 ignorare,
1542 2130 1757 2198 fratres,

189 2220 307 2289 quia
344 2231 510 2290 patres
539 2219 695 2272 nostri
715 2235 884 2272 omnes
912 2219 1004 2272 sub
1031 2218 1159 2273 nube
1183 2220 1418 2288 fuerunt;
1447 2230 1491 2273 et
1515 2237 1682 2274 omnes
1706 2221 1763 2273 in

190 2308 368 2380 Moyse
388 2309 627 2380 baptizati
649 2318 762 2361 sunt
789 2309 841 2362 in
866 2308 995 2363 nube
1017 2318 1062 2362 et
1087 2309 1136 2361 in
1163 2310 1290 2361 mari
1313 2325 1328 2373 ;
1360 2317 1406 2361 et
1431 2325 1599 2362 omnes
1624 2325 1765 2361 eum-

190 2403 304 2454 dem
332 2402 492 2454 cibum
528 2400 839 2470 spiritualem
864 2399 1305 2465 manducaverunt,
1337 2408 1384 2454 et
1420 2416 1589 2454 omnes
1621 2416 1762 2454 eum-

191 2484 304 2536 dem
330 2492 500 2552 potum
522 2482 833 2550 spiritualem
869 2482 1112 2535 biberunt.
1152 2480 1394 2534 Bibebant
1416 2484 1549 2535 enim
1574 2483 1637 2536 de
1654 2484 1763 2552 spi-

190 2572 363 2625 rituali
386 2580 617 2641 sequente
641 2579 799 2639 petra.
829 2569 983 2624 Petra
1010 2580 1175 2623 autem
1195 2579 1300 2623 erat
1322 2568 1550 2625 Christus
1571 2570 1615 2641 (l
1643 2571 1761 2625 Cor.

192 2679 254 2727 χ,
294 2660 454 2734 ἰι-1).
503 2661 607 2715 Has
659 2660 851 2731 ﬁguras
890 2668 1099 2715 nostras
1152 2659 1315 2714 fuisse
1354 2660 1439 2715 ille
1477 2660 1628 2725 dixit,
1677 2660 1764 2715 cui

192 2766 351 2806 nemo
382 2751 552 2806 ﬁdelis
576 2766 802 2821 unquam
829 2750 1165 2804 contradixit.
1199 2749 1267 2803 Et
1295 2764 1415 2804 cum
1447 2750 1607 2805 multa
1636 2766 1765 2806 enuo

192 2848 445 2903 meraret,
490 2854 647 2893 unam
693 2854 805 2892 rem
853 2838 1020 2892 solam
1051 2838 1226 2904 solvit,
1266 2840 1386 2909 quia
1415 2839 1567 2907 dixit,
1608 2838 1764 2895 Petra

192 2940 359 2983 autem
383 2939 486 2983 erat
526 2927 774 2984 Christus.
817 2928 1084 2983 Solvendo
1111 2945 1271 2983 unum
1311 2930 1529 3001 aliquid,
1572 2939 1767 2987 Cetera

192 3020 470 3090 pmposnit
496 3019 805 3088 inquirenda
836 3035 848 3071 :
881 3018 973 3073 sed
1002 3034 1069 3074 ne
1100 3019 1354 3075 recedens
1378 3035 1409 3075 a
1435 3020 1647 3077 Christo
1680 3024 1763 3077 in-

195 3112 418 3180 quisitor
442 3118 663 3176 erraret,
688 3121 745 3163 ut
770 3110 953 3165 ﬁrmus
978 3121 1200 3181 qumrat,
1230 3111 1282 3165 in
1306 3120 1456 3181 petra
1476 3112 1762 3182 fundatus;

197 3199 374 3267 Petra,
400 3200 589 3270 inquit,
618 3207 722 3254 erat
748 3199 996 3255 Christus.
1036 3201 1175 3256 Dixit
1196 3201 1315 3256 illas
1338 3201 1530 3273 ﬁguras
1558 3214 1766 3260 nostras

196 3291 382 3357 fuisse,
411 3298 465 3344 et
489 3289 712 3345 obscura
741 3299 895 3345 erant
922 3291 1123 3345 omnia.
1146 3290 1287 3358 ‘Qnis
1316 3294 1590 3348 evolveret
1613 3294 1765 3348 invo-

194 3383 339 3436 lucra
382 3381 481 3435 ista
529 3381 856 3450 ﬁgurarum?
897 3382 1017 3451 quis
1056 3382 1327 3451 aperiret?
1367 3384 1484 3453 quis
1503 3384 1768 3441 discutere

196 3474 455 3528 auderet?
484 3473 540 3527 In
578 3472 890 3543 quibusdam
920 3474 1070 3544 quasi
1107 3473 1335 3530 dumetis
1363 3475 1693 3532 densissimis
1714 3486 1770 3534 et

196 3580 375 3621 crassa
406 3565 609 3618 umbra
651 3564 825 3618 lumen
868 3565 1109 3620 accendit
1152 3582 1167 3619 :
1208 3564 1386 3630 Petra,
1426 3567 1617 3637 inquit,
1659 3580 1769 3624 erat

202 3654 444 3709 Christus.
474 3654 588 3708 Jam
615 3668 743 3723 ergo
783 3654 981 3708 lumine
1009 3654 1171 3718 illato,
1199 3670 1497 3723 quaeramus
1516 3657 1640 3726 quid
1664 3673 1770 3713 ca:-

196 3758 309 3799 tera
326 3745 650 3814 signiﬁcent;
673 3741 800 3811 quid
820 3742 919 3795 sibi
941 3742 1124 3805 velint,
1148 3757 1315 3807 mare,
1340 3744 1528 3813 nubes,
1552 3761 1765 3800 manna.

197 3836 324 3889 Ilzt'c
350 3833 490 3888 enim
520 3848 623 3885 non
654 3831 915 3901 exposuit,
944 3831 1038 3887 sed
1065 3842 1214 3902 petra
1243 3833 1366 3903 quid
1404 3845 1547 3891 esset
1583 3846 1766 3907 osten-

200 3924 294 3977 dit.
321 3922 421 3978 Per
458 3937 609 3978 mare
635 3922 904 3989 transitus,
939 3923 1234 3993 Baptismus
1263 3933 1362 3980 est.
1394 3925 1500 3981 Sed
1528 3929 1650 3998 quia
1676 3929 1770 3983 ba-

201 4015 444 4081 ptismus,
497 4013 547 4067 id
591 4021 692 4080 est,
737 4014 922 4070 salutis
966 4030 1100 4084 aqua
1130 4031 1235 4070 non
1283 4026 1366 4072 est
1410 4018 1614 4085 salutis,
1667 4021 1769 4079 nisi

198 4102 394 4156 Christi
433 4102 648 4157 nomine
676 4112 1003 4169 consecrata,
1035 4104 1122 4175 qui
1154 4119 1249 4175 pro
1278 4106 1429 4161 nobis
1457 4109 1767 4178 sanguinem

160 4198 163 4207 '
198 4191 352 4257 fudit,
378 4206 536 4246 cruce
562 4191 727 4261 ipsius
754 4206 888 4261 aqua
917 4198 1171 4263 signatur.
1203 4194 1314 4249 Hoc
1355 4204 1413 4249 ut
1449 4198 1771 4268 signiﬁcaret
1810 4246 1814 4250 Α

200 4284 289 4336 ille
320 4282 632 4351 baptismus,
677 4296 823 4335 mare
865 4282 1097 4337 Rubrum
1126 4282 1242 4337 fuit.
1290 4284 1477 4340 Manna
1521 4287 1588 4341 de
1633 4291 1769 4345 caelo

198 4381 381 4441 aperte
419 4372 486 4425 ab
513 4373 627 4441 ipso
650 4372 881 4425 Domino
921 4374 1220 4442 exponitur.
1254 4374 1434 4431 Patres
1460 4381 1605 4433 vestri
1628 4398 1770 4436 man-

148 4522 151 4525 ,
199 4462 524 4528 dncaverunt,
566 4461 752 4530 inquit,
797 4478 981 4515 manna
1018 4463 1075 4516 in
1110 4479 1295 4531 eremo,
1338 4474 1384 4519 et
1411 4470 1595 4522 mortui
1628 4481 1765 4526 sunt.

198 4551 420 4619 Quando
445 4552 586 4605 enim
613 4548 868 4617 viverent,
898 4567 1017 4606 cum
1045 4552 1209 4622 ﬁgura
1235 4558 1588 4623 przenuntiare
1608 4548 1767 4616 vitam

198 4646 399 4711 pesset,
430 4641 534 4695 vita
564 4656 683 4695 esse
710 4656 816 4694 non
845 4642 1062 4711 posset?
1089 4642 1535 4714 Manducaverunt,
1565 4649 1767 4720 inquit,

198 4750 406 4797 manna,
419 4742 474 4813 ει
498 4732 674 4784 mortui
699 4741 851 4797 sunt;
880 4733 931 4787 id
960 4742 1061 4800 est,
1093 4750 1284 4791 manna
1312 4738 1451 4808 quod
1481 4740 1769 4797 manduca-

197 4833 390 4879 verunt
417 4838 520 4878 non
547 4823 665 4877 illos
695 4824 864 4893 potuit
903 4824 969 4880 de
994 4834 1165 4881 morte
1205 4828 1433 4887 liberare
1463 4849 1476 4885 :
1506 4848 1611 4889 nou
1647 4836 1769 4905 quia

196 4916 373 4983 ipsum
416 4928 607 4967 manna
650 4927 795 4967 mors
836 4914 914 4967 eis
960 4911 1079 4981 fuit,
1122 4916 1217 4971 sed
1261 4919 1382 4988 quia
1420 4935 1511 4975 eos
1539 4937 1568 4975 a
1599 4934 1769 4981 morte

199 5018 304 5058 non
341 5002 602 5058 liberavit.
634 5001 727 5057 Ille
755 5002 896 5057 enim
918 5003 1234 5060 liberaturus
1260 5017 1429 5077 erata
1458 5021 1650 5078 morte,
1677 5016 1769 5088 qui

198 5109 294 5161 per
337 5107 529 5148 manna
556 5092 896 5163 ﬁgurabatur.
929 5093 1005 5148 De
1034 5095 1170 5150 coelo
1194 5107 1340 5153 certe
1379 5115 1569 5155 manna
1593 5104 1772 5162 venie-

197 5183 306 5248 hat,
352 5182 606 5237 attendite
631 5199 787 5253 quem
819 5183 1076 5255 ﬁgurabat
1106 5203 1121 5239 :
1161 5185 1271 5259 Ego
1301 5206 1432 5256 sum,
1464 5192 1649 5262 inquit,
1680 5214 1771 5267 pa-

198 5275 276 5325 nis
318 5276 474 5340 vivus,
518 5272 603 5342 qui
644 5274 706 5327 de
742 5274 864 5328 cwlo
911 5275 1143 5329 descendi
1189 5276 1376 5348 (Joan.
1402 5297 1479 5345 vr,
1510 5283 1599 5349 49,
1643 5285 1768 5357 5i).

197 5362 346 5415 Sicut
374 5361 595 5417 studiosi
610 5373 785 5418 autem
806 5373 858 5418 et
878 5363 1014 5419 bene
1034 5366 1309 5436 vigilantes
1330 5370 1488 5425 verba
1506 5371 1771 5430 dominica

196 5450 473 5519 attendite,
505 5463 563 5508 ut
589 5454 875 5524 proﬁciatis
903 5465 958 5511 et
986 5456 1162 5526 legere
1197 5470 1250 5514 et
1278 5462 1462 5517 audire
1491 5467 1767 5523 noveritis.

197 5538 468 5609 Eundem,
515 5543 703 5613 inquit,
750 5545 912 5600 cibum
959 5547 1272 5618 spiritualem
1322 5554 1765 5612 manducaverunt.

196 5630 336 5699 Quid
364 5639 467 5701 est,
512 5636 756 5705 eumdem,
803 5637 903 5693 nisi
940 5638 1059 5710 quia
1098 5654 1220 5695 eum
1249 5656 1404 5715 quem
1448 5647 1606 5704 etiam
1638 5652 1769 5707 nos?

1434 300 1489 357 Β.
1532 299 1891 359 Αυςυετικι
1938 298 2239 357 EPISCOP!

2694 204 2855 222 ’περ-οι
2890 211 2956 226 hi

3299 302 3430 359 155‘!

1866 413 2031 468 Video
2058 414 2385 483 aliquantum
2413 426 2533 468 esse
2560 412 2627 466 ad
2657 413 3003 483 promendum
3030 412 3431 485 explicandum-

1860 520 1963 575 que
2005 504 2215 559 difﬁcile
2244 504 2383 574 quod
2412 504 2590 560 dicere
2637 506 2835 560 institui
2863 524 2876 560 :
2900 505 2992 560 sed
3021 506 3309 575 adjuvabor
3338 508 3429 562 be-

1861 595 2156 649 nevolentia
2184 603 2378 662 vestra,
2427 596 2540 649 lucc
2579 594 2707 649 mihi
2734 611 2761 649 a
2794 596 3018 651 Domino
3064 598 3311 665 impetret
3350 595 3430 649 fa-

1862 686 2130 739 ettltatem.
2182 685 2447 751 Eumdem,
2478 684 2666 754 inquit,
2697 685 2861 739 cibum
2881 687 3189 754 spiritualem
3218 687 3432 739 mandu-

1861 784 2114 828 caverunt.
2164 774 2456 830 Suﬁ'ecerat
2503 786 2559 829 ut
2600 776 2820 843 diceret,
2870 776 3057 831 Cibum
3103 778 3431 845 Spiritualem

1862 864 2325 920 manducaverunt.
2344 864 2611 928 Eumdem,
2632 866 2817 936 inquit.
2838 866 3081 920 Eumdem
3098 882 3200 919 non
3221 867 3434 920 invenio

1862 955 2127 1023 quomodo
2157 956 2464 1026 intelligam,
2508 956 2608 1011 nisi
2637 972 2757 1011 eum
2783 973 2937 1027 quem
2963 959 3343 1013 manducamus
3381 969 3430 1013 et

1864 1062 1980 1101 nos.
2025 1046 2159 1115 Quid
2203 1062 2351 1115 ergo,
2391 1048 2463 1101 ait
2500 1048 2709 1116 aliquis,
2758 1048 2858 1103 hoc
2902 1058 3016 1102 erat
3045 1065 3233 1103 manna
3266 1049 3389 1103 illud
3414 1091 3428 1115 ,
3469 1060 3480 1071 '

1863 1136 2002 1205 quod
2046 1152 2146 1207 ego
2188 1152 2328 1191 nunc
2368 1137 2617 1207 accipio?
2654 1139 2793 1208 Ergo
2823 1139 2953 1193 nihil
2993 1140 3151 1194 modo
3193 1142 3352 1203 venit,
3385 1142 3429 1195 si

1863 1235 1985 1280 ante
2008 1227 2117 1297 jam
2145 1227 2259 1281 fuit.
2288 1229 2426 1298 Ergo
2451 1240 2760 1283 evacuatum
2798 1240 2880 1285 est
2903 1232 3207 1286 scandalum
3236 1235 3425 1289 crucis.

1864 1315 2141 1383 Quomodo
2163 1333 2295 1387 ergo
2318 1319 2565 1383 eunidem,
2594 1320 2693 1373 nisi
2715 1321 2834 1388 quia
2860 1320 3057 1374 addidit
3084 1323 3432 1391 spiritualem?

1864 1407 1992 1460 Nam
2020 1410 2109 1477 qui
2130 1422 2322 1463 manna
2352 1409 2477 1464 illud
2514 1410 2589 1463 sic
2616 1420 2953 1481 acceperunt,
2987 1421 3041 1465 ut
3068 1414 3431 1467 tantummodo

1865 1498 2165 1567 indigentia:
2190 1513 2302 1554 suae.
2343 1502 2605 1570 corporali
2646 1503 2889 1557 satisﬁeri
2921 1512 3184 1573 putarent,
3217 1514 3269 1560 et
3299 1522 3427 1560 veno

1866 1597 2000 1644 trem
2037 1603 2191 1643 suum
2216 1592 2381 1661 pasci,
2420 1606 2523 1646 non
2551 1601 2781 1647 mentem
2806 1610 2821 1659 ;
2852 1594 2977 1648 nihil
3006 1612 3250 1666 magnum
3278 1614 3429 1651 man-

1864 1677 2207 1743 ducaverunt,
2238 1678 2431 1734 factum
2457 1682 2585 1736 satis
2608 1690 2690 1737 est
2718 1698 2903 1738 eorum
2929 1684 3247 1755 indigenum.
3277 1688 3425 1743 Alios

1867 1767 2007 1822 Deus
2050 1770 2211 1838 pavit,
2261 1770 2378 1827 aliis
2417 1771 2613 1841 aliquid
2656 1774 2934 1828 nuntiavit.
2983 1774 3047 1831 Hi
3078 1778 3207 1832 tales
3252 1779 3428 1833 cibum

1863 1859 2191 1929 corporalem
2222 1861 2695 1931 manducaverunt,
2725 1879 2828 1919 non
2858 1865 3034 1921 cibum
3077 1868 3424 1937 spiritualem.

1864 1950 2008 2017 Quos
2053 1966 2180 2022 ergo
2219 1952 2348 2008 dicit
2390 1964 2571 2025 patres
2623 1966 2833 2012 nostros
2882 1959 3058 2014 cibum
3102 1961 3427 2031 Spiritnalem

1864 2040 2109 2096 eumdem
2135 2042 2576 2099 manducavisse?
2614 2045 2760 2112 Quos
2786 2056 3052 2117 putamus,
3080 2049 3289 2117 fratres,
3332 2054 3430 2107 nisi

1864 2132 2103 2202 quivere
2154 2143 2331 2203 patres
2376 2136 2543 2191 nostri
2589 2135 2843 2192 fuerunt?
2894 2139 3006 2193 imo
3035 2151 3213 2209 patres
3261 2145 3431 2198 nostri

1864 2239 1969 2278 non
2013 2222 2247 2292 fuerunt,
2277 2224 2371 2280 sed
2411 2235 2552 2280 sunt.
2583 2226 2781 2284 Omnes
2808 2230 2949 2284 enim
2989 2231 3064 2285 illi
3113 2233 3312 2287 vivunt.
3346 2234 3435 2288 Sic

1865 2314 2008 2367 enim
2033 2313 2345 2383 quibusdam
2374 2315 2481 2370 illis
2523 2317 2823 2373 inﬁdelibus
2864 2319 2993 2374 dicit
3022 2321 3295 2387 Dominus,
3331 2323 3436 2376 Pa-

1867 2412 1964 2459 tres
1987 2406 2133 2461 vestri
2172 2407 2595 2461 manducava
2637 2424 2826 2463 manna
2864 2410 2917 2464 in
2954 2428 3141 2480 eremo,
3183 2423 3228 2468 et
3258 2417 3438 2468 mortui

1867 2505 2001 2551 sunt.
2053 2497 2189 2564 Quid
2218 2507 2299 2553 est
2326 2498 2488 2564 enim,
2531 2499 2711 2554 Patres
2736 2503 2883 2555 vestri
2897 2520 2918 2569 ;
2946 2505 3067 2567 nisi,
3096 2520 3229 2573 quos
3256 2504 3440 2560 inﬁde-

1867 2586 2015 2640 litate
2052 2587 2350 2654 imitamini,
2397 2603 2619 2658 quomm
2650 2590 2764 2645 vias
2806 2606 2909 2646 non
2936 2593 3202 2648 credendo
3246 2604 3299 2648 et
3328 2596 3438 2650 Deo

1867 2675 2163 2732 resistendo
2200 2677 2513 2731 sectamini?
2559 2678 2857 2734 Secundum
2903 2697 3061 2751 quem
3107 2684 3430 2740 intellectum

1866 2766 2181 2838 quibusdam
2211 2768 2355 2833 dicit,
2369 2767 2470 2823 Vos
2495 2786 2526 2822 a
2546 2778 2689 2840 patre
2707 2772 2905 2827 diabolo
2926 2775 3043 2828 estis
3073 2776 3092 2845 (
3111 2775 3267 2831 Joan.
3301 2795 3389 2833 vnt
3410 2820 3429 2844 ,

1867 2857 1981 2929 ιι).
2012 2856 2196 2927 Neque
2219 2859 2360 2912 enim
2387 2858 2627 2916 diabolus
2660 2860 2888 2931 aliquem
2920 2862 3187 2920 hominem
3230 2867 3311 2922 vel
3340 2883 3436 2937 po-

1870 2950 2028 3003 tentia
2070 2951 2286 3017 ereavit,
2317 2951 2401 3006 vel
2446 2954 2769 3022 generando
2796 2957 3091 3024 procreavit
3121 2976 3135 3012 :
3167 2970 3219 3014 et
3262 2969 3436 3018 tamen

1867 3038 2059 3094 dicitur
2087 3048 2237 3109 pater
2262 3039 2564 3111 impiorum,
2594 3059 2699 3098 non
2742 3056 2956 3117 propter
3001 3051 3394 3118 generationem
3417 3094 3435 3119 ,

1868 3129 1963 3185 sed
2008 3140 2222 3201 propter
2262 3129 2630 3188 imitationem.
2681 3134 2829 3191 Sicut
2866 3153 2897 3193 e
2940 3150 3126 3194 contra
3170 3142 3237 3197 de
3285 3144 3438 3201 bonis

1868 3218 2077 3286 dicitur,
2100 3214 2240 3291 Ergo
2267 3237 2433 3276 semen
2458 3223 2673 3278 Abrahae
2693 3228 2807 3281 estis
2832 3226 3027 3298 (Galat.
3059 3246 3135 3297 tu,
3163 3231 3253 3305 ‘29)
3282 3252 3293 3286 :
3317 3250 3436 3290 cunt

1868 3307 2111 3378 loquatur
2137 3308 2414 3379 Gentibus,
2463 3328 2580 3383 qure
2622 3320 2840 3387 stirpem
2881 3319 3055 3373 carnis
3099 3335 3164 3375 ex
3210 3323 3435 3379 Abrahae

1868 3413 2061 3468 genere
2083 3414 2186 3454 non
2208 3400 2487 3458 ducebant.
2520 3403 2641 3460 Filii
2661 3406 2802 3460 enim
2819 3416 2989 3475 erant,
3017 3424 3121 3463 non
3151 3413 3435 3479 nascendo,

1870 3486 1964 3542 sed
1984 3487 2257 3544 imitando.
2286 3490 2583 3561 Abrogatur
2609 3502 2782 3549 autem
2812 3503 2867 3550 et
2890 3496 3152 3553 alienatur
3172 3516 3199 3553 a
3221 3502 3439 3571 perﬁdis

1871 3587 2020 3647 pater
2061 3579 2355 3646 Abraham,
2402 3582 2612 3651 quando
2655 3585 2731 3638 eis
2774 3586 3024 3643 Dominus
3057 3590 3204 3656 dicit,
3240 3592 3300 3647 Si
3341 3594 3435 3661 [itii

1870 3669 2085 3723 Abralue
2103 3674 2293 3735 essetis,
2317 3689 2469 3741 opera
2492 3674 2709 3731 Abralue
2730 3679 2959 3749 faceretis
2978 3679 3157 3750 (Joan.
3189 3699 3300 3748 vni,
3324 3685 3435 3754 59).

1870 3760 1937 3814 Et
1961 3769 2018 3814 ut
2043 3761 2194 3814 malae
2218 3762 2435 3816 arbores
2458 3762 2527 3816 de
2552 3765 2780 3820 Abraha:
2819 3771 3132 3835 paternitate
3157 3774 3439 3840 gloriantes

1870 3849 2281 3915 eradicarentnr,
2310 3850 2402 3903 ﬁlii
2429 3850 2657 3907 Abraha:
2680 3852 2749 3906 de
2771 3853 3030 3922 lapidibus
3058 3862 3433 3926 promittuntur

1871 3936 2081 4009 (Matth.
2107 3954 2179 4003 nt,
2205 3938 2281 4009 9).
2313 3938 2458 3994 Sicut
2477 3955 2607 4010 ergo
2646 3939 2745 3995 hec
2767 3941 2885 3997 loco
2905 3943 3050 4009 dicit,
3092 3946 3271 4002 Patres
3292 3954 3438 4005 vestri

1871 4030 2293 4084 manducaverunt
2324 4047 2507 4083 manna
2544 4032 2597 4084 in
2625 4048 2808 4096 eremo,
2848 4042 2895 4087 et
2936 4038 3120 4090 mortui
3146 4049 3260 4091 sunt
3287 4056 3305 4092 :
3331 4057 3433 4095 non

1871 4122 2010 4176 enim
2042 4120 2415 4176 intellexerunt
2438 4120 2578 4191 quod
2608 4122 3089 4191 manducaverunt;
3124 4126 3300 4197 itaque
3330 4144 3434 4183 non

1873 4210 2245 4279 intelligentes,
2270 4211 2443 4265 cibum
2472 4212 2680 4267 nonnisi
2722 4215 3052 4283 corporalem
3081 4228 3433 4287 acoeperunt:

1871 4300 1948 4358 sic
1990 4310 2044 4355 et
2085 4301 2369 4370 Apostolus
2416 4301 2563 4369 dicit,
2609 4311 2784 4372 patres
2830 4314 3061 4369 nostros,
3110 4322 3213 4362 non
3262 4317 3439 4379 patres

1872 4389 2193 4456 inﬁdelium,
2239 4407 2342 4445 non
2395 4402 2570 4460 patres
2615 4393 2916 4462 impiorum,
2962 4396 3341 4454 manducantes
3385 4410 3438 4455 et

1871 4480 2195 4544 morientes;
2236 4480 2329 4535 sed
2359 4491 2535 4550 patres
2563 4491 2793 4549 nostros,
2834 4493 3011 4553 patres
3040 4486 3293 4553 ﬁdelium,
3326 4490 3438 4559 epi-

1871 4569 2110 4624 ritualem
2139 4570 2311 4623 cibum
2339 4571 2704 4637 manducasse,
2734 4582 2788 4626 et
2814 4573 2934 4628 ideo
2961 4575 3227 4631 eumdem.
3259 4577 3440 4631 Patres

1872 4660 2046 4723 nostri,
2078 4658 2264 4727 inquit,
2309 4660 2537 4715 eumdem
2572 4661 2735 4715 cibum
2761 4663 3071 4731 spiritualem
3100 4666 3429 4720 manducaue-

1810 4793 1820 4799 .
1871 4757 2011 4813 runt,
2052 4757 2099 4802 et
2145 4748 2372 4802 eumdem
2418 4758 2587 4819 potum
2629 4750 2942 4821 spiritualem
2984 4753 3230 4810 biberunt.
3275 4756 3441 4813 Erant

1873 4839 2014 4893 enim
2047 4838 2116 4893 ibi
2146 4839 2234 4909 qui
2266 4838 2405 4909 quod
2430 4839 2838 4907 manducabant,
2871 4843 3230 4914 intelligebant
3253 4863 3265 4899 :
3289 4860 3440 4905 erant

1872 4928 1944 4983 ibi
1965 4929 2154 4999 quibus
2197 4929 2314 4999 plus
2355 4926 2597 4986 Christus
2641 4932 2697 4985 in
2740 4933 2922 5001 corde,
2952 4950 3110 5005 quam
3147 4951 3338 4992 manna
3387 4940 3442 4994 in

1875 5034 1970 5074 ore
2016 5019 2271 5089 sapiebat.
2322 5018 2457 5088 Quid
2505 5020 2572 5074 de
2616 5020 2735 5075 aliis
2786 5022 3100 5093 loquamur?
3149 5026 3274 5081 inde
3328 5038 3440 5083 erat

1873 5111 2119 5182 primitus
2166 5112 2277 5180 ipse
2322 5111 2529 5183 Moyses
2569 5112 2799 5170 famulus
2843 5115 2970 5182 Dei,
3023 5117 3194 5172 ﬁdelis
3237 5122 3289 5172 in
3336 5128 3443 5174 tota

1872 5201 2031 5256 domo
2055 5200 2170 5271 ejus
2197 5200 2379 5272 (Hebr.
2417 5218 2497 5268 nr,
2522 5202 2604 5274 2),
2651 5205 2827 5262 sciens
2855 5207 2980 5276 quid
3009 5206 3362 5278 dispensaret,
3388 5221 3440 5266 et

1873 5294 1995 5364 quia
2024 5293 2115 5347 illo
2141 5302 2379 5362 tempore
2405 5293 2474 5347 ita
2500 5294 2791 5363 dispensari
2816 5296 3071 5352 deberent
3097 5300 3272 5354 clausa
3304 5318 3440 5370 pra:-

1874 5383 2121 5448 sentium,
2168 5392 2350 5451 aperta
2396 5382 2711 5438 futurorum.
2753 5385 2989 5441 Breviter
3028 5403 3155 5459 ergo
3179 5389 3440 5447 dixerim:

1874 5473 2194 5541 quicumque
2217 5472 2268 5525 in
2289 5486 2478 5525 manna
2498 5472 2766 5527 Christum
2787 5473 3177 5543 intellexerunt,
3196 5481 3439 5535 eumdem

1874 5576 2029 5631 quem
2059 5576 2155 5615 nos
2197 5560 2374 5616 cibum
2421 5562 2747 5631 spiritualem
2793 5565 3278 5634 manducaverunt;
3326 5572 3444 5639 qui-

1824 5722 1827 5725 ν
1874 5667 2099 5723 cumque
2124 5662 2300 5708 autem
2334 5652 2399 5710 de
2428 5669 2617 5710 manna
2643 5657 2811 5714 solam
2848 5661 3170 5717 saturitatem
3214 5662 3436 5732 quzesie-
