4026 6186
561 308 696 368 I553

546 433 705 491 runt,
750 430 928 492 patres
970 420 1257 476 inﬁdelium
1299 418 1779 482 manducaverunt,
1826 424 1881 472 et
1923 414 2115 470 mortui

546 526 690 572 sunt.
722 514 810 569 Sic
849 514 1008 568 etiam
1052 511 1299 567 eumdem
1349 518 1527 580 potum
1562 506 1758 564 :Petra
1795 508 1926 561 enim
1970 503 2117 559 Chri-

545 618 672 659 stus.
717 601 977 658 Eumdem
1018 617 1144 672 ergo
1181 608 1361 670 potum
1392 615 1550 669 quem
1580 613 1698 661 nos,
1729 597 1820 651 sed
1863 595 2112 665 spiritua-

548 696 692 757 lem;
723 692 772 748 id
802 702 904 757 est,
950 692 1041 761 qui
1088 691 1192 746 ﬁde
1233 691 1557 760 capiebatur,
1606 702 1711 742 non
1759 687 1849 757 qui
1891 700 2114 754 corpore

548 785 904 840 hauriebatur.
953 782 1191 838 Audistis
1238 781 1484 836 eumdem
1536 788 1738 852 potum,
1793 776 1951 832 Petra
2009 785 2116 830 erat

545 877 772 933 Christus
802 890 822 929 :
847 890 951 927 non
995 874 1138 927 enim
1183 872 1316 926 alter
1333 871 1577 927 Christus
1601 879 1745 933 tunc,
1790 868 1926 923 alter
1951 881 2111 921 nunc.

547 967 723 1022 Altera
750 964 960 1034 quidem
1000 964 1085 1018 illa
1122 973 1270 1032 petra
1296 960 1491 1034 (Exod.
1520 976 1655 1028 xvu,
1679 960 1757 1030 6),
1801 959 1940 1014 alter
1979 959 2113 1027 lapis

544 1074 700 1126 quem
728 1058 826 1112 sibi
854 1056 1029 1127 posuit
1063 1055 1131 1109 ad
1160 1066 1319 1124 caput
1336 1052 1501 1108 Jacob
1536 1050 1687 1124 (Gen.
1738 1064 1932 1115 xxvru,
1977 1048 2112 1119 ii);

545 1151 679 1205 alter
702 1162 869 1217 agnus
906 1147 1113 1201 occisus
1139 1155 1198 1199 ut
1243 1144 1651 1199 manducaretur
1688 1142 1889 1195 Pascha
1915 1138 2110 1209 (Exod.

548 1243 670 1313 xu),
723 1242 858 1296 alter
902 1241 1041 1296 aries
1079 1239 1289 1294 hmrens
1327 1239 1378 1292 in
1427 1238 1675 1307 vepribus
1714 1234 2068 1291 immolandus
2092 1274 2110 1301 ,
2164 1266 2169 1275 ι

539 1331 755 1402 quando
795 1330 904 1385 ﬁlio
952 1344 1049 1384 suo
1100 1329 1335 1399 pepercit
1385 1328 1652 1383 Abraham
1694 1326 1916 1395 jussus,
1955 1339 2112 1394 quem

543 1426 719 1490 jussus
758 1420 1019 1475 obtulerat
1055 1420 1074 1488 (
1096 1418 1222 1473 Gen.
1263 1433 1374 1473 xxu
1403 1458 1420 1484 ,
1461 1416 1575 1488 15)
1617 1434 1633 1475 :
1671 1416 1844 1470 altera
1905 1415 2021 1470 ovis
2059 1422 2116 1468 et

545 1517 709 1567 altera
739 1512 880 1574 ovis,
928 1510 1063 1565 alter
1101 1510 1237 1579 lapis
1279 1517 1333 1563 et
1372 1509 1505 1563 alter
1548 1505 1701 1577 lapis,
1751 1505 1893 1560 idem
1936 1515 2112 1559 tamen

543 1604 813 1665 Christus;
843 1600 963 1655 ideo
988 1598 1232 1653 eumdem
1257 1598 1457 1664 cibum,
1481 1596 1602 1652 ideo
1630 1594 1875 1650 eumdem
1902 1601 2109 1663 potum.

546 1696 781 1763 Denique
829 1704 1079 1761 percussa
1141 1698 1222 1742 est
1280 1688 1390 1757 ipsa
1433 1695 1581 1757 petra
1632 1684 1812 1754 ligno,
1860 1692 1919 1737 ut
1972 1696 2109 1750 aqua

544 1783 829 1838 deﬂueret:
848 1782 988 1850 virga
1010 1779 1149 1833 enim
1172 1792 1417 1848 percussa
1438 1784 1519 1831 est
1536 1773 1728 1845 (Exod.
1749 1788 1877 1836 xvu,
1906 1773 1941 1828 5
1964 1780 2009 1827 et
2032 1770 2111 1843 6).

544 1877 715 1943 Quare
743 1874 905 1943 ligno.
946 1888 1050 1926 non
1079 1870 1242 1935 ferro,
1292 1869 1392 1925 nisi
1419 1868 1541 1939 quia
1592 1883 1719 1923 crux
1745 1865 1814 1921 ad
1845 1864 2114 1920 Christum

545 1965 787 2030 accessit,
812 1972 869 2016 ut
898 1959 1051 2016 nobis
1065 1959 1287 2031 gratiam
1320 1955 1659 2027 propinaret?
1685 1953 1942 2010 Eumdem
1985 1967 2113 2022 ergo

544 2058 741 2119 cibum,
773 2055 1017 2110 eumdem
1043 2062 1244 2123 potum,
1268 2051 1359 2107 sed
1391 2050 1801 2120 iutelligentibus
1818 2057 1873 2105 et
1892 2048 2115 2104 creden-

546 2150 699 2202 tibus.
717 2147 831 2203 Non
846 2143 1251 2215 intelligentibus
1262 2151 1456 2207 autem,
1470 2141 1597 2197 illud
1611 2142 1782 2197 solum
1800 2156 2010 2207 manna,
2026 2140 2113 2195 ilia

546 2243 655 2295 sola
682 2255 844 2310 aqua;
874 2239 962 2294 ille
986 2238 1138 2292 cibus
1167 2235 1443 2302 esurienti,
1466 2243 1621 2304 potus
1648 2235 1749 2288 iste
1771 2233 1986 2297 sitienti;
2014 2246 2115 2288 nec

546 2332 660 2396 ille,
682 2346 779 2384 nec
807 2331 904 2384 iste
932 2328 1167 2383 credenti
1193 2345 1205 2380 :
1227 2324 1651 2381 crcdentiautem
1676 2322 1814 2379 idem
1841 2327 1929 2393 qui
1951 2337 2109 2379 nunc.

1961 296 2187 351 SERSIU
2225 297 2459 358 CCCLli.

3655 318 3790 381 1531i

2222 412 2327 470 lum
2369 420 2574 492 Moyses
2602 425 3025 492 commendaret,
3058 437 3083 475 2’
3124 431 3261 486 cavit
3286 448 3406 489 eum
3429 476 3442 499 ,
3490 446 3541 491 et
3568 439 3790 493 mutavit

2220 510 2269 563 ei
2308 526 2535 579 nomen,
2591 522 2644 567 et
2694 517 2974 585 appellavit
3022 534 3143 575 eum
3190 521 3369 578 Jesum
3404 534 3502 579 :ut
3542 542 3647 580 non
3696 544 3789 597 per

2221 602 2433 674 Moysen
2458 646 2471 666 ,
2503 604 2596 658 sed
2628 620 2722 673 per
2747 607 2924 661 Jesum
2950 652 2965 674 ,
3009 611 3059 664 id
3086 619 3292 667 estnon
3324 630 3419 681 per
3443 615 3608 685 legem
3632 658 3644 679 ,
3693 619 3786 672 sed

2221 708 2316 762 per
2351 696 2570 761 gratiam
2623 697 2847 765 pepulus
2910 699 3000 753 Dei
3062 701 3112 754 in
3175 712 3365 758 terram
3427 706 3788 773 promissionis

2220 786 2459 843 intraret.
2502 789 2650 843 Sicut
2689 799 2864 846 autem
2926 792 3080 849 Jesus
3137 795 3229 850 ille
3293 814 3396 852 non
3457 815 3632 866 verus,
3693 802 3784 856 sed

2219 878 2499 948 ﬁguratus;
2549 881 2617 933 ita
2652 882 2807 936 etiam
2850 892 2987 939 terra
3016 887 3375 955 promissionis
3423 890 3507 944 illa
3537 907 3639 945 non
3692 910 3785 947 vc-

2218 983 2311 1033 ra,
2347 969 2441 1024 sed
2487 971 2723 1039 ﬁgurata.
2765 972 2857 1028 Illa
2883 974 3024 1029 enim
3061 976 3255 1044 populo
3301 968 3475 1049 primo
3520 989 3783 1049 tempora-

2218 1058 2284 1114 lis
2309 1060 2406 1115 fuit
2436 1079 2449 1114 :
2478 1062 2629 1117 nobis
2655 1079 2774 1133 quas
2800 1066 3053 1135 promissa
3072 1078 3182 1135 est,
3209 1048 3403 1126 aeterna
3434 1074 3553 1126 erit.
3587 1048 3690 1129 Sed
3721 1073 3781 1128 ﬁ-
3858 1048 3871 1090 ἴ

2173 1151 2360 1233 *ειη-ῖς
2389 1152 2766 1221 temporalibus
2792 1155 3234 1223 promittebantur
3257 1168 3311 1214 et
3351 1164 3779 1229 prmutuntinlmn-

2220 1248 2306 1294 tur
2328 1250 2544 1298 mterna.
2584 1242 2733 1299 Sicut
2768 1260 2896 1315 ergo
2916 1246 3004 1301 il‘le
3031 1262 3133 1302 non
3162 1264 3316 1302 verus
3342 1249 3495 1305 JBsus
3514 1294 3530 1318 ,
3569 1269 3665 1307 nec
3694 1255 3780 1309 illa

2217 1338 2357 1386 terra
2379 1332 2744 1401 promissionis
2767 1352 2888 1392 vera
2908 1381 2922 1405 ,
2949 1338 3042 1393 sed
3068 1338 3286 1409 ﬁgurata
3313 1356 3329 1393 :
3357 1340 3427 1396 ita
3456 1360 3645 1397 manna
3673 1357 3777 1398 non

2215 1423 2364 1479 cibus
2407 1440 2531 1481 vere
2581 1428 2846 1496 cmlestis,
2892 1431 2997 1486 sed
3037 1432 3325 1503 ﬁguratus;
3376 1434 3444 1489 ita
3501 1446 3646 1506 petra
3697 1432 3783 1492 illa

2217 1530 2320 1568 non
2378 1532 2504 1572 vere
2544 1518 2818 1585 Christus,
2879 1522 2973 1577 sed
3016 1522 3294 1593 ﬁguratus,
3334 1535 3388 1580 et
3444 1527 3522 1582 sic
3585 1529 3780 1582 omnia.

2215 1606 2383 1671 Quam
2431 1624 2557 1676 ergo
2608 1610 2705 1664 sibi
2774 1611 2935 1680 exigit
2989 1614 3460 1671 considerationem
3525 1617 3783 1673 dubitatio

2215 1693 2431 1766 Moysi?
2451 1697 2529 1751 Ne
2559 1697 2693 1753 forte
2726 1708 2780 1755 et
2816 1700 2886 1755 ibi
2912 1700 3084 1773 aliqua
3125 1703 3288 1774 ﬁgura
3318 1722 3564 1775 expressa
3595 1710 3696 1776 sit,
3730 1721 3784 1764 et

2216 1783 2448 1841 innuerit
2476 1786 2817 1859 intelligenti,
2845 1798 2898 1845 et
2923 1791 2987 1845 ad
3025 1793 3391 1863 inquirendum
3431 1799 3783 1853 commoverit

2214 1882 2269 1929 et
2300 1878 2659 1944 provocaverit
2683 1878 2936 1936 animum.
2958 1880 3125 1937 Video
3150 1884 3288 1938 enim
3307 1894 3495 1955 etpost
3522 1887 3661 1940 illam
3688 1888 3783 1943 du-

2215 1962 2521 2020 bitationem
2543 2008 2557 2031 ,
2590 1976 2645 2023 et
2671 1977 2792 2039 post
2827 1972 2958 2026 iram
2989 1973 3114 2039 Dei,
3144 1983 3198 2028 et
3227 1983 3345 2044 post
3372 1978 3544 2032 minas
3571 1979 3778 2047 mortis,

2216 2062 2271 2109 et
2299 2065 2417 2123 post
2463 2058 2810 2116 remotionem
2838 2062 2908 2117 ab
2948 2062 3336 2120 introductione
3379 2066 3552 2137 populi
3582 2068 3634 2122 in
3668 2076 3781 2123 ter-

2214 2160 2330 2200 ram
2353 2148 2738 2216 promissionis,
2767 2151 2931 2206 multa
2957 2152 3124 2207 Deum
3153 2155 3229 2209 sic
3254 2155 3431 2211 dicere
3451 2157 3516 2211 ad
3542 2157 3779 2230 Moysen,

2216 2243 2467 2306 tanquam
2496 2238 2561 2291 ad
2585 2241 2843 2303 amicum,
2865 2242 3131 2309 quomodo
3157 2252 3210 2298 et
3234 2254 3387 2299 antea
3426 2247 3735 2316 loquebatur
3765 2254 3780 2303 ξ

2216 2340 2385 2393 usque
2423 2326 2556 2381 adeo
2582 2336 2639 2381 ut
2664 2327 2762 2397 ipsi
2796 2329 2921 2385 Jesu
2948 2329 3092 2385 Nave
3129 2330 3441 2388 obedientia:
3482 2336 3781 2405 exemplum

551 2421 697 2475 Tunc
710 2421 845 2475 enim
859 2413 2122 2482 Christusveuturus,modoChristusvenit.Ven-
2217 2414 2285 2470 de
2309 2415 2488 2488 Moyse
2515 2423 2873 2486 proponatur,
2904 2426 2957 2473 et
2994 2421 3094 2476 hoc
3132 2436 3251 2476 eum
3284 2432 3495 2479 moneat
3523 2425 3662 2480 Deus
3682 2468 3696 2492 ,
3727 2438 3788 2483 ut

548 2522 694 2563 turus
722 2520 773 2564 et
805 2510 963 2571 venit,
995 2508 1202 2562 diversa
1225 2504 1385 2561 verba
1411 2513 1552 2567 sunt,
1570 2504 1663 2558 sed
1686 2503 1825 2565 idem
1852 2502 2112 2559 Christus.

612 2602 663 2654 ι.
701 2599 866 2669 Moysi
910 2598 1153 2652 dubitatio
1186 2596 1471 2668 ﬁgurativa.
1502 2592 1713 2664 Aliquid
1757 2593 1951 2658 etiam,
1979 2608 2114 2663 quo-

545 2694 682 2745 niam
732 2706 817 2745 res
858 2691 1003 2745 venit
1047 2691 1097 2743 in
1127 2687 1393 2751 medium,
1441 2686 1507 2741 de
1553 2685 1880 2740 dubitatione
1928 2684 2114 2740 famuli

546 2784 636 2837 Dei
678 2783 841 2854 Moysi
895 2783 1015 2836 volo
1061 2781 1259 2836 dicere.
1297 2778 1490 2849 Figura
1530 2778 1670 2833 enim
1722 2785 1838 2833 erat
1879 2786 2116 2833 veterum

543 2876 698 2928 etiam
728 2876 827 2927 ista
869 2880 1192 2928 sanctorum.
1227 2869 1494 2926 Dubitavit
1523 2868 1590 2923 ad
1631 2883 1820 2937 aquam
1865 2868 2112 2939 Moyses;

542 2965 752 3033 quando
782 2973 982 3032 petram
1005 2963 1149 3034 virga
1179 2961 1440 3031 percussit
1472 2969 1529 3016 ut
1551 2975 1683 3030 aqua
1712 2958 1933 3026 ﬂueret,
1960 2960 2115 3015 dubi-

544 3059 687 3111 tavit.
727 3056 1117 3111 Dubitationem
1149 3062 1324 3108 autem
1361 3051 1477 3122 ejus
1518 3052 1699 3122 legens
1723 3049 1947 3122 quisque
1976 3051 2116 3106 forte

545 3149 820 3214 transiret,
848 3162 945 3202 nec
972 3145 1312 3216 intelligeret,
1340 3144 1460 3214 quia
1488 3159 1586 3199 nec
1607 3159 1848 3214 quaerere
1872 3144 2110 3199 auderet.

547 3240 767 3293 Domino
805 3246 981 3292 autem
1025 3236 1136 3291 Deo
1176 3234 1434 3291 dubitatio
1463 3234 1548 3289 illa
1577 3234 1862 3304 displicuit,
1907 3244 1961 3291 et
1996 3252 2114 3291 eam

544 3330 771 3395 notavit,
800 3343 904 3383 non
931 3328 1101 3382 solum
1127 3326 1426 3395 arguendo,
1470 3325 1563 3381 sed
1590 3326 1746 3379 etiam
1775 3326 2109 3381 vindicando.

542 3419 671 3474 Nam
705 3428 920 3489 propter
957 3418 1093 3472 hanc
1120 3415 1501 3472 dubitationem
1530 3414 1723 3471 dicitur
1744 3416 1938 3487 Moysi,
1988 3415 2110 3470 Non

544 3509 823 3562 introduces
868 3518 921 3561 tu
964 3506 1209 3577 populum
1247 3506 1302 3560 in
1340 3516 1528 3561 terram
1556 3506 1899 3577 promissionis
1923 3505 2109 3577 (Num.

547 3616 619 3652 xx
638 3641 653 3663 ,
677 3598 784 3669 l2).
809 3598 1032 3652 Ascende
1053 3600 1105 3651 in
1126 3604 1376 3662 montem,
1418 3606 1466 3650 et
1490 3611 1682 3650 morere
1710 3595 1884 3664 (Deut.
1925 3614 2071 3652 xxx"
2096 3639 2111 3664 ,

550 3688 663 3754 49).
690 3689 821 3743 Deus
849 3688 935 3744 hic
982 3688 1163 3757 utique
1208 3695 1425 3757 apparet
1471 3686 1657 3741 iratus.
1703 3686 1837 3754 Quid
1896 3703 2020 3759 ergo
2048 3687 2116 3745 de

543 3778 748 3850 Moyse.
774 3778 958 3833 fratres
985 3777 1127 3833 mei?
1153 3775 1340 3832 Omnis
1364 3776 1452 3832 ille
1473 3777 1623 3833 labor
1644 3777 1757 3847 ejus
1776 3819 1791 3843 ,
1819 3780 1992 3834 omnis
2018 3795 2114 3848 pro

543 3872 739 3939 popqu
765 3879 925 3925 aestus
946 3870 1062 3939 ejus
1083 3913 1098 3937 ,
1129 3878 1183 3925 et
1213 3868 1299 3925 illa
1318 3868 1551 3924 charitas
1570 3911 1585 3935 ,
1616 3869 1800 3925 dicens
1818 3911 1834 3936 ,
1864 3869 1926 3927 Si
1945 3871 2115 3927 dimit-

546 3969 606 4020 ω
635 3968 739 4020 illis
765 3977 1019 4036 peccatum
1043 4008 1057 4030 ,
1084 3966 1311 4030 dimitte;
1338 3966 1418 4021 sin
1440 3975 1603 4021 autem
1623 4007 1638 4031 ,
1662 3964 1774 4019 dele
1796 3982 1874 4018 me
1897 3966 1962 4019 de
1986 3965 2113 4019 libro

548 4068 630 4109 tuo
671 4056 860 4127 (Exod.
891 4072 1036 4111 χχχιι
1057 4095 1072 4122 ,
1119 4056 1179 4111 51
1205 4097 1222 4122 ,
1253 4055 1379 4124 3‘2),
1410 4056 1510 4110 hac
1546 4055 1716 4110 subita
1757 4062 1811 4109 et
1837 4053 2113 4123 repentina

546 4148 870 4202 dubitatione
896 4147 1138 4201 damnata
1174 4146 1287 4201 est?
1314 4146 1382 4200 Et
1413 4145 1539 4216 quid
1570 4154 1655 4201 est
1686 4143 1830 4215 quod
1856 4144 2116 4199 conclusit

547 4240 712 4293 lector
736 4254 857 4293 cum
883 4238 1191 4307 Apostolum
1222 4237 1455 4307 legeret,
1482 4237 1713 4291 Charitas
1750 4251 2002 4305 nunquam
2028 4251 2116 4288 ca-

548 4328 618 4381 dit
640 4328 679 4399 (l
722 4327 840 4381 Cor.
871 4343 995 4391 xm,
1028 4327 1119 4397 8)?
1144 4327 1275 4382 Cum
1302 4316 1539 4397 q’uwdam
1570 4325 1821 4380 solvenda
1848 4339 2113 4393 propone-

549 4435 685 4484 rem,
710 4419 939 4473 studium
961 4427 1194 4473 vestrum
1235 4433 1320 4472 me
1363 4417 1484 4472 fecit
1512 4426 1564 4471 ct
1601 4415 1741 4470 aliud
1782 4430 2112 4486 pr0ponere,

550 4508 687 4577 quod
721 4507 855 4562 forte
884 4522 988 4562 non
1019 4506 1655 4577 qumrerctiskwdcamus
1680 4520 1837 4575 ergo,
1860 4515 1913 4560 et
1941 4505 2115 4560 adhuc

549 4607 799 4665 quantum
846 4613 1124 4667 possumus
1166 4611 1421 4653 conemur
1462 4605 1741 4667 penetrare
1780 4597 2111 4667 mysterium.

551 4691 793 4746 Irascitur
820 4692 985 4759 Deus,
1015 4692 1144 4747 dicit
1188 4706 1309 4746 eum
1353 4706 1457 4745 non
1496 4690 1913 4745 introducturnm
1945 4704 2115 4757 popu-

551 4783 653 4835 lum
699 4783 752 4835 in
786 4791 975 4836 terram
1028 4779 1425 4850 promissionis;
1461 4779 1615 4848 jubet
1654 4786 1712 4832 ut
1757 4778 2007 4833 ascendat
2059 4780 2112 4832 in

550 4882 780 4926 montem
808 4880 859 4925 et
884 4870 1157 4925 moriatur.
1181 4869 1246 4923 Et
1274 4877 1446 4922 tamen
1468 4868 1630 4922 multa
1657 4867 1884 4937 injungit
1913 4866 2115 4936 agenda

545 4962 717 5016 eidem
763 4961 926 5033 Moysi
965 4960 1154 5029 :jubet
1207 4957 1331 5027 quid
1360 4964 1508 5027 agat,
1558 4956 1823 5027 quomodo
1864 4956 2114 5026 populum

548 5053 821 5122 disponat,
848 5050 1113 5122 quomodo
1134 5066 1238 5104 non
1260 5049 1522 5118 relinquat
1546 5049 1741 5118 passim
1772 5057 1825 5103 et
1853 5049 2117 5118 negligen-

550 5152 645 5198 ter.
700 5142 974 5211 Nunquam
1020 5141 1118 5195 ista
1172 5138 1420 5194 damnato
1467 5137 1744 5207 injungere
1788 5138 2113 5208 dignaretur.

545 5233 701 5288 Aliud
726 5233 947 5301 accipite
970 5229 1284 5284 mirabilius.
1317 5229 1576 5294 Quoniam
1615 5229 1816 5283 dictum
1836 5238 1929 5284 est
1950 5231 2136 5301 Moysi‘

546 5322 670 5391 (hoc
693 5324 833 5378 enim
864 5320 1060 5391 placuit
1102 5319 1213 5375 Deo
1238 5322 1369 5395 certi
1414 5320 1653 5391 mysterii
1682 5320 2117 5389 dispensationis-

544 5430 647 5483 que
666 5412 859 5483 gratia)
888 5410 1029 5481 quod
1065 5410 1176 5479 ipse
1200 5409 1251 5463 in
1281 5417 1475 5464 terram
1500 5410 1870 5478 promissionis
1899 5426 2003 5465 non
2034 5411 2115 5464 in-

544 5504 846 5558 troduceret
892 5500 1174 5571 p0pttlttm,
1203 5498 1412 5567 eligitur
1451 5498 1588 5553 alius
1635 5499 1788 5555 Jesus
1836 5498 2016 5565 Nave;
2062 5509 2117 5555 et

544 5597 643 5651 i5te
669 5594 828 5649 homo
849 5607 953 5648 non
986 5590 1084 5645 hoc
1112 5589 1323 5645 nomine
1353 5590 1667 5653 vocabatur,
1698 5591 1983 5646 vocabatur
2007 5593 2115 5646 Au-

544 5699 631 5741 scs
661 5682 843 5754 (Nam.
871 5696 961 5737 xm
983 5721 999 5749 ,
1027 5678 1137 5749 t7).
1168 5678 1376 5733 Etcum
1406 5678 1453 5733 ei
1481 5679 1915 5734 introduccndum
1949 5696 2112 5750 popu-

2217 2505 2295 2559 sic
2340 2506 2388 2560 ei
2418 2509 2647 2573 serviat,
2677 2509 2942 2577 quomodo
2978 2511 3191 2565 servivit
3225 2511 3465 2585 Moyses;
3509 2523 3563 2568 et
3608 2516 3684 2569 sic
3722 2532 3780 2569 se

2216 2596 2496 2666 pollicetur
2537 2614 2657 2662 cum
2696 2614 2763 2655 eo
2804 2599 3073 2666 futurum,
3118 2604 3382 2674 quomodo
3422 2620 3540 2659 cum
3580 2604 3781 2677 Moyse.

2217 2688 2529 2755 Evidenter,
2577 2691 2909 2760 charissimi,
2949 2694 3260 2765 constringit
3303 2710 3402 2749 nos
3447 2698 3560 2765 ipse
3605 2696 3741 2751 Deus
3767 2740 3781 2762 ,

2218 2795 2323 2836 non
2353 2781 2547 2849 passim
2591 2782 2982 2851 reprehendere
3002 2826 3016 2848 ,
3048 2784 3142 2839 sed
3182 2784 3477 2857 intelligere
3500 2787 3784 2842 dubitatio-

2216 2889 2339 2928 nem
2364 2874 2549 2945 Moysi.
2577 2874 2768 2945 Figura
2809 2885 2954 2946 petra
2974 2876 3179 2946 jacens,
3221 2878 3385 2947 ﬁgura
3414 2879 3556 2949 virga
3596 2894 3785 2949 percu-

2220 2964 2386 3030 tiens,
2416 2964 2578 3032 ﬁgura
2622 2981 2752 3035 aqua
2782 2965 2986 3033 ﬂuens,
3017 2967 3180 3037 ﬁgura
3202 2975 3257 3023 et
3281 2968 3489 3039 Moyses
3516 2969 3783 3023 dubitans.

2219 3054 2285 3108 Et
2325 3054 2393 3108 ibi
2416 3054 2705 3119 dubitavit,
2737 3056 2824 3110 ubi
2854 3057 3129 3125 percussit.
3152 3057 3285 3112 Hinc
3311 3056 3445 3112 facta
3471 3065 3552 3111 est
3579 3057 3786 3111 dubita-

2217 3147 2293 3201 tio
2327 3146 2527 3218 Moysi,
2574 3147 2786 3217 quando
2814 3147 3010 3215 lignum
3039 3147 3263 3202 accessit
3307 3146 3373 3199 ad
3413 3156 3631 3214 petram.
3665 3144 3782 3199 Jam

2222 3239 2435 3293 veloces
2475 3240 2788 3307 praevolant,
2832 3239 2939 3291 imo
2976 3237 3154 3290 tardos
3180 3235 3439 3304 patienter
3457 3244 3783 3304 exspectent.

2218 3329 2485 3382 Dubitavit
2514 3328 2724 3397 Moyses
2748 3326 2960 3395 quando
2985 3326 3181 3395 lignum
3205 3325 3427 3380 accessit
3452 3325 3515 3379 ad
3544 3333 3744 3395 petram
3764 3342 3784 3379 :

2216 3419 2591 3474 dubitaverunt
2639 3417 2883 3487 discipuli
2932 3416 3143 3487 quando
3201 3416 3444 3472 viderunt
3495 3416 3781 3472 Dominum

2216 3508 2545 3563 cruciﬁxum.
2593 3508 2790 3563 Horum
2834 3508 3051 3578 ﬁguram
3097 3508 3312 3578 gerebat
3337 3506 3563 3579 Moyses.
3593 3504 3785 3576 Figura

2217 3610 2334 3656 erat
2362 3601 2505 3656 Petri
2548 3601 2690 3655 illius
2716 3608 2799 3655 ter
2826 3600 3083 3670 negantis.
3128 3599 3302 3669 Quare
3343 3599 3534 3654 Petrus
3569 3597 3783 3652 dubita-

2218 3693 2334 3748 vit?
2353 3692 2484 3762 Quia
2504 3693 2699 3763 lignum
2720 3704 2879 3763 petrae
2905 3690 3294 3762 propinquavit.
3317 3690 3450 3744 Cum
3468 3690 3650 3745 mortis
3674 3702 3785 3743 sum

2216 3799 2382 3855 genus
2400 3826 2415 3850 ,
2444 3784 2495 3838 id
2515 3793 2593 3839 est
2615 3826 2629 3851 ,
2661 3798 2870 3838 crucem
2898 3782 3066 3851 ipsam
3094 3780 3471 3852 praenuntiaret
3496 3778 3783 3845 Dominus,

2218 3877 2333 3947 ipse
2361 3875 2547 3930 Petrus
2572 3874 2781 3943 expavit
2812 3891 2826 3925 :
2855 3872 2995 3925 Absit
3013 3888 3045 3923 a
3065 3880 3111 3924 te
3128 3911 3143 3936 ,
3170 3869 3412 3935 Domine,
3439 3886 3539 3923 non
3562 3868 3655 3922 erit
3686 3868 3783 3922 hoc

2219 3966 2426 4038 (Matth.
2456 3982 2543 4020 xvr
2565 4008 2579 4029 ,
2602 3964 2717 4035 22).
2751 3962 2967 4017 Dubitas
2986 4002 3001 4028 ,
3029 3962 3149 4031 quia
3181 3970 3343 4029 petra:
3367 3959 3646 4014 imminere
3672 3959 3781 4012 vir-

2216 4072 2333 4127 gam
2362 4055 2528 4110 vides.
2572 4053 2695 4108 Ideo
2722 4067 2869 4122 spem
2900 4065 3046 4105 suam
3064 4092 3079 4117 ,
3120 4064 3280 4119 quam
3304 4046 3555 4118 gerebant
3578 4046 3647 4101 de
3672 4047 3781 4101 Do-

2217 4146 2360 4201 mino
2384 4144 2655 4215 discipuli,
2682 4150 2809 4196 tune
2836 4139 3178 4211 perdiderunt
3208 4156 3222 4190 :
3251 4135 3479 4208 quodam
3508 4135 3665 4189 modo
3693 4135 3782 4189 in-

2218 4244 2447 4306 tercepta
2461 4243 2560 4301 est,
2579 4233 2788 4305 quando
2805 4231 3111 4287 cruciﬁxum
3143 4228 3405 4294 viderunt,
3420 4225 3628 4296 quando
3641 4225 3787 4295 plan-

2216 4335 2408 4382 xerunt
2419 4325 2668 4381 occisum.
2682 4322 2881 4378 Invenit
2891 4336 2984 4377 eos
2997 4328 3114 4390 post
3123 4318 3560 4374 resurrectionem
3574 4315 3788 4386 loquen-

2220 4427 2297 4473 tes
2318 4418 2457 4472 inter
2472 4431 2528 4470 se
2548 4414 2614 4469 de
2634 4414 2733 4468 hac
2756 4428 2836 4481 re,
2861 4411 2995 4466 tristi
3011 4409 3301 4479 colloquio;
3329 4415 3382 4461 et
3402 4414 3587 4460 tenens
3601 4404 3787 4460 oculos

2218 4525 2400 4565 eorum
2424 4524 2489 4565 ne
2508 4508 2573 4562 ab
2592 4508 2670 4562 eis
2688 4512 3079 4575 agnosceretur,
3103 4516 3206 4556 non
3224 4514 3285 4555 se
3302 4498 3544 4553 auferens
3563 4495 3787 4551 creden-

2218 4602 2381 4667 tibus,
2394 4600 2489 4655 sed
2505 4597 2756 4652 diﬂ'erens
2783 4594 3103 4654 dubitantes,
3121 4598 3439 4653 se-tanquam
3458 4585 3669 4641 tertium
3684 4583 3786 4638 col-

2219 4691 2508 4744 locutorem
2535 4683 2767 4739 sermoni
2792 4679 3142 4741 commiscuit,
3164 4687 3219 4734 et
3242 4677 3484 4747 qnzesivit
3507 4675 3574 4728 ab
3598 4673 3673 4727 eis
3695 4686 3784 4727 uu-

2219 4779 2286 4835 de
2312 4779 2670 4848 loquerentur.
2701 4773 2954 4827 Mirantur
2981 4770 3088 4835 illi,
3110 4769 3229 4838 quia
3255 4768 3397 4822 solus
3422 4768 3627 4836 ignorat
3643 4763 3785 4834 quod

2220 4870 2273 4924 in
2298 4882 2363 4922 eo
2389 4866 2577 4920 factum
2609 4863 2778 4917 fuerat
2803 4860 2892 4931 qui
2916 4858 3204 4930 quaerebat.
3231 4855 3311 4911 Tu
3334 4856 3492 4921 solus,
3522 4852 3808 4923 inquiunt,.

2222 4954 2552 5027 peregrinaris
2570 4954 2622 5007 in
2634 4951 2916 5007 Jerusalem
2931 4949 2965 5003 θ’
2981 4950 3053 5002 Et
3065 4950 3480 5003 commemorant
3502 4957 3618 5012 quae
3641 4951 3787 5012 gesta

2220 5048 2327 5103 sint
2341 5046 2407 5101 de
2425 5045 2567 5101 Jesu.
2591 5044 2657 5097 Et
2675 5042 2923 5097 continuo
2928 5040 3037 5109 jam
3054 5035 3440 5106 desperationis
3458 5048 3567 5087 sua:
3582 5032 3790 5087 medul-

2222 5139 2300 5192 las
2318 5136 2583 5205 aperiunt,
2622 5142 2676 5188 et
2701 5132 2891 5187 vulnus
2912 5130 3118 5184 medico
3143 5127 3266 5181 licet
3295 5124 3589 5181 nescientes
3609 5130 3792 5177 osten-

2221 5227 2353 5282 dunt
2374 5244 2389 5280 :
2410 5225 2521 5281 Nos
2537 5235 2722 5289 autem,
2743 5223 3001 5293 inquiunt,
3023 5217 3345 5290 sperabamus
3369 5213 3503 5285 quod
3527 5214 3581 5267 iu
3595 5213 3685 5267 illo
3710 5229 3792 5267 re-

2222 5320 2441 5390 demptio
2479 5326 2601 5374 esset
2626 5314 2793 5371 Israel
2811 5313 2957 5384 (Luc.
2983 5325 3136 5373 xstv,
3160 5306 3370 5378 lli-21).
3396 5307 3535 5361 Ecce
3554 5305 3686 5359 facta
3711 5313 3790 5361 est

2224 5411 2501 5475 dubitatio,
2545 5409 2666 5479 quia
2705 5408 2902 5478 lignum
2949 5401 3173 5458 accessit
3210 5399 3275 5453 ad
3307 5407 3508 5469 petram
3537 5413 3551 5451 :
3578 5396 3789 5466 impleta

2224 5510 2306 5555 est
2342 5501 2506 5569 ﬁgura
2535 5497 2720 5567 Moysi.

2295 5592 2347 5647 5.
2373 5589 2576 5659 Moyses
2614 5591 2665 5642 iu
2711 5596 2875 5640 monte
2903 5584 3148 5649 moriens,
3185 5580 3307 5653 quid
3336 5579 3668 5636 adumbravit.
3697 5577 3783 5630 Vi-

2226 5682 2444 5736 deamus
2472 5688 2525 5733 et
2557 5680 2690 5733 hanc
2723 5696 2733 5730 :
2766 5676 2988 5731 Ascende
3014 5677 3065 5729 in
3097 5685 3313 5729 montem
3335 5716 3349 5741 ,
3380 5684 3423 5729 et
3457 5686 3663 5728 morere.
3693 5669 3792 5724 Per
