4026 6186
248 365 388 423 i555

245 491 475 538 mortem
505 476 841 550 corporalem
893 474 1060 547 Moysi
1096 472 1315 543 ﬁgurata
1358 477 1438 522 est
1477 479 1624 521 mors
1668 462 1832 533 ipsius

245 572 624 635 dubitationis;
656 569 751 625 sed
791 568 846 623 iu
893 574 1094 621 monte.
1140 564 1185 618 Ο
1228 562 1362 623 ntira
1404 558 1689 630 mysteria!
1720 555 1833 610 iloc

245 674 396 721 certe
422 664 719 734 expositum
749 670 801 717 et
822 659 1185 727 intellectum,
1217 663 1416 726 quanto
1440 651 1645 707 dulcius
1672 664 1832 720 quam

190 788 193 792 έ
242 757 481 814 manna?
526 756 606 812 Ad
654 765 856 826 petram
914 764 1036 807 nata
1087 758 1171 805 est
1214 745 1507 808 dubitatio,
1557 744 1612 798 in
1650 748 1832 797 monte

243 858 455 904 mortua
484 859 585 903 est.
628 845 850 914 Quando
876 842 974 896 fuit
1003 839 1219 895 humilis
1244 837 1488 892 Christus
1531 834 1582 888 in
1628 830 1833 904 passio-

244 950 349 1003 ]te,
377 938 525 1008 quasi
566 946 712 1007 petra
752 933 964 1003 jaccbat
1002 940 1124 985 ante
1149 928 1372 983 oculos:
1407 926 1594 981 merito
1637 922 1691 978 in
1740 922 1832 978 illo

254 1026 617 1088 dubitabatur,
648 1024 917 1079 humilitas
968 1021 1055 1075 illa
1086 1019 1215 1075 nihil
1252 1031 1500 1088 magnum
1532 1013 1831 1085 praetende-

250 1119 358 1173 bat.
386 1118 570 1173 Merito
607 1119 718 1189 ipsa
758 1116 1055 1171 humilitate
1086 1113 1256 1168 factus
1303 1118 1385 1167 est
1421 1110 1553 1178 lapis
1579 1107 1832 1163 oﬂ’ensio—

248 1210 330 1265 nis
363 1227 377 1263 :
405 1212 796 1267 resurrectione
823 1216 1001 1262 autem
1044 1205 1363 1261 clariﬁcatus
1406 1215 1631 1272 magnus
1668 1214 1831 1269 appa-

182 1306 185 1307 ⁷
246 1305 383 1370 ruit,
432 1305 545 1373 jam
594 1318 750 1359 mons
803 1310 906 1357 cst.
952 1300 1069 1355 Jam
1123 1312 1250 1367 ergo
1276 1296 1363 1350 illa
1399 1292 1681 1357 dubitatio,
1713 1306 1831 1361 qua:

247 1410 372 1456 nata
399 1408 516 1454 erat
540 1398 607 1453 ad
635 1406 836 1467 petram
858 1436 873 1460 ,
906 1395 959 1449 in
1006 1400 1186 1447 monte
1222 1390 1497 1445 moriatur.
1528 1387 1833 1456 Agnoscunt

249 1488 501 1557 discipuli,
517 1488 741 1542 salutem
766 1501 915 1543 suam
938 1528 952 1550 ,
980 1489 1233 1538 revocent
1261 1494 1411 1551 spem
1438 1493 1609 1533 suam.
1640 1476 1830 1530 Atten-

247 1580 317 1636 de
347 1578 795 1650 quemadmodum
838 1575 1099 1631 moriatur
1140 1572 1227 1627 illa
1274 1569 1563 1633 dubitatio,
1616 1565 1831 1622 attende

248 1672 698 1743 quemadmodum
739 1670 998 1724 moriatur
1021 1667 1230 1735 Moyses
1275 1664 1329 1718 in
1367 1670 1567 1717 monte.
1600 1658 1717 1713 Non
1753 1658 1834 1711 itt-

245 1774 355 1821 tret
384 1768 436 1819 in
482 1775 677 1820 terram
706 1759 1074 1833 promissionis
1118 1775 1132 1810 :
1164 1756 1412 1811 nolumus
1438 1753 1513 1807 ibi
1540 1750 1831 1807 dubitatio-

246 1872 406 1922 nem;
455 1856 730 1910 moriatur.
772 1850 1029 1908 Ostendat
1073 1847 1228 1903 nobis
1251 1861 1374 1909 eam
1392 1843 1636 1898 Christus
1670 1840 1828 1895 mori.

246 1947 554 2017 Trepidavit
596 1947 786 2001 Petrus
819 1963 831 1997 :
865 1953 919 1998 et
959 1941 1173 2013 negavit
1214 1948 1315 1994 ter.
1366 1935 1522 1991 Petra
1554 1935 1686 1990 enim
1726 1939 1833 1988 erat

259 2038 507 2094 Christus.
539 2038 877 2103 Resurrexit,
923 2051 1078 2090 mons
1123 2034 1293 2088 factus
1322 2041 1404 2087 est
1451 2047 1466 2084 :
1515 2027 1744 2083 firmavit
1778 2033 1834 2081 et

246 2130 485 2186 Petrum.
530 2129 641 2184 Sed
671 2127 898 2182 moritur
934 2125 1216 2181 dubitatio.
1258 2120 1537 2189 Quomodo
1563 2115 1831 2172 moritur?

249 2218 436 2287 Pelre,
467 2236 617 2274 amas
656 2219 772 2273 me?
811 2216 999 2272 Cordis
1038 2216 1339 2284 inspector,
1371 2210 1552 2268 cordis
1590 2208 1833 2278 cognitor

247 2306 578 2378 interrogat;
608 2318 662 2361 et
690 2306 804 2361 vult
832 2306 1014 2359 audire
1039 2304 1179 2373 quod
1206 2309 1443 2365 ametur,
1471 2308 1527 2354 et
1546 2312 1730 2366 parum
1752 2302 1834 2349 cst

248 2398 441 2454 semel.
473 2397 770 2467 interrogat
798 2395 900 2450 hoc
920 2436 935 2457 ,
966 2394 1114 2449 audit
1136 2407 1302 2463 prope
1328 2406 1448 2446 cum
1484 2388 1641 2443 taedio
1670 2384 1835 2457 ipsius

248 2490 393 2547 Petri
443 2506 459 2544 :
508 2489 731 2544 miratur
758 2488 899 2543 enim
943 2484 1259 2554 interrogari
1296 2498 1356 2537 sc
1402 2496 1430 2534 a
1467 2478 1709 2550 praescio,
1740 2477 1833 2531 sed

249 2580 415 2636 etiam
460 2579 619 2634 toties
669 2576 981 2645 interrogari
1024 2589 1145 2628 cum
1184 2571 1352 2627 semel
1413 2567 1684 2643 sufﬁceret
1742 2578 1833 2619 re-

248 2669 515 2739 spondere
555 2669 716 2726 etiam
755 2665 1033 2723 nescienti.
1063 2662 1168 2719 Sed
1209 2669 1458 2729 tanquam
1512 2656 1608 2711 tibi
1634 2654 1837 2709 diceret

249 2758 507 2814 Dominus
534 2799 550 2824 ,
614 2757 879 2826 Exspecto
906 2795 921 2819 ,
985 2767 1237 2807 numerus
1296 2748 1559 2817 legitimus
1616 2744 1838 2813 implea-

250 2857 341 2903 tur
369 2867 383 2902 :
413 2848 568 2903 tertio
628 2845 943 2901 confiteatur
988 2857 1086 2912 per
1112 2854 1347 2894 amorem
1375 2834 1552 2908 (Joan.
1586 2850 1707 2899 xxt,
1738 2834 1836 2890 15-

253 2940 380 3011 17),
409 2939 531 3010 quia
582 2946 663 2993 ter
712 2942 994 3006 negaverat
1025 2947 1120 3003 per
1158 2932 1402 2987 timorem
1423 2926 1639 2999 (Matth.
1666 2941 1790 2981 xxvr
1816 2965 1833 2992 ,

255 3031 460 3103 69-74).
483 3030 638 3099 Quod
667 3043 795 3100 ergo
835 3027 1097 3082 Dominus
1127 3025 1285 3079 toties
1310 3018 1703 3091 interrogabat,
1731 3016 1833 3072 du-

262 3122 577 3178 bitationem
605 3120 749 3174 illam
779 3120 833 3174 in
860 3125 1041 3172 monte
1069 3113 1364 3170 occidebat.

325 3213 380 3269 6.
414 3213 494 3267 Ad
511 3211 830 3282 Baptismum
854 3209 1051 3263 invitat.
1077 3205 1267 3260 Manus
1295 3202 1464 3273 Moysi
1479 3209 1657 3256 contra
1684 3199 1839 3252 Amav-

256 3304 367 3359 lech
390 3320 521 3358 nunc
546 3310 788 3365 extentis,
826 3315 959 3353 nunc
984 3298 1235 3353 demissae.
1267 3292 1406 3361 Quid
1443 3306 1601 3362 ergo,
1628 3288 1837 3344 charis-

255 3396 420 3460 simi,
445 3396 491 3450 si
514 3404 696 3464 patent.
724 3393 838 3447 haec
855 3392 881 3444 ?—
897 3390 1017 3445 Non
1037 3390 1103 3443 ad
1133 3386 1375 3442 fraudem
1392 3426 1406 3448 ,
1442 3383 1537 3439 sed
1563 3381 1627 3436 ad
1646 3381 1838 3450 jucun-

256 3487 476 3543 ditatem
502 3486 685 3540 clausa
710 3490 883 3539 erant.
914 3481 1098 3548 Neque
1125 3480 1265 3533 enim
1299 3487 1406 3532 tam
1436 3474 1659 3529 dulciter
1677 3487 1837 3541 cape-

254 3586 471 3644 rentur,
499 3577 545 3632 si
590 3584 833 3645 prompta
864 3573 1199 3628 vilescerent.
1230 3568 1494 3636 Respiciet
1518 3581 1647 3633 ergo
1674 3578 1840 3633 nego-

254 3668 387 3724 tium
433 3680 588 3721 suum
622 3663 1007 3731 competitorus
1046 3659 1404 3730 Baptismum,
1430 3668 1589 3725 quem
1636 3652 1837 3721 alloqui

255 3772 546 3829 cmperam.
588 3755 734 3810 Mare
776 3752 1015 3809 Rubrum
1063 3749 1367 3819 Baptismus
1406 3753 1558 3809 erat,
1606 3742 1838 3812 populus

255 3849 524 3917 transiens
572 3843 942 3915 baptizabatur
993 3858 1005 3893 :
1065 3839 1318 3895 transitus
1371 3835 1489 3905 ipse
1536 3832 1839 3903 Baptismus

256 3949 411 4005 erat,
454 3937 550 3994 scd
595 3937 647 3991 in
695 3935 857 3991 nube.
898 3933 1087 3997 Adhuc
1128 3930 1271 3985 enim
1310 3926 1649 3983 nubilabatur
1693 3920 1837 3993 quod

254 4029 747 4101 prtenuntiabatur:
775 4024 949 4081 adhuc
989 4021 1356 4079 occultabatur
1392 4017 1534 4089 quod
1564 4015 1839 4087 promitte-

256 4124 432 4179 batur.
461 4123 577 4178 J‘am
618 4120 779 4177 modo
805 4118 1026 4174 recessit
1053 4116 1254 4181 nubes,
1286 4111 1580 4167 manifestae
1598 4106 1845 4164 veritatis

256 4213 520 4271 serenitas
546 4212 680 4267 facta
710 4219 793 4266 est
820 4225 834 4261 :
868 4208 989 4278 quia
1016 4203 1237 4261 recessit
1256 4210 1311 4258 et
1336 4202 1506 4255 velum
1525 4240 1540 4265 ,
1576 4212 1672 4268 per
1699 4192 1840 4265 quod

256 4302 573 4373 loquebatur
602 4300 829 4370 Moyses.
874 4297 988 4351 Hoc
1028 4293 1205 4349 velum
1231 4300 1287 4348 et
1334 4291 1397 4345 in
1419 4289 1613 4357 templo
1642 4285 1841 4356 pende-

256 4393 385 4461 hat,
413 4409 481 4448 ne
504 4400 711 4447 secreta
732 4388 916 4458 templi
954 4385 1298 4442 viderentur:
1328 4380 1423 4436 sed
1454 4380 1506 4435 in
1549 4392 1708 4434 cruce
1738 4377 1842 4430 Do-

257 4486 387 4542 mini
413 4484 590 4539 velum
617 4481 945 4537 conscissutn
988 4486 1100 4542 est,
1144 4483 1200 4528 ut
1238 4479 1497 4543 paterent.
1527 4468 1664 4525 Veni
1710 4482 1841 4537 ergo

258 4575 326 4630 ad
351 4575 675 4644 Baptismum
707 4588 719 4624 :
751 4567 1031 4640 ingredere
1061 4562 1358 4633 intrepidus
1385 4562 1523 4615 viam
1574 4574 1669 4629 per
1695 4571 1842 4611 mare

259 4667 536 4728 Rubrum;
567 4662 674 4717 noli
692 4674 821 4718 esse
854 4660 921 4716 de
952 4666 1169 4728 peccato
1198 4653 1470 4725 praeterito
1500 4660 1746 4720 tanquam
1772 4647 1843 4704 de

258 4756 513 4829 Egyptio
559 4760 819 4823 sequente
864 4750 1138 4805 sollicitus.
1187 4744 1507 4801 Premebant
1544 4753 1595 4798 te
1623 4748 1843 4812 peccata

259 4860 348 4905 tua
374 4848 508 4902 duro
549 4858 714 4899 onere
738 4841 1035 4904 servitutis,
1069 4838 1163 4893 sed
1192 4838 1243 4891 in
1278 4836 1537 4905 Iligypto,
1581 4834 1632 4888 in
1659 4845 1843 4887 amore

259 4943 419 5012 hujus
444 4937 654 5002 satculi,
686 4932 1190 5005 iu.peregrinatione
1229 4928 1544 4997 longinqua;
1584 4924 1845 4995 cogebant

262 5047 314 5089 te
338 5030 530 5088 sectari
554 5042 714 5098 opera
736 5034 966 5090 terrena,
999 5030 1249 5090 tanquam
1271 5018 1466 5072 lateres
1489 5017 1685 5081 facere,
1709 5028 1842 5083 ope-

259 5142 320 5181 ra
352 5127 491 5179 lutea
535 5119 863 5190 operabaris.
891 5117 1145 5171 Premunt
1184 5120 1235 5167 te
1283 5115 1496 5180 peccata
1515 5150 1529 5172 ,
1559 5107 1679 5160 veni
1707 5107 1725 5137 ²
1752 5119 1840 5160 se-

263 5231 423 5272 curus
467 5214 534 5270 ad
562 5212 887 5282 Baptismum
929 5225 942 5260 :
976 5220 1143 5277 usque
1179 5203 1244 5259 ad
1274 5216 1464 5272 aquam
1495 5199 1663 5254 hostis
1691 5196 1843 5267 sequi

263 5306 494 5377 poterit,
527 5304 597 5359 ibi
623 5300 902 5357 morietur.
930 5298 1082 5353 Time
1106 5294 1305 5365 aliquid
1328 5294 1396 5348 de
1418 5293 1525 5346 vita
1550 5290 1838 5361 praeterita,

263 5394 424 5469 crede
468 5391 667 5463 aliquid
709 5403 1080 5446 remansurum
1124 5395 1334 5441 tuorum
1384 5391 1723 5454 peccatorum
1750 5421 1766 5447 ,
1796 5378 1844 5435 si

262 5483 454 5552 aliquis
496 5482 752 5538 remansit
792 5478 1183 5551 Egyptiorum.
1233 5474 1406 5530 Audio
1448 5488 1631 5529 vocem
1670 5470 1845 5542 pigro-

263 5590 383 5634 rum
416 5590 431 5629 :
464 5573 608 5644 Ego,
637 5572 834 5643 inquit,
863 5571 930 5627 de
958 5569 1237 5642 prteteritis
1260 5567 1491 5637 peccatis
1519 5582 1626 5622 non
1658 5566 1841 5631 timeo,

263 5666 445 5741 omnia
474 5662 602 5719 mihi
628 5662 684 5717 in
712 5677 847 5732 aqua
873 5672 1054 5719 sancta
1084 5676 1178 5731 per
1199 5659 1452 5714 Ecclesia:
1482 5658 1641 5713 etiam
1665 5657 1841 5712 chari-

328 5782 349 5815 ι
371 5775 532 5829 codex
554 5788 631 5836 v.,
657 5772 938 5836 operaburis
958 5782 1198 5839 premente
1230 5779 1439 5839 peccato.
1468 5772 1595 5824 Veni.

1480 351 1537 408 S.
1578 345 1940 405 AUGL'S'l'lNl
1980 346 2282 405 EPISCUPI

3382 357 3517 412 iii-‘36

1940 475 2101 522 tatem
2123 466 2314 527 dimitti
2358 483 2465 523 non
2500 468 2717 535 dubito;
2756 471 2852 526 sed
2879 471 3039 527 timeo
3078 470 3248 527 futura
3273 484 3513 541 peccata.

1939 559 2119 615 Placet
2152 574 2280 631 ergo
2320 560 2374 616 in
2418 561 2652 634 (Egypto
2688 564 3002 621 remanere?
3041 564 3257 619 Interim
3304 565 3511 619 hostem

1939 662 2256 722 prmaentem
2283 654 2447 710 evade
2463 695 2479 722 ,
2504 656 2592 725 qui
2614 657 2723 725 jam
2747 664 2801 712 te
2820 655 3042 726 pressit,
3065 666 3118 712 et
3134 658 3242 727 jam
3264 645 3517 729 subjugaJ

1937 742 2032 797 vit.
2072 743 2150 799 De
2178 742 2368 800 futuris
2405 745 2531 815 quid
2566 745 2657 801 tibi
2689 745 2871 803 hostes
2895 746 3205 802 meditaris?
3231 747 3382 816 Quod
3405 748 3516 818 jam

1938 834 2140 905 fecisti,
2178 838 2280 893 etsi
2330 839 2565 896 nolueris
2589 840 2691 895 erit
2722 857 2736 893 :
2767 840 2908 911 quod
2936 839 3194 896 facturum
3233 849 3286 895 te
3313 851 3467 912 putas
3491 883 3507 905 .

1937 926 1984 982 si
2010 927 2243 982 volueris
2291 943 2399 983 non
2442 928 2563 984 erit.
2588 929 2693 984 Sed
2732 930 3028 999 periculosa
3067 938 3151 985 est
3184 931 3269 985 via
3299 947 3311 983 :
3341 946 3515 1002 neque

1937 1020 2078 1074 enim
2108 1035 2229 1076 cum
2254 1020 2491 1076 Rubrum
2532 1037 2678 1078 mare
2707 1023 2998 1089 transiero,
3029 1023 3140 1092 jam
3165 1038 3258 1078 ero
3285 1025 3336 1077 in
3374 1034 3513 1079 terra

1938 1110 2308 1179 promissionis
2342 1131 2355 1165 :
2387 1113 2578 1168 ductus
2622 1122 2705 1169 est
2751 1115 2840 1170 ille
2870 1115 3091 1184 populus
3120 1116 3393 1185 perlonga
3419 1114 3513 1171 de-

1936 1210 2098 1256 serta.
2126 1202 2340 1257 Interim
2368 1204 2436 1259 ab
2457 1203 2689 1276 Egypto
2714 1204 2956 1260 liberare.
2987 1205 3122 1271 Quid
3163 1220 3291 1276 ergo
3311 1247 3324 1267 ,
3361 1216 3514 1275 putas

1935 1292 2241 1349 defuturum
2272 1294 2363 1349 tibi
2393 1295 2761 1351 auxiliatorem
2792 1298 2843 1350 in
2883 1296 2965 1350 via
2988 1338 3005 1362 ,
3034 1311 3155 1350 eum
3187 1297 3275 1365 qui
3302 1305 3353 1350 te
3380 1296 3517 1350 eruit

1936 1384 2003 1440 de
2029 1394 2236 1441 vetusta
2260 1388 2597 1456 captivitate?
2620 1387 2803 1442 Novos
2829 1396 2947 1442 tuos
2968 1387 3209 1441 inimicos
3240 1382 3345 1441 non
3367 1401 3516 1441 com-

1940 1476 2140 1545 pescit,
2173 1478 2261 1548 qui
2302 1487 2353 1532 te
2391 1493 2422 1532 a
2451 1479 2672 1534 vetustis
2699 1477 2939 1534 hostibus
2981 1476 3259 1531 liberavit?
3286 1475 3516 1531 Tantum

1939 1570 2232 1641 intrepidus
2260 1570 2458 1636 transi,
2486 1570 2777 1641 intrepidus
2803 1569 3015 1625 ambula
3033 1610 3047 1635 ,
3076 1567 3333 1625 obediens
3358 1578 3476 1622 esto
3499 1585 3513 1619 :

1938 1662 2046 1717 noli
2091 1662 2382 1716 amaricare
2426 1662 2591 1733 Moysi
2623 1662 2728 1729 illi,
2767 1663 2917 1731 cujus
2949 1674 3127 1733 typum
3155 1659 3245 1715 ille
3272 1659 3516 1730 portabat

1938 1753 1991 1806 in
2031 1752 2132 1807 hac
2156 1752 2479 1807 obedientia.
2509 1753 2728 1820 Fateor,
2759 1768 2863 1807 non
2894 1752 3085 1807 desunt
3130 1751 3329 1807 hostes.
3362 1747 3511 1806 Sicut

1938 1843 2079 1896 enim
2112 1859 2216 1898 non
2245 1843 2465 1899 deerant
2502 1847 2589 1914 qui
2616 1853 2966 1914 sequerentur
2986 1841 3276 1913 fugientes,
3309 1843 3381 1896 ita
3409 1855 3516 1896 non

1937 1934 2158 1989 deerant
2181 1936 2270 2004 qui
2301 1936 2617 2006 impedirent
2642 1937 2993 1991 ambulantes.
3026 1937 3279 2002 Prorsus,
3308 1933 3516 1989 charis-

1937 2026 2089 2091 simi,
2140 2026 2323 2095 ﬁgura:
2362 2036 2559 2083 nostrae
2598 2028 2824 2082 fuerunt.
2876 2027 3092 2081 interim
3136 2026 3189 2079 in
3238 2033 3289 2079 te
3318 2039 3422 2079 non
3448 2022 3519 2078 sit

1938 2118 2080 2187 quod
2100 2118 2378 2172 contristet
2406 2118 2619 2189 Moysen
2645 2137 2657 2172 :
2688 2120 2797 2174 noli
2822 2133 2943 2174 esse
2965 2133 3100 2187 aqua
3129 2132 3330 2180 amara,
3357 2129 3515 2185 quam

1939 2217 2057 2276 post
2105 2223 2253 2263 mare
2305 2208 2539 2263 Rubrum
2591 2224 2697 2264 non
2726 2210 2897 2280 potuit
2925 2210 3011 2264 ille
3052 2209 3277 2279 populus
3313 2208 3513 2264 bibere.

1942 2298 2069 2351 Erat
2093 2298 2234 2353 enim
2263 2308 2319 2354 et
2363 2301 2431 2355 ibi
2460 2301 2697 2355 testatio.
2732 2302 2798 2355 Et
2829 2310 3004 2355 tamen
3035 2301 3130 2355 ista
3161 2301 3371 2369 quando
3396 2316 3515 2357 eve-

1942 2386 2120 2449 niunt,
2166 2387 2377 2456 quando
2439 2389 2694 2444 amaricat
2740 2391 3000 2458 pepulus,
3067 2391 3398 2445 ostendimus
3442 2392 3520 2445 eis

1940 2475 2240 2545 Christum,
2289 2495 2408 2549 qua:
2458 2494 2555 2550 pro
2582 2480 2687 2536 illis
2741 2480 2955 2546 tulerit,
2987 2482 3255 2551 quomodo
3308 2498 3404 2552 pro
3444 2484 3520 2538 eis

1940 2572 2252 2640 sanguinem
2278 2571 2473 2627 fuderit
2510 2590 2526 2627 :
2564 2583 2619 2627 et
2656 2575 2975 2640 mitescunt,
3007 2582 3252 2643 tanquam
3280 2574 3433 2629 nobis
3460 2576 3521 2629 li-

1941 2674 2101 2729 gnum
2137 2660 2188 2715 in
2216 2676 2407 2731 aquam
2438 2662 2790 2719 mittentibus.
2815 2663 2977 2719 Plane
3004 2663 3208 2720 hostem
3237 2663 3521 2720 adversan-

1941 2759 2050 2805 tem
2078 2751 2257 2806 itineri
2304 2760 2394 2805 tuo
2420 2753 2676 2808 Amalech
2720 2752 2958 2808 habebis.
2992 2754 3138 2807 Tunc
3162 2754 3347 2807 orabat
3385 2754 3521 2826 Moy-

1941 2859 2051 2911 ses,
2080 2853 2205 2899 tunc
2248 2845 2566 2925 extendebat
2605 2856 2795 2901 manus
2832 2863 2845 2898 :
2878 2856 2931 2899 et
2958 2846 3045 2900 tibi
3077 2845 3374 2915 deponebat
3404 2861 3517 2901 ma-

1942 2952 2043 2991 nus
2062 2977 2079 3003 ,
2110 2937 2486 2993 convalesebat
2510 2937 2798 3003 Amalech;
2833 2937 2921 2993 ubi
2944 2937 3263 2993 extendebat
3298 2953 3482 2993 manus
3501 2980 3517 3005 ,

1942 3027 2226 3083 deﬁciebat
2250 3028 2526 3084 Amalech.
2559 3029 2629 3084 Et
2668 3037 2774 3083 tua
2798 3044 2985 3084 manus
3011 3037 3238 3085 extentae
3265 3031 3397 3094 sint,
3431 3029 3522 3085 de-

1942 3119 2085 3176 ﬁciat
2119 3121 2373 3177 Amalech
2413 3130 2648 3176 tentatur
2680 3129 2736 3176 et
2764 3121 2918 3191 hujus
2957 3120 3162 3176 itineris
3193 3121 3476 3190 impeditor
3504 3140 3519 3177 :

1940 3220 2058 3267 esto
2084 3212 2207 3281 vigil
2235 3221 2290 3267 et
2334 3211 2543 3267 sobrius
2580 3212 2635 3264 in
2665 3210 2994 3265 orationibus
3014 3250 3029 3276 ,
3064 3211 3116 3264 in
3144 3210 3396 3279 operibus
3422 3210 3520 3265 bo-

1942 3302 2057 3367 nis,
2085 3317 2192 3357 non
2217 3309 2395 3356 tamen
2431 3308 2625 3370 praeter
2665 3298 2934 3355 Christum
2954 3340 2969 3365 ,
2998 3299 3121 3368 quia
3168 3299 3408 3353 extensio
3434 3299 3520 3353 illa

1943 3407 2228 3458 manuum,
2265 3390 2463 3447 Christi
2489 3404 2619 3446 crux
2662 3389 2781 3444 fuit.
2811 3389 2867 3443 ln
2898 3388 2986 3442 illa
3026 3387 3333 3443 extenditur
3374 3388 3521 3457 Apo-

1943 3482 2149 3548 stolus,
2177 3497 2297 3537 cum
2324 3481 2451 3536 dicit
2484 3497 2497 3533 :
2528 3478 2753 3533 Mundus
2782 3477 2907 3532 mihi
2931 3477 3202 3545 cruciﬁxus
3236 3485 3326 3541 ost,
3348 3486 3394 3530 et
3431 3493 3522 3547 ego

1945 3575 2133 3628 mundo
2165 3573 2358 3645 (Calai.
2384 3590 2466 3640 vt,
2499 3573 2612 3642 li).
2645 3573 2784 3642 Ergo
2826 3569 3041 3627 deficiat
3082 3569 3339 3624 Amalech
3360 3610 3374 3633 ,
3402 3569 3522 3623 vin-

1943 3674 2123 3730 catur,
2151 3673 2207 3718 et
2245 3680 2349 3718 non
2396 3665 2648 3734 impediat
2679 3664 2959 3719 transitum
2985 3662 3164 3734 populi
3195 3662 3307 3716 Dei.
3339 3660 3397 3716 Si
3437 3659 3523 3715 di-

1945 3753 2114 3807 mittis
2142 3767 2331 3807 manus
2350 3767 2380 3805 a
2408 3753 2550 3805 bono
2575 3768 2738 3820 Opere
2760 3794 2773 3814 ,
2804 3769 2835 3807 a
2857 3768 3017 3808 cruce
3046 3753 3274 3818 Christi;
3322 3767 3525 3823 praeva—

1946 3844 2076 3898 lebit
2098 3842 2370 3899 Amalech.
2399 3842 2599 3898 Tamen
2634 3842 2744 3895 noli
2770 3844 2913 3896 omni
2957 3844 3117 3896 modo
3146 3853 3237 3898 aut
3274 3845 3528 3899 continuo

1947 3942 2001 3988 te
2049 3933 2237 3988 fortem
2267 3934 2499 3987 futurum
2533 3939 2760 4003 putare,
2805 3941 2897 3986 aut
2943 3933 3156 4000 penitus
3189 3933 3525 4003 desperando

1947 4023 2198 4080 deiicere.
2226 4024 2526 4079 Alteruatio
2554 4023 2697 4078 enim
2742 4024 2828 4078 illa
2857 4021 3095 4077 defectus
3120 4031 3174 4076 et
3202 4008 3525 4079 fortitudit'tis

1949 4115 2002 4170 in
2023 4114 2273 4170 manibus
2299 4116 2440 4170 servi
2475 4114 2569 4168 Dei
2590 4113 2757 4185 Moysi
2778 4156 2792 4178 ,
2822 4112 2959 4169 forte
2989 4113 3271 4167 alternatio
3298 4122 3383 4167 tua
3404 4113 3522 4168 fuit.

1949 4205 2249 4275 Aliquando
2272 4204 2417 4261 enim
2440 4205 2493 4260 in
2524 4203 2905 4260 tentationibus
2920 4202 3126 4267 deficis,
3151 4202 3247 4258 sed
3278 4218 3384 4257 non
3409 4217 3523 4258 suc-

1947 4298 2176 4355 cumbis.
2220 4297 2532 4366 Deponebat
2558 4296 2650 4351 ille
2679 4296 2893 4365 paulum
2925 4309 3146 4359 manus,
3175 4308 3282 4348 non
3311 4293 3529 4349 omnino

1948 4389 2157 4445 ruebat.
2187 4387 2251 4445 Si
2276 4386 2501 4442 dicebam
2527 4426 2542 4451 ,
2578 4386 2748 4441 Motus
2777 4395 2849 4440 est
2886 4402 2972 4454 pes
3013 4401 3152 4439 utens
3168 4398 3189 4449 ;
3212 4401 3324 4439 ecce
3343 4385 3531 4439 miseri

1948 4480 2126 4534 cordia
2146 4488 2254 4544 tua,
2273 4477 2507 4544 Domine,
2530 4477 2800 4548 adjuaabat
2816 4494 2893 4531 me
2909 4476 3078 4545 (Paul.
3102 4492 3249 4544 xcm,
3282 4475 3391 4546 l8).
3412 4475 3528 4531 Noli

1951 4586 2085 4643 ergo
2096 4571 2287 4627 timere
2306 4588 2319 4625 ε
2339 4571 2492 4626 adest
2505 4571 2559 4625 in
2584 4570 2774 4625 itinere
2795 4568 3092 4633 auxiliator,
3117 4568 3208 4638 qui
3230 4569 3279 4622 in
3301 4567 3529 4638 Egypto

1952 4679 2058 4719 non
2079 4662 2249 4719 defuit
2264 4662 2536 4719 liberator.
2552 4661 2672 4716 Noli
2692 4662 2898 4724 timere,
2916 4659 3207 4730 aggredere
3220 4661 3377 4724 viam,
3396 4676 3532 4729 prce:

1951 4769 2104 4809 sume
2138 4768 2380 4808 securus.
2424 4751 2721 4822 Aliquando
2748 4751 2835 4805 ille
2855 4749 3151 4818 deponcbat
3175 4762 3385 4813 manus,
3427 4746 3528 4802 ali-

1951 4846 2164 4918 quando
2204 4845 2475 4915 erigebat;
2532 4852 2705 4897 tamen
2734 4842 2905 4896 victus
2938 4851 3020 4896 est
3047 4839 3301 4894 Ama'ech
3332 4837 3526 4911 (Exod.

1951 4954 2093 5002 xvu,
2128 4938 2340 5006 11-13).
2369 4934 2652 4989 Rebellare
2677 4933 2870 5003 potuit,
2902 4945 3157 5001 superare
3186 4945 3291 4984 non
3337 4928 3527 4997 potuit.

2023 5027 2247 5083 CAPUT
2288 5026 2420 5079 ll.—-
2444 5026 2496 5079 7.
2536 5024 2710 5077 Altera
2727 5024 3036 5095 ptenitcntia,
3059 5036 3173 5095 qum
3189 5022 3412 5075 omnium
3434 5027 3525 5082 est,

1953 5136 2014 5173 ac
2041 5119 2354 5190 quotidiana.
2380 5116 2634 5171 Medicina
2659 5124 2702 5168 et
2726 5125 2929 5185 pactum
2953 5115 3007 5167 in
3028 5114 3281 5167 dominica
3305 5111 3533 5166 oratione

1954 5211 2017 5265 de
2046 5208 2352 5264 remittendis
2382 5207 2578 5260 debitis.
2620 5204 2995 5276 Ignoscendum
3036 5205 3205 5274 fratri.
3231 5203 3413 5273 Itaque
3437 5200 3531 5257 ad-

1955 5298 2366 5367 monemur-jam
2409 5296 2477 5352 de
2505 5296 2669 5350 altera
2704 5295 2845 5363 loqui
2886 5294 3216 5362 poenitentia.
3247 5292 3530 5362 Triplicem

1954 5392 2149 5462 quippe
2172 5389 2288 5459 ejus
2312 5385 2792 5443 considerationem
2824 5384 2877 5438 iu
2907 5392 3085 5439 sancta
3112 5384 3383 5453 Scriptura
3413 5396 3532 5437 esse

1956 5482 2227 5556 preposui.
2272 5480 2360 5534 llla
2397 5479 2565 5549 prima
2595 5476 3008 5546 competentium
3037 5484 3118 5530 est
3157 5484 3209 5530 et
3246 5474 3311 5528 ad
3348 5471 3532 5541 Bapti-

1956 5592 2127 5632 smum
2158 5574 2338 5630 venire
2367 5571 2658 5626 sitientium
2687 5587 2701 5622 :
2732 5569 2869 5623 hanc
2898 5568 2965 5623 de
3003 5566 3291 5635 Seripturis
3335 5562 3532 5619 sanctis
3626 5604 3631 5607 ι

1956 5666 2327 5723 ostendi.'Est
2374 5665 2473 5718 alia
2522 5665 2717 5734 quippe
2765 5660 3090 5732 quotidiana.
3136 5660 3200 5713 Et
3246 5658 3331 5712 ubi
3385 5658 3526 5711 illam

1959 5758 2286 5815 ostendimus
2334 5751 2700 5826 ptenitcntiam
2744 5747 3144 5824 quotidianam?
3187 5745 3304 5802 Non
3357 5745 3527 5801 habeo
