4026 6186
342 316 482 378 1557

342 432 432 488 ubi
467 428 662 486 melius
683 423 986 490 ostendam,
1022 435 1181 495 quam
1207 404 1256 475 in
1301 420 1544 476 o'atione
1589 416 1917 490 quotidiana,

344 523 431 578 ubi
456 519 723 576 Dominus
743 530 900 572 orare
927 529 1025 569 nos
1053 511 1256 578 docuit,
1276 507 1406 580 quid
1434 509 1504 565 ad
1529 509 1741 564 Patrem
1773 507 1923 562 dica-

347 630 464 671 mus
493 609 750 677 ostendit,
795 617 850 664 et
876 608 930 662 in
961 606 1047 662 his
1072 605 1248 661 verbis
1291 603 1465 673 posuit
1493 620 1508 656 :
1538 601 1750 656 Dimitte
1783 599 1925 654 nobis

347 704 510 759 debita
534 701 875 766 nostra,siettt
898 707 944 753 et
971 713 1062 753 nos
1091 694 1388 751 dimittimus
1402 691 1709 748 debitoribus
1735 692 1926 746 nostris

348 795 560 868 (Natta.
586 807 664 856 vt,
696 790 810 860 i2).
837 789 968 858 Qua:
997 786 1200 851 debita,
1231 785 1460 842 fratres?
1482 781 1925 853 Quandoquidem

345 888 520 944 debita
543 885 635 941 hic
658 882 880 951 intelligi
907 895 1013 936 non
1041 885 1260 949 possunt
1287 877 1388 934 nisi
1416 883 1664 945 peccata;
1687 887 1808 943 quae
1833 871 1931 926 de-

346 981 452 1036 bita
479 976 684 1033 dimisit
707 975 762 1030 in
788 973 1081 1043 Baptismo,
1107 969 1300 1027 iterum
1329 977 1388 1024 ut
1407 965 1641 1023 dimittat
1674 962 1927 1020 oramus?

349 1072 507 1126 Certe
543 1076 786 1122 mortuus
819 1075 903 1120 est
937 1063 1112 1120 omnis
1151 1060 1434 1132 Egyptius
1461 1058 1551 1130 qui
1581 1055 1924 1127 sequebatur.

349 1163 403 1218 Si
430 1159 559 1215 nihil
582 1158 650 1213 de
668 1155 1016 1227 sequentibus
1037 1153 1277 1209 hostibus
1301 1150 1570 1208 residuum
1600 1148 1796 1202 factum
1822 1153 1926 1210 est,

349 1252 472 1321 quid
503 1265 720 1305 oramus
748 1257 808 1303 ut
848 1247 1161 1308 dimittatur,
1199 1242 1301 1298 nisi
1342 1250 1558 1312 propter
1583 1253 1770 1294 manus
1798 1234 1934 1290 deii-

350 1345 550 1398 cientes
575 1349 762 1396 contra
784 1335 1075 1393 Amalech?
1099 1333 1305 1388 Dimitte
1329 1332 1489 1396 nobis,
1515 1331 1642 1384 sicut
1670 1337 1719 1384 et
1737 1343 1830 1381 nos
1851 1326 1934 1379 di-

351 1434 609 1486 mittimus.
634 1427 920 1484 Constituit
948 1423 1290 1488 medicinam,
1325 1419 1551 1476 iirmavit
1572 1426 1802 1488 pactum.
1833 1415 1930 1470 ilic

353 1537 537 1594 preces
560 1520 746 1586 dictat,
776 1519 846 1574 ibi
874 1515 1109 1588 precanti
1149 1511 1440 1584 respondet
1466 1529 1479 1567 :
1512 1511 1657 1565 novit
1685 1524 1791 1578 quo
1809 1509 1930 1577 jure

355 1629 439 1670 res
464 1620 650 1683 agatur
690 1611 742 1662 in
774 1608 932 1671 cmlo,
958 1603 1226 1677 quomodo
1264 1600 1535 1672 impetrari
1566 1599 1769 1670 possint
1797 1597 1932 1652 desi.

353 1706 554 1760 derata.
606 1700 806 1758 Ditnitti
853 1697 965 1754 vis?
1001 1695 1228 1757 dimitte,
1271 1693 1364 1747 ait.
1403 1690 1539 1758 Quid
1580 1690 1720 1744 enim
1767 1687 1931 1742 habes

353 1795 490 1864 quod
520 1794 630 1848 Deo
656 1798 898 1860 praestes,
927 1803 957 1842 a
987 1803 1092 1858 quo
1117 1785 1198 1840 vis
1222 1791 1280 1838 ut
1307 1789 1586 1852 prmstetur
1617 1779 1748 1834 tibi?
1770 1778 1934 1832 Num-

351 1885 474 1955 quid
494 1885 603 1954 jam
635 1880 879 1936 Christus
919 1878 1152 1934 salvator
1187 1876 1243 1930 in
1283 1883 1421 1929 terra
1449 1870 1728 1927 ambulat?
1767 1868 1931 1922 Num-

353 1976 475 2044 quid
516 1972 739 2042 suscipit
777 1971 922 2026 ilium
972 1967 1130 2022 modo
1168 1967 1220 2021 in
1263 1964 1480 2020 domum
1526 1962 1763 2032 gaudens
1795 1961 1930 2014 Zac-

354 2068 534 2122 ebteus
559 2065 709 2136 (Luc.
738 2079 844 2126 sta,
871 2060 964 2133 6)?
992 2058 1254 2129 Numquid
1277 2057 1326 2113 ei
1359 2056 1642 2125 hospitium
1668 2061 1723 2109 et
1745 2053 1932 2121 epulas

362 2166 624 2227 pra'parat
669 2153 870 2209 Martha
901 2149 1008 2224 (Id.
1040 2167 1094 2216 ιι,
1141 2148 1230 2218 40)
1252 2149 1276 2201 ?
1302 2147 1444 2203 Nihil
1485 2146 1675 2201 horum
1706 2144 1926 2214 indiget,

349 2249 415 2302 ad
443 2249 718 2303 dexteram
750 2244 919 2299 Patris
943 2240 1114 2296 sedet.
1143 2238 1246 2295 Sed
1269 2238 1471 2308 quando
1503 2236 1594 2290 uni
1622 2252 1686 2289 ex
1709 2235 1934 2288 minimis

347 2341 474 2394 meis
501 2338 704 2409 fecistis,
749 2335 872 2388 mihi
899 2333 1087 2405 fecistis
1120 2330 1330 2404 (Matth.
1374 2345 1507 2391 xxv,
1538 2328 1653 2397 ιο).
1695 2327 1818 2379 llzec
1846 2333 1930 2381 est

347 2429 604 2484 extensio
631 2440 894 2489 manuum,
931 2422 1029 2478 sub
1053 2435 1156 2492 qua
1191 2419 1384 2475 deiecit
1403 2417 1678 2472 Amalech.
1709 2415 1775 2468 Et
1801 2430 1928 2468 ero-

344 2536 445 2591 gas
480 2519 692 2590 quidem
734 2517 969 2588 pauperi,
999 2513 1213 2585 quando
1246 2511 1442 2580 aliquid
1479 2510 1574 2564 das
1618 2507 1875 2564 esurienti
1910 2524 1927 2562 :

347 2615 485 2670 forte
518 2613 570 2665 id
609 2611 749 2681 quod
777 2609 992 2664 dederis
1035 2609 1212 2662 minus
1239 2605 1475 2668 habebis,
1519 2602 1612 2658 sed
1651 2603 1702 2655 in
1743 2601 1924 2664 domo,

350 2721 454 2759 non
505 2704 556 2757 in
597 2702 756 2758 caelo.
801 2700 903 2756 Sed
932 2701 1019 2754 hic
1047 2713 1257 2768 quoque
1300 2697 1352 2750 in
1379 2703 1539 2760 terra,
1576 2707 1682 2762 quo
1706 2691 1931 2761 jubente
2015 2745 2022 2752 ,

350 2797 662 2867 przestitisti,
695 2796 808 2866 ipse
833 2795 1042 2865 supplet
1079 2791 1216 2860 quod
1243 2787 1456 2844 dedisti.
1487 2787 1563 2840 De
1598 2786 1696 2838 hac
1721 2798 1781 2837 re
1804 2797 1926 2836 eum

349 2887 658 2957 loqueretur
682 2885 992 2955 Apostolus,
1021 2883 1091 2936 ait
1125 2900 1139 2936 :
1169 2880 1268 2948 Qui
1297 2877 1616 2932 administrat
1642 2890 1809 2928 semen
1838 2889 1923 2927 se-

348 2978 582 3043 minanti,
623 2986 670 3030 et
703 2991 883 3044 panem
919 2973 974 3026 in
1001 2987 1166 3028 escam
1193 2965 1588 3025 subministrabit
1617 2965 1683 3036 (ll
1709 2962 1823 3019 Cor.
1851 2979 1926 3029 ts,

350 3069 459 3139 10).
489 3067 777 3139 Operarius
807 3066 949 3122 enim
975 3063 1072 3119 Dei
1107 3077 1185 3127 es,
1221 3059 1434 3132 quando
1474 3057 1569 3112 das
1595 3056 1769 3125 egenti
1795 3072 1808 3108 :
1837 3069 1928 3108 se-

350 3163 518 3224 miuas
538 3162 736 3224 hieme,
765 3158 908 3230 quod
950 3167 1118 3212 metas
1154 3164 1357 3210 testate.
1388 3150 1523 3218 Quid
1559 3165 1687 3219 ergo
1715 3147 1943 3210 metuis,-

352 3253 602 3320 inﬁdelis,
633 3267 701 3306 ne
729 3252 781 3305 in
807 3251 907 3304 hac
937 3263 1124 3317 magna
1160 3245 1320 3300 domo
1347 3251 1522 3297 tantus
1551 3237 1930 3310 paterfamilias

349 3360 456 3398 non
497 3351 684 3414 pascat
723 3339 1025 3412 operarium
1070 3336 1262 3392 suum?
1296 3335 1408 3389 Erit
1439 3341 1493 3388 et
1531 3333 1624 3396 ibi,
1665 3329 1757 3385 sed
1787 3327 1929 3398 quod

350 3433 576 3489 sufﬁciat
601 3432 715 3486 tibi.
743 3429 897 3485 Dabit
923 3428 1064 3482 Deus
1105 3423 1406 3480 necessitati
1439 3431 1624 3485 totum,
1644 3434 1748 3487 non
1775 3416 1928 3485 cupi-

350 3527 521 3583 ditati.
560 3525 797 3598 Operam
825 3537 955 3592 ergo
991 3519 1306 3590 intrepidus,
1335 3514 1562 3572 extende
1592 3525 1802 3574 manus,
1836 3509 1932 3564 de-

353 3620 498 3674 ﬁciat
524 3616 797 3674 Amalech.
825 3613 930 3671 Sed
954 3613 1097 3677 hinc,
1126 3619 1180 3664 ut
1200 3608 1331 3675 disi,
1357 3603 1555 3676 aliquid
1580 3605 1630 3657 in
1661 3602 1822 3657 domo
1844 3608 1930 3654 tua
1958 3634 1961 3636 -

353 3725 477 3764 cum
500 3708 729 3772 dederis,
761 3708 842 3762 vel
881 3705 1061 3760 minus
1097 3700 1246 3755 vides
1273 3697 1412 3769 quod
1440 3696 1512 3750 ibi
1542 3693 1758 3749 videbas
1782 3709 1794 3746 :
1823 3706 1929 3746 non

353 3803 426 3856 ibi
457 3799 605 3856 vides
629 3815 745 3856 cum
783 3797 1021 3864 dederis,
1063 3794 1236 3850 donec
1280 3792 1472 3846 iterum
1510 3788 1601 3843 det
1643 3787 1803 3841 Deus.
1839 3785 1932 3838 Dic

353 3893 505 3953 mihi.
532 3906 652 3946 cum
676 3891 901 3959 ignoscis
930 3888 1000 3944 de
1022 3886 1205 3952 corde,
1232 3884 1360 3955 quid
1387 3881 1601 3952 perdis?
1631 3880 1762 3934 Cum
1785 3878 1935 3948 igno-

355 3987 460 4040 scis
496 3985 544 4039 ei
569 3987 657 4054 qui
691 3990 874 4052 peccat
903 3981 955 4035 in
983 3988 1055 4045 te,
1091 3977 1216 4048 quid
1242 3976 1419 4031 minus
1438 3971 1662 4027 habebis
1690 3971 1744 4022 in
1770 3967 1932 4024 corde

358 4077 482 4132 tuo?
509 4075 634 4130 inde
663 4075 804 4129 enim
833 4072 1080 4136 dimittis,
1113 4067 1206 4124 sed
1237 4065 1366 4122 nihil
1401 4063 1621 4118 amittis.
1652 4059 1764 4115 hno
1803 4072 1931 4115 vero

356 4168 490 4222 unda
531 4165 776 4238 qutedam
825 4161 1100 4219 charitatis
1131 4159 1241 4216 ibat
1281 4158 1334 4214 in
1373 4154 1536 4212 corde
1565 4163 1675 4217 tuo,
1715 4160 1771 4208 et
1809 4159 1929 4206 tan-

354 4273 510 4327 quam
532 4257 600 4312 de
614 4269 750 4310 vena
777 4254 1029 4310 interiore
1056 4249 1304 4306 manabat
1331 4265 1343 4300 :
1370 4255 1520 4302 tenes
1540 4243 1719 4299 odium
1745 4249 1932 4298 contra

357 4348 594 4414 fratrem,
616 4346 877 4402 obturasti
907 4343 1125 4400 fontem.
1157 4339 1273 4395 Non
1300 4338 1472 4393 solum
1497 4351 1624 4406 ergo
1649 4333 1779 4388 nihil
1806 4347 1931 4403 per-

357 4441 456 4501 dis,
481 4454 602 4495 cum
625 4438 889 4509 ignoscis;
912 4435 1005 4490 sed
1027 4432 1382 4489 abundantius
1413 4428 1669 4499 irrigaris.
1692 4426 1936 4482 Charitas

357 4547 458 4585 non
491 4539 824 4601 angustatur.
856 4526 1098 4583 Ponisibi
1112 4525 1338 4595 lapidem
1355 4520 1752 4582 oﬂ‘ensionis,et
1770 4527 1822 4574 tu
1841 4518 1938 4574 tibi

356 4621 484 4678 facis
519 4620 810 4692 angustias.
843 4617 1134 4673 Vindicabo
1179 4631 1285 4676 me.
1317 4614 1542 4670 ulciscar
1569 4626 1689 4677 me,
1730 4626 1829 4681 ego
1866 4609 1940 4666 illi

357 4714 658 4778 ostendam,
673 4727 772 4782 ego
795 4710 981 4766 faciam
1015 4727 1029 4763 :
1053 4717 1268 4774 aestuas,
1283 4707 1512 4769 laboras,
1528 4705 1614 4762 cui
1642 4705 1764 4759 licet
1787 4704 1938 4773 igno-

357 4805 554 4860 scendo
578 4820 698 4861 esse
717 4817 982 4869 securum,
1006 4817 1249 4858 securum
1271 4800 1469 4866 vivere,
1493 4813 1737 4854 securum
1762 4812 1938 4852 orare.

360 4896 487 4952 Nam
509 4911 636 4952 ecce
662 4895 785 4966 quid
816 4905 1032 4952 acturus
1061 4893 1158 4949 est?
1185 4891 1444 4948 Oratores
1469 4903 1549 4945 es.
1589 4887 1738 4954 Quid
1767 4887 1939 4943 dicam

361 4987 606 5072 quando?
623 4986 789 5041 Hodie
813 4992 1059 5040 oraturus
1083 4998 1161 5039 es.
1185 4982 1264 5038 An
1288 4995 1394 5036 non
1411 4995 1468 5034 es
1483 4977 1767 5034 oraturus?
1791 4977 1867 5031 ira
1889 4985 1945 5032 et

361 5083 759 5155 odioimpletns,
774 5081 1059 5136 vindictam
1074 5079 1318 5134 minaris:
1334 5092 1439 5132 non
1453 5075 1673 5131 dimittis
1685 5090 1748 5129 ex
1761 5073 1942 5129 corde.

363 5174 500 5230 Ecce
534 5190 677 5241 oras,
709 5189 835 5229 ecce
869 5172 1012 5228 venit
1039 5169 1224 5226 orandi
1265 5169 1416 5234 hora,
1447 5167 1636 5238 incipis
1663 5167 1822 5220 verba
1851 5165 1940 5220 illa

363 5267 440 5321 vel
470 5266 656 5321 audire
680 5264 766 5320 vel
793 5264 994 5319 dicere.
1036 5261 1200 5317 Dictis
1225 5269 1281 5316 et
1317 5258 1512 5315 auditis
1554 5256 1938 5327 superioribus,

360 5366 616 5411 venturus
663 5370 725 5410 es
765 5354 832 5410 ad
863 5355 1005 5409 hunc
1037 5367 1270 5408 versum.
1303 5351 1410 5406 Aut
1453 5351 1494 5405 si
1524 5365 1628 5404 non
1667 5355 1942 5412 venturus,

356 5462 466 5518 quo
494 5446 706 5501 iturus?
725 5445 804 5502 Ne
829 5447 1075 5516 ignoscas
1101 5445 1336 5510 inimico,
1369 5442 1604 5498 deviabis
1629 5456 1658 5494 a
1693 5435 1945 5494 Christo?

357 5539 525 5594 Plane
549 5539 595 5592 si
623 5539 676 5592 in
706 5539 949 5593 oratione
976 5536 1234 5600 deviabis,
1258 5544 1315 5589 ut
1341 5535 1478 5589 nolis
1499 5533 1698 5596 dicere,
1731 5530 1938 5584 Dimitte

357 5632 504 5685 nobis
523 5631 693 5685 debita
716 5640 916 5692 nostra;
947 5629 1068 5698 quia
1092 5643 1197 5682 non
1226 5635 1373 5696 potes
1397 5625 1596 5690 dicere,
1628 5625 1757 5677 sicut
1784 5631 1828 5676 et
1854 5636 1942 5674 nos

363 5722 664 5777 dimittimus
695 5720 999 5776 debitoribus
1027 5719 1240 5785 nostris;
1275 5733 1340 5772 ne
1372 5717 1462 5772 tibi
1493 5717 1598 5772 cito
1628 5713 1949 5784 rCSpomlear

1771 297 2004 358 SERMO
2036 296 2272 354 CCCLII.

3467 306 3616 367 “553’

2033 421 2138 480 tur,
2168 413 2257 469 Sic
2297 412 2508 469 dimitto
2533 413 2801 486 quomodo
2841 427 2895 473 et
2934 425 2990 474 tu
3028 415 3255 475 dimittis
3283 435 3298 474 ε
3325 435 3453 492 ergo
3482 424 3608 493 quia

2032 503 2136 559 hoc
2156 519 2260 559 non
2288 512 2437 574 potes
2461 503 2660 571 dicere,
2692 514 2748 562 et
2776 519 2882 562 non
2922 508 3005 564 vis
3035 508 3327 579 dimittere,
3367 512 3622 570 deviabis-

2031 595 2100 650 ab
2138 594 2239 652 hoc
2268 611 2446 664 versu,
2477 605 2531 652 et
2558 600 2948 668 praetermittes,
2980 611 3035 658 et
3073 602 3218 659 dices
3255 606 3396 676 quod
3426 608 3618 679 sequi»

2034 698 2137 754 tur,
2174 686 2257 742 Ne
2279 705 2370 744 nos
2409 690 2620 760 patiaris
2645 691 2820 744 induci
2856 691 2908 745 in
2945 695 3263 750 tentationem
3283 712 3306 751 :
3329 697 3400 753 ibi
3431 707 3481 752 te
3513 711 3605 751 ca-

2035 784 2144 850 piet
2173 783 2408 837 creditor
2431 792 2572 850 tuus,
2596 785 2745 854 cujus
2767 786 2917 856 quasi
2943 786 3128 843 faciem
3152 789 3446 847 devitabas.
3471 794 3618 861 Quo-

2033 871 2195 926 modo
2224 873 2448 944 quisque
2489 873 2541 928 in
2570 874 2689 929 vico
2725 890 2846 931 cum
2889 881 3182 934 occurrerit
3221 884 3269 936 ei
3300 884 3383 937 cui
3413 883 3622 955 aliquid

2033 959 2213 1029 debet,
2253 963 2296 1015 si
2336 963 2402 1017 ad
2446 978 2660 1018 manum
2700 973 2782 1020 est
2823 965 3213 1033 diverticulum,
3255 971 3474 1027 dimittit
3506 991 3614 1037 quo

2035 1053 2178 1118 ibat;
2211 1062 2265 1108 et
2294 1053 2334 1108 it
2365 1069 2458 1123 per
2489 1055 2645 1109 aliam
2675 1065 2900 1125 partem,
2925 1073 2993 1112 ne
3022 1058 3208 1115 faciem
3237 1061 3413 1118 videat
3438 1065 3611 1120 credi-

2035 1143 2186 1198 toris.
2212 1143 2323 1198 iioc
2343 1153 2396 1198 tu
2418 1144 2470 1198 in
2491 1145 2592 1198 isto
2619 1161 2775 1200 versu
2803 1155 2854 1201 te
2878 1145 3069 1202 fecisse
3089 1150 3372 1207 arbitratus
3394 1169 3452 1209 es
3479 1155 3614 1209 :dc—

2035 1234 2211 1288 vitasti
2241 1233 2442 1301 dicere,
2471 1235 2704 1299 Dimitte,
2747 1237 2886 1290 sicut
2912 1253 3011 1308 ego
3044 1237 3286 1306 dimitto;
3333 1259 3400 1298 ne
3427 1245 3505 1299 sic
3533 1247 3614 1300 di.

2035 1325 2292 1390 mitteret,
2325 1326 2376 1381 id
2403 1335 2486 1381 est
2511 1341 2616 1381 non
2646 1326 2957 1394 dimitteret,
2991 1329 3111 1399 quia
3140 1345 3244 1384 non
3275 1332 3525 1400 dimittis;
3560 1345 3617 1390 et

2036 1417 2250 1472 noluisti
2272 1418 2472 1484 dicere,
2499 1417 2741 1473 devitans
2773 1418 2961 1473 faciem
2991 1419 3290 1476 creditoris.
3325 1422 3490 1491 Quem
3517 1425 3622 1480 de-

2035 1511 2212 1565 vitas?
2247 1511 2366 1580 quis
2395 1510 2640 1565 devitas?
2667 1511 2784 1578 Quo
2823 1512 2946 1578 ibis,
2991 1511 3079 1567 ubi
3124 1521 3178 1567 tu
3204 1528 3326 1568 esse
3352 1515 3524 1583 possis
3564 1526 3619 1571 et

2039 1601 2127 1657 ille
2152 1617 2257 1656 non
2286 1603 2444 1657 esse?
2474 1603 2720 1656 Dicturus
2759 1617 2840 1668 es,
2876 1603 2988 1669 Quo
3015 1603 3159 1657 abibo
3203 1620 3236 1657 a
3276 1605 3459 1674 spiritu
3485 1615 3570 1660 tuo
3592 1607 3619 1661 .'

2037 1703 2083 1748 et
2109 1710 2141 1746 a
2170 1693 2298 1766 facie
2321 1702 2407 1746 tua
2427 1710 2523 1759 quo
2551 1693 2785 1764 fugiant?
2809 1694 2870 1748 Si
2893 1695 3163 1748 ascendere
3183 1695 3235 1748 in
3254 1697 3453 1761 caelum,
3477 1706 3532 1750 tu
3553 1697 3617 1752 il-

2036 1787 2102 1840 lic
2131 1801 2180 1840 es
2197 1802 2217 1850 ;
2244 1786 2289 1840 si
2323 1784 2621 1840 descendere
2650 1786 2702 1840 in
2731 1785 3008 1858 infernum,
3049 1786 3189 1842 ades.
3215 1786 3480 1855 Quantum
3523 1803 3618 1857 po-

2038 1885 2195 1933 testa
2220 1877 2433 1933 Christo
2475 1877 2684 1932 debitor
2720 1876 2922 1949 fugere,
2953 1894 3110 1948 quam
3151 1887 3208 1932 ut
3251 1888 3331 1932 eat
3362 1879 3413 1932 in
3443 1879 3613 1934 inier-

2035 1969 2398 2024 num‘iAdcst
2445 1969 2544 2022 iste
2587 1969 2820 2023 creditor
2861 1977 2916 2023 et
2959 1969 3050 2023 ibi.
3083 1968 3220 2036 Quid
3251 1968 3486 2025 facturus
3531 1986 3610 2036 es,

2036 2062 2136 2116 nisi
2162 2061 2302 2132 quod
2333 2061 2608 2130 sequitur?
2635 2059 2696 2115 Si
2720 2075 3038 2128 assumpscro
3068 2075 3258 2128 pennas
3293 2076 3427 2114 utens
3453 2061 3504 2113 in
3527 2061 3614 2113 di-

2035 2159 2244 2218 rectum,
2286 2163 2331 2208 et
2355 2153 2584 2207 solarere
2618 2139 2672 2206 in
2711 2162 2928 2206 extrema
2964 2151 3122 2206 maris
3161 2150 3332 2220 (Psal.
3358 2167 3611 2216 cxxxvttt,

2037 2247 2160 2317 7-9)
2187 2265 2198 2299 :
2226 2245 2280 2300 id
2324 2254 2424 2313 est,
2478 2259 2571 2313 spe
2612 2257 2728 2298 mea
2780 2242 2936 2296 linem
2979 2242 3158 2296 srrculi
3200 2241 3516 2306 meditabor,
3557 2241 3622 2297 in.

2037 2336 2312 2406 praeceptis
2339 2335 2442 2388 tuis
2475 2335 2668 2394 vivam,
2717 2331 2922 2384 duabus
2954 2331 3052 2384 alis
3077 2331 3350 2384 charitatis
3381 2331 3614 2384 attollar.

2035 2428 2203 2496 Imple
2242 2440 2370 2494 ergo
2418 2424 2549 2478 duas
2597 2423 2710 2477 alas
2756 2421 3049 2476 cbaritatis.
3093 2422 3259 2491 Dilige
3312 2422 3614 2491 proximum

2037 2517 2172 2572 sicut
2216 2522 2266 2568 te
2309 2515 2514 2582 ipsum;
2555 2520 2609 2566 et
2651 2518 2758 2565 non
2805 2519 2988 2566 teneas
3026 2509 3227 2574 odium,
3259 2509 3399 2564 unde
3439 2508 3612 2580 fugias

2037 2606 2377 2663 creditorem.
2704 2651 2716 2662 ,

2105 2696 2333 2754 CAPUT
2386 2694 2471 2751 lli.
2505 2694 2663 2750 —-~8.
2709 2693 2932 2748 Tertium
2984 2710 3138 2764 genus
3182 2694 3484 2763 paenitentia:
3528 2695 3614 2746 iu-

2035 2797 2245 2854 ctuosce,
2300 2803 2392 2857 pro
2439 2785 2714 2856 mortiferis
2768 2783 3004 2854 peccatis.
3060 2783 3418 2854 Desperatione
3460 2786 3618 2838 venite

2014 2880 2210 2933 innima
2247 2875 2549 2942 suffocatur.
2581 2875 2766 2929 Restat
2810 2873 3134 2944 paenitentia:
3176 2875 3388 2929 tertium
3427 2890 3614 2942 genus,

2039 2969 2178 3025 unde
2217 2967 2416 3038 aliquid
2459 2966 2692 3021 breviter
2734 2964 2928 3032 dicam,
2970 2973 3024 3018 ιιι
3063 2963 3345 3035 adiuvante
3393 2963 3618 3017 Domino

2039 3061 2308 3132 proposita
2365 3067 2420 3114 et
2475 3059 2735 3128 promissa
2785 3056 3105 3126 persolvant.
3158 3055 3254 3110 Est
3308 3055 3616 3125 pmnitentia

2037 3151 2250 3222 gravior
2276 3157 2436 3219 atque
2474 3147 2786 3211 luctuosior,
2829 3147 2881 3201 in
2913 3162 3013 3216 qua
3040 3145 3254 3216 proprie
3279 3155 3529 3200 vocantur
3567 3143 3618 3198 in

2011 3291 2014 3295 .
2040 3241 2274 3297 Ecclesia
2299 3241 2638 3309 paenitentes,
2665 3239 2854 3293 remoti
2881 3237 3040 3314 etiam
3063 3251 3090 3289 a
3115 3235 3460 3291 Sacramenta
3485 3235 3619 3288 alta-

2038 3335 2115 3390 ris
2143 3331 2512 3403 participandi,
2543 3348 2609 3385 ne
2638 3329 2947 3398 accipiendo
2974 3328 3207 3394 indigne,
3231 3327 3487 3395 judicium
3517 3326 3618 3381 sibi

2039 3423 2361 3478 manducent
2399 3429 2454 3474 et
2497 3420 2697 3473 bibant.
2732 3417 2822 3469 Illa
2866 3429 2994 3484 ergo
3023 3414 3331 3484 paenitentia
3378 3414 3616 3468 luctuosa

2039 3523 2141 3570 est.
2169 3513 2341 3569 Grave
2369 3511 2560 3565 vulnus
2595 3517 2679 3563 est
2701 3525 2714 3562 :
2740 3506 3062 3562 adulterium
3101 3504 3237 3560 forte
3269 3491 3638 3561 commissum.

2040 3614 2143 3670 est,
2205 3602 2340 3658 forte
2385 3599 2748 3662 homicidium,
2804 3597 2941 3652 forte
2986 3594 3199 3666 aliquod
3248 3595 3610 3664 sacrilegium;

2041 3696 2216 3767 gravis
2258 3707 2366 3758 res,
2412 3705 2572 3762 grave
2608 3689 2824 3754 vulnus,
2867 3686 3082 3754 lethale,
3124 3685 3490 3740 mortiferum:
3522 3683 3619 3739 sed

2039 3788 2378 3856 omnipotens
2403 3784 2656 3840 medicus.
2683 3781 2799 3836 Jam
2827 3789 2947 3851 pest
2986 3781 3378 3850 suggestionem
3418 3776 3537 3833 facti
3564 3783 3621 3832 et

2040 3877 2446 3935 delectationem
2495 3884 2550 3930 et
2596 3873 3004 3928 consensionem
3048 3877 3102 3925 et
3149 3867 3618 3940 perpetrationem,

2041 3969 2194 4040 quasi
2238 3965 2619 4038 quatriduanus
2659 3971 2900 4017 mortuus
2939 3967 3085 4028 putet
3113 3976 3126 4012 :
3155 3959 3248 4013 sed
3294 3972 3396 4012 nec
3447 3958 3620 4026 ipsum

2044 4059 2300 4116 Dominus
2324 4054 2580 4119 deseruit,
2611 4051 2704 4108 sed
2731 4050 2998 4115 clamavit,
3037 4047 3251 4111 Lazare,
3288 4048 3437 4112 prodi
3461 4049 3620 4116 foras.

2044 4151 2216 4208 Cessit
2265 4147 2388 4203 voci
2433 4143 2816 4201 misericordia:
2875 4141 3046 4196 moles
3099 4140 3387 4208 sepultura:
3416 4157 3431 4194 :
3461 4140 3627 4193 cessit

2045 4259 2190 4300 mors
2215 4243 2358 4307 vitae,
2389 4239 2550 4295 cessit
2588 4236 2829 4292 infernus
2857 4247 3108 4304 superno.
3139 4233 3388 4287 Elevatns
3411 4239 3494 4286 est
3518 4230 3624 4286 La-

2045 4349 2220 4398 zarus,
2269 4330 2530 4402 processit
2573 4327 2642 4384 de
2685 4327 2934 4381 tumulo:
2966 4334 3017 4379 et
3065 4324 3257 4394 ligatus
3299 4330 3435 4387 erat,
3487 4322 3628 4377 sicut

2049 4434 2174 4482 sunt
2202 4424 2447 4479 homines
2491 4421 2544 4476 in
2583 4418 2920 4475 confessione
2954 4415 3157 4486 peccati
3206 4422 3425 4484 agentes
3453 4412 3628 4482 poeni-

2047 4517 2287 4574 tentiam.
2319 4513 2434 4569 iam
2461 4517 2835 4583 processerunt
2858 4523 2888 4562 a
2925 4515 3096 4563 morte
3125 4523 3139 4562 :
3167 4521 3290 4560 nam
3324 4519 3426 4559 non
3457 4503 3630 4559 conii-

2050 4617 2310 4675 terentur,
2341 4606 2443 4661 nisi
2485 4602 2857 4674 procederent.
2905 4599 3081 4670 Ipsum
3116 4597 3378 4663 confiteri,
3425 4597 3494 4651 ab
3535 4611 3631 4650 oc-

2050 4701 2192 4756 culto
2211 4708 2265 4754 et
2288 4713 2317 4752 a
2348 4695 2633 4752 tenebroso
2654 4692 2941 4764 procedere
2965 4701 3065 4745 est.
3093 4689 3196 4745 Sed
3222 4687 3346 4758 quid
3380 4687 3636 4742 Dominus

2055 4790 2312 4848 Ecclesia:
2348 4786 2498 4842 sum?
2527 4785 2652 4852 Quo:
2674 4783 2941 4848 solveritis,
2972 4781 3161 4850 inquit,
3189 4781 3242 4833 in
3269 4789 3430 4844 terra,
3469 4777 3632 4833 soluta

2055 4891 2196 4938 erunt
2231 4889 2278 4934 et
2315 4879 2374 4933 in
2411 4877 2536 4932 coelo
2567 4874 2780 4948 (Matth.
2830 4889 2979 4938 xvnt,
3023 4871 3134 4943 18).
3167 4871 3395 4927 Proinde
3432 4869 3635 4923 Lazaro

2054 4973 2394 5046 procedente,
2423 4969 2545 5040 quia
2573 4955 2814 5040 implevit
2836 4966 3092 5022 Dominus
3121 4962 3498 5020 misericordia!
3524 4977 3634 5016 sua:

2055 5067 2276 5128 bonum,
2311 5062 2600 5134 perducere
2638 5061 2704 5115 ad
2744 5059 3128 5114 confessionem
3165 5065 3427 5111 mortuum
3468 5055 3639 5108 laten-

2058 5167 2188 5222 tem,
2215 5164 2526 5226 putentem;
2555 5152 2662 5222 jam
2690 5161 2880 5207 caetera
2910 5151 3092 5219 implet
3121 5147 3372 5202 Ecclesia:
3400 5144 3640 5198 ministe-

2060 5251 2196 5304 rium
2229 5265 2239 5301 :
2270 5245 2464 5302 Solvite
2501 5244 2667 5304 illum,
2692 5251 2736 5295 et
2767 5241 2917 5294 sinite
2940 5239 3080 5293 abire
3107 5235 3288 5306 (Joan.
3314 5251 3390 5297 ιιι,
3411 5233 3631 5299 59-4-1).

2060 5339 2187 5405 Sed,
2232 5336 2554 5402 cbarissimi,
2598 5335 2697 5387 hoc
2736 5345 2906 5402 genus
2952 5327 3278 5400 prenitentia:
3331 5341 3490 5381 nemo
3536 5324 3638 5378 sibi

2061 5438 2342 5502 proponat,
2365 5427 2431 5482 ad
2457 5427 2560 5481 hoc
2582 5437 2750 5496 genus
2777 5437 2935 5478 nemo
2960 5435 3021 5477 se
3061 5426 3324 5490 praeparet
3348 5434 3362 5473 :
3387 5425 3563 5470 tamen
3592 5416 3638 5468 si

2061 5523 2197 5577 forte
2241 5518 2538 5589 contigerit,
2590 5529 2748 5570 nemo
2792 5513 3059 5582 chpcret.
3090 5508 3278 5565 .iudam
3328 5506 3639 5562 traditorem

2061 5631 2167 5670 non
2209 5623 2313 5667 tam
2350 5611 2524 5666 scelus
2571 5608 2713 5678 quod
2759 5604 3045 5666 commisit,
3099 5616 3258 5672 quam
3301 5598 3644 5670 indulgentia

2063 5706 2367 5777 desperatio
2391 5701 2512 5760 fecit
2536 5699 2744 5770 penitus
2770 5696 3004 5751 interire.
3039 5693 3151 5750 Non
3177 5701 3291 5750 erat
3320 5693 3510 5764 dignus
3541 5689 3664 5743 uti»
