4026 6186
352 354 658 421 sericordia,
700 351 819 410 ideo
844 354 894 409 ei
924 368 1026 408 non
1054 352 1198 409 fulsit
1237 352 1411 406 lumen
1462 350 1513 404 in
1553 347 1739 416 corde,
1765 357 1824 402 ut
1851 345 1919 401 ad

350 445 469 514 eius
493 445 871 516 indulgentiam
904 454 1244 501 concurreret
1264 458 1420 513 quem
1448 441 1756 505 tradiderat,
1786 440 1922 494 sicut

343 536 428 604 illi
458 537 548 605 qui
574 553 693 593 eum
718 536 1122 602 cruciﬁxerant;
1154 534 1247 589 sed
1268 532 1599 603 desperando
1627 547 1685 587 se
1705 530 1917 594 occidit,

352 639 407 684 et
436 630 623 700 laqueo
661 631 940 699 suspendit
975 646 1055 695 se,
1097 628 1371 683 suﬂ'ocavit
1408 643 1484 683 se.
1517 626 1667 694 Quod
1706 626 1830 681 fecit
1867 627 1918 680 in

351 738 577 791 corpore
601 737 719 786 suo,
750 721 851 775 hoc
877 722 1071 775 factum
1094 729 1177 775 est
1201 721 1253 774 in
1275 720 1450 774 anima
1477 720 1661 788 ipsius.
1693 719 1919 788 Spiritus

348 813 492 866 enim
519 811 711 866 dicitur
731 812 887 865 etiam
918 811 1017 864 iste
1046 819 1235 864 ventus
1274 810 1413 865 aeris
1436 811 1611 879 hujus.
1643 808 1919 877 Quomodo

351 918 479 972 ergo
506 904 594 973 qui
637 902 736 955 sibi
774 900 965 954 collum
1009 900 1199 970 ligant,
1234 901 1357 957 inde
1400 917 1459 957 se
1499 902 1766 969 occidunt,
1794 902 1917 971 quia

348 1011 455 1049 non
485 994 551 1049 ad
576 1009 670 1048 eos
696 993 855 1046 intrat
883 992 1099 1062 spiritus
1120 992 1257 1047 acris
1278 992 1434 1060 huius
1460 1010 1472 1045 :
1504 993 1581 1047 sic
1608 993 1681 1047 illi
1710 993 1799 1061 qui
1824 993 1919 1047 de-

346 1095 565 1155 sperant
585 1085 651 1140 de
677 1084 998 1154 indulgentia
1030 1084 1142 1149 Dei,
1166 1084 1277 1152 ipsa
1302 1083 1668 1153 desperatione
1695 1084 1835 1138 intus
1858 1098 1918 1139 se

347 1176 630 1238 sulfocant,
665 1184 723 1229 ut
748 1189 843 1230 eos
865 1175 1092 1243 Spiritus
1117 1184 1331 1228 sanctus
1356 1174 1570 1228 visitare
1596 1188 1699 1228 non
1728 1173 1914 1242 possit.

418 1269 472 1321 9.
512 1265 698 1321 Contra
738 1264 975 1336 Paganos
1003 1266 1303 1336 paenitentia
1326 1265 1648 1335 permissione
1682 1266 1919 1335 peccandi

346 1359 599 1413 licentiam
623 1357 735 1410 dari
759 1356 1102 1427 suggillantes.
1133 1354 1317 1411 Solent
1336 1356 1457 1411 inde
1483 1355 1797 1411 Christianis
1816 1356 1916 1411 Pa-

344 1451 466 1519 gani
494 1450 745 1504 insultare
774 1448 840 1503 de
868 1448 1174 1517 poenitentia
1201 1463 1320 1517 quae
1350 1448 1586 1503 instituta
1615 1456 1696 1503 est
1726 1449 1777 1502 in
1812 1448 1915 1503 Ec-

347 1544 511 1598 clesia
546 1561 559 1597 :
589 1552 642 1597 et
669 1549 853 1595 contra
898 1539 1176 1594 nonnullas
1213 1539 1445 1595 hmreses
1482 1540 1649 1595 tenuit
1677 1538 1915 1595 Ecclesia

346 1634 601 1689 catholica
626 1632 779 1687 istam
804 1630 1079 1686 veritatem
1104 1631 1171 1685 de
1192 1630 1501 1699 paenitentia
1530 1630 1751 1701 agenda.
1778 1629 1915 1685 Fue-

348 1734 472 1778 runt
496 1723 637 1778 enim
669 1723 757 1791 qui
780 1722 1038 1787 dicerent,
1075 1721 1388 1790 quibusdam
1413 1721 1640 1789 peccatis
1664 1735 1767 1774 non
1796 1734 1917 1775 esse

345 1814 575 1869 dandam
600 1812 960 1883 ptenitcntiam
983 1828 999 1877 ;
1026 1820 1081 1866 et
1107 1812 1309 1867 exclusi
1336 1820 1460 1865 sunt
1482 1811 1549 1865 de
1577 1811 1833 1873 Ecclesia,
1863 1818 1916 1864 et

346 1903 583 1957 haeretici
626 1903 747 1956 facti
795 1910 938 1956 sunt.
981 1900 1037 1955 ln
1080 1902 1496 1971 quibuscumque
1540 1901 1771 1970 peccatis
1809 1916 1928 1962 non,

346 1992 523 2062 perdit
552 1994 753 2047 viscera
791 1994 872 2062 pia
917 2002 1086 2047 mater
1122 1992 1377 2047 Ecclesia.
1409 1993 1551 2062 Ergo
1588 1992 1761 2047 solent
1790 1993 1913 2048 inde

343 2083 505 2137 ctiam
536 2083 731 2153 Pagani
762 2083 911 2153 quasi
955 2083 1207 2138 insultare
1247 2083 1420 2147 nobis,
1451 2084 1750 2138 nescientes
1788 2083 1913 2152 quid

344 2174 656 2243 loquantur;
683 2173 803 2243 quia
832 2172 899 2227 ad
925 2173 1143 2227 verbum
1172 2173 1289 2239 Dei,
1318 2174 1457 2243 quod
1500 2174 1707 2244 linguas
1737 2174 1912 2229 infan-

345 2265 474 2318 tium
514 2263 638 2318 facit
677 2263 925 2326 disertas,
958 2263 1191 2317 nondum
1233 2274 1604 2332 pervenerunt.
1653 2263 1778 2329 Vos,
1827 2264 1912 2317 in-

340 2354 549 2423 quiunt,
580 2352 756 2408 facitis
781 2362 837 2407 ut
863 2362 1083 2422 peccent
1109 2353 1371 2419 homines,
1401 2368 1523 2407 cum
1552 2353 1657 2407 illis
1685 2353 1909 2422 promit-

344 2444 453 2499 titis
484 2445 713 2512 veniam,
760 2445 804 2498 si
849 2444 1052 2515 egerint
1100 2443 1484 2514 paenitentiam.
1518 2442 1804 2499 Dissolutio
1832 2450 1916 2498 est

341 2536 460 2597 ista,
496 2550 602 2589 non
629 2535 939 2589 admonitio.
982 2535 1037 2588 ln
1069 2534 1207 2590 hanc
1241 2535 1554 2589 sententiam
1594 2544 1915 2604 exaggerant

340 2629 535 2695 verba,
559 2638 753 2698 quanta
780 2628 1002 2698 quisque
1039 2635 1243 2697 potest;
1274 2627 1449 2697 lingua
1471 2626 1551 2680 vel
1574 2625 1802 2691 sonanti,
1827 2624 1912 2679 vel

336 2720 611 2787 titubanti,
644 2734 747 2774 non
776 2727 950 2774 tacent
974 2736 988 2774 :
1012 2729 1186 2773 tamen
1216 2727 1268 2773 et
1287 2717 1497 2787 quando
1525 2718 1603 2774 eis
1627 2718 1907 2788 loquimur,

345 2813 446 2867 etsi
497 2812 792 2875 vincantur,
840 2826 945 2865 non
983 2811 1340 2866 consentiunt.
1388 2811 1588 2866 Tamen
1645 2809 1912 2880 quomodo

344 2904 642 2966 vincantur,
671 2901 905 2956 breviter.
921 2901 1143 2971 accipiat
1166 2900 1411 2955 Charitas
1436 2909 1631 2967 vestra,
1658 2901 1777 2970 quia
1802 2901 1910 2955 Do-

344 2994 472 3048 mini
500 2993 860 3049 misericordia
884 3003 1047 3049 totum
1072 2994 1271 3063 optime
1297 2994 1571 3049 constituit
1598 2994 1649 3048 in
1672 2994 1910 3049 Ecclesia

346 3102 462 3141 sua.
506 3086 699 3140 Dicunt
738 3100 837 3141 nos
863 3085 991 3141 dare
1033 3087 1265 3156 peccatis
1308 3086 1595 3153 licentiam,
1640 3088 1759 3156 quia
1790 3102 1913 3156 por-

344 3185 454 3229 tum
479 3175 804 3246 pmnitentite
828 3175 1157 3246 pollicemur.
1177 3174 1234 3231 Si
1257 3175 1589 3231 clauderetur
1606 3175 1778 3231 aditus
1802 3191 1914 3244 pce-

348 3267 615 3333 nitentiae,
662 3280 838 3321 nonne
872 3265 963 3321 ille
1006 3275 1250 3336 peccator
1293 3274 1441 3321 tanto
1487 3266 1654 3336 magis
1694 3266 1914 3320 adderet

344 3366 558 3425 peccata
583 3357 836 3426 peccatis,
875 3366 1077 3427 quanto
1101 3356 1267 3426 magis
1292 3355 1405 3409 sibi
1424 3355 1732 3425 desperaret
1761 3356 1912 3424 igno-

345 3447 454 3501 sci?
481 3446 692 3502 Diceret
714 3446 856 3502 enim
881 3447 980 3503 sibi
1005 3463 1021 3502 :
1045 3446 1184 3501 Ecce
1209 3447 1440 3515 peccavi,
1474 3461 1599 3502 ecce
1625 3445 1799 3501 scelus
1821 3445 1915 3501 ad-

347 3537 489 3604 misi,
508 3538 616 3607 jam
638 3535 771 3591 mihi
792 3537 959 3591 veniae
977 3536 1155 3590 nullus
1176 3544 1259 3589 est
1278 3536 1424 3589 locus
1444 3552 1459 3599 ;
1493 3535 1801 3602 poenitentia
1829 3535 1912 3588 in-

346 3629 611 3681 fructuusa
652 3635 754 3692 est,
790 3624 1122 3679 damnandus
1148 3638 1262 3677 sum
1291 3638 1488 3691 :quare
1504 3623 1614 3689 jam
1661 3637 1766 3676 non
1793 3622 1912 3678 vivo

345 3727 404 3772 ut
429 3717 582 3772 volo?
608 3716 739 3784 Quia
771 3714 841 3769 ibi
872 3728 975 3769 non
1002 3713 1212 3767 invenio
1236 3712 1567 3775 charitatem,
1602 3712 1688 3765 hic
1723 3712 1915 3766 saltem

346 3824 558 3878 pascam
585 3807 946 3877 cupiditatem.
974 3804 1150 3872 Quare
1177 3804 1321 3859 enim
1360 3818 1446 3857 me
1472 3802 1807 3858 abstineam?
1837 3802 1913 3857 lbi

348 3899 476 3953 mihi
516 3899 661 3952 locus
699 3896 873 3951 omnis
914 3895 1126 3950 clausus
1164 3902 1271 3961 est,
1301 3892 1388 3948 hic
1420 3892 1672 3961 quidquid
1701 3906 1808 3945 non
1832 3891 1911 3947 fe-

348 4006 494 4057 cero,
523 3988 719 4058 perdo;
747 3988 869 4057 quia
894 3986 999 4041 vita
1027 4002 1148 4057 quas
1175 3994 1291 4056 post
1326 3986 1461 4039 hanc
1482 3983 1654 4038 futura
1682 3991 1784 4050 est,
1806 3998 1913 4039 non

348 4080 477 4134 mihi
502 4078 930 4144 dabitur.rQuare
949 4092 1077 4147 ergo
1102 4093 1206 4132 non
1229 4076 1402 4131 servio
1424 4074 1727 4130 libidinibus
1757 4074 1910 4140 meis,

345 4180 404 4226 ut
430 4186 521 4226 eas
550 4171 796 4240 impleam
827 4175 883 4223 et
918 4176 1170 4233 saturem,
1212 4176 1268 4222 et
1305 4167 1491 4221 faciam
1530 4166 1783 4236 quidquid
1808 4182 1915 4221 non

345 4262 489 4323 licet,
513 4259 605 4314 sed
633 4258 791 4313 libet?
812 4259 1083 4312 Diceretur
1112 4257 1159 4310 ei
1190 4254 1431 4310 fortassis
1460 4273 1473 4310 :
1499 4254 1602 4309 Sed
1627 4256 1789 4309 miser
1823 4270 1913 4309 ea-

348 4349 530 4417 picris,
555 4347 915 4413 accusaberis,
946 4345 1296 4414 torqueberis,
1330 4345 1584 4414 punieris.
1614 4345 1797 4400 Sciunt
1817 4346 1914 4399 ista

347 4440 590 4494 homines
619 4437 743 4492 mali
786 4437 852 4491 ab
896 4434 1195 4490 hominibus
1236 4435 1360 4500 dici,
1407 4442 1462 4489 et
1497 4434 1635 4489 inter
1675 4435 1915 4490 homines

347 4530 580 4596 servari;
610 4528 889 4584 attendunt
923 4528 1119 4582 multos
1143 4526 1281 4582 male
1305 4535 1360 4582 et
1399 4526 1653 4581 scelerate
1680 4527 1915 4581 viventes

343 4622 603 4692 lmpunila
646 4620 842 4675 habere
883 4628 1142 4689 peccata:
1168 4617 1436 4675 occultare
1478 4626 1720 4688 possunt,
1771 4618 1915 4673 redi-

344 4728 490 4769 mere
519 4727 636 4782 qua:
666 4711 931 4766 occultare
968 4726 1073 4765 non
1101 4719 1351 4780 possunt;
1382 4708 1643 4764 redimere
1670 4726 1833 4780 usque
1864 4711 1916 4765 in

344 4811 672 4859 senectutem
722 4802 883 4855 vitam
935 4801 1205 4866 lascivam,
1257 4800 1641 4869 blasphemam,
1697 4802 1919 4857 sacrile-

342 4910 486 4963 gain,
513 4891 794 4965 perditam.
822 4891 1146 4945 Enumerant
1171 4890 1272 4946 sibi
1299 4908 1312 4943 :
1340 4890 1475 4956 Quid
1493 4891 1636 4946 ?-ille
1657 4892 1746 4961 qui
1769 4900 1913 4947 tanta

344 4985 490 5047 fecit,
536 4997 642 5037 non
680 4995 843 5037 senex
899 4989 1138 5036 mortuus
1182 4979 1336 5035 cst‘i
1382 4979 1646 5051 Numquid
1687 4982 1919 5037 attendis

347 5074 466 5130 ideo
484 5074 629 5128 illum
652 5081 985 5143 peceatorem
1000 5078 1053 5126 et
1077 5070 1391 5126 sceleratum
1414 5086 1595 5126 senem
1623 5080 1914 5137 mortuum,

348 5174 405 5217 ut
431 5164 737 5219 ostenderet
763 5164 813 5216 in
844 5163 932 5217 illo
953 5161 1095 5217 Deus
1121 5162 1448 5233 patientiam,
1471 5172 1786 5232 exspectans
1809 5178 1919 5232 pa:-

346 5253 664 5307 nitentiam?
688 5251 839 5308 Unde
862 5252 1143 5322 Apostolus
1167 5251 1323 5306 dicit:
1342 5248 1557 5322 Ignoras
1583 5253 1701 5321 quia
1728 5254 1922 5320 patien-

410 5389 428 5420 ι
452 5388 524 5453 sic
546 5386 811 5437 Victorinus
826 5392 907 5434 Hs.
929 5391 984 5453 at
1005 5392 1107 5453 Am.
1129 5392 1180 5433 et
1200 5392 1295 5443 Ern,
1318 5381 1557 5453 occultare
1580 5390 1773 5453 possunt
1789 5396 1925 5453 mare

348 5447 666 5511 occultavere,
678 5460 773 5511 non
787 5450 977 5511 possunt
999 5444 1251 5511 redigere.
1272 5453 1425 5511 Usque
1438 5444 1488 5493 in
1499 5444 1779 5494 senectutem
1796 5444 1923 5511 vitae,

348 5506 587 5571 luscinias,
621 5502 953 5571 blasphemas,
985 5502 1239 5571 sacrilegia
1270 5502 1460 5571 perdita
1495 5510 1772 5571 enumerant
1803 5502 1922 5571 sibi,

350 5574 438 5619 bur
457 5566 542 5619 ille
562 5564 647 5632 qui
667 5564 795 5619 tanta
815 5566 924 5631 fecit
942 5577 1089 5619 senex
1112 5564 1321 5616 mortuus
1344 5564 1452 5616 est?
1472 5574 1566 5616 Nec
1589 5566 1736 5616 multo
1753 5564 1937 5618 melius

348 5636 457 5681 ιον.

1581 232 1637 288 S.
1677 226 2038 286 AUGUSTlNl
2075 229 2371 288 EPISCOPI

3455 248 3590 306 1560

2034 347 2105 401 tia
2136 346 2233 401 Dei
2259 350 2330 402 ad
2354 354 2692 421 panitentiam
2728 367 2775 411 te
2801 358 3047 415 adducit?
3076 356 3176 417 Ille
3210 371 3377 418 autem
3415 383 3599 423 secun-

2026 440 2147 494 dum
2169 444 2409 498 duritiam
2438 447 2604 501 cordis
2626 450 2711 503 sui
2735 459 2783 503 et
2811 466 2898 505 cor
2918 453 3247 522 impanitens,
3279 456 3593 513 thesauriza-

2025 534 2093 587 vit
2118 535 2209 589 sibi
2235 536 2364 590 iram
2402 541 2455 591 in
2484 539 2566 593 die
2591 542 2683 595 ira:
2705 553 2753 596 et
2786 544 3097 600 reuelationis
3115 548 3245 616 justi
3262 548 3449 619 judicii
3473 550 3592 617 Dei,

2025 628 2110 696 qui
2147 630 2319 684 reddet
2358 632 2626 702 unicuique
2666 634 2940 689 secundum
2986 653 3138 707 opera
3180 656 3273 693 sua
3310 641 3487 711 (Rom.
3533 660 3590 709 ιι,

2027 718 2171 789 4-6).
2198 718 2341 790 Opus
2378 730 2464 776 est
2504 739 2632 793 ergo
2669 735 2728 780 ut
2756 726 2841 781 hic
2885 728 3041 782 timor
3068 737 3275 785 mentes
3300 733 3588 801 possideat.

2024 824 2159 880 opus
2193 822 2277 868 est
2318 822 2375 867 ut
2416 814 2506 869 ille
2547 816 2635 885 qui
2674 831 2897 886 peccare
2945 833 3050 873 non
3098 820 3224 887 vult,
3273 832 3590 891 praesentem

2024 902 2189 957 Deum
2224 905 2324 958 sibi
2350 909 2564 975 cogitet,
2595 922 2702 962 non
2748 909 2800 962 in
2825 909 3037 979 publico
3064 911 3258 978 solum,
3302 914 3396 968 sed
3426 916 3587 972 etiam

2022 992 2076 1047 in
2097 992 2291 1058 domo;
2324 1010 2428 1048 non
2452 996 2690 1052 in-domo
2718 998 2910 1062 solum,
2941 998 3035 1053 sed
3063 1008 3117 1054 et
3153 1002 3205 1056 in
3230 1002 3496 1069 cubiculo,
3531 1006 3583 1060 in

2023 1095 2195 1150 nocte,
2221 1087 2271 1140 in
2323 1087 2461 1142 lecto
2498 1103 2615 1155 suo,
2663 1089 2717 1143 in
2762 1091 2922 1145 corde
2959 1106 3075 1146 suo.
3120 1092 3259 1163 Ergo
3305 1094 3348 1148 si
3403 1095 3588 1150 tuleris

2022 1183 2231 1244 portum
2293 1177 2656 1245 pmnitentizn,
2701 1179 3068 1248 desperatione
3133 1183 3401 1252 augebunt
3465 1200 3588 1254 pec-

2020 1273 2159 1320 cata.
2203 1265 2343 1322 Ecce
2375 1267 2504 1320 nihil
2534 1267 2611 1339 (ιι)
2667 1268 2852 1324 dicunt
2891 1270 2985 1334 illi,
3016 1270 3106 1339 qui
3136 1279 3319 1339 putant
3344 1273 3463 1327 ideo
3483 1288 3585 1328 au-

2019 1357 2132 1427 geri
2171 1367 2406 1427 peccata,
2455 1359 2574 1428 quia
2621 1368 2802 1427 portus
2842 1361 3167 1428 paenitentia:
3203 1362 3258 1415 in
3300 1362 3589 1417 christiana

2019 1446 2124 1502 ﬁde
2144 1448 2470 1517 praponitur.
2503 1447 2639 1514 Quid
2664 1450 2830 1518 ergo?
2855 1450 3015 1514 Deus,
3045 1465 3113 1505 ne
3140 1465 3235 1519 per
3262 1450 3407 1505 illam
3433 1466 3592 1521 spem

2020 1538 2355 1609 indulgentia:
2400 1555 2584 1595 rursus
2622 1548 2940 1609 augerentur
2967 1550 3202 1609 peccata,
3245 1556 3349 1596 non
3392 1542 3584 1598 dehinc

2019 1630 2295 1699 providere
2323 1630 2535 1685 debuit?
2559 1630 2836 1698 Quomodo
2860 1631 3003 1686 enim
3038 1631 3267 1700 providit
3301 1647 3368 1686 ne
3394 1632 3590 1702 despe-

2019 1722 2185 1776 rando
2222 1731 2530 1792 augeantur,
2571 1724 2647 1776 sic
2681 1722 2960 1792 providere
2996 1722 3176 1778 debuit
3211 1738 3279 1777 ne
3321 1724 3595 1793 sperando

2018 1820 2327 1880 augeantur.
2353 1811 2630 1878 Quomodo
2657 1812 2799 1867 enim
2830 1827 3015 1866 revera
3059 1823 3213 1882 auget
3251 1824 3467 1882 peccata
3494 1815 3593 1884 qui

2018 1901 2400 1971 desperaverit,
2428 1903 2507 1957 sic
2534 1911 2707 1972 potest
2730 1916 2926 1973 augere
2947 1913 3163 1972 peccata
3188 1912 3242 1958 et
3263 1904 3352 1974 qui
3378 1905 3593 1960 veniam

2018 1994 2309 2062 speraverit
2341 2010 2354 2046 :
2387 2001 2447 2047 ut
2483 1993 2623 2047 dicat
2661 1993 2780 2057 sibi,
2830 1993 3039 2050 Faciam
3077 1994 3217 2062 quod
3258 1995 3398 2059 volo,
3444 1996 3582 2051 Deus

2016 2083 2188 2137 bonus
2212 2091 2311 2147 est,
2343 2082 2553 2152 quando
2583 2097 2667 2136 me
2691 2092 3025 2148 convertere,
3058 2083 3294 2152 ignoscet
3322 2083 3471 2136 mihi.
3508 2083 3581 2137 lta

2019 2176 2173 2244 plane
2195 2175 2280 2229 dic
2307 2175 2418 2240 tibi,
2445 2174 2668 2241 Quando
2699 2189 2783 2229 me
2805 2182 3139 2240 convertere,
3168 2174 3403 2243 ignoscet
3422 2174 3548 2229 mihi
3565 2190 3592 2239 ς·

2017 2266 2063 2320 si
2089 2264 2351 2319 crastinus
2389 2264 2507 2319 dies
2529 2278 2707 2319 certus
2733 2264 2950 2317 esttibi.
2980 2262 3166 2317 Nonne
3193 2263 3259 2317 ad
3286 2263 3387 2317 hoc
3415 2272 3465 2317 te
3491 2266 3587 2318 ad—

2018 2362 2197 2408 monet
2224 2353 2515 2421 Scriptura,
2558 2352 2739 2407 dicens
2767 2369 2781 2405 :
2806 2351 2889 2405 Ne
2916 2351 3084 2405 tardes
3121 2354 3335 2405 converti
3364 2355 3431 2405 ad
3464 2353 3572 2405 Do-

2016 2445 2227 2508 minum,
2259 2461 2418 2514 neque
2440 2442 2650 2509 di/feras
2676 2444 2738 2495 de
2770 2442 2852 2495 die
2879 2443 2931 2495 in
2961 2442 3091 2495 diem
3110 2460 3129 2507 ;
3150 2442 3310 2497 subito
3333 2445 3464 2497 enim
3491 2459 3578 2497 tte-

2017 2536 2123 2589 niet
2158 2534 2237 2588 ira
2264 2536 2390 2604 ejus,
2431 2542 2476 2587 et
2504 2535 2556 2586 in
2584 2542 2805 2602 tempore
2829 2533 3061 2586 vindicta:
3096 2533 3345 2603 disperdet
3370 2544 3418 2588 te
3457 2533 3583 2604 (Ec-

2015 2626 2100 2681 cli.
2128 2641 2181 2693 v,
2208 2624 2244 2680 8
2268 2633 2314 2678 et
2333 2621 2429 2695 9)?
2468 2623 2605 2677 Ecce
2631 2623 2697 2677 ad
2732 2631 3018 2692 utrumque
3039 2623 3272 2691 vigilavit
3296 2639 3390 2693 pro
3430 2625 3584 2679 nobis

2015 2710 2347 2787 providentia
2390 2716 2504 2772 Dei.
2546 2716 2623 2770 Ne
2651 2715 2982 2785 desperando
3017 2730 3303 2785 augeamus
3343 2724 3579 2786 peccata,

2014 2807 2317 2878 propositus
2362 2814 2444 2861 est
2490 2804 2816 2876 ptenitentite
2864 2812 3047 2874 portus
3075 2823 3088 2859 :
3116 2820 3301 2861 rursus
3346 2821 3415 2862 ne
3459 2820 3587 2877 spe-

2016 2898 2183 2955 rando
2202 2912 2508 2969 augeamus,
2531 2896 2686 2953 datus
2714 2902 2796 2952 est
2818 2896 3142 2952 diesmortis
3168 2896 3422 2954 incertus.

2461 3006 2689 3066 SERMO
2724 3006 2959 3064 cccun
2990 3010 3012 3032 ο
3038 3006 3133 3081 (ιν).

2016 3101 2085 3157 1η
2127 3100 2210 3156 die
2254 3112 2542 3156 octavarum
2592 3099 2877 3172 Infantiam
2901 3114 2921 3154 :
2944 3116 3068 3169 quos
3097 3100 3390 3154 exhortatur
3427 3098 3599 3156 verbis

2056 3192 2196 3248 Petri
2219 3193 2452 3262 apostoli,
2472 3192 2720 3262 Deposita
2751 3205 2878 3262 ergo
2920 3191 3064 3246 omni
3092 3189 3311 3255 malitia,
3341 3199 3433 3243 etc.
3456 3188 3548 3260 (c).

2087 3284 2309 3341 CAPUT
2347 3284 2627 3340 PRIMUM.
2663 3314 2729 3324 —
2752 3284 2802 3338 l.
2832 3282 3124 3352 Baptizatus
3151 3283 3460 3335 exhortatur.
3496 3278 3586 3334 In-

2016 3378 2244 3432 nocentia
2271 3392 2467 3430 morum
2482 3375 2758 3429 retinenda.
2783 3373 2834 3426 Η
2838 3374 3057 3427 umilitas
3071 3371 3324 3425 sectanda.
3338 3370 3584 3425 Omnium

2017 3470 2228 3543 quidem
2254 3484 2408 3524 aures
2437 3476 2492 3525 et
2519 3477 2744 3532 mentes,
2773 3482 2903 3536 quos
2930 3480 3053 3520 cura
3079 3472 3256 3518 nostra
3280 3462 3587 3530 complecti-

2019 3569 2123 3627 tur,
2152 3560 2363 3614 solliciti
2389 3558 2617 3629 pastoris
2645 3573 2823 3614 sermo
2864 3555 3148 3626 compellat
3180 3573 3194 3608 :
3221 3562 3583 3608 verumtamen

2017 3650 2083 3703 ad
2107 3664 2202 3702 vos
2229 3650 2441 3718 proprie
2472 3666 2612 3703 nunc
2636 3650 2899 3718 dirigitur,
2914 3664 3136 3719 quorum
3159 3662 3346 3703 recens
3369 3645 3583 3700 infantia

2017 3738 2305 3807 spiritualis
2331 3738 2687 3807 generationis
2718 3739 3179 3792 Sacramentorum
3207 3736 3479 3790 cunabulis
3507 3735 3589 3788 in-

2018 3828 2260 3897 signitur.
2283 3826 2448 3881 Vobis
2473 3826 2613 3879 enim
2643 3826 2873 3878 maxime
2912 3840 3007 3893 per
3047 3826 3342 3893 apostolum
3371 3826 3585 3879 Petrum

2018 3921 2095 3975 sic
2108 3920 2345 3974 divinum
2362 3916 2630 3973 blanditur
2649 3917 2914 3984 eloquium
2940 3933 2952 3967 :
2978 3913 3217 3984 Deposita
3239 3932 3372 3984 ergo,
3395 3916 3583 3984 inquit,

2021 4012 2155 4082 omni
2182 4010 2377 4064 malitia
2411 4018 2459 4064 et
2495 4009 2631 4062 omni
2660 4007 2776 4061 dolo
2811 4017 2857 4060 et
2889 4006 3179 4059 adulatione
3224 4013 3272 4058 et
3313 4005 3500 4058 invidia
3542 4011 3587 4058 et

2020 4102 2343 4167 detractiOne,
2378 4110 2614 4170 tanquam
2658 4098 2808 4152 modo
2842 4098 2947 4150 nati
2972 4096 3190 4166 infantes
3218 4094 3513 4148 rationabile
3539 4104 3587 4147 et

2018 4197 2253 4250 innocens
2297 4194 2375 4247 lac
2416 4191 2783 4260 concupiscite;
2806 4198 2860 4242 ut
2888 4188 2940 4241 in
2967 4189 3054 4242 illo
3084 4186 3314 4240 crescetis
3357 4186 3408 4239 in
3446 4185 3587 4239 salu-

2020 4295 2138 4349 tem,
2155 4286 2198 4339 si
2210 4285 2444 4356 gustastis
2462 4283 2696 4351 quoniam
2716 4280 2878 4334 dulcis
2897 4289 2970 4334 est
2999 4278 3245 4332 Dominus
3271 4278 3289 4347 (
3315 4277 3331 4331 l
3364 4277 3502 4332 Petr.
3527 4293 3584 4335 tt.

2022 4378 2161 4445 1-5).
2201 4374 2429 4429 Proinde
2466 4374 2587 4443 quia
2620 4370 2898 4441 gustastis,
2930 4384 3027 4423 nos
3056 4375 3219 4422 testes
3248 4383 3467 4422 sumus:
3494 4381 3598 4420 nos

2021 4466 2171 4521 vobis
2196 4465 2334 4519 hanc
2358 4464 2669 4519 suavitatem
2698 4461 2915 4515 nutricis
2952 4459 3126 4513 ofllcio
3153 4459 3586 4512 ministravimus.

2021 4555 2173 4625 Agite
2206 4555 2380 4623 itaque
2423 4551 2676 4605 admoniti
2702 4558 2899 4604 sanctae
2928 4549 3095 4603 instar
3122 4547 3355 4602 infantiae
3376 4588 3389 4612 ,
3430 4548 3593 4617 depo-

2022 4647 2132 4700 nite
2182 4645 2466 4707 malitiam,
2508 4642 2719 4708 dolum,
2760 4640 3116 4695 adulationem
3158 4649 3212 4695 et
3247 4641 3491 4694 invidiam
3538 4648 3592 4694 et

2022 4736 2421 4792 detractionem.
2451 4732 2599 4786 Hanc
2642 4730 2997 4785 innocentiam
3036 4730 3114 4784 sic
3141 4739 3321 4784 tenere
3346 4730 3551 4783 debetis
3573 4771 3590 4797 ,

2022 4836 2081 4883 ut
2105 4842 2223 4883 eam
2262 4822 2556 4882 crescendo
2594 4835 2704 4877 non
2742 4822 3015 4877 amittatis.
3054 4820 3192 4888 Quid
3232 4830 3315 4876 est
3353 4821 3552 4876 malitia
3567 4858 3591 4887 ο,

2082 4961 2103 4982 ‘
2127 4954 2485 5021 neeognltusad
2504 4954 2626 5005 duos
2644 4951 2707 5004 el.
2725 4953 2908 5005 etduos
2927 4968 2970 5005 r.
2984 4955 3045 5007 ad
3065 4966 3140 5019 gr.
3159 4967 3252 5005 rm.
3272 4958 3373 5004 Am.
3396 4959 3470 5002 mn
3488 4959 3592 5002 Par.

2107 5082 2158 5141 a)
2181 5085 2338 5141 Forte,

2110 5138 2159 5201 ὸ)
2183 5138 2406 5201 Alias,'20
2432 5142 2563 5201 inter
2575 5139 2801 5201 nominas
2821 5138 2901 5201 50.

2110 5198 2158 5261 ο)
2180 5208 2231 5250 tn
2252 5198 2445 5250 Possidii
2488 5198 2712 5261 Indiculo.
2744 5213 2848 5261 mp.
2890 5199 2939 5260 8,
2963 5206 3188 5250 notantur
3208 5210 3463 5261 sermones
3488 5214 3513 5243 ι
3528 5200 3593 5261 de

2034 5282 2056 5310 ι
2071 5258 2153 5313 die
2174 5271 2447 5312 octavarum
2468 5259 2716 5310 Infantium
2737 5258 2833 5309 duo
2854 5274 2866 5308 :
2893 5258 2995 5311 nae
3016 5264 3238 5319 rursum,
3261 5273 3365 5319 cap.
3393 5258 3471 5313 10.
3494 5275 3517 5303 ι
3533 5260 3600 5306 de

2035 5341 2065 5371 te
2080 5324 2262 5389 octavis
2284 5321 2531 5389 [uiantium
2549 5328 2776 5389 tractatus
2795 5321 2906 5389 duo:
2927 5338 2949 5366 ι
2976 5330 3109 5389 [tunc
3130 5321 3210 5371 isti
3231 5320 3331 5369 diei
3346 5320 3602 5389 assignant

2028 5382 2336 5445 manuscripti
2371 5394 2578 5445 omnes._
2596 5383 2812 5445 Pertinet
2846 5382 2907 5430 ad
2948 5384 3137 5445 priores
3158 5394 3316 5445 annos
3332 5382 3601 5445 Augustini,

2029 5454 2085 5509 ut
2108 5459 2172 5509 ex
2191 5439 2301 5509 stilo
2325 5449 2476 5505 patet,
2500 5443 2581 5504 qui
2604 5441 2748 5505 plane
2769 5442 2896 5509 idem
2919 5439 2996 5493 est
3016 5456 3075 5493 ac
3109 5442 3349 5509 sermonis
3381 5439 3491 5509 2‘16,

2031 5508 2117 5556 biti
2148 5504 2289 5567 paulo
2329 5504 2434 5567 post
2470 5504 2746 5567 susceptum
2784 5505 2845 5553 ab
2876 5504 2979 5566 ipso
3008 5505 3423 5567 presbyteratum.
3458 5504 3601 5559 Bejici

2030 5562 2288 5615 voluerunt
2310 5562 2527 5629 Vfcrlinus
2542 5572 2601 5629 et
2615 5562 2918 5629 ‘vindingus',
2943 5562 3039 5617 stili
3068 5562 3437 5626 discrepantiam
3459 5572 3595 5623 oppo

2034 5638 2230 5688 nentes,
2256 5626 2340 5677 sed
2366 5627 2621 5675 immerito.
