4026 6186
276 301 409 352 1561

275 410 378 467 nisi
410 404 639 462 nocendi
668 402 850 458 amor?
882 400 1018 470 Quid
1059 406 1140 454 est
1167 397 1321 450 dolus
1343 434 1358 459 ,
1393 391 1492 446 nisi
1522 386 1661 443 aliud
1690 398 1846 454 agere

275 513 332 556 et
358 498 499 556 aliud
524 493 817 552 simulare?
832 492 967 559 Quid
989 498 1071 543 est
1093 487 1343 549 adulatio,
1372 483 1470 536 nisi
1494 478 1673 534 fallaci
1696 475 1850 529 laude

276 589 553 649 seductio?
604 586 741 654 Quid
793 596 876 641 est
922 583 1111 637 invidia
1141 622 1155 643 ,
1209 579 1308 633 nisi
1354 576 1536 631 odium
1585 569 1848 627 felicitatis

276 681 505 740 alienae?
529 679 667 748 Quid
699 687 784 733 est
801 674 1076 738 detractio,
1102 672 1199 725 nisi
1224 668 1539 727 mordacior,
1567 677 1722 732 quam
1750 675 1846 715 ve-

277 775 454 831 racior
481 767 857 841 reprehensio?
884 765 1076 819 Malitia
1117 762 1253 815 tnalo
1291 759 1583 813 delectatur
1629 753 1844 806 alieno:

277 866 568 925 invidentia
597 872 655 919 et
688 863 830 917 bono
868 858 1131 913 cruciatur
1167 854 1339 906 alieno
1380 867 1393 900 :
1423 848 1574 902 dolus
1617 844 1850 913 duplicat

275 975 375 1017 cor
400 977 415 1012 :
442 954 679 1013 adulatio
704 950 936 1021 duplicat
981 948 1219 1016 linguam.
1254 959 1267 993 :
1309 938 1564 994 detractio
1602 935 1851 990 vulnerat

278 1050 502 1107 famam.
544 1044 714 1113 Hujus
736 1049 912 1096 autem
938 1046 1127 1092 vestra:
1171 1031 1466 1088 innocentia
1515 1024 1807 1082 sanctitatis
1827 1063 1847 1091 ,

278 1140 531 1214 quoniam
556 1136 661 1191 lilia
691 1141 773 1190 est
809 1129 1105 1189 charitatis,
1130 1142 1229 1179 non
1260 1121 1441 1194 gaudet
1479 1135 1630 1190 super
1666 1116 1852 1183 iniqui-

280 1206 402 1294 tate,
430 1225 713 1300 congaudet
734 1232 901 1276 autem
924 1218 1121 1273 ueritati
1149 1216 1199 1286 (Ι
1224 1214 1340 1268 Cor.
1369 1227 1481 1273 xm,
1509 1210 1584 1279 6).
1613 1206 1850 1274 Simplex

254 1331 343 1377 -ιιι
380 1294 626 1375 columba
650 1355 667 1381 ,
699 1320 753 1366 et
778 1311 853 1364 sic
875 1316 1047 1364 astuta
1075 1313 1131 1359 ut
1156 1316 1374 1373 serpens
1402 1298 1613 1371 (Matth.
1636 1313 1690 1363 x,
1719 1294 1809 1364 16)
1832 1334 1849 1360 ,

260 1426 388 1466 non
420 1406 596 1463 studio
630 1400 875 1465 nocendi,
904 1398 998 1453 sed
1024 1402 1302 1450 nocentem
1330 1389 1568 1446 cavendi.

356 1496 577 1555 CAPUT
599 1492 818 1549 ll.——Ad
840 1490 976 1545 hanc
994 1501 1090 1541 vos
1110 1485 1377 1541 exhortor.
1406 1480 1606 1534 Talium
1629 1486 1701 1530 est
1721 1474 1853 1528 enim

282 1604 495 1661 regnum
515 1584 751 1639 certorum
791 1578 998 1651 (Matth.
1027 1590 1139 1637 xtx,
1176 1573 1287 1641 14),
1314 1570 1588 1625 humilium
1628 1566 1850 1629 scilicet,

288 1655 391 1735 hoc
417 1685 518 1742 est,
558 1671 903 1744 spiritualiter
929 1666 1286 1737 parvulorum.
1321 1661 1435 1715 Non
1460 1655 1808 1713 contemnatis
1829 1691 1847 1724 ,

289 1787 395 1826 non
420 1764 768 1823 abhorrentis.
796 1759 1101 1829 Magnorum
1127 1761 1209 1809 est
1232 1753 1328 1807 ista
1351 1749 1629 1821 pusillitas.
1658 1745 1857 1815 Super-

289 1863 378 1917 bia
406 1874 530 1914 vero
559 1856 716 1930 fallax
753 1850 1078 1907 inﬁrmorum
1117 1855 1200 1900 est
1232 1841 1571 1911 magnitudo;
1611 1851 1731 1907 qua:
1764 1833 1856 1890 ubi

290 1958 522 2009 mentem
562 1928 891 2018 possederit,
923 1935 1173 2008 erigendo
1198 1933 1419 2002 ‘dejicit,
1461 1928 1692 1985 inﬂando
1728 1939 1859 1980 eva—

292 2052 417 2100 cuat
434 2081 457 2109 ,
495 2032 846 2094 distendendo
891 2030 1128 2099 dissipat.
1156 2024 1380 2081 Humilis
1408 2037 1527 2078 esse
1550 2036 1656 2075 non
1686 2024 1860 2089 potest

294 2146 491 2187 nocens
512 2170 528 2196 ,
554 2126 815 2197 superbus
848 2136 967 2177 esse
1004 2134 1109 2175 non
1148 2125 1325 2187 potest
1349 2115 1624 2168 innocens.
1669 2110 1856 2165 ﬂumi-

293 2224 491 2276 litatem
524 2218 663 2273 illam
694 2215 909 2283 loquor,
951 2224 1070 2280 quae
1112 2223 1217 2262 non
1259 2204 1373 2261 vult
1416 2201 1663 2273 perituris
1700 2198 1860 2253 rebus

293 2312 553 2368 excellere
573 2350 588 2375 ,
617 2306 708 2363 sed
733 2314 987 2359 aeternum
1012 2299 1207 2370 aliquid
1232 2297 1491 2353 veraciter
1514 2294 1728 2363 cogitat,
1755 2305 1864 2361 quo

292 2419 399 2458 non
436 2401 552 2455 suis
577 2398 794 2463 viribus,
831 2394 922 2450 sed
949 2393 1123 2461 adjuta
1153 2389 1421 2460 perveniat
1449 2388 1487 2439 ³.
1514 2386 1639 2440 llaec
1666 2384 1862 2437 malum

293 2495 610 2563 cujusquam
636 2488 769 2543 velle
795 2501 898 2541 non
920 2491 1123 2554 potest,
1162 2496 1266 2551 quo
1292 2491 1620 2549 nequaquam
1665 2475 1862 2529 bonum

296 2587 411 2657 ejus
437 2591 678 2653 augetur.
723 2579 891 2634 Porro
929 2583 1106 2630 autem
1146 2570 1391 2641 superbia
1436 2568 1690 2623 continuo
1726 2564 1865 2634 parit

298 2656 568 2734 invidiam.
598 2672 739 2741 Quis
755 2683 884 2725 vero
922 2668 994 2722 sit
1032 2664 1261 2729 invidus,
1291 2662 1378 2733 qui
1426 2675 1531 2715 non
1576 2658 1625 2712 ei
1666 2656 1863 2711 malum

296 2770 441 2833 velit,
470 2765 622 2836 cujus
643 2764 785 2819 bono
808 2757 1110 2817 cruciatur?
1131 2757 1268 2825 Ergo
1288 2762 1342 2809 et
1367 2752 1559 2806 invidia
1580 2749 1717 2818 parit
1735 2763 1864 2802 con-

298 2866 581 2930 sequenter
608 2854 861 2910 malitiam
893 2868 907 2904 :
933 2848 1073 2904 unde
1102 2845 1342 2915 procedit
1369 2852 1427 2897 et
1450 2842 1606 2896 dolus
1642 2849 1695 2895 et
1733 2838 1867 2893 adu-

298 2928 424 3006 latio
458 2957 512 3004 et
539 2945 795 3001 detractio
818 2983 835 3009 ,
876 2950 931 2996 et
973 2952 1132 2993 omne
1174 2950 1308 3005 opus
1356 2934 1570 2996 malum,
1598 2929 1737 3000 quod
1762 2928 1867 2998 pati

301 3039 436 3095 nolis
459 3036 678 3092 abalio.
712 3033 805 3088 Pia
830 3032 1008 3100 itaque
1050 3026 1347 3082 humilitate
1389 3030 1621 3085 servata,
1660 3034 1778 3089 quae
1815 3018 1868 3071 in

303 3127 588 3199 Scripturis
637 3124 833 3179 sanctis
869 3128 1049 3175 sancta
1096 3116 1347 3187 probatur
1396 3111 1651 3175 infantia,
1695 3107 1868 3163 securi

300 3198 449 3275 eritis
476 3218 543 3273 de
570 3212 964 3271 immortalitate
1005 3209 1278 3265 beatorum
1309 3206 1329 3236 ³
1367 3221 1381 3257 :
1414 3201 1617 3257 Talium
1643 3198 1873 3254 est-enim

302 3326 511 3381 regnum
533 3308 815 3362 caelorm

378 3402 431 3456 2.
463 3400 603 3470 Erga
640 3397 803 3453 Deum
839 3392 999 3449 multo
1036 3392 1255 3446 maxime
1297 3386 1542 3444 servanda
1566 3382 1868 3439 innocentia.

305 3493 333 3546 1
342 3511 376 3546 n
427 3490 677 3545 Israelitis
716 3487 838 3541 data
888 3484 1153 3555 baptizatis
1196 3482 1362 3551 ﬁgura
1409 3478 1523 3531 vita:
1566 3472 1870 3529 christiana.

304 3584 474 3639 Porro
492 3581 582 3652 qui
601 3579 863 3649 superbus
876 3576 928 3631 in
946 3573 1191 3629 homines
1216 3585 1321 3626 non
1338 3578 1437 3633 est,
1459 3566 1625 3620 multo
1645 3563 1875 3619 maxime

299 3660 566 3729 adversus
586 3672 748 3725 Deum
776 3677 1059 3725 contumax
1086 3678 1205 3719 esse
1231 3676 1335 3717 non
1362 3660 1520 3715 debet
1565 3675 1579 3711 :
1624 3654 1873 3726 quoniam

298 3766 349 3821 si
382 3779 498 3819 non
518 3771 603 3817 est
622 3760 769 3815 alicui
800 3756 1097 3814 faciendum
1122 3752 1262 3824 quod
1285 3753 1509 3823 quisque
1540 3748 1608 3803 ab
1636 3747 1742 3800 alio
1766 3744 1875 3814 pati

301 3871 413 3910 non
442 3853 660 3917 vult,et
685 3849 857 3905 nullus
890 3842 1307 3901 hominum-vult
1347 3838 1736 3909 inobedientem
1768 3835 1875 3903 pati

301 3960 429 4001 eum
468 3944 559 4013 qui
602 3956 699 3995 suo
726 3939 831 4009 juri
856 3936 1096 3993 subditus
1135 3930 1291 3987 fuerit
1317 3946 1333 3995 ;
1364 3938 1563 3999 quanto
1589 3927 1756 3996 magis
1783 3939 1875 3979 ca-

302 4034 536 4090 vendum
562 4042 664 4096 est,
691 4045 759 4085 ne
785 4030 841 4083 in
861 4028 1027 4082 Deum
1053 4024 1329 4095 quisquam
1352 4020 1468 4075 talis
1491 4018 1713 4081 existat,
1744 4028 1883 4084 qua-

303 4131 414 4185 lem
439 4129 491 4182 in
522 4126 836 4182 seexistere
860 4121 1127 4176 hominem
1154 4133 1257 4173 non
1281 4116 1429 4171 vult?
1856 4134 1859 4137 ι

379 4220 605 4275 CAPUT
642 4217 729 4273 ιιι.
773 4244 847 4257 --
875 4213 1084 4268 Fallunt
1121 4208 1344 4281 proinde
1390 4208 1592 4262 animas
1631 4219 1753 4259 suas
1791 4203 1886 4273 qui

302 4312 558 4368 sufﬁcere
583 4307 923 4370 existimant,
953 4304 996 4358 si
1025 4301 1165 4373 quod
1201 4299 1299 4355 sibi
1344 4299 1456 4353 ﬁeri
1500 4296 1704 4359 nolunt,
1750 4292 1881 4347 nulli

304 4404 588 4457 hominum
619 4399 829 4463 faciant,
856 4409 1082 4464 seseque
1113 4393 1217 4445 vita
1249 4390 1515 4444 luxuriosa
1544 4388 1613 4441 ita
1640 4398 1889 4457 corrum—_

300 4503 465 4564 pnnt,
507 4500 565 4545 ut
600 4491 711 4544 Deo
747 4486 920 4541 facere
947 4490 1207 4540 conentur
1240 4479 1382 4551 quod
1421 4478 1520 4533 sibi
1562 4476 1629 4531 ab
1672 4474 1885 4528 homine

302 4562 427 4639 licri
454 4581 663 4636 nolunt.
693 4576 873 4648 Neque
900 4575 1042 4631 enim
1071 4572 1253 4627 volunt
1294 4586 1324 4624 a
1361 4582 1625 4639 quoquam
1657 4562 1891 4636 perverti

299 4676 536 4731 domum
561 4667 846 4737 suam,.qui
877 4666 930 4720 in
965 4681 1023 4720 se
1053 4663 1180 4733 ipsis
1217 4661 1432 4717 domum
1474 4658 1564 4713 Dei
1600 4652 1891 4711 miserabili

298 4766 559 4822 caecitate
600 4767 943 4832 pervertunt,
973 4755 1118 4811 surdi
1163 4754 1415 4808 adversus
1453 4747 1761 4820 Apostolum
1782 4744 1892 4799 cla—

298 4866 575 4919 mntem,
607 4850 836 4906 Nescitis
854 4849 973 4916 quia
1006 4845 1244 4915 templum
1272 4841 1365 4895 Dei
1401 4841 1552 4906 estis,
1584 4847 1629 4892 et
1666 4836 1892 4905 Spiritus

296 4950 412 5003 Dei
460 4944 655 4999 habitat
690 4944 743 4995 in
779 4938 956 4993 vobis?
983 4937 1043 4992 Si
1068 4936 1177 5007 quis
1202 4942 1367 4987 autem
1394 4929 1633 4999 templum
1662 4926 1757 4980 Dei
1784 4942 1897 4979 cora

294 5039 549 5108 rumpit,
593 5041 878 5100 corrumpet
918 5029 1061 5082 illum
1114 5025 1270 5079 Deus.
1326 5021 1589 5090 Templum
1632 5019 1761 5072 enim
1802 5016 1898 5070 Dei

292 5106 557 5187 unctum
578 5133 670 5189 est,
696 5122 829 5193 quod
853 5120 971 5174 estis
996 5134 1080 5172 vos
1106 5115 1162 5187 (l
1187 5114 1304 5168 Cor.
1330 5128 1408 5177 ιιι,
1437 5111 1504 5166 16
1522 5122 1570 5163 et
1591 5110 1701 5179 17).
1730 5106 1897 5162 Nemo

292 5241 363 5281 se
413 5220 592 5277 fallat.
622 5215 759 5283 Quid
788 5228 916 5282 ergo
942 5225 1000 5264 se
1024 5217 1212 5279 putant
1234 5219 1448 5261 servare
1471 5200 1771 5257 circaalios
1804 5198 1899 5252 ho-

292 5318 501 5373 mines
540 5305 895 5364 innocentiam
936 5315 1117 5364 suam,
1147 5313 1267 5353 eum
1313 5294 1412 5349 sibi
1456 5295 1525 5348 ita
1552 5298 1814 5353 noceant,
1843 5298 1903 5343 ut

291 5418 433 5473 Deo
473 5412 697 5464 careant
729 5402 1044 5464 habitatore,
1092 5405 1148 5452 et
1192 5395 1474 5465 puniantur
1517 5391 1726 5447 ultore?
1770 5389 1911 5444 Hinc

365 5570 383 5599 ι
412 5562 579 5617 aditi.
617 5558 703 5609 sed
736 5553 906 5607 alienis
937 5553 1003 5605 ad
1028 5553 1169 5604 vitam
1200 5551 1455 5617 perveniat.
1491 5549 1807 5598 Emendantur
1847 5545 1902 5599 ad

285 5624 691 5682 manserimus.

362 5696 385 5723 ί
416 5681 577 5743 με,
597 5681 839 5731 bonorum.

1706 258 1932 320 SERMO
1970 256 2224 321 CCCLlIt.

3387 271 3514 331 1562

1952 379 2111 435 etiam
2146 382 2202 436 lit
2246 394 2298 439 ut
2343 401 2439 457 per
2476 386 2657 441 noxias
2700 391 2998 459 voluptates
3034 387 3166 460 lapsi
3220 398 3273 445 et
3319 389 3469 445 effusi
3497 429 3516 456 ,

1952 491 2056 531 non
2098 478 2266 533 solum
2308 480 2496 549 templa
2520 480 2635 539 _Dci
2682 496 2801 537 esse
2842 480 3104 548 desinant,
3138 498 3316 537 verum
3356 482 3514 537 etiam

1952 570 2117 623 ruinae
2176 570 2341 632 fiant,
2401 572 2451 624 in
2497 572 2685 640 quibus
2729 571 2964 626 habitant
3010 574 3145 627 mala
3205 573 3506 639 daemonia,
3568 636 3571 637 ν

1952 660 2140 729 quibus
2181 662 2477 729 supplicare
2500 703 2515 728 ,
2545 672 2599 716 et
2621 677 2737 731 quae
2762 663 2936 717 colere
2963 663 3219 733 incipiunt
3247 682 3259 716 :
3286 666 3511 732 ﬁuntque

1951 752 2073 817 illis,
2094 760 2153 806 ιιι
2179 753 2372 806 dictum
2394 763 2494 819 est,
2522 755 2795 823 posteriora
2815 756 3059 809 deteriora
3084 756 3332 825 prioribus
3361 756 3510 827 (Luc.

1950 858 2023 907 xt,
2047 842 2161 914 9.6).
2186 842 2337 899 Unde
2359 860 2450 899 vos
2473 846 2675 899 semine
2697 847 2976 902 immortali
3000 836 3359 917 regeneratus,
3381 850 3517 903 sicut

1950 935 2193 1003 superius
2228 944 2444 1004 propter
2484 936 2769 991 malitiosos
2794 939 3015 993 nocendi
3039 940 3370 1009 cupiditates,
3399 943 3517 1011 qui-

1948 1023 2050 1079 bus
2092 1025 2151 1079 ﬁt
2192 1025 2491 1081 hominibus
2532 1027 2671 1097 quod
2703 1026 2946 1091 oderunt,
2988 1029 3059 1084 ita
3090 1040 3277 1098 postea
3297 1042 3515 1100 propter

1952 1130 2132 1190 turpes
2158 1133 2212 1178 et
2235 1123 2445 1178 illicitas
2473 1123 2648 1178 curuis
2674 1122 3051 1178 delectationes
3086 1134 3141 1179 et
3176 1124 3373 1179 nefaria
3424 1139 3513 1181 sa-

1952 1214 2164 1283 crilegia
2184 1254 2201 1281 ,
2243 1214 2431 1283 quibus
2476 1213 2718 1269 homines
2755 1230 2948 1270 nocere
2972 1214 3273 1270 hominibus
3300 1232 3403 1269 non
3432 1218 3507 1269 vi-

1952 1306 2175 1369 dentur,
2208 1320 2312 1359 non
2353 1304 2433 1359 eis
2470 1303 2713 1358 faciendo
2739 1305 2877 1373 quod
2909 1304 3120 1368 nolunt,
3151 1305 3247 1359 sed
3280 1306 3386 1359 Deo
3413 1321 3516 1361 non

1954 1396 2246 1451 obediendo
2277 1397 2361 1453 cui
2399 1407 2585 1452 cuncta
2618 1406 2743 1454 sunt
2778 1399 3015 1465 subdita,
3061 1401 3157 1470 ipsi
3185 1401 3519 1458 dominorum

1951 1486 2178 1543 Domino
2198 1486 2395 1541 faciunt
2421 1488 2561 1557 quod
2587 1488 2686 1543 sibi
2716 1504 2746 1543 a
2775 1491 2999 1545 servulis
3035 1491 3145 1545 suis
3170 1490 3281 1546 fieri
3312 1491 3518 1553 nolunt.

1954 1576 2092 1630 idem
2124 1578 2236 1645 ipse
2260 1577 2532 1648 apostolus
2561 1578 2749 1633 Petrus
2782 1579 3094 1648 alloquitur,
3120 1579 3302 1634 dicens
3330 1597 3343 1632 :
3374 1581 3525 1634 Cltrt'b

1953 1676 2030 1720 sto
2075 1683 2191 1736 ergo
2233 1684 2380 1738 passo
2424 1683 2514 1738 per
2550 1684 2778 1735 carnem,
2827 1678 2874 1723 et
2915 1686 2999 1724 vos
3027 1671 3199 1724 eadem
3225 1672 3526 1742 cogitatione

1955 1759 2240 1811 armamini.

2026 1846 2251 1904 CAPUT
2290 1849 2377 1904 IV.
2404 1880 2475 1891 —
2511 1850 2641 1915 Quia
2662 1852 2749 1922 qui
2774 1860 2999 1905 mortuus
3035 1862 3106 1906 est
3146 1868 3296 1906 carne
3320 1893 3336 1918 ,
3374 1850 3520 1906 desiit

1960 1956 2185 2010 peccare,
2215 1949 2266 1993 ut
2283 1941 2399 2010 jam
2424 1957 2525 1994 non
2560 1941 2819 1995 hominum
2846 1942 3121 2007 desideriis,
3156 1942 3242 1995 sed
3267 1942 3523 1996 voluntate

1958 2032 2055 2087 Dei
2079 2033 2324 2102 reliquum
2356 2034 2406 2085 in
2444 2048 2594 2085 carne
2624 2036 2772 2086 vivat.
2808 2032 3001 2103 Sufﬁcit
3048 2033 3179 2086 enim
3218 2033 3523 2102 praeteritum

1962 2133 2156 2194 tempus
2193 2123 2469 2177 voluntates
2493 2124 2716 2193 gentium
2753 2139 3120 2177 consummasse
3140 2124 3193 2176 in
3214 2123 3529 2186 libidinibus,

1962 2222 2008 2267 et
2039 2213 2391 2281 voluptatibus,
2419 2222 2465 2266 α
2482 2213 2935 2279 comessationibus,
2954 2216 3204 2282 potatione
3222 2224 3269 2267 et
3295 2216 3526 2283 nefandis

1962 2303 2212 2357 idolorum
2248 2304 2565 2358 servitutibus
2601 2303 2655 2373 (l
2682 2302 2823 2357 Petr.
2864 2320 2935 2370 tv,
2986 2303 3126 2373 1-5).
3157 2305 3360 2360 Sufficit
3386 2310 3526 2361 enim

1964 2394 2287 2462 praeteritum
2320 2402 2524 2463 tempus
2554 2394 2707 2449 luteis
2734 2393 2980 2461 operibus
3009 2402 3343 2463 peccatorum
3362 2438 3377 2461 ,
3405 2404 3525 2451 tau-

1965 2498 2119 2554 quam
2151 2481 2519 2554 !Egyptiorum
2554 2481 2897 2539 dominationi
2935 2487 3181 2540 servisse.
3226 2486 3341 2541 Jam
3386 2503 3531 2541 mare

1965 2574 2227 2641 Rubrum,
2256 2574 2523 2642 Baptisma
2570 2575 2770 2629 scilicet
2812 2575 3007 2633 Christi
3045 2578 3299 2646 sanguine
3345 2593 3533 2632 conse-

1968 2674 2191 2729 cratum,
2224 2680 2408 2719 verum
2449 2665 2641 2735 dejecit
2666 2664 3017 2733 Pharaonem,
3047 2665 3323 2738 Egyplios
3370 2667 3537 2723 inter-

1970 2757 2101 2812 emit
2122 2758 2171 2809 ‘z
2200 2756 2327 2812 nihil
2368 2758 2435 2813 de
2464 2757 2695 2828 peccatis
2719 2757 2996 2826 praeteritis
3027 2766 3276 2827 tanquam
3302 2757 3370 2813 de
3396 2758 3540 2813 inse-

1970 2847 2252 2916 quentibus
2275 2863 2305 2901 a
2337 2856 2483 2917 tergo
2509 2847 2750 2909 hostibus
2778 2846 3088 2902 formidetis.
3119 2847 3193 2901 De
3220 2856 3413 2902 cancro
3439 2863 3537 2902 co-

1971 2936 2134 3007 gitate
2174 2938 2295 2992 vitae
2339 2937 2495 3006 hujus
2524 2953 2762 2993 eremum
2802 2953 3094 3007 permeare.
3142 2946 3195 2992 et
3236 2938 3301 2992 ad
3344 2944 3539 2992 terram

1972 3029 2360 3099 promissionis,
2393 3044 2675 3098 supernam
2692 3028 3218 3095 Jerusalem,terram
3246 3028 3542 3083 viventium

1973 3122 2250 3191 pervenire
2278 3139 2291 3175 :
2320 3137 2387 3177 ne
2426 3122 2571 3177 verbi
2601 3121 2693 3177 Dei
2722 3130 3027 3191 contemptu
3059 3130 3303 3190 tanquam
3333 3134 3544 3174 manna:

1974 3212 2204 3278 fastidio,
2247 3213 2405 3268 corda
2436 3221 2610 3268 vestra
2648 3214 2788 3269 velut
2822 3228 2915 3268 ora
2953 3213 3205 3267 interiora
3242 3210 3542 3279 desipiant;

1973 3326 2043 3365 ne
2085 3311 2231 3365 cibos
2274 3311 2707 3378 concupiscentes
2745 3307 3024 3377 Egyptios
3048 3306 3116 3359 de
3137 3302 3402 3358 alimentis
3429 3316 3544 3358 coe-

1973 3401 2194 3456 lestibus
2241 3399 2582 3454 murmuretis
2612 3416 2624 3451 :
2653 3411 2721 3452 ne
2760 3395 3125 3462 fornicetnini,
3171 3394 3309 3450 sicut
3329 3393 3543 3463 quidam

1976 3494 2186 3549 illorum
2227 3490 2465 3546 fornicati
2496 3497 2653 3556 sunt;
2679 3497 2823 3544 etne
2845 3487 3060 3543 tentetis
3096 3483 3387 3549 Christum,
3409 3484 3547 3538 sicut

1978 3584 2189 3656 quidam
2220 3584 2428 3638 illorum
2453 3588 2807 3637 tentaverunt.
2832 3578 2887 3635 Si
2907 3579 3056 3633 vobis
3082 3577 3237 3631 fidem
3254 3574 3545 3631 Gentilium

1980 3677 2277 3733 sitientibus
2302 3674 2597 3730 amaritudo
2617 3672 2790 3742 aliqua
2814 3669 3355 3736 resistentium,.velut
3376 3682 3549 3737 aqua-

1982 3787 2096 3826 rum
2146 3771 2369 3825 illarum
2398 3782 2529 3837 quas
2575 3765 2738 3820 Israel
2765 3779 2881 3818 non
2902 3762 3072 3833 potuit
3105 3762 3318 3827 bibere,
3361 3774 3549 3816 occur-

1981 3865 2137 3928 rerit;
2173 3862 2374 3917 imitata
2423 3859 2627 3914 Domini
2667 3856 2934 3927 patientia,
2975 3855 3120 3909 velut
3155 3853 3350 3922 injecto
3373 3851 3561 3905 crucis-

1980 3955 2130 4024 ligno.
2170 3950 2493 4008 dulcescunt.
2541 3947 2599 4003 Si
2643 3946 2861 4001 tentatio
2906 3944 3205 4013 scrpentina
3250 3940 3547 3996 momorde-

1984 4047 2077 4109 rit;
2120 4049 2405 4111 conspccta
2458 4038 2599 4093 illius
2645 4036 2961 4091 exaltatione
2984 4031 3263 4102 serpentis,
3296 4041 3559 4099 tanquam

1983 4135 2169 4193 mortis
2212 4134 2269 4186 in
2313 4144 2471 4184 carne
2515 4126 2720 4182 Domini
2766 4126 2917 4179 victae
2960 4134 3117 4192 atque
3168 4118 3542 4188 triumpltatze,

1983 4226 2172 4283 eodem
2216 4222 2388 4278 crucis
2423 4218 2808 4274 medicamento
2845 4223 3079 4270 sanetur.
3118 4210 3175 4266 Si
3214 4206 3562 4263 adversarius

1984 4316 2314 4376 Amalechita
2336 4314 2437 4368 iter
2462 4309 2813 4367 intercludere
2850 4315 3009 4375 atque
3050 4302 3304 4373 impedire
3336 4296 3556 4354 conahiv

1989 4420 2075 4464 tur
2098 4451 2112 4473 ,
2150 4402 2676 4478 perseverantissima
2703 4398 3013 4455 extensione
3041 4393 3376 4449 brachiorum
3402 4389 3549 4458 ejus-

1987 4500 2107 4556 dem
2134 4497 2309 4552 crucis
2334 4494 2530 4549 indicio
2558 4499 2852 4562 superetur.
2886 4486 3007 4542 Veri
3042 4494 3094 4540 et
3118 4481 3355 4553 germani
3384 4488 3571 4535 estote-

1990 4587 2263 4644 christiani
2295 4603 2308 4639 :
2337 4584 2504 4639 nolite
2546 4579 2736 4636 imitari
2773 4575 2987 4632 nomine
3029 4573 3364 4635 christianos,
3392 4584 3560 4639 opere

1991 4692 2187 4735 vacuos
2211 4679 2253 4730 ¹.
2285 4672 2477 4730 lterum
2499 4672 2639 4734 dico,
2668 4677 2722 4724 et
2746 4681 2888 4736 saepe
2922 4662 3203 4719 dicendum
3225 4667 3306 4715 est
3328 4677 3342 4714 :
3367 4657 3575 4728 Sufﬁcit.

1996 4767 2301 4841 prmteritum
2343 4774 2536 4833 tempus
2573 4760 2849 4829 voluntates
2904 4755 3124 4828 gentium
3169 4764 3560 4808 consummasse.

1999 4859 2340 4918 Detestamini
2385 4865 2438 4911 et
2466 4852 2781 4910 aversamini
2806 4864 2966 4906 canes
2993 4860 3280 4902 conversos
3304 4842 3372 4899 ad
3391 4839 3566 4897 vomi-

1998 4971 2108 5016 tum
2150 4972 2303 5012 suum
2336 4972 2349 5007 :
2382 4948 2715 5009 detestamini
2743 4956 2798 5002 et
2823 4940 3139 4999 aversamini
3167 4937 3468 4994 mundatam
3508 4941 3566 4987 et

2000 5058 2271 5105 vacantem
2295 5046 2528 5108 domum,
2553 5056 2659 5112 quo
2706 5037 2989 5108 nequiores
3016 5034 3102 5087 alii
3124 5031 3337 5101 spiritus
3363 5034 3568 5095 septem

2000 5142 2351 5204 adducuntur,
2375 5144 2434 5191 ut
2462 5130 2876 5189 sint’novissima
2915 5123 3142 5179 hominis
3182 5118 3380 5189 pejora,
3409 5129 3568 5185 quam

2003 5240 2156 5288 erant
2192 5231 2379 5300 prima.
2411 5226 2519 5281 Vos
2553 5231 2788 5279 vestrum
2824 5214 3189 5272 mundaturem
3218 5214 3395 5263 tenete
3422 5203 3573 5257 habi-

2006 5334 2248 5379 tatorem.
2294 5317 2648 5385 Prtecipientes
2692 5312 2833 5366 enim
2878 5320 3113 5377 rogamus
3163 5318 3226 5356 ne
3263 5301 3316 5353 in
3358 5311 3573 5352 uacuum

2005 5416 2219 5487 gratiam
2243 5412 2339 5467 Dei
2354 5409 2610 5477 recipiatis
2632 5403 2709 5476 (ll
2732 5402 2851 5459 Cor.
2872 5417 2943 5466 vn,
2968 5399 3045 5468 1).
3071 5394 3266 5465 Sulﬁct't
3286 5394 3417 5445 enim
3442 5401 3575 5462 pr¢~

2075 5553 2089 5578 ι
2116 5548 2187 5594 sic
2226 5551 2331 5591 Mss.
2374 5548 2429 5589 At
2476 5537 2628 5596 editi,
2669 5534 2991 5584 euisceratam
3047 5538 3124 5577 tus
3163 5520 3393 5586 trajecit,
3443 5528 3576 5586 egy-

2278 5678 2431 5715 ranos.
2458 5670 2512 5712 Al
2532 5669 2655 5715 ΜΞ..
2673 5668 2857 5709 uacuos.
