4026 6186
429 326 564 384 1365

426 438 626 489 teritum
669 440 861 501 tempus
897 427 1175 483 voluntates
1203 420 1422 496 gentium
1465 429 1859 473 consummasse.
1892 411 2003 465 Λιι-

423 524 534 580 dite
553 533 605 577 et
629 521 925 592 apestolum
967 516 1183 575 Paulum
1210 530 1223 569 :
1251 510 1544 566 Humanum
1562 508 1675 560 dico
1699 513 1901 573 prapter
1927 502 2007 553 in-

427 617 714 687 ﬁrmitatem
749 613 916 667 carnis
952 620 1143 665 vestra.
1169 606 1313 661 Sicut
1334 603 1465 656 enim
1487 593 2011 654 exhibuistismembra

425 719 591 764 vestra
632 707 819 762 servire
846 701 1179 758 immunditite
1205 708 1251 751 et
1279 692 1534 765 iniquitati
1560 690 1627 742 ad
1656 689 1957 756 iniustitiam
1991 701 2009 739 :

421 802 499 859 sic
521 817 653 855 nunc
677 798 899 853 exhibete
926 793 1145 849 membra
1170 801 1330 846 vestra
1357 787 1540 842 servire
1556 783 1773 855 justititc
1798 781 1851 833 in
1894 796 2011 833 san-

424 893 779 964 ctiﬁcationem
806 889 986 961 (Rom.
1018 901 1086 947 vt,
1112 885 1225 954 19).

901 1018 1129 1077 SERMO
1164 1012 1405 1071 CCCLW
1431 1010 1529 1083 (a).

423 1117 507 1173 Ad
533 1114 852 1172 Continentes
876 1111 1075 1164 habitus
1103 1124 1120 1161 :
1145 1123 1251 1177 quo,
1277 1121 1360 1158 eos
1386 1104 1602 1173 primum
1641 1097 1880 1151 adversus
1918 1093 2010 1147 ob-

497 1218 783 1267 trectatores
802 1216 849 1259 et
867 1204 1061 1258 invidos
1079 1200 1384 1265 corroborat,
1409 1206 1514 1250 tum
1530 1192 1710 1248 deinde
1727 1188 2010 1261 superbiam

498 1317 669 1356 cavere
678 1299 823 1369 jubet
849 1296 944 1368 (b).

497 1411 723 1469 CAPUT
752 1406 1039 1465 PRIMUM.
1073 1435 1142 1445 -—
1168 1404 1220 1459 1.
1249 1400 1432 1455 Christi
1467 1398 1685 1451 membro
1731 1395 1785 1447 in
1832 1389 2010 1444 mundi

429 1504 601 1558 odium
620 1542 637 1568 ,
682 1503 752 1553 uti
801 1499 1033 1569 prtedircit
1062 1496 1169 1566 ipse
1188 1536 1203 1559 ,
1232 1508 1427 1547 necesse
1469 1500 1539 1544 est
1568 1490 1844 1552 incurrant.
1898 1483 2010 1536 lloc

431 1594 706 1650 admonuit
766 1591 1058 1653 Dominus,
1129 1601 1250 1641 cum
1304 1581 1649 1649 Evangelium
1702 1578 2005 1646 legeretur,

427 1688 674 1758 quoniam
702 1685 788 1754 qui
816 1682 984 1737 credit
1027 1682 1077 1733 in
1105 1694 1223 1733 eum
1245 1718 1260 1742 ,
1289 1675 1457 1730 credit
1486 1674 1536 1726 in
1576 1672 1721 1725 illum
1766 1666 1853 1737 qtti
1883 1680 2005 1720 eum

429 1780 573 1834 misit
601 1777 776 1846 (Joan.
803 1791 871 1828 xu
898 1816 912 1839 ,
940 1774 1052 1841 ib).
1078 1772 1291 1825 Missum
1323 1782 1441 1821 esse
1467 1764 1533 1818 ad
1556 1778 1651 1817 nos
1677 1762 2007 1815 Salvatorem

429 1869 629 1933 mundi,
661 1868 790 1921 ﬁdes
820 1864 1092 1919 verissima
1118 1869 1260 1915 tenet
1287 1878 1300 1913 :
1329 1855 1577 1927 quoniam
1605 1852 1872 1907 Christum
1896 1849 2011 1917 ipse

428 1959 680 2028 prurdicat
721 1957 961 2011 Christus
982 1997 994 2019 ,
1030 1953 1129 2007 hoc
1169 1959 1251 2004 est
1297 1963 1491 2018 corpus
1518 1942 1713 1999 Christi
1744 1949 1853 1995 toto
1879 1938 2009 1993 orbe

428 2049 698 2103 diffusum.
730 2048 783 2101 in
812 2047 960 2101 cmlis
990 2045 1129 2098 enim
1159 2043 1245 2096 ille
1270 2048 1385 2095 erat
1409 2080 1424 2105 ,
1456 2046 1507 2092 et
1535 2034 1771 2089 smvienti
1794 2032 1847 2085 in
1873 2040 2009 2083 terra

431 2142 753 2213 persecuturi
775 2139 999 2200 dicebat,
1032 2136 1166 2202 Quid
1193 2151 1268 2186 me
1289 2130 1593 2203 persequeris
1623 2125 1756 2198 (Act.
1789 2139 1845 2177 ιχ
1868 2162 1883 2187 ,
1914 2119 2010 2213 ii?

431 2210 528 2289 Ubi
563 2233 816 2286 Dominus
842 2230 916 2283 sic
937 2227 1197 2295 expressit
1223 2233 1276 2277 ct
1299 2224 1382 2275 hic
1410 2236 1470 2275 se
1497 2234 1616 2273 esse
1648 2217 1697 2270 in
1729 2213 1901 2268 nobis.
1923 2210 2012 2265 Sic

431 2334 572 2379 totus
600 2323 835 2376 crescit:
874 2320 996 2389 quia
1024 2314 1466 2387 quemadmodum
1517 2296 1603 2364 ille
1644 2309 1695 2361 in
1741 2309 1892 2363 nobis
1932 2314 2015 2363 est

433 2414 551 2477 hic,
586 2413 661 2466 sic
688 2420 742 2466 et
778 2425 874 2464 nos
905 2410 972 2463 ibi
1013 2409 1065 2461 in
1092 2406 1180 2460 illo
1212 2416 1410 2458 smnus.
1442 2400 1553 2454 Hoc
1596 2398 1718 2452 facit
1757 2412 2015 2465 compago

433 2505 724 2561 charitatis.
756 2502 871 2571 ipse
899 2501 986 2570 qui
1015 2505 1172 2566 caput
1197 2502 1435 2550 nostrum
1454 2533 1468 2554 ,
1514 2490 1755 2545 Salvator
1782 2497 1864 2542 est
1891 2502 2012 2541 cor-

435 2596 577 2666 poris
604 2594 705 2649 sui.
736 2592 996 2647 Prmdicat
1015 2603 1142 2657 ergo
1167 2585 1407 2639 Christus
1432 2581 1730 2642 Christum,
1762 2577 2018 2648 prmdicat

436 2702 628 2755 corpus
653 2692 810 2752 caput
834 2695 987 2734 suum
1013 2722 1027 2744 ,
1060 2687 1113 2734 et
1144 2685 1317 2730 tuetur
1342 2678 1500 2740 caput
1522 2685 1718 2738 corpus
1743 2683 1916 2721 suum.
1950 2666 2016 2721 Et

438 2775 560 2829 ideo
584 2788 682 2827 nos
711 2770 935 2824 mundus
962 2768 1071 2820 odit
1093 2806 1109 2831 ,
1151 2766 1284 2819 sicut
1310 2763 1377 2815 ab
1402 2762 1516 2829 ipso
1558 2759 1778 2813 Domino
1807 2756 2015 2810 audivi-

439 2878 554 2916 mus
576 2861 751 2932 (Joan.
784 2875 850 2912 xv
871 2901 885 2923 ,
916 2855 1113 2926 l8-2l).
1145 2854 1259 2908 Non
1287 2854 1426 2907 enim
1464 2850 1725 2920 Apostolis
1749 2847 1850 2901 hoc
1874 2847 2018 2900 dice-

442 2956 525 3006 hat
549 2951 748 3022 paucis,
772 2950 913 3020 quod
942 2948 1140 3002 odisset
1165 2961 1257 2999 eos
1286 2942 1534 3005 mundus;
1562 2950 1616 2995 et
1643 2941 1763 3010 quia
1785 2936 2017 3009 gaudere

439 3044 731 3104 deberent,
772 3055 890 3093 cum
932 3038 1010 3091 eis
1045 3034 1387 3090 detraherent
1425 3030 1665 3084 homines
1705 3035 1759 3083 et
1782 3027 2021 3081 dicerent

442 3134 619 3189 omnia
647 3132 781 3185 mala
804 3132 1081 3185 adversum
1108 3142 1201 3182 eos
1226 3169 1239 3191 ,
1270 3125 1389 3195 quia
1420 3130 1635 3193 propter
1664 3122 1777 3175 lucc
1815 3134 2020 3174 merces

443 3239 626 3279 eorum
654 3222 824 3291 major
850 3227 990 3275 esset
1020 3220 1072 3273 in
1101 3216 1251 3273 ccelis
1272 3214 1481 3288 (Matth.
1512 3230 1578 3279 v,
1613 3213 1671 3266 ll
1698 3254 1712 3277 ,
1743 3210 1835 3280 12)
1862 3228 1876 3275 ;
1915 3226 2019 3264 ιιοη

442 3317 520 3371 eis
549 3316 676 3370 solis
696 3314 828 3368 dixit
855 3313 1126 3376 Dominus,
1151 3325 1269 3366 eum
1302 3308 1416 3362 haec
1440 3307 1608 3361 dixit:
1638 3306 1729 3360 sed
1754 3305 1887 3358 dixit
1908 3302 2023 3357 uni-

442 3423 595 3463 νος-ευ
615 3407 822 3476 corpori
851 3420 981 3469 suo,
1019 3404 1152 3458 dixit
1179 3401 1424 3457 omnibus
1456 3397 1707 3454 membris
1732 3396 1862 3451 suis.
1896 3394 2024 3462 Qui-

442 3512 667 3568 cumque
695 3499 746 3550 in
771 3512 996 3565 corpore
1021 3495 1137 3563 ejus
1166 3504 1219 3548 et
1247 3492 1542 3547 membrum
1564 3491 1681 3559 ejus
1705 3505 1823 3545 esse
1849 3488 2025 3542 volue

442 3588 545 3652 rit,
577 3602 681 3641 non
711 3586 930 3639 miretur
957 3585 1075 3653 quia
1104 3583 1215 3635 odit
1239 3598 1358 3635 eum
1384 3580 1632 3634 mundus.

512 3679 569 3731 2.
598 3675 825 3731 Membra
848 3675 1034 3729 Christi
1068 3689 1168 3726 non
1196 3673 1356 3726 solum
1380 3687 1463 3724 eos
1486 3672 1570 3740 qui
1595 3671 1736 3741 foris,
1757 3669 1845 3723 sed
1872 3685 2024 3735 ques-

444 3768 565 3821 dam
613 3765 762 3821 etiam
805 3765 941 3818 intus
981 3763 1240 3834 patiuntur
1277 3761 1525 3814 inimicos.
1556 3760 1805 3828 Corporis
1847 3756 2044 3813 autem'

444 3857 563 3925 ejus
592 3863 996 3911 sacramentum
1038 3852 1190 3906 multi
1231 3850 1494 3919 accipiunt
1523 3868 1537 3905 :
1563 3849 1656 3905 sed
1695 3865 1799 3904 non
1839 3864 2025 3904 omnes

442 3950 533 4019 qui
561 3946 826 4017 accipiunt
851 3952 1235 4001 sacramentum
1260 3985 1275 4009 ,
1302 3942 1530 3997 habituri
1572 3950 1695 3996 sunt
1723 3940 1862 4011 apud
1905 3956 2026 3996 eum

445 4042 605 4097 etiam
634 4040 808 4094 locum
851 4037 1170 4108 promissum
1198 4035 1450 4091 membris
1474 4034 1606 4105 ejus.
1636 4033 1779 4089 Pene
1814 4032 2028 4103 quidem

444 4138 836 4186 sacramentum
866 4143 1051 4183 omnes
1079 4142 1276 4198 corpus
1298 4126 1411 4195 ejus
1431 4126 1613 4180 dicunt
1634 4124 1817 4194 ‘,’quia
1844 4138 2029 4177 omnes

444 4226 499 4278 in
533 4224 739 4292 pascuis
777 4224 893 4290 ejus
921 4222 1078 4275 simul
1112 4229 1331 4288 pascunt
1362 4236 1375 4271 :
1404 4218 1496 4273 sed
1525 4225 1779 4273 venturus
1818 4225 1901 4272 est
1940 4217 2029 4285 qui

444 4315 680 4381 dividat,
728 4321 785 4368 et
826 4312 960 4366 alios
999 4319 1161 4380 ponat
1187 4310 1251 4364 ad
1284 4308 1556 4364 dexteram
1581 4349 1597 4375 ,
1628 4309 1759 4363 alios
1786 4307 1852 4362 ad
1904 4307 2034 4362 siui-

446 4403 734 4461 stratn..Et
761 4412 982 4471 utraque
1008 4416 1129 4471 pars
1157 4400 1357 4455 dictura
1382 4406 1464 4453 est
1481 4440 1496 4464 ,
1528 4397 1763 4464 Domine,
1794 4398 2045 4464 Domine,‘

446 4494 651 4565 quando
673 4504 721 4547 te
746 4492 981 4557 vidimus,
1009 4499 1055 4545 et
1075 4489 1459 4543 ministrauimus
1475 4486 1561 4541 tibi
1578 4487 1605 4542 γ
1629 4488 1751 4552 vel,
1782 4487 1997 4541 Domine
2015 4527 2030 4552 ,

448 4584 651 4654 quando
672 4593 718 4637 te
739 4583 972 4648 uidimus,
995 4589 1040 4634 et
1061 4596 1160 4633 non
1184 4578 1575 4633 ministravimus
1596 4576 1721 4632 tibi?
1744 4578 1872 4632 Pars
1900 4588 2035 4632 utra-

448 4693 552 4747 que
580 4676 783 4731 dictura
829 4686 912 4730 est
940 4692 951 4727 :
982 4672 1068 4727 uni
1108 4681 1284 4727 tamen
1328 4671 1501 4736 dicet,
1550 4668 1755 4736 Venite,
1795 4670 2036 4723 benedicti

451 4768 627 4824 Patris
656 4772 770 4832 mei,
800 4767 1036 4837 pcreipite
1060 4781 1302 4837 regnum;
1329 4763 1500 4827 alteri,
1528 4763 1555 4817 1
1563 4774 1608 4816 te
1632 4764 1683 4816 in
1710 4764 1873 4833 ignem
1892 4772 2036 4815 teter-

452 4878 571 4916 mnu
590 4903 602 4925 ,
622 4864 709 4925 qui
737 4868 1046 4931 prteparatus
1072 4866 1143 4910 est
1166 4856 1365 4910 diabolo
1393 4866 1437 4910 et
1466 4854 1659 4927 angelis
1692 4856 1799 4925 ejus
1822 4853 2031 4927 (Matth.

453 4969 590 5012 xxv.
621 4950 835 5017 5-1-41).

521 5038 749 5103 CAPUT
776 5037 836 5091 ll.
864 5066 935 5076 —
958 5035 1073 5090 Non
1110 5049 1236 5105 ergo
1267 5033 1408 5088 solos
1436 5033 1679 5087 inimicos
1706 5042 1914 5087 nostros
1940 5033 2037 5087 de-

516 5181 531 5211 ¹
560 5175 854 5228 Fossatensis
893 5178 1035 5223 vetus
1066 5171 1250 5231 codex,
1285 5174 1648 5233 Sacrantentttm
1685 5168 1880 5233 quidem
1917 5182 2036 5233 pene

451 5253 613 5291 omnes
626 5244 786 5302 gentes
806 5234 970 5302 dicunt
985 5246 1156 5298 corpus
1173 5246 1291 5295 qus.
1306 5234 1378 5302 sic
1395 5232 1540 5302 etiam
1556 5231 2040 5302 Floriaeensis,_0mi_s-

452 5316 509 5351 so
532 5293 714 5350 tantum
738 5295 987 5355 vocabulo,
1010 5293 1374 5358 gentesJCarteri
1397 5293 1504 5344 fere
1522 5294 1827 5358 manuscripti
1850 5296 1914 5341 ab
1937 5293 2041 5358 edi-

454 5366 518 5412 tis
542 5360 605 5410 nil
628 5358 859 5409 differunt.
896 5352 984 5406 nisi
1011 5352 1391 5420 'ttjanspositione
1421 5353 1694 5420 particulae,
1726 5352 1819 5420 bbe
1856 5352 2033 5404 modo:

455 5432 582 5472 I’ene
603 5426 955 5481 sacramentum
981 5414 1173 5481 quidem
1196 5430 1356 5481 omnes
1377 5414 1556 5481 corpus
1572 5415 1674 5481 ejus
1702 5414 1883 5481 dicunt.

520 5485 538 5504 ⁶
566 5482 857 5543 necognitus
877 5479 938 5543 ad
960 5475 1061 5528 tres
1081 5480 1164 5543 bn.
1196 5478 1255 5526 ad
1280 5484 1480 5540 quatuor
1516 5475 1663 5526 cl.’ad
1687 5488 1731 5525 a.
1749 5478 1824 5525 ch.
1850 5475 1874 5523 f
1910 5475 1964 5524 is.
1986 5488 2037 5537 ς.

453 5548 517 5590 tr.
542 5556 609 5591 m.
646 5540 717 5591 ιιι-ἶ
745 5555 837 5590 rm.
878 5540 960 5591 vd.
981 5547 1033 5591 et
1055 5540 1114 5589 ad
1139 5549 1234 5587 Am.
1269 5546 1341 5587 Er.
1370 5547 1471 5588 Par.
1495 5545 1606 5588 Lov.

521 5604 596 5662 (τι)
624 5601 761 5661 Alias,
786 5602 850 5652 de
870 5602 1038 5652 Verbis
1060 5602 1239 5651 Domini
1256 5601 1333 5650 55.

524 5659 596 5725 (b)
620 5659 783 5712 Hortis
812 5681 835 5709 α
859 5676 1138 5713 sermonem
1166 5662 1229 5712 de
1260 5664 1427 5713 \et'bis
1465 5661 1683 5712 Domini»
1716 5659 1925 5723 appellat
1948 5659 2039 5708 adt

459 5731 564 5774 ατ.
592 5739 667 5772 \tu
694 5732 738 5772 el
770 5738 869 5773 xm.
1352 5742 1355 5743 ν

1668 299 1725 356 8.
1762 289 2121 354 Αυϐυετικι
2164 290 2461 347 EPlSCOPl

3563 289 3698 346 156i-

2113 433 2298 492 ptttare
2327 422 2612 488 debemus,
2653 420 2952 477 charissimi
2977 462 2994 488 ,
3033 421 3352 492 quicumque
3392 421 3529 477 bona
3569 438 3699 479 eon-

2113 514 2333 569 scientia
2358 512 2555 569 Christi
2584 511 2820 567 membra
2848 525 3067 576 sumus;
3090 525 3195 566 non
3223 512 3369 567 solos
3396 527 3491 569 eos
3518 513 3697 567 inimi-

2112 620 2205 660 cos
2249 612 2462 659 nostros
2488 611 2677 673 putare
2711 601 2999 667 debemus,
3038 601 3130 671 qui
3172 610 3355 669 aperte
3392 600 3524 657 foris
3551 614 3695 658 sunt.

2114 696 2275 753 Multo
2303 696 2444 751 enim
2470 694 2683 766 pejores
2707 702 2834 749 sunt
2871 694 2958 765 qui
2990 695 3132 749 intus
3174 693 3457 759 videntur,
3486 704 3540 750 et
3565 695 3697 751 foris

2113 794 2254 841 sunt.
2282 785 2481 841 Amant
2525 785 2667 840 enim
2706 784 2999 849 mundum;
3045 790 3100 839 et
3141 782 3263 839 ideo
3298 785 3423 840 mali
3453 796 3597 840 sunt.
3633 786 3698 842 Et

2113 877 2326 947 quidem
2346 876 2417 933 de
2440 877 2595 933 nobis
2618 890 2679 931 ea
2705 876 2974 941 sentiunt,
3004 889 3121 943 quae
3151 875 3249 945 ipsi
3270 875 3531 947 diligunt,
3557 887 3612 932 et
3642 880 3696 933 in

2114 966 2271 1039 hujus
2308 967 2490 1023 mundi
2528 967 2678 1038 quasi
2713 965 3150 1037 prosperitatibus
3177 967 3371 1035 quibus
3397 968 3701 1039 ingemisci-

2112 1074 2231 1115 mus
2254 1102 2271 1127 ,
2300 1060 2536 1116 invident
2564 1059 2739 1115 nobis.
2767 1058 2842 1113 lbi
2886 1073 2983 1112 nos
3020 1057 3202 1112 felices
3233 1067 3449 1128 putant,
3480 1060 3569 1114 ubi
3599 1075 3699 1115 nos

2114 1151 2492 1220 periclitamur.
2526 1150 2855 1205 Felicitatem
2894 1164 3022 1203 vero
3048 1157 3285 1203 nostram
3311 1150 3572 1204 internum
3599 1166 3697 1206 nec

2112 1248 2412 1304 noverunt;
2439 1239 2560 1310 quia
2589 1255 2693 1294 non
2732 1246 3095 1309 gustaverunt.
3125 1238 3258 1305 Quia
3290 1254 3417 1294 vero
3442 1240 3699 1310 quidquid

2115 1330 2268 1384 nobis
2298 1330 2662 1398 tetnpuralitcr
2687 1328 2915 1383 mundus
2938 1326 3154 1395 arridet,
3187 1329 3354 1399 magis
3376 1342 3458 1385 est
3488 1332 3695 1400 pericu-

2054 1456 2062 1464 ι
2113 1422 2239 1486 lum,
2272 1437 2429 1493 quam
2454 1432 2823 1476 ornamentum
2854 1428 3117 1487 nostrum,
3141 1422 3414 1488 nesciunt;
3442 1423 3563 1492 quia
3594 1423 3690 1477 ista

2116 1512 2445 1581 distinguere
2466 1510 2656 1582 gaudia
2675 1526 2795 1564 non
2816 1520 3098 1564 noverunt.

2187 1603 2241 1657 5.
2263 1600 2637 1656 Continentium
2657 1602 2793 1654 locus
2824 1602 3143 1655 excellentior
3180 1602 3233 1655 in
3256 1600 3445 1657 Christi
3468 1618 3694 1657 cornere.

2113 1692 2429 1747 Continentia
2452 1692 2676 1761 ipsorum
2704 1690 2767 1745 ob
2803 1691 2987 1744 invidis
3015 1691 3270 1745 mordetur
3293 1732 3310 1757 ,
3346 1700 3401 1745 ut
3440 1696 3695 1762 probetur.

2113 1782 2244 1837 Mali
2282 1783 2423 1837 bonis
2454 1782 2737 1837 necessarii.
2770 1780 2922 1837 Unde
2944 1780 3225 1835 hortamur
3249 1780 3573 1836 Charitatem
3602 1798 3693 1836 ve-

2113 1887 2279 1930 stram
2303 1914 2317 1938 ,
2344 1875 2577 1929 maxime
2601 1873 2725 1944 quia
2754 1887 2848 1927 vos
2891 1872 3133 1926 videmus
3160 1871 3485 1941 frequentius
3507 1887 3695 1927 conve-

2115 1968 2289 2032 nisse,
2315 1967 2405 2036 qui
2450 1966 2779 2036 prepositum
2816 1965 2972 2019 altius
3007 1964 3244 2029 habetis,
3271 1965 3323 2019 id
3358 1974 3472 2032 est,
3503 1966 3554 2019 in
3584 1966 3699 2036 ipso

2114 2071 2338 2124 corpore
2362 2056 2556 2111 Christi
2586 2072 2651 2109 ex
2671 2058 2786 2123 ejus
2816 2068 3037 2108 munere
3059 2094 3074 2117 ,
3107 2068 3212 2108 non
3250 2055 3453 2110 meritis
3474 2056 3696 2119 vestris,

2116 2148 2546 2202 excellentiorem
2569 2148 2739 2200 locum
2767 2145 2975 2210 tenetis,
3000 2145 3252 2199 habentes
3277 2146 3656 2201 conscientiam
3680 2148 3697 2177 ¹

2116 2255 2235 2308 qua:
2262 2254 2291 2292 a
2335 2240 2444 2293 Deo
2468 2239 2661 2293 donata
2705 2247 2799 2291 est.
2838 2237 2966 2290 Nam
2997 2246 3049 2289 et
3080 2236 3192 2305 ipsa
3233 2236 3387 2290 malis
3419 2244 3471 2290 et
3508 2236 3703 2290 invidis

2117 2329 2315 2381 nostris
2336 2328 2389 2380 in
2415 2328 2768 2395 suspicionem
2796 2328 2958 2380 venit.
2987 2327 3065 2379 Ad
3091 2326 3189 2379 hoc
3212 2334 3384 2379 tamen
3409 2320 3699 2390 mordetur,

2120 2429 2176 2472 ut
2206 2419 2474 2487 probetur.
2498 2417 2551 2471 Si
2572 2418 2715 2471 enim
2738 2417 2789 2469 in
2816 2417 2979 2484 ipsius
3001 2416 3347 2469 continentia
3372 2416 3702 2485 professione

2120 2508 2302 2564 laudes
2331 2510 2618 2577 qutcrimus
2648 2508 2947 2572 hominum,
2981 2506 3256 2560 deficimus
3280 2508 3704 2576 reprehensioni—

2120 2596 2221 2651 bus
2263 2597 2556 2651 hominum.
2597 2594 2728 2649 Cum
2774 2597 2847 2650 sis
2885 2604 3063 2649 castus
3101 2611 3286 2649 servus
3315 2596 3446 2658 Dei,
3491 2611 3617 2651 ecce
3655 2608 3704 2650 te

2121 2685 2349 2740 mundus
2375 2687 2673 2755 suspicatur
2698 2686 2918 2740 forsitan
2948 2686 3273 2755 impudicum
3293 2726 3307 2749 ,
3330 2694 3391 2740 et
3405 2686 3628 2749 mordet,
3652 2697 3706 2741 et

2120 2774 2483 2844 reprehendit,
2507 2784 2561 2829 et
2591 2775 2819 2830 libenter
2847 2775 2897 2829 in
2930 2775 3032 2829 tuis
3068 2774 3488 2829 detractionibus
3517 2776 3708 2829 immo-

2121 2874 2305 2929 ratur;
2350 2866 2625 2920 malevolm
2662 2866 2855 2936 quippe
2882 2866 3072 2919 anima:
3098 2866 3252 2935 quasi
3281 2864 3506 2919 dulciter
3528 2867 3704 2935 sapit,

2122 2958 2267 3026 quod
2288 2958 2521 3027 pessime
2547 2958 2876 3025 suSpicatur;
2904 2966 2958 3011 tu
2999 2966 3174 3012 autem
3200 2958 3244 3011 si
3289 2967 3504 3026 propter
3529 2957 3707 3011 laudes

2125 3046 2381 3101 humanas
2408 3049 2786 3102 continentiam
2834 3048 3108 3117 suscipere
3152 3047 3387 3113 voluisti,
3432 3047 3709 3116 reprehen-

2130 3138 2370 3193 sionibus
2399 3138 2642 3191 humanis
2666 3137 2925 3203 deiecisti,
2956 3145 3011 3194 et
3040 3146 3205 3193 totum
3230 3136 3371 3208 quod
3397 3138 3489 3192 tibi
3519 3152 3709 3207 propo-

2126 3242 2313 3282 sueras
2335 3267 2353 3287 ,
2385 3226 2680 3295 perdidisti.

2197 3316 2419 3372 CAPUT
2447 3316 2625 3369 lll.—
2662 3316 2828 3370 Porro
2873 3327 3051 3371 autem
3078 3317 3124 3371 si
3179 3317 3316 3372 nosti
3363 3316 3544 3371 dicere
3587 3331 3708 3372 cum

2127 3406 2407 3475 Apostolo,
2431 3405 2609 3459 Gloria
2627 3416 2798 3460 nostra
2828 3406 2934 3461 htec
2951 3416 3025 3460 est
3048 3447 3065 3474 ,
3092 3408 3430 3460 testimonium
3457 3408 3711 3461 conscien-

2130 3500 2215 3557 tia:
2235 3509 2419 3554 nostra?
2439 3498 2503 3568 (ll
2529 3498 2647 3553 Cor.
2671 3514 2710 3564 t,
2740 3499 2843 3569 li);
2879 3513 2985 3552 non
3013 3498 3185 3553 solum
3218 3498 3309 3551 tibi
3334 3498 3709 3567 reprehensio-

2130 3591 2287 3645 nibus
2312 3591 2612 3646 mereedem
2651 3606 2755 3644 non
2785 3589 3007 3655 minuit,
3032 3589 3127 3645 sed
3153 3598 3207 3643 et
3233 3588 3357 3642 facit
3378 3589 3708 3658 ampliorem.

2130 3682 2211 3736 Tu
2242 3692 2416 3737 tamen
2442 3699 2537 3752 pro
2567 3684 2655 3737 illo
2672 3698 2787 3748 ora,
2812 3698 2879 3737 ne
2899 3692 2986 3737 tua
3006 3681 3253 3737 mercede
3277 3681 3553 3735 moriatur.
3578 3680 3709 3735 Nam

2130 3778 2185 3825 et
2211 3771 2335 3824 hinc
2360 3772 2664 3836 probamur,
2691 3772 3012 3837 charissimi,
3039 3773 3162 3840 quia
3190 3774 3233 3827 si
3261 3787 3379 3827 non.
3397 3772 3712 3828 haberemus

2131 3861 2373 3915 inimicos
2394 3901 2408 3925 ,
2448 3877 2552 3914 non
2584 3870 2766 3915 essent
2798 3876 2895 3929 pro
2932 3862 3125 3931 quibus
3166 3879 3446 3918 orarcmus
3474 3879 3540 3919 ex
3574 3879 3712 3932 pra:-

2132 3960 2289 4021 cepto
2317 3950 2525 4005 Domini
2549 3952 2716 4005 nostri
2739 3951 2982 4018 dicentis,
3013 3948 3225 4021 Diligite
3247 3954 3476 4008 inimicos
3504 3965 3711 4020 uestros,

2134 4052 2179 4096 et
2205 4050 2347 4096 orate
2377 4059 2469 4112 pro
2495 4042 2565 4095 eis
2601 4042 2686 4111 qui
2709 4058 2795 4096 uos
2837 4042 3049 4096 oderunt
3076 4040 3286 4111 (Matth.
3329 4058 3385 4105 v,
3418 4043 3531 4113 44).
3563 4042 3716 4100 Unde

2137 4131 2426 4202 probamus
2446 4174 2462 4197 ,
2491 4132 2632 4187 unde
2660 4148 2757 4188 cor
2796 4139 3035 4187 nostrum
3079 4130 3467 4202 interrogamus
3490 4175 3505 4198 ,
3538 4143 3715 4189 utrum

2135 4222 2239 4278 hoc
2266 4222 2441 4279 facere
2469 4224 2757 4287 valeamus,
2790 4221 2835 4276 si
2863 4222 3062 4275 nullum
3086 4222 3376 4287 inimicum,
3408 4224 3607 4278 nullum
3633 4241 3719 4280 re-

2136 4314 2515 4383 prehensorem
2536 4354 2549 4378 ,
2596 4313 2799 4367 nullum
2839 4312 3195 4367 detractorem
3218 4352 3236 4379 ,
3266 4313 3467 4367 nullum
3497 4315 3720 4371 maledi-

2137 4420 2256 4461 cum
2279 4405 2646 4473 experiamur?
2672 4404 2873 4459 Videtis
2897 4419 3026 4474 ergo
3048 4405 3174 4474 quia
3198 4414 3253 4460 et
3280 4406 3403 4461 mali
3434 4410 3715 4463 necessarii

2138 4507 2263 4551 sunt
2281 4496 2455 4553 bonis.
2490 4497 2545 4551 In
2568 4498 2781 4553 fornace
2799 4496 3029 4567 quodam
3060 4496 3220 4552 modo
3241 4496 3475 4552 aurificis
3500 4514 3679 4552 sumus
3698 4541 3713 4564 ,

2140 4587 2243 4642 hoc
2261 4596 2364 4651 est,
2388 4588 2440 4641 in
2461 4586 2565 4642 hoc
2590 4588 2806 4642 mundo.
2834 4587 2893 4643 Si
2912 4603 3097 4642 aurum
3124 4602 3230 4641 non
3257 4602 3337 4656 es,
3366 4588 3519 4641 simul
3541 4587 3718 4644 ardes.

2121 4678 2193 4737 .Si
2215 4695 2403 4735 aurum
2431 4696 2521 4745 es,
2550 4680 2696 4749 palea
2724 4690 2812 4735 tua
2838 4689 2922 4735 est
2959 4681 3150 4736 malus.
3180 4679 3237 4735 Si
3263 4689 3318 4734 et
3357 4690 3409 4734 tu
3439 4679 3589 4750 palea
3620 4694 3680 4734 es
3703 4722 3718 4747 ,

2140 4769 2298 4823 simul
2324 4770 2476 4825 eritis
2506 4769 2702 4825 fumus.

2210 4861 2437 4918 CAPUT
2466 4862 2551 4915 IV.
2575 4890 2647 4903 -ν-
2669 4864 2723 4917 4.
2766 4860 2831 4916 1η
2856 4860 3043 4917 Christi
3079 4877 3288 4930 corpore
3312 4877 3412 4914 non
3433 4861 3531 4914 soli
3554 4863 3720 4916 conti-

2142 4970 2333 5021 nentes,
2354 4955 2443 5010 sed
2463 4957 2611 5009 etiam
2640 4958 2893 5027 conjugati
2918 4957 3083 5010 locum
3114 4955 3313 5010 habent.
3336 4955 3603 5026 Conjugati
3622 4955 3721 5009 hu-

2143 5047 2284 5103 miles
2313 5045 2538 5115 superbis
2556 5047 2917 5100 continentibus
2941 5047 3186 5099 meliores.
3210 5044 3589 5101 Verumtamen
3619 5046 3724 5114 pri-

2145 5158 2289 5196 mum
2320 5141 2372 5196 id
2404 5142 2657 5196 noveritis
2677 5182 2691 5207 ,
2722 5140 3049 5207 charissimi,
3079 5140 3130 5194 in
3157 5154 3384 5209 corpore
3406 5139 3601 5194 Christi
3632 5154 3724 5191 ex-

2143 5232 2453 5286 cellentiora
2480 5232 2714 5285 membra
2744 5246 2864 5285 esse
2884 5246 2988 5284 non
3010 5230 3141 5285 sola.
3161 5230 3255 5285 Est
3274 5230 3415 5284 enim
3433 5228 3724 5299 conjugalis

2147 5325 2252 5378 vita
2282 5325 2593 5389 laudabilis,
2642 5334 2694 5378 et
2740 5323 2900 5380 habet
2927 5325 2979 5378 in
3032 5339 3258 5394 corpore
3298 5323 3494 5379 Christi
3549 5324 3721 5378 locum

2147 5433 2299 5473 suum
2327 5417 2501 5471 :sicut
2539 5426 2592 5471 et
2618 5417 2668 5470 in
2698 5425 2881 5471 nostro
2907 5431 3132 5486 corpore
3161 5432 3265 5471 non
3297 5431 3356 5470 ea
3382 5416 3494 5469 sola
3530 5415 3727 5469 habent

2148 5506 2324 5560 locum
2351 5547 2363 5570 ,
2396 5521 2515 5576 qua:
2539 5506 2885 5561 excellentius
2912 5506 3082 5561 locata
3108 5512 3232 5560 sunt
3251 5548 3264 5571 ,
3305 5506 3442 5561 sicut
3464 5520 3651 5560 sensus
3675 5506 3725 5559 in

2153 5720 2188 5771 ι,
2213 5664 2226 5690 ³
2272 5666 2436 5767 Perbo,
2478 5659 2901 5710 continentt'tmt.-—-
2944 5657 3070 5723 Apud
3095 5667 3164 5709 Er.
3210 5659 3358 5721 Lugd.
3401 5653 3727 5722 \‘en.,scicn-

2172 5734 2280 5769 tam.
2392 5759 2399 5767 .

2172 5734 2280 5769 ιωη.
2348 5734 2399 5767 Μ.
