  <div class='ocr_page' id='page_1' title='image "/cluster/home/n/w/nwhite01/storage/ocr_20150623/39/hvd.32044096580618/046.png"; bbox 0 0 3996 6192; ppageno 0'>
   <div class='ocr_carea' id='block_1_1' title="bbox 143 373 288 432">
    <p class='ocr_par' dir='ltr' id='par_1_1' title="bbox 143 373 288 432">
     <span class='ocr_line' id='line_1_1' title="bbox 143 373 288 432; baseline -0.034 0"><span class='ocrx_word' id='word_1_1' title='bbox 143 373 288 432; x_wconf 75' lang='grc' dir='ltr'><strong>15ῢ5</strong></span> 
     </span>
    </p>
   </div>
   <div class='ocr_carea' id='block_1_2' title="bbox 145 475 1739 555">
    <p class='ocr_par' dir='ltr' id='par_1_2' title="bbox 145 475 1739 555">
     <span class='ocr_line' id='line_1_2' title="bbox 145 475 1739 555; baseline -0.009 -12"><span class='ocrx_word' id='word_1_2' title='bbox 145 487 286 543; x_wconf 73' lang='lat' dir='ltr'><strong>{acie</strong></span> <span class='ocrx_word' id='word_1_3' title='bbox 321 483 657 555; x_wconf 81' lang='lat' dir='ltr'><strong>stsperiorcm</strong></span> <span class='ocrx_word' id='word_1_4' title='bbox 679 481 919 550; x_wconf 84' lang='lat' dir='ltr'><strong>corporis</strong></span> <span class='ocrx_word' id='word_1_5' title='bbox 954 489 1158 550; x_wconf 85' lang='lat' dir='ltr'><strong>partem</strong></span> <span class='ocrx_word' id='word_1_6' title='bbox 1189 485 1610 545; x_wconf 79' lang='lat' dir='ltr'><strong>occupaverunt;</strong></span> <span class='ocrx_word' id='word_1_7' title='bbox 1645 475 1739 530; x_wconf 88' lang='lat' dir='ltr'><strong>sed</strong></span> 
     </span>
    </p>
   </div>
   <div class='ocr_carea' id='block_1_3' title="bbox 147 568 1742 648">
    <p class='ocr_par' dir='ltr' id='par_1_3' title="bbox 147 568 1742 648">
     <span class='ocr_line' id='line_1_3' title="bbox 147 568 1742 648; baseline -0.009 -13"><span class='ocrx_word' id='word_1_8' title='bbox 147 580 247 635; x_wconf 83' lang='lat' dir='ltr'><strong>nisi</strong></span> <span class='ocrx_word' id='word_1_9' title='bbox 275 577 445 648; x_wconf 89' lang='lat' dir='ltr'><strong>pedes</strong></span> <span class='ocrx_word' id='word_1_10' title='bbox 470 583 764 646; x_wconf 74' lang='lat' dir='ltr'><strong>portarent,</strong></span> <span class='ocrx_word' id='word_1_11' title='bbox 789 571 1042 643; x_wconf 78' lang='lat' dir='ltr'><strong>quidquid</strong></span> <span class='ocrx_word' id='word_1_12' title='bbox 1071 570 1295 625; x_wconf 88' lang='lat' dir='ltr'><strong>sublime</strong></span> <span class='ocrx_word' id='word_1_13' title='bbox 1321 579 1402 623; x_wconf 82' lang='lat' dir='ltr'><strong>est</strong></span> <span class='ocrx_word' id='word_1_14' title='bbox 1428 569 1480 623; x_wconf 89' lang='lat' dir='ltr'><strong>in</strong></span> <span class='ocrx_word' id='word_1_15' title='bbox 1507 579 1644 624; x_wconf 91' lang='lat' dir='ltr'><strong>terra</strong></span> <span class='ocrx_word' id='word_1_16' title='bbox 1667 568 1742 636; x_wconf 85' lang='lat' dir='ltr'><strong>ja-</strong></span> 
     </span>
    </p>
   </div>
   <div class='ocr_carea' id='block_1_4' title="bbox 148 659 1740 736">
    <p class='ocr_par' dir='ltr' id='par_1_4' title="bbox 148 659 1740 736">
     <span class='ocr_line' id='line_1_4' title="bbox 148 659 1740 736; baseline -0.009 -10"><span class='ocrx_word' id='word_1_17' title='bbox 148 679 318 726; x_wconf 83' lang='lat' dir='ltr'><strong>ceret.</strong></span> <span class='ocrx_word' id='word_1_18' title='bbox 349 667 503 725; x_wconf 82' lang='lat' dir='ltr'><strong>Unde</strong></span> <span class='ocrx_word' id='word_1_19' title='bbox 546 666 831 736; x_wconf 76' lang='lat' dir='ltr'><strong>Apostolus</strong></span> <span class='ocrx_word' id='word_1_20' title='bbox 868 664 996 719; x_wconf 90' lang='lat' dir='ltr'><strong>dicit</strong></span> <span class='ocrx_word' id='word_1_21' title='bbox 1025 680 1041 719; x_wconf 90' lang='lat'><strong>:</strong></span> <span class='ocrx_word' id='word_1_22' title='bbox 1071 661 1136 715; x_wconf 84' lang='lat' dir='ltr'><strong>Et</strong></span> <span class='ocrx_word' id='word_1_23' title='bbox 1162 677 1272 730; x_wconf 79' lang='lat' dir='ltr'><strong>quw</strong></span> <span class='ocrx_word' id='word_1_24' title='bbox 1311 659 1578 714; x_wconf 81' lang='lat' dir='ltr'><strong>inhonesta</strong></span> <span class='ocrx_word' id='word_1_25' title='bbox 1622 666 1740 713; x_wconf 85' lang='lat' dir='ltr'><strong>sunt</strong></span> 
     </span>
    </p>
   </div>
   <div class='ocr_carea' id='block_1_5' title="bbox 149 751 1736 830">
    <p class='ocr_par' dir='ltr' id='par_1_5' title="bbox 149 751 1736 830">
     <span class='ocr_line' id='line_1_5' title="bbox 149 751 1736 830; baseline -0.008 -14"><span class='ocrx_word' id='word_1_26' title='bbox 149 774 354 824; x_wconf 81' lang='lat' dir='ltr'><strong>nostra,</strong></span> <span class='ocrx_word' id='word_1_27' title='bbox 381 760 544 830; x_wconf 81' lang='lat' dir='ltr'><strong>magis</strong></span> <span class='ocrx_word' id='word_1_28' title='bbox 571 757 851 814; x_wconf 81' lang='lat' dir='ltr'><strong>necessaria</strong></span> <span class='ocrx_word' id='word_1_29' title='bbox 874 765 1007 810; x_wconf 88' lang='lat' dir='ltr'><strong>sunt.</strong></span> <span class='ocrx_word' id='word_1_30' title='bbox 1045 753 1178 809; x_wconf 84' lang='lat' dir='ltr'><strong>Deus</strong></span> <span class='ocrx_word' id='word_1_31' title='bbox 1205 751 1492 822; x_wconf 79' lang='lat' dir='ltr'><strong>tentperavit</strong></span> <span class='ocrx_word' id='word_1_32' title='bbox 1517 767 1702 820; x_wconf 83' lang='lat' dir='ltr'><strong>corpus</strong></span> <span class='ocrx_word' id='word_1_33' title='bbox 1719 790 1736 816; x_wconf 90' lang='lat'><strong>,</strong></span> 
     </span>
    </p>
   </div>
   <div class='ocr_carea' id='block_1_6' title="bbox 149 839 1743 914">
    <p class='ocr_par' dir='ltr' id='par_1_6' title="bbox 149 839 1743 914">
     <span class='ocr_line' id='line_1_6' title="bbox 149 839 1743 914; baseline -0.006 -7"><span class='ocrx_word' id='word_1_34' title='bbox 149 866 200 908; x_wconf 75' lang='lat' dir='ltr'><strong>at</strong></span> <span class='ocrx_word' id='word_1_35' title='bbox 224 870 329 906; x_wconf 84' lang='lat' dir='ltr'><strong>non</strong></span> <span class='ocrx_word' id='word_1_36' title='bbox 358 861 526 906; x_wconf 82' lang='lat' dir='ltr'><strong>essent</strong></span> <span class='ocrx_word' id='word_1_37' title='bbox 560 850 796 903; x_wconf 73' lang='lat' dir='ltr'><strong>scissum</strong></span> <span class='ocrx_word' id='word_1_38' title='bbox 827 847 878 900; x_wconf 89' lang='lat' dir='ltr'><strong>in</strong></span> <span class='ocrx_word' id='word_1_39' title='bbox 916 861 1127 914; x_wconf 81' lang='lat' dir='ltr'><strong>corpore</strong></span> <span class='ocrx_word' id='word_1_40' title='bbox 1165 841 1208 912; x_wconf 84' lang='lat' dir='ltr'><strong>(l</strong></span> <span class='ocrx_word' id='word_1_41' title='bbox 1232 842 1349 897; x_wconf 90' lang='lat' dir='ltr'><strong>Cor.</strong></span> <span class='ocrx_word' id='word_1_42' title='bbox 1388 857 1462 896; x_wconf 85' lang='lat' dir='ltr'><strong>xu</strong></span> <span class='ocrx_word' id='word_1_43' title='bbox 1484 882 1498 903; x_wconf 87' lang='lat'><strong>,</strong></span> <span class='ocrx_word' id='word_1_44' title='bbox 1528 839 1743 911; x_wconf 68' lang='lat'><strong>23-25).</strong></span> 
     </span>
    </p>
   </div>
   <div class='ocr_carea' id='block_1_7' title="bbox 153 930 1744 1002">
    <p class='ocr_par' dir='ltr' id='par_1_7' title="bbox 153 930 1744 1002">
     <span class='ocr_line' id='line_1_7' title="bbox 153 930 1744 1002; baseline -0.01 -3"><span class='ocrx_word' id='word_1_45' title='bbox 153 943 407 999; x_wconf 56' lang='lat' dir='ltr'><strong>.‘iovimutI</strong></span> <span class='ocrx_word' id='word_1_46' title='bbox 459 948 638 994; x_wconf 88' lang='lat' dir='ltr'><strong>autem</strong></span> <span class='ocrx_word' id='word_1_47' title='bbox 689 935 924 991; x_wconf 87' lang='lat' dir='ltr'><strong>membra</strong></span> <span class='ocrx_word' id='word_1_48' title='bbox 968 933 1200 998; x_wconf 80' lang='lat' dir='ltr'><strong>Christi,</strong></span> <span class='ocrx_word' id='word_1_49' title='bbox 1248 949 1366 1002; x_wconf 78' lang='lat' dir='ltr'><strong>qua:</strong></span> <span class='ocrx_word' id='word_1_50' title='bbox 1411 930 1744 1002; x_wconf 85' lang='lat' dir='ltr'><strong>conjugalem</strong></span> 
     </span>
    </p>
   </div>
   <div class='ocr_carea' id='block_1_8' title="bbox 157 1019 1744 1103">
    <p class='ocr_par' dir='ltr' id='par_1_8' title="bbox 157 1019 1744 1103">
     <span class='ocr_line' id='line_1_8' title="bbox 157 1019 1744 1103; baseline -0.009 -15"><span class='ocrx_word' id='word_1_51' title='bbox 157 1042 315 1103; x_wconf 77' lang='lat' dir='ltr'><strong>agunt</strong></span> <span class='ocrx_word' id='word_1_52' title='bbox 333 1032 527 1092; x_wconf 88' lang='lat' dir='ltr'><strong>v&#39;tam,</strong></span> <span class='ocrx_word' id='word_1_53' title='bbox 556 1029 598 1083; x_wconf 87' lang='lat' dir='ltr'><strong>si</strong></span> <span class='ocrx_word' id='word_1_54' title='bbox 627 1028 861 1082; x_wconf 85' lang='lat' dir='ltr'><strong>membra</strong></span> <span class='ocrx_word' id='word_1_55' title='bbox 883 1023 1078 1103; x_wconf 75' lang='lat' dir='ltr'><strong>Christi</strong></span> <span class='ocrx_word' id='word_1_56' title='bbox 1106 1031 1250 1086; x_wconf 85' lang='lat' dir='ltr'><strong>sunt,</strong></span> <span class='ocrx_word' id='word_1_57' title='bbox 1285 1023 1334 1076; x_wconf 88' lang='lat' dir='ltr'><strong>id</strong></span> <span class='ocrx_word' id='word_1_58' title='bbox 1363 1030 1464 1087; x_wconf 81' lang='lat' dir='ltr'><strong>est,</strong></span> <span class='ocrx_word' id='word_1_59' title='bbox 1487 1021 1531 1076; x_wconf 92' lang='lat' dir='ltr'><strong>si</strong></span> <span class='ocrx_word' id='word_1_60' title='bbox 1559 1019 1744 1076; x_wconf 87' lang='lat' dir='ltr'><strong>fideles</strong></span> 
     </span>
    </p>
   </div>
   <div class='ocr_carea' id='block_1_9' title="bbox 157 1099 1742 1186">
    <p class='ocr_par' dir='ltr' id='par_1_9' title="bbox 157 1099 1742 1186">
     <span class='ocr_line' id='line_1_9' title="bbox 157 1099 1742 1186; baseline -0.009 -8"><span class='ocrx_word' id='word_1_61' title='bbox 157 1099 273 1178; x_wconf 81' lang='lat' dir='ltr'><strong>sunt</strong></span> <span class='ocrx_word' id='word_1_62' title='bbox 298 1162 316 1186; x_wconf 92' lang='lat'><strong>,</strong></span> <span class='ocrx_word' id='word_1_63' title='bbox 357 1123 404 1176; x_wconf 91' lang='lat' dir='ltr'><strong>si</strong></span> <span class='ocrx_word' id='word_1_64' title='bbox 456 1119 690 1174; x_wconf 83' lang='lat' dir='ltr'><strong>futurum</strong></span> <span class='ocrx_word' id='word_1_65' title='bbox 737 1099 988 1172; x_wconf 27' lang='lat' dir='ltr'><strong>smcul‘um</strong></span> <span class='ocrx_word' id='word_1_66' title='bbox 1016 1115 1101 1169; x_wconf 81' lang='lat' dir='ltr'><strong>vel</strong></span> <span class='ocrx_word' id='word_1_67' title='bbox 1145 1122 1398 1183; x_wconf 90' lang='lat' dir='ltr'><strong>sperant,</strong></span> <span class='ocrx_word' id='word_1_68' title='bbox 1442 1111 1524 1167; x_wconf 87' lang='lat' dir='ltr'><strong>vel</strong></span> <span class='ocrx_word' id='word_1_69' title='bbox 1553 1126 1742 1182; x_wconf 82' lang='lat' dir='ltr'><strong>exspe—</strong></span> 
     </span>
    </p>
   </div>
   <div class='ocr_carea' id='block_1_10' title="bbox 158 1196 1745 1274">
    <p class='ocr_par' dir='ltr' id='par_1_10' title="bbox 158 1196 1745 1274">
     <span class='ocr_line' id='line_1_10' title="bbox 158 1196 1745 1274; baseline -0.008 -12"><span class='ocrx_word' id='word_1_70' title='bbox 158 1218 333 1274; x_wconf 85' lang='lat' dir='ltr'><strong>ctant,</strong></span> <span class='ocrx_word' id='word_1_71' title='bbox 364 1206 416 1261; x_wconf 88' lang='lat' dir='ltr'><strong>si</strong></span> <span class='ocrx_word' id='word_1_72' title='bbox 447 1212 641 1259; x_wconf 89' lang='lat' dir='ltr'><strong>norunt</strong></span> <span class='ocrx_word' id='word_1_73' title='bbox 660 1217 824 1272; x_wconf 88' lang='lat' dir='ltr'><strong>quare</strong></span> <span class='ocrx_word' id='word_1_74' title='bbox 861 1201 1071 1267; x_wconf 72' lang='lat' dir='ltr'><strong>signum</strong></span> <span class='ocrx_word' id='word_1_75' title='bbox 1101 1197 1294 1252; x_wconf 69' lang='lat' dir='ltr'><strong>Christi</strong></span> <span class='ocrx_word' id='word_1_76' title='bbox 1335 1204 1538 1266; x_wconf 83' lang='lat' dir='ltr'><strong>portent</strong></span> <span class='ocrx_word' id='word_1_77' title='bbox 1564 1237 1579 1261; x_wconf 90' lang='lat'><strong>,</strong></span> <span class='ocrx_word' id='word_1_78' title='bbox 1609 1196 1745 1250; x_wconf 83' lang='lat' dir='ltr'><strong>sicut</strong></span> 
     </span>
    </p>
   </div>
   <div class='ocr_carea' id='block_1_11' title="bbox 158 1285 1743 1366">
    <p class='ocr_par' dir='ltr' id='par_1_11' title="bbox 158 1285 1743 1366">
     <span class='ocr_line' id='line_1_11' title="bbox 158 1285 1743 1366; baseline -0.009 -12"><span class='ocrx_word' id='word_1_79' title='bbox 158 1299 403 1354; x_wconf 84' lang='lat' dir='ltr'><strong>novimus</strong></span> <span class='ocrx_word' id='word_1_80' title='bbox 420 1295 560 1366; x_wconf 89' lang='lat' dir='ltr'><strong>quod</strong></span> <span class='ocrx_word' id='word_1_81' title='bbox 583 1296 839 1348; x_wconf 81' lang='lat' dir='ltr'><strong>honorem</strong></span> <span class='ocrx_word' id='word_1_82' title='bbox 859 1289 1106 1346; x_wconf 85' lang='lat' dir='ltr'><strong>deferunt</strong></span> <span class='ocrx_word' id='word_1_83' title='bbox 1132 1289 1302 1352; x_wconf 87' lang='lat' dir='ltr'><strong>vobis;</strong></span> <span class='ocrx_word' id='word_1_84' title='bbox 1330 1286 1575 1341; x_wconf 83' lang='lat' dir='ltr'><strong>novimus</strong></span> <span class='ocrx_word' id='word_1_85' title='bbox 1601 1285 1743 1356; x_wconf 87' lang='lat' dir='ltr'><strong>quod</strong></span> 
     </span>
    </p>
   </div>
   <div class='ocr_carea' id='block_1_12' title="bbox 155 1376 1748 1451">
    <p class='ocr_par' dir='ltr' id='par_1_12' title="bbox 155 1376 1748 1451">
     <span class='ocr_line' id='line_1_12' title="bbox 155 1376 1748 1451; baseline -0.008 -8"><span class='ocrx_word' id='word_1_86' title='bbox 155 1389 413 1443; x_wconf 83' lang='lat' dir='ltr'><strong>meliores</strong></span> <span class='ocrx_word' id='word_1_87' title='bbox 433 1399 550 1440; x_wconf 87' lang='lat' dir='ltr'><strong>esse</strong></span> <span class='ocrx_word' id='word_1_88' title='bbox 575 1397 670 1437; x_wconf 86' lang='lat' dir='ltr'><strong>vos</strong></span> <span class='ocrx_word' id='word_1_89' title='bbox 687 1381 945 1451; x_wconf 74' lang='lat' dir='ltr'><strong>judicent,</strong></span> <span class='ocrx_word' id='word_1_90' title='bbox 963 1395 1120 1448; x_wconf 87' lang='lat' dir='ltr'><strong>quam</strong></span> <span class='ocrx_word' id='word_1_91' title='bbox 1152 1378 1248 1448; x_wconf 85' lang='lat' dir='ltr'><strong>ipsi</strong></span> <span class='ocrx_word' id='word_1_92' title='bbox 1278 1387 1420 1430; x_wconf 90' lang='lat' dir='ltr'><strong>sunt.</strong></span> <span class='ocrx_word' id='word_1_93' title='bbox 1451 1376 1553 1432; x_wconf 93' lang='lat' dir='ltr'><strong>Sed</strong></span> <span class='ocrx_word' id='word_1_94' title='bbox 1577 1392 1748 1446; x_wconf 84' lang='lat' dir='ltr'><strong>quan-</strong></span> 
     </span>
    </p>
   </div>
   <div class='ocr_carea' id='block_1_13' title="bbox 157 1467 1746 1539">
    <p class='ocr_par' dir='ltr' id='par_1_13' title="bbox 157 1467 1746 1539">
     <span class='ocr_line' id='line_1_13' title="bbox 157 1467 1746 1539; baseline -0.007 -7"><span class='ocrx_word' id='word_1_95' title='bbox 157 1490 263 1533; x_wconf 87' lang='lat' dir='ltr'><strong>tum</strong></span> <span class='ocrx_word' id='word_1_96' title='bbox 284 1493 387 1532; x_wconf 90' lang='lat' dir='ltr'><strong>vos</strong></span> <span class='ocrx_word' id='word_1_97' title='bbox 408 1477 484 1532; x_wconf 87' lang='lat' dir='ltr'><strong>illi</strong></span> <span class='ocrx_word' id='word_1_98' title='bbox 509 1478 800 1539; x_wconf 83' lang='lat' dir='ltr'><strong>honorant,</strong></span> <span class='ocrx_word' id='word_1_99' title='bbox 833 1481 1032 1526; x_wconf 88' lang='lat' dir='ltr'><strong>tantum</strong></span> <span class='ocrx_word' id='word_1_100' title='bbox 1060 1481 1115 1526; x_wconf 90' lang='lat' dir='ltr'><strong>et</strong></span> <span class='ocrx_word' id='word_1_101' title='bbox 1143 1485 1240 1523; x_wconf 92' lang='lat' dir='ltr'><strong>vos</strong></span> <span class='ocrx_word' id='word_1_102' title='bbox 1263 1477 1496 1523; x_wconf 91' lang='lat' dir='ltr'><strong>mutuam</strong></span> <span class='ocrx_word' id='word_1_103' title='bbox 1527 1467 1746 1522; x_wconf 88' lang='lat' dir='ltr'><strong>honori-</strong></span> 
     </span>
    </p>
   </div>
   <div class='ocr_carea' id='block_1_14' title="bbox 158 1559 1746 1636">
    <p class='ocr_par' dir='ltr' id='par_1_14' title="bbox 158 1559 1746 1636">
     <span class='ocr_line' id='line_1_14' title="bbox 158 1559 1746 1636; baseline -0.008 -11"><span class='ocrx_word' id='word_1_104' title='bbox 158 1570 427 1625; x_wconf 83' lang='lat' dir='ltr'><strong>ﬁcentiam</strong></span> <span class='ocrx_word' id='word_1_105' title='bbox 455 1568 534 1622; x_wconf 86' lang='lat' dir='ltr'><strong>eis</strong></span> <span class='ocrx_word' id='word_1_106' title='bbox 570 1575 827 1636; x_wconf 67' lang='lat' dir='ltr'><strong>praestare</strong></span> <span class='ocrx_word' id='word_1_107' title='bbox 854 1563 1080 1617; x_wconf 90' lang='lat' dir='ltr'><strong>debetis.</strong></span> <span class='ocrx_word' id='word_1_108' title='bbox 1121 1560 1176 1616; x_wconf 91' lang='lat' dir='ltr'><strong>Si</strong></span> <span class='ocrx_word' id='word_1_109' title='bbox 1208 1562 1350 1614; x_wconf 88' lang='lat' dir='ltr'><strong>enim</strong></span> <span class='ocrx_word' id='word_1_110' title='bbox 1379 1568 1463 1614; x_wconf 90' lang='lat' dir='ltr'><strong>est</strong></span> <span class='ocrx_word' id='word_1_111' title='bbox 1502 1560 1552 1613; x_wconf 92' lang='lat' dir='ltr'><strong>in</strong></span> <span class='ocrx_word' id='word_1_112' title='bbox 1595 1559 1746 1613; x_wconf 83' lang='lat' dir='ltr'><strong>vobis</strong></span> 
     </span>
    </p>
   </div>
   <div class='ocr_carea' id='block_1_15' title="bbox 157 1651 1746 1725">
    <p class='ocr_par' dir='ltr' id='par_1_15' title="bbox 157 1651 1746 1725">
     <span class='ocr_line' id='line_1_15' title="bbox 157 1651 1746 1725; baseline -0.008 -9"><span class='ocrx_word' id='word_1_113' title='bbox 157 1661 450 1724; x_wconf 84' lang='lat' dir='ltr'><strong>sanctitas,</strong></span> <span class='ocrx_word' id='word_1_114' title='bbox 478 1659 659 1712; x_wconf 89' lang='lat' dir='ltr'><strong>timete</strong></span> <span class='ocrx_word' id='word_1_115' title='bbox 687 1671 754 1710; x_wconf 90' lang='lat' dir='ltr'><strong>ne</strong></span> <span class='ocrx_word' id='word_1_116' title='bbox 782 1653 1014 1725; x_wconf 88' lang='lat' dir='ltr'><strong>perdatis</strong></span> <span class='ocrx_word' id='word_1_117' title='bbox 1039 1668 1180 1708; x_wconf 87' lang='lat' dir='ltr'><strong>eam.</strong></span> <span class='ocrx_word' id='word_1_118' title='bbox 1213 1651 1402 1707; x_wconf 84' lang='lat' dir='ltr'><strong>Unde?</strong></span> <span class='ocrx_word' id='word_1_119' title='bbox 1431 1652 1531 1705; x_wconf 89' lang='lat' dir='ltr'><strong>Per</strong></span> <span class='ocrx_word' id='word_1_120' title='bbox 1559 1665 1746 1720; x_wconf 77' lang='lat' dir='ltr'><strong>super—</strong></span> 
     </span>
    </p>
   </div>
   <div class='ocr_carea' id='block_1_16' title="bbox 159 1741 1742 1818">
    <p class='ocr_par' dir='ltr' id='par_1_16' title="bbox 159 1741 1742 1818">
     <span class='ocr_line' id='line_1_16' title="bbox 159 1741 1742 1818; baseline -0.007 -12"><span class='ocrx_word' id='word_1_121' title='bbox 159 1753 316 1807; x_wconf 87' lang='lat' dir='ltr'><strong>biam.</strong></span> <span class='ocrx_word' id='word_1_122' title='bbox 348 1751 524 1805; x_wconf 78' lang='lat' dir='ltr'><strong>Aliter</strong></span> <span class='ocrx_word' id='word_1_123' title='bbox 551 1749 685 1818; x_wconf 89' lang='lat' dir='ltr'><strong>perit</strong></span> <span class='ocrx_word' id='word_1_124' title='bbox 726 1747 980 1801; x_wconf 80' lang='lat' dir='ltr'><strong>sanctitas</strong></span> <span class='ocrx_word' id='word_1_125' title='bbox 1022 1744 1188 1809; x_wconf 84' lang='lat' dir='ltr'><strong>casti,</strong></span> <span class='ocrx_word' id='word_1_126' title='bbox 1226 1744 1270 1798; x_wconf 88' lang='lat' dir='ltr'><strong>si</strong></span> <span class='ocrx_word' id='word_1_127' title='bbox 1301 1743 1510 1797; x_wconf 83' lang='lat' dir='ltr'><strong>adulter</strong></span> <span class='ocrx_word' id='word_1_128' title='bbox 1549 1741 1742 1807; x_wconf 87' lang='lat' dir='ltr'><strong>fuerit;</strong></span> 
     </span>
    </p>
   </div>
   <div class='ocr_carea' id='block_1_17' title="bbox 161 1835 1748 1914">
    <p class='ocr_par' dir='ltr' id='par_1_17' title="bbox 161 1835 1748 1914">
     <span class='ocr_line' id='line_1_17' title="bbox 161 1835 1748 1914; baseline -0.006 -17"><span class='ocrx_word' id='word_1_129' title='bbox 161 1846 310 1898; x_wconf 81' lang='lat' dir='ltr'><strong>aliter</strong></span> <span class='ocrx_word' id='word_1_130' title='bbox 341 1843 502 1914; x_wconf 89' lang='lat' dir='ltr'><strong>perit,</strong></span> <span class='ocrx_word' id='word_1_131' title='bbox 533 1842 575 1896; x_wconf 87' lang='lat' dir='ltr'><strong>si</strong></span> <span class='ocrx_word' id='word_1_132' title='bbox 607 1840 866 1908; x_wconf 88' lang='lat' dir='ltr'><strong>superbus</strong></span> <span class='ocrx_word' id='word_1_133' title='bbox 897 1837 1010 1892; x_wconf 82' lang='lat' dir='ltr'><strong>ﬂat.</strong></span> <span class='ocrx_word' id='word_1_134' title='bbox 1044 1838 1108 1891; x_wconf 85' lang='lat' dir='ltr'><strong>Et</strong></span> <span class='ocrx_word' id='word_1_135' title='bbox 1127 1837 1297 1892; x_wconf 89' lang='lat' dir='ltr'><strong>audeo</strong></span> <span class='ocrx_word' id='word_1_136' title='bbox 1323 1835 1533 1902; x_wconf 88' lang='lat' dir='ltr'><strong>dicere,</strong></span> <span class='ocrx_word' id='word_1_137' title='bbox 1562 1835 1748 1905; x_wconf 89' lang='lat' dir='ltr'><strong>conju-</strong></span> 
     </span>
    </p>
   </div>
   <div class='ocr_carea' id='block_1_18' title="bbox 161 1925 1746 2003">
    <p class='ocr_par' dir='ltr' id='par_1_18' title="bbox 161 1925 1746 2003">
     <span class='ocr_line' id='line_1_18' title="bbox 161 1925 1746 2003; baseline -0.005 -17"><span class='ocrx_word' id='word_1_138' title='bbox 161 1937 327 2003; x_wconf 79' lang='lat' dir='ltr'><strong>galem</strong></span> <span class='ocrx_word' id='word_1_139' title='bbox 357 1943 578 2003; x_wconf 78' lang='lat' dir='ltr'><strong>agentes</strong></span> <span class='ocrx_word' id='word_1_140' title='bbox 603 1933 786 1997; x_wconf 89' lang='lat' dir='ltr'><strong>vitam,</strong></span> <span class='ocrx_word' id='word_1_141' title='bbox 817 1930 860 1983; x_wconf 91' lang='lat' dir='ltr'><strong>si</strong></span> <span class='ocrx_word' id='word_1_142' title='bbox 896 1937 1076 1984; x_wconf 87' lang='lat' dir='ltr'><strong>tenent</strong></span> <span class='ocrx_word' id='word_1_143' title='bbox 1101 1927 1474 1992; x_wconf 78' lang='lat' dir='ltr'><strong>humilitatem.</strong></span> <span class='ocrx_word' id='word_1_144' title='bbox 1503 1925 1746 1996; x_wconf 86' lang='lat' dir='ltr'><strong>superbis</strong></span> 
     </span>
    </p>
   </div>
   <div class='ocr_carea' id='block_1_19' title="bbox 163 2017 1743 2079">
    <p class='ocr_par' dir='ltr' id='par_1_19' title="bbox 163 2017 1743 2079">
     <span class='ocr_line' id='line_1_19' title="bbox 163 2017 1743 2079; baseline -0.006 0"><span class='ocrx_word' id='word_1_145' title='bbox 163 2027 316 2079; x_wconf 79' lang='lat' dir='ltr'><strong>castis</strong></span> <span class='ocrx_word' id='word_1_146' title='bbox 344 2024 600 2078; x_wconf 84' lang='lat' dir='ltr'><strong>meliores</strong></span> <span class='ocrx_word' id='word_1_147' title='bbox 623 2029 765 2076; x_wconf 90' lang='lat' dir='ltr'><strong>sunt.</strong></span> <span class='ocrx_word' id='word_1_148' title='bbox 791 2019 1104 2075; x_wconf 90' lang='lat' dir='ltr'><strong>Cousideret</strong></span> <span class='ocrx_word' id='word_1_149' title='bbox 1129 2019 1269 2073; x_wconf 89' lang='lat' dir='ltr'><strong>enim</strong></span> <span class='ocrx_word' id='word_1_150' title='bbox 1298 2017 1539 2073; x_wconf 83' lang='lat' dir='ltr'><strong>Charitas</strong></span> <span class='ocrx_word' id='word_1_151' title='bbox 1569 2027 1743 2070; x_wconf 88' lang='lat' dir='ltr'><strong>vestra</strong></span> 
     </span>
    </p>
   </div>
   <div class='ocr_carea' id='block_1_20' title="bbox 163 2108 1747 2185">
    <p class='ocr_par' dir='ltr' id='par_1_20' title="bbox 163 2108 1747 2185">
     <span class='ocr_line' id='line_1_20' title="bbox 163 2108 1747 2185; baseline -0.004 -17"><span class='ocrx_word' id='word_1_152' title='bbox 163 2116 298 2185; x_wconf 80' lang='lat' dir='ltr'><strong>quod</strong></span> <span class='ocrx_word' id='word_1_153' title='bbox 325 2116 447 2170; x_wconf 91' lang='lat' dir='ltr'><strong>dico</strong></span> <span class='ocrx_word' id='word_1_154' title='bbox 472 2133 486 2169; x_wconf 91' lang='lat'><strong>:</strong></span> <span class='ocrx_word' id='word_1_155' title='bbox 511 2113 778 2168; x_wconf 89' lang='lat' dir='ltr'><strong>diabolum</strong></span> <span class='ocrx_word' id='word_1_156' title='bbox 807 2110 1080 2172; x_wconf 83' lang='lat' dir='ltr'><strong>attendite,</strong></span> <span class='ocrx_word' id='word_1_157' title='bbox 1105 2109 1358 2181; x_wconf 72' lang='lat' dir='ltr'><strong>numquid</strong></span> <span class='ocrx_word' id='word_1_158' title='bbox 1389 2109 1437 2164; x_wconf 89' lang='lat' dir='ltr'><strong>ei</strong></span> <span class='ocrx_word' id='word_1_159' title='bbox 1470 2109 1519 2162; x_wconf 90' lang='lat' dir='ltr'><strong>iu</strong></span> <span class='ocrx_word' id='word_1_160' title='bbox 1545 2108 1747 2177; x_wconf 87' lang='lat' dir='ltr'><strong>judicio</strong></span> 
     </span>
    </p>
   </div>
   <div class='ocr_carea' id='block_1_21' title="bbox 165 2201 1746 2277">
    <p class='ocr_par' dir='ltr' id='par_1_21' title="bbox 165 2201 1746 2277">
     <span class='ocr_line' id='line_1_21' title="bbox 165 2201 1746 2277; baseline -0.005 -13"><span class='ocrx_word' id='word_1_161' title='bbox 165 2210 254 2264; x_wconf 85' lang='lat' dir='ltr'><strong>Dei</strong></span> <span class='ocrx_word' id='word_1_162' title='bbox 280 2207 638 2277; x_wconf 84' lang='lat' dir='ltr'><strong>objiciendum</strong></span> <span class='ocrx_word' id='word_1_163' title='bbox 683 2212 766 2260; x_wconf 89' lang='lat' dir='ltr'><strong>est</strong></span> <span class='ocrx_word' id='word_1_164' title='bbox 801 2204 1118 2258; x_wconf 75' lang='lat' dir='ltr'><strong>adulterium</strong></span> <span class='ocrx_word' id='word_1_165' title='bbox 1146 2212 1235 2256; x_wconf 88' lang='lat' dir='ltr'><strong>aut</strong></span> <span class='ocrx_word' id='word_1_166' title='bbox 1265 2202 1580 2256; x_wconf 85' lang='lat' dir='ltr'><strong>fornicatio?</strong></span> <span class='ocrx_word' id='word_1_167' title='bbox 1604 2201 1746 2256; x_wconf 85' lang='lat' dir='ltr'><strong>Nihil</strong></span> 
     </span>
    </p>
   </div>
   <div class='ocr_carea' id='block_1_22' title="bbox 166 2292 1747 2367">
    <p class='ocr_par' dir='ltr' id='par_1_22' title="bbox 166 2292 1747 2367">
     <span class='ocr_line' id='line_1_22' title="bbox 166 2292 1747 2367; baseline -0.004 -14"><span class='ocrx_word' id='word_1_168' title='bbox 166 2300 346 2353; x_wconf 86' lang='lat' dir='ltr'><strong>borum</strong></span> <span class='ocrx_word' id='word_1_169' title='bbox 392 2298 537 2360; x_wconf 87' lang='lat' dir='ltr'><strong>facit,</strong></span> <span class='ocrx_word' id='word_1_170' title='bbox 566 2297 654 2367; x_wconf 89' lang='lat' dir='ltr'><strong>qui</strong></span> <span class='ocrx_word' id='word_1_171' title='bbox 679 2311 784 2350; x_wconf 89' lang='lat' dir='ltr'><strong>non</strong></span> <span class='ocrx_word' id='word_1_172' title='bbox 813 2293 971 2349; x_wconf 83' lang='lat' dir='ltr'><strong>habet</strong></span> <span class='ocrx_word' id='word_1_173' title='bbox 1003 2309 1237 2349; x_wconf 90' lang='lat' dir='ltr'><strong>carnem.</strong></span> <span class='ocrx_word' id='word_1_174' title='bbox 1267 2292 1390 2348; x_wconf 88' lang='lat' dir='ltr'><strong>Sola</strong></span> <span class='ocrx_word' id='word_1_175' title='bbox 1416 2301 1535 2348; x_wconf 88' lang='lat' dir='ltr'><strong>eum</strong></span> <span class='ocrx_word' id='word_1_176' title='bbox 1563 2307 1747 2362; x_wconf 90' lang='lat' dir='ltr'><strong>super-</strong></span> 
     </span>
    </p>
   </div>
   <div class='ocr_carea' id='block_1_23' title="bbox 166 2385 1316 2455">
    <p class='ocr_par' dir='ltr' id='par_1_23' title="bbox 166 2385 1316 2455">
     <span class='ocr_line' id='line_1_23' title="bbox 166 2385 1316 2455; baseline -0.009 -11"><span class='ocrx_word' id='word_1_177' title='bbox 166 2392 247 2444; x_wconf 83' lang='lat' dir='ltr'><strong>bia</strong></span> <span class='ocrx_word' id='word_1_178' title='bbox 269 2401 322 2444; x_wconf 92' lang='lat' dir='ltr'><strong>et</strong></span> <span class='ocrx_word' id='word_1_179' title='bbox 350 2388 552 2443; x_wconf 84' lang='lat' dir='ltr'><strong>invidia</strong></span> <span class='ocrx_word' id='word_1_180' title='bbox 572 2387 732 2440; x_wconf 89' lang='lat' dir='ltr'><strong>mittit</strong></span> <span class='ocrx_word' id='word_1_181' title='bbox 753 2385 806 2440; x_wconf 91' lang='lat' dir='ltr'><strong>in</strong></span> <span class='ocrx_word' id='word_1_182' title='bbox 835 2385 1009 2455; x_wconf 77' lang='lat' dir='ltr'><strong>ignem</strong></span> <span class='ocrx_word' id='word_1_183' title='bbox 1039 2392 1316 2437; x_wconf 54' lang='lat' dir='ltr'><strong>attentum.</strong></span> 
     </span>
    </p>
   </div>
   <div class='ocr_carea' id='block_1_24' title="bbox 231 2472 1749 2547">
    <p class='ocr_par' dir='ltr' id='par_1_24' title="bbox 231 2472 1749 2547">
     <span class='ocr_line' id='line_1_24' title="bbox 231 2472 1749 2547; baseline -0.005 -12"><span class='ocrx_word' id='word_1_184' title='bbox 231 2478 462 2535; x_wconf 79' lang='lat' dir='ltr'><strong>CAPUT</strong></span> <span class='ocrx_word' id='word_1_185' title='bbox 496 2477 559 2532; x_wconf 83' lang='lat' dir='ltr'><strong>V.</strong></span> <span class='ocrx_word' id='word_1_186' title='bbox 598 2506 664 2517; x_wconf 95' lang='lat'><strong><em>—</em></strong></span> <span class='ocrx_word' id='word_1_187' title='bbox 708 2477 760 2532; x_wconf 88' lang='grc'><strong>5.</strong></span> <span class='ocrx_word' id='word_1_188' title='bbox 811 2475 1062 2547; x_wconf 83' lang='lat' dir='ltr'><strong>Superbia</strong></span> <span class='ocrx_word' id='word_1_189' title='bbox 1108 2473 1312 2527; x_wconf 66' lang='lat' dir='ltr'><strong>invidit:</strong></span> <span class='ocrx_word' id='word_1_190' title='bbox 1354 2483 1532 2526; x_wconf 84' lang='lat' dir='ltr'><strong>mater.</strong></span> <span class='ocrx_word' id='word_1_191' title='bbox 1581 2472 1749 2542; x_wconf 84' lang='lat' dir='ltr'><strong>Agnes</strong></span> 
     </span>
    </p>
   </div>
   <div class='ocr_carea' id='block_1_25' title="bbox 167 2565 1750 2645">
    <p class='ocr_par' dir='ltr' id='par_1_25' title="bbox 167 2565 1750 2645">
     <span class='ocr_line' id='line_1_25' title="bbox 167 2565 1750 2645; baseline -0.005 -19"><span class='ocrx_word' id='word_1_192' title='bbox 167 2574 296 2645; x_wconf 68' lang='lat' dir='ltr'><strong>virgo</strong></span> <span class='ocrx_word' id='word_1_193' title='bbox 314 2581 362 2626; x_wconf 85' lang='lat' dir='ltr'><strong>et</strong></span> <span class='ocrx_word' id='word_1_194' title='bbox 388 2569 624 2640; x_wconf 80' lang='lat' dir='ltr'><strong>Crispina</strong></span> <span class='ocrx_word' id='word_1_195' title='bbox 653 2569 851 2633; x_wconf 84' lang='lat' dir='ltr'><strong>mulier,</strong></span> <span class='ocrx_word' id='word_1_196' title='bbox 880 2567 1042 2621; x_wconf 71' lang='lat' dir='ltr'><strong>ambae</strong></span> <span class='ocrx_word' id='word_1_197' title='bbox 1069 2575 1332 2636; x_wconf 80' lang='lat' dir='ltr'><strong>martyres.</strong></span> <span class='ocrx_word' id='word_1_198' title='bbox 1365 2565 1633 2620; x_wconf 86' lang='lat' dir='ltr'><strong>Continens</strong></span> <span class='ocrx_word' id='word_1_199' title='bbox 1664 2582 1750 2618; x_wconf 86' lang='lat' dir='ltr'><strong>co-</strong></span> 
     </span>
    </p>
   </div>
   <div class='ocr_carea' id='block_1_26' title="bbox 167 2657 1747 2733">
    <p class='ocr_par' dir='ltr' id='par_1_26' title="bbox 167 2657 1747 2733">
     <span class='ocr_line' id='line_1_26' title="bbox 167 2657 1747 2733; baseline -0.004 -15"><span class='ocrx_word' id='word_1_200' title='bbox 167 2666 278 2733; x_wconf 83' lang='lat' dir='ltr'><strong>gitet</strong></span> <span class='ocrx_word' id='word_1_201' title='bbox 297 2661 420 2730; x_wconf 86' lang='lat' dir='ltr'><strong>quid</strong></span> <span class='ocrx_word' id='word_1_202' title='bbox 463 2660 562 2714; x_wconf 82' lang='lat' dir='ltr'><strong>sibi</strong></span> <span class='ocrx_word' id='word_1_203' title='bbox 603 2659 764 2725; x_wconf 86' lang='lat' dir='ltr'><strong>desit,</strong></span> <span class='ocrx_word' id='word_1_204' title='bbox 796 2676 896 2713; x_wconf 87' lang='lat' dir='ltr'><strong>non</strong></span> <span class='ocrx_word' id='word_1_205' title='bbox 921 2658 1044 2728; x_wconf 72' lang='lat' dir='ltr'><strong>quid</strong></span> <span class='ocrx_word' id='word_1_206' title='bbox 1072 2658 1223 2712; x_wconf 85' lang='lat' dir='ltr'><strong>adsit.</strong></span> <span class='ocrx_word' id='word_1_207' title='bbox 1266 2658 1433 2712; x_wconf 84' lang='lat' dir='ltr'><strong>Servo</strong></span> <span class='ocrx_word' id='word_1_208' title='bbox 1479 2673 1606 2726; x_wconf 82' lang='lat' dir='ltr'><strong>ergo</strong></span> <span class='ocrx_word' id='word_1_209' title='bbox 1653 2657 1747 2712; x_wconf 87' lang='lat' dir='ltr'><strong>Dei</strong></span> 
     </span>
    </p>
   </div>
   <div class='ocr_carea' id='block_1_27' title="bbox 168 2748 1744 2822">
    <p class='ocr_par' dir='ltr' id='par_1_27' title="bbox 168 2748 1744 2822">
     <span class='ocr_line' id='line_1_27' title="bbox 168 2748 1744 2822; baseline -0.006 -13"><span class='ocrx_word' id='word_1_210' title='bbox 168 2756 244 2809; x_wconf 86' lang='lat' dir='ltr'><strong>cui</strong></span> <span class='ocrx_word' id='word_1_211' title='bbox 270 2751 599 2822; x_wconf 86' lang='lat' dir='ltr'><strong>subrepserit</strong></span> <span class='ocrx_word' id='word_1_212' title='bbox 624 2750 904 2819; x_wconf 85' lang='lat' dir='ltr'><strong>superbia,</strong></span> <span class='ocrx_word' id='word_1_213' title='bbox 942 2749 1195 2803; x_wconf 91' lang='lat' dir='ltr'><strong>continuo</strong></span> <span class='ocrx_word' id='word_1_214' title='bbox 1223 2748 1292 2802; x_wconf 91' lang='lat' dir='ltr'><strong>ibi</strong></span> <span class='ocrx_word' id='word_1_215' title='bbox 1329 2755 1411 2803; x_wconf 87' lang='lat' dir='ltr'><strong>est</strong></span> <span class='ocrx_word' id='word_1_216' title='bbox 1450 2756 1504 2801; x_wconf 90' lang='lat' dir='ltr'><strong>et</strong></span> <span class='ocrx_word' id='word_1_217' title='bbox 1531 2748 1744 2802; x_wconf 85' lang='lat' dir='ltr'><strong>invidia.</strong></span> 
     </span>
    </p>
   </div>
   <div class='ocr_carea' id='block_1_28' title="bbox 167 2839 1748 2914">
    <p class='ocr_par' dir='ltr' id='par_1_28' title="bbox 167 2839 1748 2914">
     <span class='ocr_line' id='line_1_28' title="bbox 167 2839 1748 2914; baseline -0.004 -13"><span class='ocrx_word' id='word_1_218' title='bbox 167 2847 274 2901; x_wconf 78' lang='lat' dir='ltr'><strong>Non</strong></span> <span class='ocrx_word' id='word_1_219' title='bbox 310 2851 485 2914; x_wconf 90' lang='lat' dir='ltr'><strong>potest</strong></span> <span class='ocrx_word' id='word_1_220' title='bbox 525 2844 789 2911; x_wconf 88' lang='lat' dir='ltr'><strong>superbus</strong></span> <span class='ocrx_word' id='word_1_221' title='bbox 817 2856 933 2897; x_wconf 90' lang='lat' dir='ltr'><strong>esse</strong></span> <span class='ocrx_word' id='word_1_222' title='bbox 965 2855 1066 2895; x_wconf 84' lang='lat' dir='ltr'><strong>neu</strong></span> <span class='ocrx_word' id='word_1_223' title='bbox 1114 2840 1342 2894; x_wconf 90' lang='lat' dir='ltr'><strong>invidus.</strong></span> <span class='ocrx_word' id='word_1_224' title='bbox 1393 2840 1588 2894; x_wconf 79' lang='lat' dir='ltr'><strong>invidia</strong></span> <span class='ocrx_word' id='word_1_225' title='bbox 1640 2839 1748 2894; x_wconf 89' lang='lat' dir='ltr'><strong>ﬂlia</strong></span> 
     </span>
    </p>
   </div>
   <div class='ocr_carea' id='block_1_29' title="bbox 169 2929 1751 3004">
    <p class='ocr_par' dir='ltr' id='par_1_29' title="bbox 169 2929 1751 3004">
     <span class='ocr_line' id='line_1_29' title="bbox 169 2929 1751 3004; baseline -0.004 -13"><span class='ocrx_word' id='word_1_226' title='bbox 169 2944 244 2992; x_wconf 86' lang='lat' dir='ltr'><strong>est</strong></span> <span class='ocrx_word' id='word_1_227' title='bbox 269 2933 534 3004; x_wconf 70' lang='lat' dir='ltr'><strong>superbia:</strong></span> <span class='ocrx_word' id='word_1_228' title='bbox 567 2950 580 2985; x_wconf 94' lang='lat'>:</span> <span class='ocrx_word' id='word_1_229' title='bbox 610 2931 705 2986; x_wconf 85' lang='lat' dir='ltr'><strong>sed</strong></span> <span class='ocrx_word' id='word_1_230' title='bbox 735 2930 832 2985; x_wconf 87' lang='lat' dir='ltr'><strong>ista</strong></span> <span class='ocrx_word' id='word_1_231' title='bbox 862 2939 1034 2986; x_wconf 87' lang='lat' dir='ltr'><strong>mater</strong></span> <span class='ocrx_word' id='word_1_232' title='bbox 1055 2931 1221 2986; x_wconf 85' lang='lat' dir='ltr'><strong>nescit</strong></span> <span class='ocrx_word' id='word_1_233' title='bbox 1246 2943 1364 2983; x_wconf 91' lang='lat' dir='ltr'><strong>esse</strong></span> <span class='ocrx_word' id='word_1_234' title='bbox 1399 2929 1632 2994; x_wconf 85' lang='lat' dir='ltr'><strong>sterilis;</strong></span> <span class='ocrx_word' id='word_1_235' title='bbox 1661 2929 1751 2984; x_wconf 91' lang='lat' dir='ltr'><strong>ubi</strong></span> 
     </span>
    </p>
   </div>
   <div class='ocr_carea' id='block_1_30' title="bbox 170 3019 1752 3091">
    <p class='ocr_par' dir='ltr' id='par_1_30' title="bbox 170 3019 1752 3091">
     <span class='ocr_line' id='line_1_30' title="bbox 170 3019 1752 3091; baseline -0.002 -12"><span class='ocrx_word' id='word_1_236' title='bbox 170 3024 344 3088; x_wconf 86' lang='lat' dir='ltr'><strong>fuerit,</strong></span> <span class='ocrx_word' id='word_1_237' title='bbox 374 3023 632 3079; x_wconf 91' lang='lat' dir='ltr'><strong>continuo</strong></span> <span class='ocrx_word' id='word_1_238' title='bbox 657 3021 811 3091; x_wconf 87' lang='lat' dir='ltr'><strong>parit.</strong></span> <span class='ocrx_word' id='word_1_239' title='bbox 837 3019 906 3075; x_wconf 90' lang='lat' dir='ltr'><strong>ilt</strong></span> <span class='ocrx_word' id='word_1_240' title='bbox 929 3029 1107 3074; x_wconf 88' lang='lat' dir='ltr'><strong>autem</strong></span> <span class='ocrx_word' id='word_1_241' title='bbox 1133 3036 1239 3074; x_wconf 91' lang='lat' dir='ltr'><strong>non</strong></span> <span class='ocrx_word' id='word_1_242' title='bbox 1265 3020 1334 3075; x_wconf 86' lang='lat' dir='ltr'><strong>sit</strong></span> <span class='ocrx_word' id='word_1_243' title='bbox 1361 3021 1414 3074; x_wconf 89' lang='lat' dir='ltr'><strong>in</strong></span> <span class='ocrx_word' id='word_1_244' title='bbox 1441 3019 1617 3084; x_wconf 88' lang='lat' dir='ltr'><strong>vobis,</strong></span> <span class='ocrx_word' id='word_1_245' title='bbox 1652 3019 1752 3076; x_wconf 91' lang='lat' dir='ltr'><strong>hoc</strong></span> 
     </span>
    </p>
   </div>
   <div class='ocr_carea' id='block_1_31' title="bbox 168 3109 1752 3185">
    <p class='ocr_par' dir='ltr' id='par_1_31' title="bbox 168 3109 1752 3185">
     <span class='ocr_line' id='line_1_31' title="bbox 168 3109 1752 3185; baseline -0.003 -17"><span class='ocrx_word' id='word_1_246' title='bbox 168 3116 428 3185; x_wconf 87' lang='lat' dir='ltr'><strong>cogitate,</strong></span> <span class='ocrx_word' id='word_1_247' title='bbox 472 3109 860 3184; x_wconf 83' lang='lat' dir='ltr'><strong>persecutionis</strong></span> <span class='ocrx_word' id='word_1_248' title='bbox 911 3119 1152 3180; x_wconf 87' lang='lat' dir='ltr'><strong>tempore</strong></span> <span class='ocrx_word' id='word_1_249' title='bbox 1202 3125 1308 3165; x_wconf 90' lang='lat' dir='ltr'><strong>non</strong></span> <span class='ocrx_word' id='word_1_250' title='bbox 1357 3110 1521 3166; x_wconf 87' lang='lat' dir='ltr'><strong>solam</strong></span> <span class='ocrx_word' id='word_1_251' title='bbox 1566 3109 1752 3181; x_wconf 80' lang='lat' dir='ltr'><strong>Aguen</strong></span> 
     </span>
    </p>
   </div>
   <div class='ocr_carea' id='block_1_32' title="bbox 170 3199 1752 3272">
    <p class='ocr_par' dir='ltr' id='par_1_32' title="bbox 170 3199 1752 3272">
     <span class='ocr_line' id='line_1_32' title="bbox 170 3199 1752 3272; baseline -0.001 -13"><span class='ocrx_word' id='word_1_252' title='bbox 170 3204 325 3259; x_wconf 83' lang='lat' dir='ltr'><strong>fuisse</strong></span> <span class='ocrx_word' id='word_1_253' title='bbox 352 3210 662 3258; x_wconf 88' lang='lat' dir='ltr'><strong>coronatam</strong></span> <span class='ocrx_word' id='word_1_254' title='bbox 703 3201 958 3272; x_wconf 82' lang='lat' dir='ltr'><strong>virginem</strong></span> <span class='ocrx_word' id='word_1_255' title='bbox 980 3243 994 3265; x_wconf 90' lang='lat'><strong>,</strong></span> <span class='ocrx_word' id='word_1_256' title='bbox 1037 3201 1129 3257; x_wconf 89' lang='lat' dir='ltr'><strong>sed</strong></span> <span class='ocrx_word' id='word_1_257' title='bbox 1158 3210 1212 3257; x_wconf 89' lang='lat' dir='ltr'><strong>et</strong></span> <span class='ocrx_word' id='word_1_258' title='bbox 1239 3199 1534 3270; x_wconf 80' lang='lat' dir='ltr'><strong>Crispinam</strong></span> <span class='ocrx_word' id='word_1_259' title='bbox 1565 3200 1752 3258; x_wconf 86' lang='lat' dir='ltr'><strong>mulie-</strong></span> 
     </span>
    </p>
   </div>
   <div class='ocr_carea' id='block_1_33' title="bbox 169 3290 1756 3362">
    <p class='ocr_par' dir='ltr' id='par_1_33' title="bbox 169 3290 1756 3362">
     <span class='ocr_line' id='line_1_33' title="bbox 169 3290 1756 3362; baseline -0.002 -14"><span class='ocrx_word' id='word_1_260' title='bbox 169 3309 278 3348; x_wconf 80' lang='lat' dir='ltr'><strong>rem</strong></span> <span class='ocrx_word' id='word_1_261' title='bbox 307 3311 320 3346; x_wconf 94' lang='lat'>:</span> <span class='ocrx_word' id='word_1_262' title='bbox 352 3300 410 3348; x_wconf 87' lang='lat' dir='ltr'><strong>et</strong></span> <span class='ocrx_word' id='word_1_263' title='bbox 446 3291 618 3358; x_wconf 87' lang='lat' dir='ltr'><strong>forte,</strong></span> <span class='ocrx_word' id='word_1_264' title='bbox 649 3290 790 3361; x_wconf 90' lang='lat' dir='ltr'><strong>quod</strong></span> <span class='ocrx_word' id='word_1_265' title='bbox 827 3305 932 3346; x_wconf 91' lang='lat' dir='ltr'><strong>non</strong></span> <span class='ocrx_word' id='word_1_266' title='bbox 970 3290 1278 3355; x_wconf 81' lang='lat' dir='ltr'><strong>dubitatur,</strong></span> <span class='ocrx_word' id='word_1_267' title='bbox 1319 3291 1481 3362; x_wconf 85' lang='lat' dir='ltr'><strong>aliqui</strong></span> <span class='ocrx_word' id='word_1_268' title='bbox 1523 3299 1648 3346; x_wconf 91' lang='lat' dir='ltr'><strong>tunc</strong></span> <span class='ocrx_word' id='word_1_269' title='bbox 1685 3290 1756 3346; x_wconf 89' lang='lat' dir='ltr'><strong>de</strong></span> 
     </span>
    </p>
   </div>
   <div class='ocr_carea' id='block_1_34' title="bbox 170 3375 1754 3454">
    <p class='ocr_par' dir='ltr' id='par_1_34' title="bbox 170 3375 1754 3454">
     <span class='ocr_line' id='line_1_34' title="bbox 170 3375 1754 3454; baseline -0.001 -14"><span class='ocrx_word' id='word_1_270' title='bbox 170 3383 565 3440; x_wconf 81' lang='lat' dir='ltr'><strong>continentibus</strong></span> <span class='ocrx_word' id='word_1_271' title='bbox 590 3383 901 3439; x_wconf 87' lang='lat' dir='ltr'><strong>defecerunt</strong></span> <span class='ocrx_word' id='word_1_272' title='bbox 923 3425 938 3449; x_wconf 96' lang='lat'><strong>,</strong></span> <span class='ocrx_word' id='word_1_273' title='bbox 965 3393 1018 3438; x_wconf 90' lang='lat' dir='ltr'><strong>et</strong></span> <span class='ocrx_word' id='word_1_274' title='bbox 1041 3383 1189 3438; x_wconf 90' lang='lat' dir='ltr'><strong>multi</strong></span> <span class='ocrx_word' id='word_1_275' title='bbox 1232 3383 1299 3439; x_wconf 89' lang='lat' dir='ltr'><strong>de</strong></span> <span class='ocrx_word' id='word_1_276' title='bbox 1327 3383 1624 3454; x_wconf 87' lang='lat' dir='ltr'><strong>eonjugatis</strong></span> <span class='ocrx_word' id='word_1_277' title='bbox 1654 3375 1754 3453; x_wconf 60' lang='lat' dir='ltr'><strong>pué-</strong></span> 
     </span>
    </p>
   </div>
   <div class='ocr_carea' id='block_1_35' title="bbox 168 3475 1759 3549">
    <p class='ocr_par' dir='ltr' id='par_1_35' title="bbox 168 3475 1759 3549">
     <span class='ocr_line' id='line_1_35' title="bbox 168 3475 1759 3549; baseline -0.001 -17"><span class='ocrx_word' id='word_1_278' title='bbox 168 3486 485 3547; x_wconf 84' lang='lat' dir='ltr'><strong>gnaverunt,</strong></span> <span class='ocrx_word' id='word_1_279' title='bbox 509 3486 668 3549; x_wconf 86' lang='lat' dir='ltr'><strong>atque</strong></span> <span class='ocrx_word' id='word_1_280' title='bbox 686 3477 943 3533; x_wconf 86' lang='lat' dir='ltr'><strong>vicerunt.</strong></span> <span class='ocrx_word' id='word_1_281' title='bbox 958 3475 1112 3532; x_wconf 84' lang='lat' dir='ltr'><strong>Unde</strong></span> <span class='ocrx_word' id='word_1_282' title='bbox 1132 3490 1235 3531; x_wconf 86' lang='lat' dir='ltr'><strong>non</strong></span> <span class='ocrx_word' id='word_1_283' title='bbox 1262 3477 1458 3532; x_wconf 79' lang='lat' dir='ltr'><strong>frustra</strong></span> <span class='ocrx_word' id='word_1_284' title='bbox 1478 3476 1606 3532; x_wconf 88' lang='lat' dir='ltr'><strong>dicit</strong></span> <span class='ocrx_word' id='word_1_285' title='bbox 1621 3476 1759 3545; x_wconf 78' lang='lat' dir='ltr'><strong>Apo-</strong></span> 
     </span>
    </p>
   </div>
   <div class='ocr_carea' id='block_1_36' title="bbox 169 3567 1759 3625">
    <p class='ocr_par' dir='ltr' id='par_1_36' title="bbox 169 3567 1759 3625">
     <span class='ocr_line' id='line_1_36' title="bbox 169 3567 1759 3625; baseline -0.001 -1"><span class='ocrx_word' id='word_1_286' title='bbox 169 3570 336 3624; x_wconf 88' lang='lat' dir='ltr'><strong>stolus</strong></span> <span class='ocrx_word' id='word_1_287' title='bbox 356 3568 605 3625; x_wconf 87' lang='lat' dir='ltr'><strong>omnibus</strong></span> <span class='ocrx_word' id='word_1_288' title='bbox 629 3568 883 3623; x_wconf 87' lang='lat' dir='ltr'><strong>membris</strong></span> <span class='ocrx_word' id='word_1_289' title='bbox 908 3567 1102 3623; x_wconf 89' lang='lat' dir='ltr'><strong>Christi</strong></span> <span class='ocrx_word' id='word_1_290' title='bbox 1130 3584 1146 3622; x_wconf 89' lang='lat'><strong>:</strong></span> <span class='ocrx_word' id='word_1_291' title='bbox 1177 3567 1319 3621; x_wconf 74' lang='lat' dir='ltr'><strong>Alter</strong></span> <span class='ocrx_word' id='word_1_292' title='bbox 1343 3568 1560 3622; x_wconf 82' lang='lat' dir='ltr'><strong>alterum</strong></span> <span class='ocrx_word' id='word_1_293' title='bbox 1583 3567 1759 3622; x_wconf 70' lang='lat' dir='ltr'><strong>existi-</strong></span> 
     </span>
    </p>
   </div>
   <div class='ocr_carea' id='block_1_37' title="bbox 172 3657 1757 3729">
    <p class='ocr_par' dir='ltr' id='par_1_37' title="bbox 172 3657 1757 3729">
     <span class='ocr_line' id='line_1_37' title="bbox 172 3657 1757 3729; baseline -0.002 -16"><span class='ocrx_word' id='word_1_294' title='bbox 172 3669 364 3714; x_wconf 70' lang='lat' dir='ltr'><strong>mantes</strong></span> <span class='ocrx_word' id='word_1_295' title='bbox 403 3657 710 3729; x_wconf 77' lang='lat' dir='ltr'><strong>superiorem</strong></span> <span class='ocrx_word' id='word_1_296' title='bbox 746 3659 858 3723; x_wconf 81' lang='lat' dir='ltr'><strong>sibi,</strong></span> <span class='ocrx_word' id='word_1_297' title='bbox 891 3667 938 3713; x_wconf 79' lang='lat' dir='ltr'><strong>et</strong></span> <span class='ocrx_word' id='word_1_298' title='bbox 966 3657 1156 3713; x_wconf 82' lang='lat' dir='ltr'><strong>honore</strong></span> <span class='ocrx_word' id='word_1_299' title='bbox 1191 3666 1368 3712; x_wconf 86' lang='lat' dir='ltr'><strong>mutuo</strong></span> <span class='ocrx_word' id='word_1_300' title='bbox 1403 3657 1757 3727; x_wconf 56' lang='lat' dir='ltr'><strong>praevenientes</strong></span> 
     </span>
    </p>
   </div>
   <div class='ocr_carea' id='block_1_38' title="bbox 175 3745 1756 3820">
    <p class='ocr_par' dir='ltr' id='par_1_38' title="bbox 175 3745 1756 3820">
     <span class='ocr_line' id='line_1_38' title="bbox 175 3745 1756 3820; baseline -0.001 -17"><span class='ocrx_word' id='word_1_301' title='bbox 175 3749 440 3820; x_wconf 71' lang='lat' dir='ltr'><strong>(Philipp.</strong></span> <span class='ocrx_word' id='word_1_302' title='bbox 468 3762 532 3815; x_wconf 77' lang='grc' dir='ltr'><strong>ιι,</strong></span> <span class='ocrx_word' id='word_1_303' title='bbox 561 3747 618 3806; x_wconf 76' lang='lat'><strong>3.</strong></span> <span class='ocrx_word' id='word_1_304' title='bbox 638 3757 687 3802; x_wconf 77' lang='lat' dir='ltr'><strong>et</strong></span> <span class='ocrx_word' id='word_1_305' title='bbox 713 3745 860 3802; x_wconf 73' lang='lat' dir='ltr'><strong>Boni.</strong></span> <span class='ocrx_word' id='word_1_306' title='bbox 903 3764 999 3816; x_wconf 85' lang='lat' dir='ltr'><strong>xu,</strong></span> <span class='ocrx_word' id='word_1_307' title='bbox 1025 3748 1133 3820; x_wconf 89' lang='grc'><strong>10).</strong></span> <span class='ocrx_word' id='word_1_308' title='bbox 1167 3748 1292 3804; x_wconf 80' lang='lat' dir='ltr'><strong>llaec</strong></span> <span class='ocrx_word' id='word_1_309' title='bbox 1315 3747 1512 3804; x_wconf 88' lang='lat' dir='ltr'><strong>etenim</strong></span> <span class='ocrx_word' id='word_1_310' title='bbox 1535 3748 1579 3801; x_wconf 92' lang='lat' dir='ltr'><strong>si</strong></span> <span class='ocrx_word' id='word_1_311' title='bbox 1607 3747 1756 3815; x_wconf 84' lang='lat' dir='ltr'><strong>cogi-</strong></span> 
     </span>
    </p>
   </div>
   <div class='ocr_carea' id='block_1_39' title="bbox 175 3837 1756 3908">
    <p class='ocr_par' dir='ltr' id='par_1_39' title="bbox 175 3837 1756 3908">
     <span class='ocr_line' id='line_1_39' title="bbox 175 3837 1756 3908; baseline 0 -16"><span class='ocrx_word' id='word_1_312' title='bbox 175 3839 309 3904; x_wconf 84' lang='lat' dir='ltr'><strong>tetis,</strong></span> <span class='ocrx_word' id='word_1_313' title='bbox 345 3853 460 3893; x_wconf 92' lang='lat' dir='ltr'><strong>non</strong></span> <span class='ocrx_word' id='word_1_314' title='bbox 484 3837 640 3893; x_wconf 85' lang='lat' dir='ltr'><strong>eritis</strong></span> <span class='ocrx_word' id='word_1_315' title='bbox 664 3837 802 3908; x_wconf 88' lang='lat' dir='ltr'><strong>apud</strong></span> <span class='ocrx_word' id='word_1_316' title='bbox 829 3853 922 3893; x_wconf 91' lang='lat' dir='ltr'><strong>vos</strong></span> <span class='ocrx_word' id='word_1_317' title='bbox 943 3838 1139 3908; x_wconf 83' lang='lat' dir='ltr'><strong>magni.</strong></span> <span class='ocrx_word' id='word_1_318' title='bbox 1167 3837 1329 3908; x_wconf 82' lang='lat' dir='ltr'><strong>Magis</strong></span> <span class='ocrx_word' id='word_1_319' title='bbox 1359 3837 1500 3892; x_wconf 92' lang='lat' dir='ltr'><strong>enim</strong></span> <span class='ocrx_word' id='word_1_320' title='bbox 1521 3837 1756 3907; x_wconf 81' lang='lat' dir='ltr'><strong>cogitare</strong></span> 
     </span>
    </p>
   </div>
   <div class='ocr_carea' id='block_1_40' title="bbox 177 3925 1757 3998">
    <p class='ocr_par' dir='ltr' id='par_1_40' title="bbox 177 3925 1757 3998">
     <span class='ocr_line' id='line_1_40' title="bbox 177 3925 1757 3998; baseline 0 -17"><span class='ocrx_word' id='word_1_321' title='bbox 177 3928 380 3984; x_wconf 87' lang='lat' dir='ltr'><strong>debetis</strong></span> <span class='ocrx_word' id='word_1_322' title='bbox 407 3927 534 3998; x_wconf 88' lang='lat' dir='ltr'><strong>quid</strong></span> <span class='ocrx_word' id='word_1_323' title='bbox 557 3927 706 3982; x_wconf 80' lang='lat' dir='ltr'><strong>vobis</strong></span> <span class='ocrx_word' id='word_1_324' title='bbox 728 3928 885 3996; x_wconf 86' lang='lat' dir='ltr'><strong>desit,</strong></span> <span class='ocrx_word' id='word_1_325' title='bbox 915 3944 1072 3998; x_wconf 87' lang='lat' dir='ltr'><strong>quam</strong></span> <span class='ocrx_word' id='word_1_326' title='bbox 1099 3927 1224 3998; x_wconf 91' lang='lat' dir='ltr'><strong>quid</strong></span> <span class='ocrx_word' id='word_1_327' title='bbox 1247 3928 1398 3983; x_wconf 86' lang='lat' dir='ltr'><strong>vobis</strong></span> <span class='ocrx_word' id='word_1_328' title='bbox 1416 3927 1577 3982; x_wconf 87' lang='lat' dir='ltr'><strong>adsit.</strong></span> <span class='ocrx_word' id='word_1_329' title='bbox 1605 3925 1757 3995; x_wconf 86' lang='lat' dir='ltr'><strong>Quod</strong></span> 
     </span>
    </p>
   </div>
   <div class='ocr_carea' id='block_1_41' title="bbox 180 4017 1757 4088">
    <p class='ocr_par' dir='ltr' id='par_1_41' title="bbox 180 4017 1757 4088">
     <span class='ocr_line' id='line_1_41' title="bbox 180 4017 1757 4088; baseline 0 -16"><span class='ocrx_word' id='word_1_330' title='bbox 180 4019 362 4084; x_wconf 86' lang='lat' dir='ltr'><strong>habes,</strong></span> <span class='ocrx_word' id='word_1_331' title='bbox 382 4033 514 4074; x_wconf 84' lang='lat' dir='ltr'><strong>eave</strong></span> <span class='ocrx_word' id='word_1_332' title='bbox 539 4033 606 4074; x_wconf 89' lang='lat' dir='ltr'><strong>ne</strong></span> <span class='ocrx_word' id='word_1_333' title='bbox 631 4018 825 4088; x_wconf 84' lang='lat' dir='ltr'><strong>perdas</strong></span> <span class='ocrx_word' id='word_1_334' title='bbox 853 4035 866 4073; x_wconf 90' lang='lat'><strong>:</strong></span> <span class='ocrx_word' id='word_1_335' title='bbox 891 4018 1032 4088; x_wconf 90' lang='lat' dir='ltr'><strong>quod</strong></span> <span class='ocrx_word' id='word_1_336' title='bbox 1051 4017 1285 4074; x_wconf 89' lang='lat' dir='ltr'><strong>nondum</strong></span> <span class='ocrx_word' id='word_1_337' title='bbox 1314 4017 1500 4084; x_wconf 87' lang='lat' dir='ltr'><strong>babes,</strong></span> <span class='ocrx_word' id='word_1_338' title='bbox 1519 4017 1757 4088; x_wconf 83' lang='lat' dir='ltr'><strong>supplica</strong></span> 
     </span>
    </p>
   </div>
   <div class='ocr_carea' id='block_1_42' title="bbox 179 4108 1754 4180">
    <p class='ocr_par' dir='ltr' id='par_1_42' title="bbox 179 4108 1754 4180">
     <span class='ocr_line' id='line_1_42' title="bbox 179 4108 1754 4180; baseline 0.001 -18"><span class='ocrx_word' id='word_1_339' title='bbox 179 4119 230 4163; x_wconf 86' lang='lat' dir='ltr'><strong>ut</strong></span> <span class='ocrx_word' id='word_1_340' title='bbox 262 4109 480 4164; x_wconf 86' lang='lat' dir='ltr'><strong>habeas.</strong></span> <span class='ocrx_word' id='word_1_341' title='bbox 508 4108 564 4165; x_wconf 91' lang='lat' dir='ltr'><strong>In</strong></span> <span class='ocrx_word' id='word_1_342' title='bbox 591 4110 802 4180; x_wconf 87' lang='lat' dir='ltr'><strong>quantis</strong></span> <span class='ocrx_word' id='word_1_343' title='bbox 826 4110 900 4166; x_wconf 91' lang='lat' dir='ltr'><strong>sis</strong></span> <span class='ocrx_word' id='word_1_344' title='bbox 924 4110 1119 4178; x_wconf 85' lang='lat' dir='ltr'><strong>minor,</strong></span> <span class='ocrx_word' id='word_1_345' title='bbox 1152 4109 1246 4166; x_wconf 87' lang='lat' dir='ltr'><strong>tibi</strong></span> <span class='ocrx_word' id='word_1_346' title='bbox 1269 4109 1606 4180; x_wconf 82' lang='lat' dir='ltr'><strong>cogitandum</strong></span> <span class='ocrx_word' id='word_1_347' title='bbox 1635 4119 1754 4175; x_wconf 89' lang='lat' dir='ltr'><strong>est;</strong></span> 
     </span>
    </p>
   </div>
   <div class='ocr_carea' id='block_1_43' title="bbox 180 4198 1758 4270">
    <p class='ocr_par' dir='ltr' id='par_1_43' title="bbox 180 4198 1758 4270">
     <span class='ocr_line' id='line_1_43' title="bbox 180 4198 1758 4270; baseline 0.003 -20"><span class='ocrx_word' id='word_1_348' title='bbox 180 4214 279 4252; x_wconf 87' lang='lat' dir='ltr'><strong>non</strong></span> <span class='ocrx_word' id='word_1_349' title='bbox 327 4199 381 4252; x_wconf 87' lang='lat' dir='ltr'><strong>in</strong></span> <span class='ocrx_word' id='word_1_350' title='bbox 413 4199 624 4269; x_wconf 83' lang='lat' dir='ltr'><strong>quantis</strong></span> <span class='ocrx_word' id='word_1_351' title='bbox 664 4199 738 4254; x_wconf 88' lang='lat' dir='ltr'><strong>sis</strong></span> <span class='ocrx_word' id='word_1_352' title='bbox 782 4198 972 4270; x_wconf 83' lang='lat' dir='ltr'><strong>major.</strong></span> <span class='ocrx_word' id='word_1_353' title='bbox 1010 4199 1067 4256; x_wconf 88' lang='lat' dir='ltr'><strong>Si</strong></span> <span class='ocrx_word' id='word_1_354' title='bbox 1093 4199 1232 4255; x_wconf 73' lang='lat' dir='ltr'><strong>cutim</strong></span> <span class='ocrx_word' id='word_1_355' title='bbox 1278 4199 1478 4270; x_wconf 79' lang='lat' dir='ltr'><strong>cogitas</strong></span> <span class='ocrx_word' id='word_1_356' title='bbox 1505 4205 1758 4268; x_wconf 86' lang='lat' dir='ltr'><strong>quantum</strong></span> 
     </span>
    </p>
   </div>
   <div class='ocr_carea' id='block_1_44' title="bbox 180 4289 1762 4360">
    <p class='ocr_par' dir='ltr' id='par_1_44' title="bbox 180 4289 1762 4360">
     <span class='ocr_line' id='line_1_44' title="bbox 180 4289 1762 4360; baseline 0.001 -17"><span class='ocrx_word' id='word_1_357' title='bbox 180 4289 498 4357; x_wconf 68' lang='lat' dir='ltr'><strong>prmeessisti</strong></span> <span class='ocrx_word' id='word_1_358' title='bbox 542 4289 766 4346; x_wconf 88' lang='lat' dir='ltr'><strong>alterum</strong></span> <span class='ocrx_word' id='word_1_359' title='bbox 792 4332 809 4357; x_wconf 93' lang='lat'><strong>,</strong></span> <span class='ocrx_word' id='word_1_360' title='bbox 839 4291 967 4347; x_wconf 88' lang='lat' dir='ltr'><strong>time</strong></span> <span class='ocrx_word' id='word_1_361' title='bbox 1009 4301 1293 4347; x_wconf 90' lang='lat' dir='ltr'><strong>tumorem.</strong></span> <span class='ocrx_word' id='word_1_362' title='bbox 1323 4289 1379 4346; x_wconf 88' lang='lat' dir='ltr'><strong>Si</strong></span> <span class='ocrx_word' id='word_1_363' title='bbox 1408 4304 1536 4345; x_wconf 68' lang='lat' dir='ltr'><strong>vero</strong></span> <span class='ocrx_word' id='word_1_364' title='bbox 1557 4289 1762 4360; x_wconf 83' lang='lat' dir='ltr'><strong>cogitas</strong></span> 
     </span>
    </p>
   </div>
   <div class='ocr_carea' id='block_1_45' title="bbox 179 4380 1758 4452">
    <p class='ocr_par' dir='ltr' id='par_1_45' title="bbox 179 4380 1758 4452">
     <span class='ocr_line' id='line_1_45' title="bbox 179 4380 1758 4452; baseline 0.002 -20"><span class='ocrx_word' id='word_1_365' title='bbox 179 4389 432 4449; x_wconf 85' lang='lat' dir='ltr'><strong>quantum</strong></span> <span class='ocrx_word' id='word_1_366' title='bbox 459 4380 554 4434; x_wconf 90' lang='lat' dir='ltr'><strong>tibi</strong></span> <span class='ocrx_word' id='word_1_367' title='bbox 584 4380 758 4436; x_wconf 89' lang='lat' dir='ltr'><strong>adhuc</strong></span> <span class='ocrx_word' id='word_1_368' title='bbox 786 4381 970 4448; x_wconf 88' lang='lat' dir='ltr'><strong>deest,</strong></span> <span class='ocrx_word' id='word_1_369' title='bbox 1001 4380 1338 4452; x_wconf 81' lang='lat' dir='ltr'><strong>ingemiscis;</strong></span> <span class='ocrx_word' id='word_1_370' title='bbox 1365 4389 1419 4435; x_wconf 85' lang='lat' dir='ltr'><strong>et</strong></span> <span class='ocrx_word' id='word_1_371' title='bbox 1458 4395 1579 4435; x_wconf 85' lang='lat' dir='ltr'><strong>cum</strong></span> <span class='ocrx_word' id='word_1_372' title='bbox 1609 4380 1758 4450; x_wconf 78' lang='lat' dir='ltr'><strong>inge-</strong></span> 
     </span>
    </p>
   </div>
   <div class='ocr_carea' id='block_1_46' title="bbox 179 4471 1760 4541">
    <p class='ocr_par' dir='ltr' id='par_1_46' title="bbox 179 4471 1760 4541">
     <span class='ocr_line' id='line_1_46' title="bbox 179 4471 1760 4541; baseline 0.003 -18"><span class='ocrx_word' id='word_1_373' title='bbox 179 4471 355 4525; x_wconf 86' lang='lat' dir='ltr'><strong>miseis</strong></span> <span class='ocrx_word' id='word_1_374' title='bbox 380 4511 396 4534; x_wconf 86' lang='lat'><strong>,</strong></span> <span class='ocrx_word' id='word_1_375' title='bbox 425 4471 664 4539; x_wconf 82' lang='lat' dir='ltr'><strong>curaris,</strong></span> <span class='ocrx_word' id='word_1_376' title='bbox 691 4471 907 4528; x_wconf 87' lang='lat' dir='ltr'><strong>humilis</strong></span> <span class='ocrx_word' id='word_1_377' title='bbox 934 4474 1076 4540; x_wconf 86' lang='lat' dir='ltr'><strong>eris,</strong></span> <span class='ocrx_word' id='word_1_378' title='bbox 1107 4473 1268 4530; x_wconf 87' lang='lat' dir='ltr'><strong>tutior</strong></span> <span class='ocrx_word' id='word_1_379' title='bbox 1294 4473 1590 4534; x_wconf 81' lang='lat' dir='ltr'><strong>ambulabis</strong></span> <span class='ocrx_word' id='word_1_380' title='bbox 1607 4513 1624 4541; x_wconf 86' lang='lat'><strong>,</strong></span> <span class='ocrx_word' id='word_1_381' title='bbox 1653 4487 1760 4528; x_wconf 88' lang='lat' dir='ltr'><strong>non</strong></span> 
     </span>
    </p>
   </div>
   <div class='ocr_carea' id='block_1_47' title="bbox 175 4561 1057 4629">
    <p class='ocr_par' dir='ltr' id='par_1_47' title="bbox 175 4561 1057 4629">
     <span class='ocr_line' id='line_1_47' title="bbox 175 4561 1057 4629; baseline 0.005 -16"><span class='ocrx_word' id='word_1_382' title='bbox 175 4561 616 4629; x_wconf 69' lang='lat' dir='ltr'><strong>pmcipitaberis,</strong></span> <span class='ocrx_word' id='word_1_383' title='bbox 642 4576 747 4616; x_wconf 85' lang='lat' dir='ltr'><strong>non</strong></span> <span class='ocrx_word' id='word_1_384' title='bbox 769 4562 1057 4619; x_wconf 85' lang='lat' dir='ltr'><strong>inﬂaberis.</strong></span> 
     </span>
    </p>
   </div>
   <div class='ocr_carea' id='block_1_48' title="bbox 242 4650 1760 4728">
    <p class='ocr_par' dir='ltr' id='par_1_48' title="bbox 242 4650 1760 4728">
     <span class='ocr_line' id='line_1_48' title="bbox 242 4650 1760 4728; baseline 0.003 -21"><span class='ocrx_word' id='word_1_385' title='bbox 242 4650 478 4707; x_wconf 80' lang='lat' dir='ltr'><strong>CAPUT</strong></span> <span class='ocrx_word' id='word_1_386' title='bbox 509 4652 594 4706; x_wconf 80' lang='lat' dir='ltr'><strong>Vl.</strong></span> <span class='ocrx_word' id='word_1_387' title='bbox 608 4684 677 4694; x_wconf 91' lang='lat'><strong><em>—</em></strong></span> <span class='ocrx_word' id='word_1_388' title='bbox 689 4653 741 4708; x_wconf 86' lang='lat'><strong>6.</strong></span> <span class='ocrx_word' id='word_1_389' title='bbox 757 4654 990 4710; x_wconf 79' lang='lat' dir='ltr'><strong>Charitas</strong></span> <span class='ocrx_word' id='word_1_390' title='bbox 1007 4657 1263 4720; x_wconf 85' lang='lat' dir='ltr'><strong>sectanda,</strong></span> <span class='ocrx_word' id='word_1_391' title='bbox 1277 4666 1334 4711; x_wconf 87' lang='lat' dir='ltr'><strong>ut</strong></span> <span class='ocrx_word' id='word_1_392' title='bbox 1349 4657 1527 4712; x_wconf 83' lang='lat' dir='ltr'><strong>vitetur</strong></span> <span class='ocrx_word' id='word_1_393' title='bbox 1540 4657 1760 4728; x_wconf 86' lang='lat' dir='ltr'><strong>inﬂatio.</strong></span> 
     </span>
    </p>
   </div>
   <div class='ocr_carea' id='block_1_49' title="bbox 177 4740 1764 4819">
    <p class='ocr_par' dir='ltr' id='par_1_49' title="bbox 177 4740 1764 4819">
     <span class='ocr_line' id='line_1_49' title="bbox 177 4740 1764 4819; baseline 0.006 -24"><span class='ocrx_word' id='word_1_394' title='bbox 177 4740 432 4806; x_wconf 69' lang='lat' dir='ltr'><strong>Superbia</strong></span> <span class='ocrx_word' id='word_1_395' title='bbox 467 4744 592 4814; x_wconf 81' lang='lat' dir='ltr'><strong>quid</strong></span> <span class='ocrx_word' id='word_1_396' title='bbox 623 4753 694 4798; x_wconf 84' lang='lat' dir='ltr'><strong>est</strong></span> <span class='ocrx_word' id='word_1_397' title='bbox 714 4787 728 4812; x_wconf 95' lang='lat'><strong>,</strong></span> <span class='ocrx_word' id='word_1_398' title='bbox 759 4756 803 4799; x_wconf 88' lang='lat' dir='ltr'><strong>et</strong></span> <span class='ocrx_word' id='word_1_399' title='bbox 834 4763 926 4799; x_wconf 84' lang='lat' dir='ltr'><strong>cur</strong></span> <span class='ocrx_word' id='word_1_400' title='bbox 953 4749 1086 4818; x_wconf 81' lang='lat' dir='ltr'><strong>parit</strong></span> <span class='ocrx_word' id='word_1_401' title='bbox 1119 4748 1385 4804; x_wconf 85' lang='lat' dir='ltr'><strong>invidiam.</strong></span> <span class='ocrx_word' id='word_1_402' title='bbox 1413 4749 1492 4803; x_wconf 80' lang='lat' dir='ltr'><strong>An</strong></span> <span class='ocrx_word' id='word_1_403' title='bbox 1522 4749 1764 4819; x_wconf 79' lang='lat' dir='ltr'><strong>fugienda</strong></span> 
     </span>
    </p>
   </div>
   <div class='ocr_carea' id='block_1_50' title="bbox 170 4836 1763 4917">
    <p class='ocr_par' dir='ltr' id='par_1_50' title="bbox 170 4836 1763 4917">
     <span class='ocr_line' id='line_1_50' title="bbox 170 4836 1763 4917; baseline 0.005 -30"><span class='ocrx_word' id='word_1_404' title='bbox 170 4837 420 4900; x_wconf 78' lang='lat' dir='ltr'><strong>scientia,</strong></span> <span class='ocrx_word' id='word_1_405' title='bbox 453 4851 518 4888; x_wconf 87' lang='lat' dir='ltr'><strong>ne</strong></span> <span class='ocrx_word' id='word_1_406' title='bbox 543 4836 703 4906; x_wconf 80' lang='lat' dir='ltr'><strong>inﬂet.</strong></span> <span class='ocrx_word' id='word_1_407' title='bbox 742 4838 810 4891; x_wconf 87' lang='lat' dir='ltr'><strong>Et</strong></span> <span class='ocrx_word' id='word_1_408' title='bbox 847 4839 1042 4892; x_wconf 89' lang='lat' dir='ltr'><strong>utinam</strong></span> <span class='ocrx_word' id='word_1_409' title='bbox 1091 4840 1292 4917; x_wconf 79' lang='lat' dir='ltr'><strong>possint</strong></span> <span class='ocrx_word' id='word_1_410' title='bbox 1324 4854 1510 4895; x_wconf 76' lang='lat' dir='ltr'><strong>omnes</strong></span> <span class='ocrx_word' id='word_1_411' title='bbox 1553 4840 1621 4896; x_wconf 89' lang='lat' dir='ltr'><strong>de</strong></span> <span class='ocrx_word' id='word_1_412' title='bbox 1657 4856 1763 4895; x_wconf 87' lang='lat' dir='ltr'><strong>una</strong></span> 
     </span>
    </p>
   </div>
   <div class='ocr_carea' id='block_1_51' title="bbox 169 4927 1763 5003">
    <p class='ocr_par' dir='ltr' id='par_1_51' title="bbox 169 4927 1763 5003">
     <span class='ocr_line' id='line_1_51' title="bbox 169 4927 1763 5003; baseline 0.006 -25"><span class='ocrx_word' id='word_1_413' title='bbox 169 4928 436 4981; x_wconf 75' lang='lat' dir='ltr'><strong>citat-uate</strong></span> <span class='ocrx_word' id='word_1_414' title='bbox 466 4927 723 4998; x_wconf 81' lang='lat' dir='ltr'><strong>cogitare.</strong></span> <span class='ocrx_word' id='word_1_415' title='bbox 751 4928 876 4986; x_wconf 82' lang='lat' dir='ltr'><strong>Sola</strong></span> <span class='ocrx_word' id='word_1_416' title='bbox 902 4939 984 4985; x_wconf 89' lang='lat' dir='ltr'><strong>est</strong></span> <span class='ocrx_word' id='word_1_417' title='bbox 1006 4932 1146 4986; x_wconf 90' lang='lat' dir='ltr'><strong>enim</strong></span> <span class='ocrx_word' id='word_1_418' title='bbox 1167 4949 1284 5003; x_wconf 78' lang='lat' dir='ltr'><strong>qua:</strong></span> <span class='ocrx_word' id='word_1_419' title='bbox 1305 4941 1361 4989; x_wconf 87' lang='lat' dir='ltr'><strong>et</strong></span> <span class='ocrx_word' id='word_1_420' title='bbox 1383 4933 1763 5000; x_wconf 84' lang='lat' dir='ltr'><strong>vincitomnia,</strong></span> 
     </span>
    </p>
   </div>
   <div class='ocr_carea' id='block_1_52' title="bbox 167 5019 1766 5095">
    <p class='ocr_par' dir='ltr' id='par_1_52' title="bbox 167 5019 1766 5095">
     <span class='ocr_line' id='line_1_52' title="bbox 167 5019 1766 5095; baseline 0.006 -23"><span class='ocrx_word' id='word_1_421' title='bbox 167 5026 219 5072; x_wconf 87' lang='lat' dir='ltr'><strong>et</strong></span> <span class='ocrx_word' id='word_1_422' title='bbox 245 5019 372 5073; x_wconf 81' lang='lat' dir='ltr'><strong>sine</strong></span> <span class='ocrx_word' id='word_1_423' title='bbox 404 5033 510 5086; x_wconf 89' lang='lat' dir='ltr'><strong>qua</strong></span> <span class='ocrx_word' id='word_1_424' title='bbox 549 5019 683 5074; x_wconf 88' lang='lat' dir='ltr'><strong>nihil</strong></span> <span class='ocrx_word' id='word_1_425' title='bbox 721 5021 905 5076; x_wconf 88' lang='lat' dir='ltr'><strong>valent</strong></span> <span class='ocrx_word' id='word_1_426' title='bbox 942 5024 1150 5087; x_wconf 87' lang='lat' dir='ltr'><strong>omnia,</strong></span> <span class='ocrx_word' id='word_1_427' title='bbox 1196 5031 1253 5077; x_wconf 90' lang='lat' dir='ltr'><strong>et</strong></span> <span class='ocrx_word' id='word_1_428' title='bbox 1285 5040 1406 5094; x_wconf 72' lang='lat' dir='ltr'><strong>qua:</strong></span> <span class='ocrx_word' id='word_1_429' title='bbox 1445 5025 1766 5095; x_wconf 88' lang='lat' dir='ltr'><strong>ubicumque</strong></span> 
     </span>
    </p>
   </div>
   <div class='ocr_carea' id='block_1_53' title="bbox 168 5107 1756 5183">
    <p class='ocr_par' dir='ltr' id='par_1_53' title="bbox 168 5107 1756 5183">
     <span class='ocr_line' id='line_1_53' title="bbox 168 5107 1756 5183; baseline 0.005 -21"><span class='ocrx_word' id='word_1_430' title='bbox 168 5107 332 5164; x_wconf 87' lang='lat' dir='ltr'><strong>fuerit</strong></span> <span class='ocrx_word' id='word_1_431' title='bbox 361 5110 536 5163; x_wconf 80' lang='lat' dir='ltr'><strong>trahit</strong></span> <span class='ocrx_word' id='word_1_432' title='bbox 555 5109 620 5165; x_wconf 88' lang='lat' dir='ltr'><strong>ad</strong></span> <span class='ocrx_word' id='word_1_433' title='bbox 646 5126 709 5167; x_wconf 89' lang='lat' dir='ltr'><strong>se</strong></span> <span class='ocrx_word' id='word_1_434' title='bbox 732 5113 932 5167; x_wconf 87' lang='lat' dir='ltr'><strong>omnia.</strong></span> <span class='ocrx_word' id='word_1_435' title='bbox 957 5113 1073 5183; x_wconf 86' lang='lat' dir='ltr'><strong>ipsa</strong></span> <span class='ocrx_word' id='word_1_436' title='bbox 1097 5126 1182 5168; x_wconf 86' lang='lat' dir='ltr'><strong>est</strong></span> <span class='ocrx_word' id='word_1_437' title='bbox 1204 5126 1322 5183; x_wconf 79' lang='lat' dir='ltr'><strong>quae</strong></span> <span class='ocrx_word' id='word_1_438' title='bbox 1343 5131 1444 5170; x_wconf 89' lang='lat' dir='ltr'><strong>non</strong></span> <span class='ocrx_word' id='word_1_439' title='bbox 1463 5115 1756 5172; x_wconf 74' lang='lat' dir='ltr'><strong>tumulatur.</strong></span> 
     </span>
    </p>
   </div>
   <div class='ocr_carea' id='block_1_54' title="bbox 164 5203 1767 5276">
    <p class='ocr_par' dir='ltr' id='par_1_54' title="bbox 164 5203 1767 5276">
     <span class='ocr_line' id='line_1_54' title="bbox 164 5203 1767 5276; baseline 0.004 -21"><span class='ocrx_word' id='word_1_440' title='bbox 164 5203 384 5268; x_wconf 65' lang='lat' dir='ltr'><strong>Qumris</strong></span> <span class='ocrx_word' id='word_1_441' title='bbox 408 5216 627 5256; x_wconf 80' lang='lat' dir='ltr'><strong>causam</strong></span> <span class='ocrx_word' id='word_1_442' title='bbox 649 5203 672 5256; x_wconf 85' lang='lat'><strong>?</strong></span> <span class='ocrx_word' id='word_1_443' title='bbox 694 5203 922 5259; x_wconf 86' lang='lat' dir='ltr'><strong>Attende</strong></span> <span class='ocrx_word' id='word_1_444' title='bbox 941 5204 1084 5273; x_wconf 88' lang='lat' dir='ltr'><strong>quod</strong></span> <span class='ocrx_word' id='word_1_445' title='bbox 1106 5206 1347 5276; x_wconf 83' lang='lat' dir='ltr'><strong>sequitur</strong></span> <span class='ocrx_word' id='word_1_446' title='bbox 1373 5223 1386 5259; x_wconf 90' lang='lat'><strong>:</strong></span> <span class='ocrx_word' id='word_1_447' title='bbox 1414 5205 1533 5261; x_wconf 84' lang='lat' dir='ltr'><strong>Non</strong></span> <span class='ocrx_word' id='word_1_448' title='bbox 1556 5208 1767 5276; x_wconf 85' lang='lat' dir='ltr'><strong>inﬂatur</strong></span> 
     </span>
    </p>
   </div>
   <div class='ocr_carea' id='block_1_55' title="bbox 169 5291 1767 5366">
    <p class='ocr_par' dir='ltr' id='par_1_55' title="bbox 169 5291 1767 5366">
     <span class='ocr_line' id='line_1_55' title="bbox 169 5291 1767 5366; baseline 0.006 -22"><span class='ocrx_word' id='word_1_449' title='bbox 169 5291 222 5360; x_wconf 87' lang='lat' dir='ltr'><strong>(l</strong></span> <span class='ocrx_word' id='word_1_450' title='bbox 251 5291 387 5345; x_wconf 85' lang='lat' dir='ltr'><strong>Cor.</strong></span> <span class='ocrx_word' id='word_1_451' title='bbox 422 5305 536 5357; x_wconf 86' lang='lat' dir='ltr'><strong>xtu,</strong></span> <span class='ocrx_word' id='word_1_452' title='bbox 565 5293 642 5364; x_wconf 67' lang='grc'><strong>4).</strong></span> <span class='ocrx_word' id='word_1_453' title='bbox 675 5292 830 5348; x_wconf 87' lang='lat' dir='ltr'><strong>Prior</strong></span> <span class='ocrx_word' id='word_1_454' title='bbox 854 5303 936 5349; x_wconf 91' lang='lat' dir='ltr'><strong>est</strong></span> <span class='ocrx_word' id='word_1_455' title='bbox 955 5293 1007 5347; x_wconf 90' lang='lat' dir='ltr'><strong>in</strong></span> <span class='ocrx_word' id='word_1_456' title='bbox 1035 5295 1179 5348; x_wconf 83' lang='lat' dir='ltr'><strong>vitiis</strong></span> <span class='ocrx_word' id='word_1_457' title='bbox 1197 5296 1441 5366; x_wconf 89' lang='lat' dir='ltr'><strong>superbia</strong></span> <span class='ocrx_word' id='word_1_458' title='bbox 1461 5337 1476 5361; x_wconf 88' lang='lat'><strong>,</strong></span> <span class='ocrx_word' id='word_1_459' title='bbox 1503 5306 1560 5350; x_wconf 92' lang='lat' dir='ltr'><strong>ut</strong></span> <span class='ocrx_word' id='word_1_460' title='bbox 1582 5297 1767 5353; x_wconf 83' lang='lat' dir='ltr'><strong>dicere</strong></span> 
     </span>
    </p>
   </div>
   <div class='ocr_carea' id='block_1_56' title="bbox 161 5383 1765 5461">
    <p class='ocr_par' dir='ltr' id='par_1_56' title="bbox 161 5383 1765 5461">
     <span class='ocr_line' id='line_1_56' title="bbox 161 5383 1765 5461; baseline 0.006 -23"><span class='ocrx_word' id='word_1_461' title='bbox 161 5397 451 5453; x_wconf 68' lang='lat' dir='ltr'><strong>unperam</strong></span> <span class='ocrx_word' id='word_1_462' title='bbox 472 5424 490 5448; x_wconf 93' lang='lat'><strong>,</strong></span> <span class='ocrx_word' id='word_1_463' title='bbox 535 5383 728 5439; x_wconf 85' lang='lat' dir='ltr'><strong>deinde</strong></span> <span class='ocrx_word' id='word_1_464' title='bbox 763 5385 977 5440; x_wconf 87' lang='lat' dir='ltr'><strong>invidia.</strong></span> <span class='ocrx_word' id='word_1_465' title='bbox 1017 5386 1134 5442; x_wconf 85' lang='lat' dir='ltr'><strong>Non</strong></span> <span class='ocrx_word' id='word_1_466' title='bbox 1165 5389 1305 5445; x_wconf 89' lang='lat' dir='ltr'><strong>enim</strong></span> <span class='ocrx_word' id='word_1_467' title='bbox 1336 5390 1528 5444; x_wconf 82' lang='lat' dir='ltr'><strong>invidia</strong></span> <span class='ocrx_word' id='word_1_468' title='bbox 1559 5393 1765 5461; x_wconf 86' lang='lat' dir='ltr'><strong>peperit</strong></span> 
     </span>
    </p>
   </div>
   <div class='ocr_carea' id='block_1_57' title="bbox 161 5468 1763 5548">
    <p class='ocr_par' dir='ltr' id='par_1_57' title="bbox 161 5468 1763 5548">
     <span class='ocr_line' id='line_1_57' title="bbox 161 5468 1763 5548; baseline 0.006 -19"><span class='ocrx_word' id='word_1_469' title='bbox 161 5474 512 5544; x_wconf 78' lang='lat' dir='ltr'><strong>superbiam,</strong></span> <span class='ocrx_word' id='word_1_470' title='bbox 544 5474 636 5529; x_wconf 91' lang='lat' dir='ltr'><strong>sed</strong></span> <span class='ocrx_word' id='word_1_471' title='bbox 657 5479 904 5545; x_wconf 88' lang='lat' dir='ltr'><strong>superbia</strong></span> <span class='ocrx_word' id='word_1_472' title='bbox 944 5479 1148 5548; x_wconf 89' lang='lat' dir='ltr'><strong>peperit</strong></span> <span class='ocrx_word' id='word_1_473' title='bbox 1175 5479 1446 5536; x_wconf 85' lang='lat' dir='ltr'><strong>invidiam.</strong></span> <span class='ocrx_word' id='word_1_474' title='bbox 1478 5468 1594 5536; x_wconf 86' lang='lat' dir='ltr'><strong>Non</strong></span> <span class='ocrx_word' id='word_1_475' title='bbox 1620 5485 1763 5538; x_wconf 90' lang='lat' dir='ltr'><strong>enim</strong></span> 
     </span>
    </p>
   </div>
   <div class='ocr_carea' id='block_1_58' title="bbox 158 5564 1766 5640">
    <p class='ocr_par' dir='ltr' id='par_1_58' title="bbox 158 5564 1766 5640">
     <span class='ocr_line' id='line_1_58' title="bbox 158 5564 1766 5640; baseline 0.007 -22"><span class='ocrx_word' id='word_1_476' title='bbox 158 5565 402 5625; x_wconf 84' lang='lat' dir='ltr'><strong>invidet,</strong></span> <span class='ocrx_word' id='word_1_477' title='bbox 432 5564 539 5618; x_wconf 90' lang='lat' dir='ltr'><strong>nisi</strong></span> <span class='ocrx_word' id='word_1_478' title='bbox 558 5579 711 5619; x_wconf 91' lang='lat' dir='ltr'><strong>amor</strong></span> <span class='ocrx_word' id='word_1_479' title='bbox 733 5567 1081 5622; x_wconf 70' lang='lat' dir='ltr'><strong>excellentiae.</strong></span> <span class='ocrx_word' id='word_1_480' title='bbox 1109 5570 1272 5624; x_wconf 83' lang='lat' dir='ltr'><strong>Amor</strong></span> <span class='ocrx_word' id='word_1_481' title='bbox 1291 5572 1638 5640; x_wconf 75' lang='lat' dir='ltr'><strong>excellentia:,</strong></span> <span class='ocrx_word' id='word_1_482' title='bbox 1669 5589 1766 5629; x_wconf 87' lang='lat' dir='ltr'><strong>su—</strong></span> 
     </span>
    </p>
   </div>
   <div class='ocr_carea' id='block_1_59' title="bbox 157 5656 1759 5732">
    <p class='ocr_par' dir='ltr' id='par_1_59' title="bbox 157 5656 1759 5732">
     <span class='ocr_line' id='line_1_59' title="bbox 157 5656 1759 5732; baseline 0.006 -23"><span class='ocrx_word' id='word_1_483' title='bbox 157 5656 357 5725; x_wconf 76' lang='lat' dir='ltr'><strong>perbia</strong></span> <span class='ocrx_word' id='word_1_484' title='bbox 384 5663 631 5709; x_wconf 78' lang='lat' dir='ltr'><strong>vocatur.</strong></span> <span class='ocrx_word' id='word_1_485' title='bbox 654 5656 784 5713; x_wconf 80' lang='lat' dir='ltr'><strong>Cum</strong></span> <span class='ocrx_word' id='word_1_486' title='bbox 805 5671 934 5728; x_wconf 77' lang='lat' dir='ltr'><strong>ergo</strong></span> <span class='ocrx_word' id='word_1_487' title='bbox 955 5658 1006 5714; x_wconf 90' lang='lat' dir='ltr'><strong>in</strong></span> <span class='ocrx_word' id='word_1_488' title='bbox 1029 5659 1214 5715; x_wconf 88' lang='lat' dir='ltr'><strong>ordine</strong></span> <span class='ocrx_word' id='word_1_489' title='bbox 1240 5662 1388 5729; x_wconf 86' lang='lat' dir='ltr'><strong>prior</strong></span> <span class='ocrx_word' id='word_1_490' title='bbox 1404 5661 1474 5716; x_wconf 88' lang='lat' dir='ltr'><strong>sit</strong></span> <span class='ocrx_word' id='word_1_491' title='bbox 1495 5665 1759 5732; x_wconf 89' lang='lat' dir='ltr'><strong>superbia,</strong></span> 
     </span>
    </p>
   </div>
   <div class='ocr_carea' id='block_1_60' title="bbox 158 5747 1762 5822">
    <p class='ocr_par' dir='ltr' id='par_1_60' title="bbox 158 5747 1762 5822">
     <span class='ocr_line' id='line_1_60' title="bbox 158 5747 1762 5822; baseline 0.006 -23"><span class='ocrx_word' id='word_1_492' title='bbox 158 5753 442 5816; x_wconf 81' lang='lat' dir='ltr'><strong>sequatur</strong></span> <span class='ocrx_word' id='word_1_493' title='bbox 471 5756 648 5801; x_wconf 88' lang='lat' dir='ltr'><strong>autem</strong></span> <span class='ocrx_word' id='word_1_494' title='bbox 671 5747 900 5816; x_wconf 86' lang='lat' dir='ltr'><strong>invidia;</strong></span> <span class='ocrx_word' id='word_1_495' title='bbox 929 5750 1212 5822; x_wconf 83' lang='lat' dir='ltr'><strong>Apostolus</strong></span> <span class='ocrx_word' id='word_1_496' title='bbox 1235 5751 1284 5805; x_wconf 91' lang='lat' dir='ltr'><strong>in</strong></span> <span class='ocrx_word' id='word_1_497' title='bbox 1311 5751 1551 5809; x_wconf 86' lang='lat' dir='ltr'><strong>laudibus</strong></span> <span class='ocrx_word' id='word_1_498' title='bbox 1586 5754 1762 5809; x_wconf 88' lang='lat' dir='ltr'><strong>chari-</strong></span> 
     </span>
    </p>
   </div>
   <div class='ocr_carea' id='block_1_61' title="bbox 1525 356 2049 414">
    <p class='ocr_par' dir='ltr' id='par_1_61' title="bbox 1525 356 2049 414">
     <span class='ocr_line' id='line_1_61' title="bbox 1525 356 2049 414; baseline -0.006 0"><span class='ocrx_word' id='word_1_499' title='bbox 1525 360 1747 414; x_wconf 62' lang='lat' dir='ltr'><strong>Slﬁiill‘.)</strong></span> <span class='ocrx_word' id='word_1_500' title='bbox 1783 356 2049 414; x_wconf 74' lang='lat' dir='ltr'><strong>CCCLIV.</strong></span> 
     </span>
    </p>
   </div>
   <div class='ocr_carea' id='block_1_62' title="bbox 3293 361 3431 421">
    <p class='ocr_par' dir='ltr' id='par_1_62' title="bbox 3293 361 3431 421">
     <span class='ocr_line' id='line_1_62' title="bbox 3293 361 3431 421; baseline 0 -3"><span class='ocrx_word' id='word_1_501' title='bbox 3293 361 3431 421; x_wconf 80' lang='grc'><strong>1566</strong></span> 
     </span>
    </p>
   </div>
   <div class='ocr_carea' id='block_1_63' title="bbox 1848 473 3430 546">
    <p class='ocr_par' dir='ltr' id='par_1_63' title="bbox 1848 473 3430 546">
     <span class='ocr_line' id='line_1_63' title="bbox 1848 473 3430 546; baseline 0 -16"><span class='ocrx_word' id='word_1_502' title='bbox 1848 475 1969 530; x_wconf 87' lang='lat' dir='ltr'><strong>tatis</strong></span> <span class='ocrx_word' id='word_1_503' title='bbox 1990 475 2157 529; x_wconf 88' lang='lat' dir='ltr'><strong>noluit</strong></span> <span class='ocrx_word' id='word_1_504' title='bbox 2183 473 2358 528; x_wconf 82' lang='lat' dir='ltr'><strong>dicere</strong></span> <span class='ocrx_word' id='word_1_505' title='bbox 2383 473 2544 543; x_wconf 87' lang='lat' dir='ltr'><strong>prius,</strong></span> <span class='ocrx_word' id='word_1_506' title='bbox 2573 473 2693 531; x_wconf 82' lang='lat' dir='ltr'><strong>Non</strong></span> <span class='ocrx_word' id='word_1_507' title='bbox 2719 475 2932 546; x_wconf 83' lang='lat' dir='ltr'><strong>inﬂatur</strong></span> <span class='ocrx_word' id='word_1_508' title='bbox 2956 493 2974 540; x_wconf 86' lang='lat'><strong>;</strong></span> <span class='ocrx_word' id='word_1_509' title='bbox 2995 483 3049 531; x_wconf 93' lang='lat' dir='ltr'><strong>et</strong></span> <span class='ocrx_word' id='word_1_510' title='bbox 3075 484 3276 546; x_wconf 85' lang='lat' dir='ltr'><strong>postea,</strong></span> <span class='ocrx_word' id='word_1_511' title='bbox 3308 475 3360 529; x_wconf 84' lang='grc' dir='ltr'><strong><em>Ν</em></strong></span> <span class='ocrx_word' id='word_1_512' title='bbox 3366 494 3430 530; x_wconf 86' lang='grc' dir='ltr'><strong>οη</strong></span> 
     </span>
    </p>
   </div>
   <div class='ocr_carea' id='block_1_64' title="bbox 1845 565 3428 636">
    <p class='ocr_par' dir='ltr' id='par_1_64' title="bbox 1845 565 3428 636">
     <span class='ocr_line' id='line_1_64' title="bbox 1845 565 3428 636; baseline -0.002 -16"><span class='ocrx_word' id='word_1_513' title='bbox 1845 567 2117 621; x_wconf 59' lang='lat' dir='ltr'><strong>(salutatur</strong></span> <span class='ocrx_word' id='word_1_514' title='bbox 2148 581 2167 620; x_wconf 91' lang='lat'><strong><em>:</em></strong></span> <span class='ocrx_word' id='word_1_515' title='bbox 2192 565 2284 621; x_wconf 89' lang='lat' dir='ltr'><strong>sed</strong></span> <span class='ocrx_word' id='word_1_516' title='bbox 2321 565 2466 635; x_wconf 89' lang='lat' dir='ltr'><strong>prius</strong></span> <span class='ocrx_word' id='word_1_517' title='bbox 2492 565 2660 633; x_wconf 81' lang='lat' dir='ltr'><strong>dixit,</strong></span> <span class='ocrx_word' id='word_1_518' title='bbox 2701 565 2822 620; x_wconf 87' lang='lat' dir='ltr'><strong>Non</strong></span> <span class='ocrx_word' id='word_1_519' title='bbox 2859 567 3164 631; x_wconf 76' lang='lat' dir='ltr'><strong>azmulatur;</strong></span> <span class='ocrx_word' id='word_1_520' title='bbox 3209 578 3428 636; x_wconf 84' lang='lat' dir='ltr'><strong>postea,</strong></span> 
     </span>
    </p>
   </div>
   <div class='ocr_carea' id='block_1_65' title="bbox 1850 655 3432 727">
    <p class='ocr_par' dir='ltr' id='par_1_65' title="bbox 1850 655 3432 727">
     <span class='ocr_line' id='line_1_65' title="bbox 1850 655 3432 727; baseline -0.002 -15"><span class='ocrx_word' id='word_1_521' title='bbox 1850 657 1970 712; x_wconf 85' lang='lat' dir='ltr'><strong>Non</strong></span> <span class='ocrx_word' id='word_1_522' title='bbox 2011 658 2241 727; x_wconf 82' lang='lat' dir='ltr'><strong>inﬂatur.</strong></span> <span class='ocrx_word' id='word_1_523' title='bbox 2287 656 2462 724; x_wconf 86' lang='lat' dir='ltr'><strong>Quare</strong></span> <span class='ocrx_word' id='word_1_524' title='bbox 2504 656 2639 712; x_wconf 81' lang='lat' dir='ltr'><strong>hoc?</strong></span> <span class='ocrx_word' id='word_1_525' title='bbox 2676 657 2808 723; x_wconf 83' lang='lat' dir='ltr'><strong>Quia</strong></span> <span class='ocrx_word' id='word_1_526' title='bbox 2853 672 2976 712; x_wconf 89' lang='lat' dir='ltr'><strong>eum</strong></span> <span class='ocrx_word' id='word_1_527' title='bbox 3016 655 3280 723; x_wconf 85' lang='lat' dir='ltr'><strong>dixisset,</strong></span> <span class='ocrx_word' id='word_1_528' title='bbox 3312 655 3432 710; x_wconf 81' lang='lat' dir='ltr'><strong>Non</strong></span> 
     </span>
    </p>
   </div>
   <div class='ocr_carea' id='block_1_66' title="bbox 1847 738 3510 820">
    <p class='ocr_par' dir='ltr' id='par_1_66' title="bbox 1847 738 3510 820">
     <span class='ocr_line' id='line_1_66' title="bbox 1847 738 3510 820; baseline -0.001 -14"><span class='ocrx_word' id='word_1_529' title='bbox 1847 749 2145 816; x_wconf 62' lang='lat' dir='ltr'><strong>tumulatur,</strong></span> <span class='ocrx_word' id='word_1_530' title='bbox 2171 751 2318 820; x_wconf 87' lang='lat' dir='ltr'><strong>quasi</strong></span> <span class='ocrx_word' id='word_1_531' title='bbox 2354 749 2672 818; x_wconf 83' lang='lat' dir='ltr'><strong>qna-siturus</strong></span> <span class='ocrx_word' id='word_1_532' title='bbox 2694 764 2813 803; x_wconf 85' lang='lat' dir='ltr'><strong>eras</strong></span> <span class='ocrx_word' id='word_1_533' title='bbox 2842 764 3055 802; x_wconf 89' lang='lat' dir='ltr'><strong>causam</strong></span> <span class='ocrx_word' id='word_1_534' title='bbox 3079 791 3094 815; x_wconf 94' lang='lat'><strong>,</strong></span> <span class='ocrx_word' id='word_1_535' title='bbox 3125 765 3289 819; x_wconf 89' lang='lat' dir='ltr'><strong>quare</strong></span> <span class='ocrx_word' id='word_1_536' title='bbox 3322 763 3430 804; x_wconf 89' lang='lat' dir='ltr'><strong>non</strong></span> <span class='ocrx_word' id='word_1_537' title='bbox 3507 738 3510 740; x_wconf 28' lang='grc'>⁷</span> 
     </span>
    </p>
   </div>
   <div class='ocr_carea' id='block_1_67' title="bbox 1847 844 3431 914">
    <p class='ocr_par' dir='ltr' id='par_1_67' title="bbox 1847 844 3431 914">
     <span class='ocr_line' id='line_1_67' title="bbox 1847 844 3431 914; baseline -0.001 -14"><span class='ocrx_word' id='word_1_538' title='bbox 1847 845 2158 912; x_wconf 68' lang='grc' dir='ltr'><strong>αεηιυιαῑυτς</strong></span> <span class='ocrx_word' id='word_1_539' title='bbox 2191 845 2458 912; x_wconf 88' lang='lat' dir='ltr'><strong>subdidit,</strong></span> <span class='ocrx_word' id='word_1_540' title='bbox 2500 844 2619 898; x_wconf 86' lang='lat' dir='ltr'><strong>Non</strong></span> <span class='ocrx_word' id='word_1_541' title='bbox 2649 845 2878 914; x_wconf 85' lang='lat' dir='ltr'><strong>inﬂatur.</strong></span> <span class='ocrx_word' id='word_1_542' title='bbox 2924 845 3063 914; x_wconf 86' lang='lat' dir='ltr'><strong>Ergo</strong></span> <span class='ocrx_word' id='word_1_543' title='bbox 3089 845 3132 898; x_wconf 91' lang='lat' dir='ltr'><strong>si</strong></span> <span class='ocrx_word' id='word_1_544' title='bbox 3172 844 3291 899; x_wconf 88' lang='lat' dir='ltr'><strong>ideo</strong></span> <span class='ocrx_word' id='word_1_545' title='bbox 3324 860 3431 898; x_wconf 91' lang='lat' dir='ltr'><strong>nou</strong></span> 
     </span>
    </p>
   </div>
   <div class='ocr_carea' id='block_1_68' title="bbox 1848 935 3430 1008">
    <p class='ocr_par' dir='ltr' id='par_1_68' title="bbox 1848 935 3430 1008">
     <span class='ocr_line' id='line_1_68' title="bbox 1848 935 3430 1008; baseline -0.002 -16"><span class='ocrx_word' id='word_1_546' title='bbox 1848 937 2148 1004; x_wconf 70' lang='lat' dir='ltr'><strong>tumulatur,</strong></span> <span class='ocrx_word' id='word_1_547' title='bbox 2179 939 2300 1008; x_wconf 88' lang='lat' dir='ltr'><strong>quia</strong></span> <span class='ocrx_word' id='word_1_548' title='bbox 2337 953 2444 992; x_wconf 90' lang='lat' dir='ltr'><strong>non</strong></span> <span class='ocrx_word' id='word_1_549' title='bbox 2475 937 2719 1002; x_wconf 86' lang='lat' dir='ltr'><strong>inﬂatur;</strong></span> <span class='ocrx_word' id='word_1_550' title='bbox 2748 936 2790 990; x_wconf 91' lang='lat' dir='ltr'><strong>si</strong></span> <span class='ocrx_word' id='word_1_551' title='bbox 2816 935 3122 1002; x_wconf 86' lang='lat' dir='ltr'><strong>inﬂaretur,</strong></span> <span class='ocrx_word' id='word_1_552' title='bbox 3145 936 3430 990; x_wconf 69' lang='lat' dir='ltr'><strong>tumulare-</strong></span> 
     </span>
    </p>
   </div>
   <div class='ocr_carea' id='block_1_69' title="bbox 1850 1027 3429 1097">
    <p class='ocr_par' dir='ltr' id='par_1_69' title="bbox 1850 1027 3429 1097">
     <span class='ocr_line' id='line_1_69' title="bbox 1850 1027 3429 1097; baseline -0.002 -11"><span class='ocrx_word' id='word_1_553' title='bbox 1850 1038 1954 1086; x_wconf 90' lang='lat' dir='ltr'><strong>tur.</strong></span> <span class='ocrx_word' id='word_1_554' title='bbox 1989 1030 2100 1085; x_wconf 90' lang='lat' dir='ltr'><strong>lloc</strong></span> <span class='ocrx_word' id='word_1_555' title='bbox 2127 1030 2181 1085; x_wconf 92' lang='lat' dir='ltr'><strong>in</strong></span> <span class='ocrx_word' id='word_1_556' title='bbox 2214 1030 2366 1086; x_wconf 87' lang='lat' dir='ltr'><strong>vobis</strong></span> <span class='ocrx_word' id='word_1_557' title='bbox 2401 1036 2639 1092; x_wconf 89' lang='lat' dir='ltr'><strong>crescat,</strong></span> <span class='ocrx_word' id='word_1_558' title='bbox 2678 1037 2732 1084; x_wconf 91' lang='lat' dir='ltr'><strong>et</strong></span> <span class='ocrx_word' id='word_1_559' title='bbox 2772 1028 2944 1082; x_wconf 90' lang='lat' dir='ltr'><strong>anima</strong></span> <span class='ocrx_word' id='word_1_560' title='bbox 2987 1027 3277 1094; x_wconf 83' lang='lat' dir='ltr'><strong>solidatur,</strong></span> <span class='ocrx_word' id='word_1_561' title='bbox 3306 1027 3429 1097; x_wconf 86' lang='lat' dir='ltr'><strong>quia</strong></span> 
     </span>
    </p>
   </div>
   <div class='ocr_carea' id='block_1_70' title="bbox 1850 1117 3431 1188">
    <p class='ocr_par' dir='ltr' id='par_1_70' title="bbox 1850 1117 3431 1188">
     <span class='ocr_line' id='line_1_70' title="bbox 1850 1117 3431 1188; baseline -0.003 -12"><span class='ocrx_word' id='word_1_562' title='bbox 1850 1137 1954 1176; x_wconf 90' lang='lat' dir='ltr'><strong>non</strong></span> <span class='ocrx_word' id='word_1_563' title='bbox 1998 1120 2232 1175; x_wconf 89' lang='lat' dir='ltr'><strong>inﬂatur.</strong></span> <span class='ocrx_word' id='word_1_564' title='bbox 2282 1119 2511 1174; x_wconf 82' lang='lat' dir='ltr'><strong>Scientia</strong></span> <span class='ocrx_word' id='word_1_565' title='bbox 2538 1161 2552 1184; x_wconf 92' lang='lat'><strong>,</strong></span> <span class='ocrx_word' id='word_1_566' title='bbox 2583 1118 2658 1173; x_wconf 89' lang='lat' dir='ltr'><strong>ait</strong></span> <span class='ocrx_word' id='word_1_567' title='bbox 2697 1122 2984 1188; x_wconf 79' lang='lat' dir='ltr'><strong>Apostolus</strong></span> <span class='ocrx_word' id='word_1_568' title='bbox 3009 1157 3024 1180; x_wconf 93' lang='lat'><strong>,</strong></span> <span class='ocrx_word' id='word_1_569' title='bbox 3076 1120 3244 1187; x_wconf 77' lang='lat' dir='ltr'><strong>inﬂat.</strong></span> <span class='ocrx_word' id='word_1_570' title='bbox 3295 1117 3431 1185; x_wconf 86' lang='lat' dir='ltr'><strong>Quid</strong></span> 
     </span>
    </p>
   </div>
   <div class='ocr_carea' id='block_1_71' title="bbox 1849 1207 3433 1281">
    <p class='ocr_par' dir='ltr' id='par_1_71' title="bbox 1849 1207 3433 1281">
     <span class='ocr_line' id='line_1_71' title="bbox 1849 1207 3433 1281; baseline -0.003 -15"><span class='ocrx_word' id='word_1_571' title='bbox 1849 1211 2017 1281; x_wconf 80' lang='lat' dir='ltr'><strong>ergo?</strong></span> <span class='ocrx_word' id='word_1_572' title='bbox 2044 1211 2322 1266; x_wconf 88' lang='lat' dir='ltr'><strong>scientiam</strong></span> <span class='ocrx_word' id='word_1_573' title='bbox 2353 1211 2532 1280; x_wconf 82' lang='lat' dir='ltr'><strong>fugere</strong></span> <span class='ocrx_word' id='word_1_574' title='bbox 2563 1209 2787 1274; x_wconf 88' lang='lat' dir='ltr'><strong>debetis,</strong></span> <span class='ocrx_word' id='word_1_575' title='bbox 2814 1218 2864 1264; x_wconf 91' lang='lat' dir='ltr'><strong>et</strong></span> <span class='ocrx_word' id='word_1_576' title='bbox 2888 1208 3105 1262; x_wconf 88' lang='lat' dir='ltr'><strong>eiecturi</strong></span> <span class='ocrx_word' id='word_1_577' title='bbox 3134 1209 3262 1263; x_wconf 84' lang='lat' dir='ltr'><strong>estis</strong></span> <span class='ocrx_word' id='word_1_578' title='bbox 3300 1207 3433 1262; x_wconf 87' lang='lat' dir='ltr'><strong>nihil</strong></span> 
     </span>
    </p>
   </div>
   <div class='ocr_carea' id='block_1_72' title="bbox 1850 1299 3432 1374">
    <p class='ocr_par' dir='ltr' id='par_1_72' title="bbox 1850 1299 3432 1374">
     <span class='ocr_line' id='line_1_72' title="bbox 1850 1299 3432 1374; baseline -0.005 -14"><span class='ocrx_word' id='word_1_579' title='bbox 1850 1305 1987 1360; x_wconf 89' lang='lat' dir='ltr'><strong>scire</strong></span> <span class='ocrx_word' id='word_1_580' title='bbox 2017 1305 2192 1374; x_wconf 87' lang='lat' dir='ltr'><strong>potius</strong></span> <span class='ocrx_word' id='word_1_581' title='bbox 2220 1318 2379 1374; x_wconf 88' lang='lat' dir='ltr'><strong>quam</strong></span> <span class='ocrx_word' id='word_1_582' title='bbox 2417 1301 2630 1356; x_wconf 81' lang='lat' dir='ltr'><strong>inﬂari?</strong></span> <span class='ocrx_word' id='word_1_583' title='bbox 2669 1301 2867 1372; x_wconf 89' lang='lat' dir='ltr'><strong>thuid</strong></span> <span class='ocrx_word' id='word_1_584' title='bbox 2893 1301 3043 1355; x_wconf 83' lang='lat' dir='ltr'><strong>vobis</strong></span> <span class='ocrx_word' id='word_1_585' title='bbox 3071 1301 3358 1367; x_wconf 87' lang='lat' dir='ltr'><strong>loquimur,</strong></span> <span class='ocrx_word' id='word_1_586' title='bbox 3389 1299 3432 1352; x_wconf 87' lang='lat' dir='ltr'><strong>si</strong></span> 
     </span>
    </p>
   </div>
   <div class='ocr_carea' id='block_1_73' title="bbox 1849 1391 3434 1465">
    <p class='ocr_par' dir='ltr' id='par_1_73' title="bbox 1849 1391 3434 1465">
     <span class='ocr_line' id='line_1_73' title="bbox 1849 1391 3434 1465; baseline -0.006 -15"><span class='ocrx_word' id='word_1_587' title='bbox 1849 1395 2038 1450; x_wconf 88' lang='lat' dir='ltr'><strong>melior</strong></span> <span class='ocrx_word' id='word_1_588' title='bbox 2084 1402 2168 1450; x_wconf 90' lang='lat' dir='ltr'><strong>est</strong></span> <span class='ocrx_word' id='word_1_589' title='bbox 2221 1395 2514 1465; x_wconf 80' lang='lat' dir='ltr'><strong>ignorantia</strong></span> <span class='ocrx_word' id='word_1_590' title='bbox 2555 1408 2713 1464; x_wconf 83' lang='lat' dir='ltr'><strong>quam</strong></span> <span class='ocrx_word' id='word_1_591' title='bbox 2759 1391 3014 1446; x_wconf 77' lang='lat' dir='ltr'><strong>scicntia?</strong></span> <span class='ocrx_word' id='word_1_592' title='bbox 3056 1391 3238 1460; x_wconf 84' lang='lat' dir='ltr'><strong>utquid</strong></span> <span class='ocrx_word' id='word_1_593' title='bbox 3285 1391 3434 1444; x_wconf 89' lang='lat' dir='ltr'><strong>vobis</strong></span> 
     </span>
    </p>
   </div>
   <div class='ocr_carea' id='block_1_74' title="bbox 1849 1482 3432 1558">
    <p class='ocr_par' dir='ltr' id='par_1_74' title="bbox 1849 1482 3432 1558">
     <span class='ocr_line' id='line_1_74' title="bbox 1849 1482 3432 1558; baseline -0.004 -16"><span class='ocrx_word' id='word_1_594' title='bbox 1849 1487 2214 1557; x_wconf 81' lang='lat' dir='ltr'><strong>disputamus?</strong></span> <span class='ocrx_word' id='word_1_595' title='bbox 2257 1486 2440 1558; x_wconf 81' lang='lat' dir='ltr'><strong>utquid</strong></span> <span class='ocrx_word' id='word_1_596' title='bbox 2484 1487 2583 1541; x_wconf 84' lang='lat' dir='ltr'><strong>ista</strong></span> <span class='ocrx_word' id='word_1_597' title='bbox 2620 1484 3034 1556; x_wconf 78' lang='lat' dir='ltr'><strong>distinguimus?</strong></span> <span class='ocrx_word' id='word_1_598' title='bbox 3076 1484 3263 1554; x_wconf 89' lang='lat' dir='ltr'><strong>utquid</strong></span> <span class='ocrx_word' id='word_1_599' title='bbox 3292 1482 3432 1553; x_wconf 89' lang='lat' dir='ltr'><strong>quod</strong></span> 
     </span>
    </p>
   </div>
   <div class='ocr_carea' id='block_1_75' title="bbox 1850 1575 3435 1648">
    <p class='ocr_par' dir='ltr' id='par_1_75' title="bbox 1850 1575 3435 1648">
     <span class='ocr_line' id='line_1_75' title="bbox 1850 1575 3435 1648; baseline -0.003 -14"><span class='ocrx_word' id='word_1_600' title='bbox 1850 1581 2017 1634; x_wconf 86' lang='lat' dir='ltr'><strong>nostis</strong></span> <span class='ocrx_word' id='word_1_601' title='bbox 2063 1579 2442 1641; x_wconf 88' lang='lat' dir='ltr'><strong>admonemus,</strong></span> <span class='ocrx_word' id='word_1_602' title='bbox 2484 1576 2625 1648; x_wconf 88' lang='lat' dir='ltr'><strong>quod</strong></span> <span class='ocrx_word' id='word_1_603' title='bbox 2673 1594 2776 1630; x_wconf 90' lang='lat' dir='ltr'><strong>non</strong></span> <span class='ocrx_word' id='word_1_604' title='bbox 2825 1577 2992 1631; x_wconf 86' lang='lat' dir='ltr'><strong>nostis</strong></span> <span class='ocrx_word' id='word_1_605' title='bbox 3035 1575 3343 1640; x_wconf 85' lang='lat' dir='ltr'><strong>inferimus,</strong></span> <span class='ocrx_word' id='word_1_606' title='bbox 3386 1575 3435 1630; x_wconf 86' lang='lat' dir='ltr'><strong>si</strong></span> 
     </span>
    </p>
   </div>
   <div class='ocr_carea' id='block_1_76' title="bbox 1848 1667 3430 1739">
    <p class='ocr_par' dir='ltr' id='par_1_76' title="bbox 1848 1667 3430 1739">
     <span class='ocr_line' id='line_1_76' title="bbox 1848 1667 3430 1739; baseline -0.003 -15"><span class='ocrx_word' id='word_1_607' title='bbox 1848 1670 2068 1724; x_wconf 88' lang='lat' dir='ltr'><strong>scicntia</strong></span> <span class='ocrx_word' id='word_1_608' title='bbox 2089 1670 2323 1725; x_wconf 90' lang='lat' dir='ltr'><strong>cavenda</strong></span> <span class='ocrx_word' id='word_1_609' title='bbox 2345 1679 2450 1737; x_wconf 87' lang='lat' dir='ltr'><strong>est,</strong></span> <span class='ocrx_word' id='word_1_610' title='bbox 2475 1686 2540 1724; x_wconf 91' lang='lat' dir='ltr'><strong>ne</strong></span> <span class='ocrx_word' id='word_1_611' title='bbox 2565 1669 2749 1724; x_wconf 83' lang='lat' dir='ltr'><strong>inﬂet?</strong></span> <span class='ocrx_word' id='word_1_612' title='bbox 2770 1669 2910 1739; x_wconf 85' lang='lat' dir='ltr'><strong>Ergo</strong></span> <span class='ocrx_word' id='word_1_613' title='bbox 2931 1677 3106 1722; x_wconf 89' lang='lat' dir='ltr'><strong>amate</strong></span> <span class='ocrx_word' id='word_1_614' title='bbox 3128 1667 3430 1732; x_wconf 86' lang='lat' dir='ltr'><strong>scientiam,</strong></span> 
     </span>
    </p>
   </div>
   <div class='ocr_carea' id='block_1_77' title="bbox 1849 1757 3429 1828">
    <p class='ocr_par' dir='ltr' id='par_1_77' title="bbox 1849 1757 3429 1828">
     <span class='ocr_line' id='line_1_77' title="bbox 1849 1757 3429 1828; baseline -0.003 -14"><span class='ocrx_word' id='word_1_615' title='bbox 1849 1759 1944 1814; x_wconf 89' lang='lat' dir='ltr'><strong>sed</strong></span> <span class='ocrx_word' id='word_1_616' title='bbox 1971 1760 2277 1828; x_wconf 88' lang='lat' dir='ltr'><strong>anteponite</strong></span> <span class='ocrx_word' id='word_1_617' title='bbox 2305 1759 2639 1814; x_wconf 85' lang='lat' dir='ltr'><strong>charitatem.</strong></span> <span class='ocrx_word' id='word_1_618' title='bbox 2671 1758 2903 1814; x_wconf 87' lang='lat' dir='ltr'><strong>Scientia</strong></span> <span class='ocrx_word' id='word_1_619' title='bbox 2934 1759 2978 1812; x_wconf 90' lang='lat' dir='ltr'><strong>si</strong></span> <span class='ocrx_word' id='word_1_620' title='bbox 3000 1758 3110 1811; x_wconf 91' lang='lat' dir='ltr'><strong>sola</strong></span> <span class='ocrx_word' id='word_1_621' title='bbox 3140 1758 3229 1821; x_wconf 90' lang='lat' dir='ltr'><strong>sit,</strong></span> <span class='ocrx_word' id='word_1_622' title='bbox 3262 1757 3429 1810; x_wconf 90' lang='lat' dir='ltr'><strong>inﬂat.</strong></span> 
     </span>
    </p>
   </div>
   <div class='ocr_carea' id='block_1_78' title="bbox 1849 1851 3434 1925">
    <p class='ocr_par' dir='ltr' id='par_1_78' title="bbox 1849 1851 3434 1925">
     <span class='ocr_line' id='line_1_78' title="bbox 1849 1851 3434 1925; baseline -0.002 -17"><span class='ocrx_word' id='word_1_623' title='bbox 1849 1854 1981 1922; x_wconf 90' lang='lat' dir='ltr'><strong>Quia</strong></span> <span class='ocrx_word' id='word_1_624' title='bbox 2009 1869 2134 1908; x_wconf 89' lang='lat' dir='ltr'><strong>vero</strong></span> <span class='ocrx_word' id='word_1_625' title='bbox 2151 1855 2371 1908; x_wconf 74' lang='lat' dir='ltr'><strong>Charitas</strong></span> <span class='ocrx_word' id='word_1_626' title='bbox 2387 1855 2608 1924; x_wconf 64' lang='lat' dir='ltr'><strong>aedi/ica!</strong></span> <span class='ocrx_word' id='word_1_627' title='bbox 2631 1855 2675 1925; x_wconf 95' lang='lat' dir='ltr'><strong>(l</strong></span> <span class='ocrx_word' id='word_1_628' title='bbox 2693 1854 2811 1910; x_wconf 90' lang='lat' dir='ltr'><strong>Cor.</strong></span> <span class='ocrx_word' id='word_1_629' title='bbox 2828 1869 2939 1917; x_wconf 89' lang='lat' dir='ltr'><strong>vm,</strong></span> <span class='ocrx_word' id='word_1_630' title='bbox 2961 1852 3036 1924; x_wconf 83' lang='lat' dir='ltr'><strong>i),</strong></span> <span class='ocrx_word' id='word_1_631' title='bbox 3054 1869 3157 1907; x_wconf 91' lang='lat' dir='ltr'><strong>non</strong></span> <span class='ocrx_word' id='word_1_632' title='bbox 3174 1851 3434 1923; x_wconf 89' lang='lat' dir='ltr'><strong>permittit</strong></span> 
     </span>
    </p>
   </div>
   <div class='ocr_carea' id='block_1_79' title="bbox 1849 1931 3464 2018">
    <p class='ocr_par' dir='ltr' id='par_1_79' title="bbox 1849 1931 3464 2018">
     <span class='ocr_line' id='line_1_79' title="bbox 1849 1931 3464 2018; baseline -0.001 -17"><span class='ocrx_word' id='word_1_633' title='bbox 1849 1947 2128 2001; x_wconf 87' lang='lat' dir='ltr'><strong>scientiam</strong></span> <span class='ocrx_word' id='word_1_634' title='bbox 2160 1946 2352 2001; x_wconf 89' lang='lat' dir='ltr'><strong>inﬂari.</strong></span> <span class='ocrx_word' id='word_1_635' title='bbox 2388 1948 2458 2002; x_wconf 87' lang='lat' dir='ltr'><strong>ibi</strong></span> <span class='ocrx_word' id='word_1_636' title='bbox 2490 1964 2615 2018; x_wconf 85' lang='lat' dir='ltr'><strong>ergo</strong></span> <span class='ocrx_word' id='word_1_637' title='bbox 2643 1947 2790 2001; x_wconf 88' lang='lat' dir='ltr'><strong>inﬂat</strong></span> <span class='ocrx_word' id='word_1_638' title='bbox 2817 1948 3058 2010; x_wconf 87' lang='lat' dir='ltr'><strong>scientia,</strong></span> <span class='ocrx_word' id='word_1_639' title='bbox 3090 1947 3176 2001; x_wconf 90' lang='lat' dir='ltr'><strong>ubi</strong></span> <span class='ocrx_word' id='word_1_640' title='bbox 3199 1931 3464 2000; x_wconf 64' lang='lat' dir='ltr'><strong>Charitas</strong></span> 
     </span>
    </p>
   </div>
   <div class='ocr_carea' id='block_1_80' title="bbox 1849 2033 3432 2105">
    <p class='ocr_par' dir='ltr' id='par_1_80' title="bbox 1849 2033 3432 2105">
     <span class='ocr_line' id='line_1_80' title="bbox 1849 2033 3432 2105; baseline -0.002 -13"><span class='ocrx_word' id='word_1_641' title='bbox 1849 2053 1954 2092; x_wconf 86' lang='lat' dir='ltr'><strong>non</strong></span> <span class='ocrx_word' id='word_1_642' title='bbox 1984 2036 2251 2092; x_wconf 74' lang='lat' dir='ltr'><strong>mdilieat:</strong></span> <span class='ocrx_word' id='word_1_643' title='bbox 2286 2038 2372 2092; x_wconf 91' lang='lat' dir='ltr'><strong>ubi</strong></span> <span class='ocrx_word' id='word_1_644' title='bbox 2401 2048 2578 2092; x_wconf 89' lang='lat' dir='ltr'><strong>autem</strong></span> <span class='ocrx_word' id='word_1_645' title='bbox 2618 2037 2881 2105; x_wconf 81' lang='lat' dir='ltr'><strong>aediﬁcat,</strong></span> <span class='ocrx_word' id='word_1_646' title='bbox 2921 2037 3145 2092; x_wconf 87' lang='lat' dir='ltr'><strong>solidata</strong></span> <span class='ocrx_word' id='word_1_647' title='bbox 3179 2045 3280 2091; x_wconf 89' lang='lat' dir='ltr'><strong>est.</strong></span> <span class='ocrx_word' id='word_1_648' title='bbox 3317 2033 3432 2090; x_wconf 83' lang='lat' dir='ltr'><strong>Non</strong></span> 
     </span>
    </p>
   </div>
   <div class='ocr_carea' id='block_1_81' title="bbox 1849 2129 3150 2204">
    <p class='ocr_par' dir='ltr' id='par_1_81' title="bbox 1849 2129 3150 2204">
     <span class='ocr_line' id='line_1_81' title="bbox 1849 2129 3150 2204; baseline -0.001 -19"><span class='ocrx_word' id='word_1_649' title='bbox 1849 2141 1929 2187; x_wconf 88' lang='lat' dir='ltr'><strong>est</strong></span> <span class='ocrx_word' id='word_1_650' title='bbox 1959 2130 2028 2184; x_wconf 91' lang='lat' dir='ltr'><strong>ibi</strong></span> <span class='ocrx_word' id='word_1_651' title='bbox 2060 2129 2282 2198; x_wconf 87' lang='lat' dir='ltr'><strong>inﬂatio,</strong></span> <span class='ocrx_word' id='word_1_652' title='bbox 2314 2131 2400 2186; x_wconf 89' lang='lat' dir='ltr'><strong>ubi</strong></span> <span class='ocrx_word' id='word_1_653' title='bbox 2437 2141 2584 2204; x_wconf 76' lang='lat' dir='ltr'><strong>petra</strong></span> <span class='ocrx_word' id='word_1_654' title='bbox 2614 2140 2697 2186; x_wconf 93' lang='lat' dir='ltr'><strong>est</strong></span> <span class='ocrx_word' id='word_1_655' title='bbox 2727 2131 3150 2188; x_wconf 81' lang='lat' dir='ltr'><strong>fundamentum.</strong></span> 
     </span>
    </p>
   </div>
   <div class='ocr_carea' id='block_1_82' title="bbox 1920 2222 3430 2296">
    <p class='ocr_par' dir='ltr' id='par_1_82' title="bbox 1920 2222 3430 2296">
     <span class='ocr_line' id='line_1_82' title="bbox 1920 2222 3430 2296; baseline -0.003 -16"><span class='ocrx_word' id='word_1_656' title='bbox 1920 2225 2142 2282; x_wconf 85' lang='lat' dir='ltr'><strong>CAPUT</strong></span> <span class='ocrx_word' id='word_1_657' title='bbox 2168 2225 2282 2280; x_wconf 80' lang='lat' dir='ltr'><strong>VII.</strong></span> <span class='ocrx_word' id='word_1_658' title='bbox 2308 2256 2382 2267; x_wconf 91' lang='lat'><strong><em>—</em></strong></span> <span class='ocrx_word' id='word_1_659' title='bbox 2405 2227 2458 2281; x_wconf 90' lang='lat'><strong>7.</strong></span> <span class='ocrx_word' id='word_1_660' title='bbox 2494 2225 2745 2282; x_wconf 86' lang='lat' dir='ltr'><strong>Stimulus</strong></span> <span class='ocrx_word' id='word_1_661' title='bbox 2774 2227 2940 2281; x_wconf 84' lang='lat' dir='ltr'><strong>carnis</strong></span> <span class='ocrx_word' id='word_1_662' title='bbox 2966 2222 3209 2296; x_wconf 78' lang='lat' dir='ltr'><strong>Apostolo</strong></span> <span class='ocrx_word' id='word_1_663' title='bbox 3248 2223 3398 2276; x_wconf 87' lang='lat' dir='ltr'><strong>datus</strong></span> <span class='ocrx_word' id='word_1_664' title='bbox 3415 2265 3430 2286; x_wconf 94' lang='lat'><strong>,</strong></span> 
     </span>
    </p>
   </div>
   <div class='ocr_carea' id='block_1_83' title="bbox 1849 2316 3431 2387">
    <p class='ocr_par' dir='ltr' id='par_1_83' title="bbox 1849 2316 3431 2387">
     <span class='ocr_line' id='line_1_83' title="bbox 1849 2316 3431 2387; baseline -0.002 -17"><span class='ocrx_word' id='word_1_665' title='bbox 1849 2334 1912 2370; x_wconf 86' lang='lat' dir='ltr'><strong>ne</strong></span> <span class='ocrx_word' id='word_1_666' title='bbox 1929 2317 2222 2387; x_wconf 80' lang='lat' dir='ltr'><strong>superbiret.</strong></span> <span class='ocrx_word' id='word_1_667' title='bbox 2243 2317 2496 2382; x_wconf 73' lang='lat' dir='ltr'><strong>Exaudiri</strong></span> <span class='ocrx_word' id='word_1_668' title='bbox 2517 2327 2764 2387; x_wconf 81' lang='lat' dir='ltr'><strong>aptemus,</strong></span> <span class='ocrx_word' id='word_1_669' title='bbox 2788 2334 2887 2370; x_wconf 87' lang='lat' dir='ltr'><strong>non</strong></span> <span class='ocrx_word' id='word_1_670' title='bbox 2908 2316 2975 2368; x_wconf 86' lang='lat' dir='ltr'><strong>ad</strong></span> <span class='ocrx_word' id='word_1_671' title='bbox 2997 2317 3318 2378; x_wconf 80' lang='lat' dir='ltr'><strong>voluntatem,</strong></span> <span class='ocrx_word' id='word_1_672' title='bbox 3344 2316 3431 2368; x_wconf 87' lang='lat' dir='ltr'><strong>sed</strong></span> 
     </span>
    </p>
   </div>
   <div class='ocr_carea' id='block_1_84' title="bbox 1849 2405 3432 2479">
    <p class='ocr_par' dir='ltr' id='par_1_84' title="bbox 1849 2405 3432 2479">
     <span class='ocr_line' id='line_1_84' title="bbox 1849 2405 3432 2479; baseline -0.003 -17"><span class='ocrx_word' id='word_1_673' title='bbox 1849 2408 1918 2462; x_wconf 91' lang='lat' dir='ltr'><strong>ad</strong></span> <span class='ocrx_word' id='word_1_674' title='bbox 1941 2409 2226 2462; x_wconf 83' lang='lat' dir='ltr'><strong>sanitatem.</strong></span> <span class='ocrx_word' id='word_1_675' title='bbox 2256 2408 2330 2464; x_wconf 71' lang='grc' dir='ltr'><em>ΑΞ</em></span> <span class='ocrx_word' id='word_1_676' title='bbox 2336 2419 2476 2463; x_wconf 85' lang='lat' dir='ltr'><strong>terna</strong></span> <span class='ocrx_word' id='word_1_677' title='bbox 2495 2408 2743 2479; x_wconf 87' lang='lat' dir='ltr'><strong>quomodo</strong></span> <span class='ocrx_word' id='word_1_678' title='bbox 2765 2406 2999 2479; x_wconf 84' lang='lat' dir='ltr'><strong>petenda,</strong></span> <span class='ocrx_word' id='word_1_679' title='bbox 3029 2405 3278 2477; x_wconf 81' lang='lat' dir='ltr'><strong>quomodo</strong></span> <span class='ocrx_word' id='word_1_680' title='bbox 3309 2415 3432 2458; x_wconf 86' lang='lat' dir='ltr'><strong>tem-</strong></span> 
     </span>
    </p>
   </div>
   <div class='ocr_carea' id='block_1_85' title="bbox 1851 2499 3427 2572">
    <p class='ocr_par' dir='ltr' id='par_1_85' title="bbox 1851 2499 3427 2572">
     <span class='ocr_line' id='line_1_85' title="bbox 1851 2499 3427 2572; baseline -0.002 -17"><span class='ocrx_word' id='word_1_681' title='bbox 1851 2501 2068 2572; x_wconf 79' lang='lat' dir='ltr'><strong>poralia.</strong></span> <span class='ocrx_word' id='word_1_682' title='bbox 2120 2501 2386 2568; x_wconf 89' lang='lat' dir='ltr'><strong>Quantum</strong></span> <span class='ocrx_word' id='word_1_683' title='bbox 2434 2512 2611 2556; x_wconf 90' lang='lat' dir='ltr'><strong>autem</strong></span> <span class='ocrx_word' id='word_1_684' title='bbox 2665 2510 2833 2556; x_wconf 90' lang='lat' dir='ltr'><strong>tenlat</strong></span> <span class='ocrx_word' id='word_1_685' title='bbox 2886 2499 3124 2566; x_wconf 89' lang='lat' dir='ltr'><strong>inﬂatio,</strong></span> <span class='ocrx_word' id='word_1_686' title='bbox 3172 2500 3274 2555; x_wconf 87' lang='lat' dir='ltr'><strong>hoc</strong></span> <span class='ocrx_word' id='word_1_687' title='bbox 3312 2510 3427 2564; x_wconf 86' lang='lat' dir='ltr'><strong>est,</strong></span> 
     </span>
    </p>
   </div>
   <div class='ocr_carea' id='block_1_86' title="bbox 1849 2591 3433 2663">
    <p class='ocr_par' dir='ltr' id='par_1_86' title="bbox 1849 2591 3433 2663">
     <span class='ocr_line' id='line_1_86' title="bbox 1849 2591 3433 2663; baseline -0.004 -15"><span class='ocrx_word' id='word_1_688' title='bbox 1849 2593 2032 2657; x_wconf 86' lang='lat' dir='ltr'><strong>elatio,</strong></span> <span class='ocrx_word' id='word_1_689' title='bbox 2061 2602 2118 2648; x_wconf 91' lang='lat' dir='ltr'><strong>ut</strong></span> <span class='ocrx_word' id='word_1_690' title='bbox 2141 2603 2357 2663; x_wconf 87' lang='lat' dir='ltr'><strong>propter</strong></span> <span class='ocrx_word' id='word_1_691' title='bbox 2379 2593 2480 2647; x_wconf 87' lang='lat' dir='ltr'><strong>hoc</strong></span> <span class='ocrx_word' id='word_1_692' title='bbox 2512 2594 2696 2648; x_wconf 89' lang='lat' dir='ltr'><strong>vitium</strong></span> <span class='ocrx_word' id='word_1_693' title='bbox 2731 2595 2746 2625; x_wconf 74' lang='grc' dir='ltr'>ί</span> <span class='ocrx_word' id='word_1_694' title='bbox 2776 2593 2934 2648; x_wconf 88' lang='lat' dir='ltr'><strong>etiam</strong></span> <span class='ocrx_word' id='word_1_695' title='bbox 2965 2600 3144 2646; x_wconf 82' lang='lat' dir='ltr'><strong>tantus</strong></span> <span class='ocrx_word' id='word_1_696' title='bbox 3173 2591 3262 2645; x_wconf 90' lang='lat' dir='ltr'><strong>ille</strong></span> <span class='ocrx_word' id='word_1_697' title='bbox 3286 2591 3433 2660; x_wconf 84' lang='lat' dir='ltr'><strong>Apo-</strong></span> 
     </span>
    </p>
   </div>
   <div class='ocr_carea' id='block_1_87' title="bbox 1851 2682 3431 2755">
    <p class='ocr_par' dir='ltr' id='par_1_87' title="bbox 1851 2682 3431 2755">
     <span class='ocr_line' id='line_1_87' title="bbox 1851 2682 3431 2755; baseline -0.001 -18"><span class='ocrx_word' id='word_1_698' title='bbox 1851 2684 2022 2738; x_wconf 90' lang='lat' dir='ltr'><strong>stolus</strong></span> <span class='ocrx_word' id='word_1_699' title='bbox 2055 2685 2357 2755; x_wconf 88' lang='lat' dir='ltr'><strong>appositum</strong></span> <span class='ocrx_word' id='word_1_700' title='bbox 2389 2686 2487 2740; x_wconf 83' lang='lat' dir='ltr'><strong>sibi</strong></span> <span class='ocrx_word' id='word_1_701' title='bbox 2518 2701 2638 2741; x_wconf 86' lang='lat' dir='ltr'><strong>esse</strong></span> <span class='ocrx_word' id='word_1_702' title='bbox 2674 2684 2878 2739; x_wconf 84' lang='lat' dir='ltr'><strong>diceret</strong></span> <span class='ocrx_word' id='word_1_703' title='bbox 2903 2682 3176 2738; x_wconf 88' lang='lat' dir='ltr'><strong>stimulum</strong></span> <span class='ocrx_word' id='word_1_704' title='bbox 3215 2682 3391 2736; x_wconf 90' lang='lat' dir='ltr'><strong>carnis</strong></span> <span class='ocrx_word' id='word_1_705' title='bbox 3415 2721 3431 2747; x_wconf 92' lang='lat'><strong>,</strong></span> 
     </span>
    </p>
   </div>
   <div class='ocr_carea' id='block_1_88' title="bbox 1852 2771 3435 2847">
    <p class='ocr_par' dir='ltr' id='par_1_88' title="bbox 1852 2771 3435 2847">
     <span class='ocr_line' id='line_1_88' title="bbox 1852 2771 3435 2847; baseline 0 -19"><span class='ocrx_word' id='word_1_706' title='bbox 1852 2775 2098 2844; x_wconf 80' lang='lat' dir='ltr'><strong>angelum</strong></span> <span class='ocrx_word' id='word_1_707' title='bbox 2125 2785 2346 2842; x_wconf 71' lang='lat' dir='ltr'><strong>satanze,</strong></span> <span class='ocrx_word' id='word_1_708' title='bbox 2378 2792 2408 2832; x_wconf 85' lang='lat' dir='ltr'><strong>a</strong></span> <span class='ocrx_word' id='word_1_709' title='bbox 2437 2792 2544 2847; x_wconf 91' lang='lat' dir='ltr'><strong>quo</strong></span> <span class='ocrx_word' id='word_1_710' title='bbox 2572 2775 3037 2846; x_wconf 75' lang='lat' dir='ltr'><strong>colaphizaretnr?</strong></span> <span class='ocrx_word' id='word_1_711' title='bbox 3066 2774 3167 2844; x_wconf 91' lang='lat' dir='ltr'><strong>Qui</strong></span> <span class='ocrx_word' id='word_1_712' title='bbox 3194 2771 3435 2843; x_wconf 86' lang='lat' dir='ltr'><strong>colaphi-</strong></span> 
     </span>
    </p>
   </div>
   <div class='ocr_carea' id='block_1_89' title="bbox 1853 2865 3436 2938">
    <p class='ocr_par' dir='ltr' id='par_1_89' title="bbox 1853 2865 3436 2938">
     <span class='ocr_line' id='line_1_89' title="bbox 1853 2865 3436 2938; baseline 0 -19"><span class='ocrx_word' id='word_1_713' title='bbox 1853 2875 2040 2934; x_wconf 81' lang='lat' dir='ltr'><strong>zatur,</strong></span> <span class='ocrx_word' id='word_1_714' title='bbox 2070 2876 2230 2936; x_wconf 90' lang='lat' dir='ltr'><strong>caput</strong></span> <span class='ocrx_word' id='word_1_715' title='bbox 2262 2867 2378 2936; x_wconf 82' lang='lat' dir='ltr'><strong>ejus</strong></span> <span class='ocrx_word' id='word_1_716' title='bbox 2418 2866 2690 2934; x_wconf 86' lang='lat' dir='ltr'><strong>tunditur,</strong></span> <span class='ocrx_word' id='word_1_717' title='bbox 2726 2882 2793 2922; x_wconf 91' lang='lat' dir='ltr'><strong>ne</strong></span> <span class='ocrx_word' id='word_1_718' title='bbox 2821 2867 3054 2938; x_wconf 74' lang='lat' dir='ltr'><strong>erigatur</strong></span> <span class='ocrx_word' id='word_1_719' title='bbox 3086 2885 3101 2920; x_wconf 86' lang='lat'><strong>:</strong></span> <span class='ocrx_word' id='word_1_720' title='bbox 3133 2882 3252 2920; x_wconf 89' lang='lat' dir='ltr'><strong>nam</strong></span> <span class='ocrx_word' id='word_1_721' title='bbox 3280 2874 3337 2922; x_wconf 85' lang='lat' dir='ltr'><strong>et</strong></span> <span class='ocrx_word' id='word_1_722' title='bbox 3362 2865 3436 2920; x_wconf 85' lang='lat' dir='ltr'><strong>ibi</strong></span> 
     </span>
    </p>
   </div>
   <div class='ocr_carea' id='block_1_90' title="bbox 1855 2957 3435 3024">
    <p class='ocr_par' dir='ltr' id='par_1_90' title="bbox 1855 2957 3435 3024">
     <span class='ocr_line' id='line_1_90' title="bbox 1855 2957 3435 3024; baseline -0.001 -12"><span class='ocrx_word' id='word_1_723' title='bbox 1855 2957 1922 3012; x_wconf 89' lang='lat' dir='ltr'><strong>de</strong></span> <span class='ocrx_word' id='word_1_724' title='bbox 1950 2957 2169 3013; x_wconf 88' lang='lat' dir='ltr'><strong>scientia</strong></span> <span class='ocrx_word' id='word_1_725' title='bbox 2201 2968 2375 3013; x_wconf 88' lang='lat' dir='ltr'><strong>metus</strong></span> <span class='ocrx_word' id='word_1_726' title='bbox 2405 2969 2519 3014; x_wconf 91' lang='lat' dir='ltr'><strong>erat</strong></span> <span class='ocrx_word' id='word_1_727' title='bbox 2556 2959 2875 3024; x_wconf 82' lang='lat' dir='ltr'><strong>inﬂatiOnis,</strong></span> <span class='ocrx_word' id='word_1_728' title='bbox 2914 2959 3015 3014; x_wconf 89' lang='lat' dir='ltr'><strong>hoc</strong></span> <span class='ocrx_word' id='word_1_729' title='bbox 3047 2968 3130 3015; x_wconf 90' lang='lat' dir='ltr'><strong>est</strong></span> <span class='ocrx_word' id='word_1_730' title='bbox 3166 2958 3435 3014; x_wconf 86' lang='lat' dir='ltr'><strong>elationis.</strong></span> 
     </span>
    </p>
   </div>
   <div class='ocr_carea' id='block_1_91' title="bbox 1855 3046 3437 3120">
    <p class='ocr_par' dir='ltr' id='par_1_91' title="bbox 1855 3046 3437 3120">
     <span class='ocr_line' id='line_1_91' title="bbox 1855 3046 3437 3120; baseline 0.001 -20"><span class='ocrx_word' id='word_1_731' title='bbox 1855 3046 1946 3100; x_wconf 88' lang='lat' dir='ltr'><strong>Ait</strong></span> <span class='ocrx_word' id='word_1_732' title='bbox 1975 3048 2116 3102; x_wconf 90' lang='lat' dir='ltr'><strong>enim</strong></span> <span class='ocrx_word' id='word_1_733' title='bbox 2162 3064 2176 3100; x_wconf 91' lang='lat'>:</span> <span class='ocrx_word' id='word_1_734' title='bbox 2222 3046 2290 3102; x_wconf 81' lang='lat' dir='ltr'><strong>In</strong></span> <span class='ocrx_word' id='word_1_735' title='bbox 2330 3050 2677 3120; x_wconf 80' lang='lat' dir='ltr'><strong>magnitudine</strong></span> <span class='ocrx_word' id='word_1_736' title='bbox 2720 3050 3080 3104; x_wconf 80' lang='lat' dir='ltr'><strong>revelationum</strong></span> <span class='ocrx_word' id='word_1_737' title='bbox 3106 3066 3333 3103; x_wconf 83' lang='lat' dir='ltr'><strong>mearum</strong></span> <span class='ocrx_word' id='word_1_738' title='bbox 3375 3064 3437 3102; x_wconf 80' lang='lat' dir='ltr'><strong>ne</strong></span> 
     </span>
    </p>
   </div>
   <div class='ocr_carea' id='block_1_92' title="bbox 1856 3137 3436 3210">
    <p class='ocr_par' dir='ltr' id='par_1_92' title="bbox 1856 3137 3436 3210">
     <span class='ocr_line' id='line_1_92' title="bbox 1856 3137 3436 3210; baseline 0.001 -19"><span class='ocrx_word' id='word_1_739' title='bbox 1856 3137 2089 3192; x_wconf 72' lang='lat' dir='ltr'><strong>extollar.</strong></span> <span class='ocrx_word' id='word_1_740' title='bbox 2114 3137 2189 3194; x_wconf 89' lang='lat' dir='ltr'><strong>lbi</strong></span> <span class='ocrx_word' id='word_1_741' title='bbox 2209 3154 2339 3210; x_wconf 89' lang='lat' dir='ltr'><strong>ergo</strong></span> <span class='ocrx_word' id='word_1_742' title='bbox 2364 3141 2646 3196; x_wconf 89' lang='lat' dir='ltr'><strong>metuenda</strong></span> <span class='ocrx_word' id='word_1_743' title='bbox 2666 3151 2781 3196; x_wconf 90' lang='lat' dir='ltr'><strong>erat</strong></span> <span class='ocrx_word' id='word_1_744' title='bbox 2806 3140 2988 3208; x_wconf 90' lang='lat' dir='ltr'><strong>elatio,</strong></span> <span class='ocrx_word' id='word_1_745' title='bbox 3012 3140 3099 3196; x_wconf 90' lang='lat' dir='ltr'><strong>ubi</strong></span> <span class='ocrx_word' id='word_1_746' title='bbox 3125 3154 3436 3210; x_wconf 80' lang='lat' dir='ltr'><strong>magnarum</strong></span> 
     </span>
    </p>
   </div>
   <div class='ocr_carea' id='block_1_93' title="bbox 1857 3229 3438 3301">
    <p class='ocr_par' dir='ltr' id='par_1_93' title="bbox 1857 3229 3438 3301">
     <span class='ocr_line' id='line_1_93' title="bbox 1857 3229 3438 3301; baseline 0 -19"><span class='ocrx_word' id='word_1_747' title='bbox 1857 3243 2035 3283; x_wconf 89' lang='lat' dir='ltr'><strong>rerum</strong></span> <span class='ocrx_word' id='word_1_748' title='bbox 2058 3239 2174 3284; x_wconf 89' lang='lat' dir='ltr'><strong>erat</strong></span> <span class='ocrx_word' id='word_1_749' title='bbox 2194 3231 2451 3286; x_wconf 84' lang='lat' dir='ltr'><strong>revelatio</strong></span> <span class='ocrx_word' id='word_1_750' title='bbox 2481 3250 2494 3284; x_wconf 85' lang='lat'><strong>:</strong></span> <span class='ocrx_word' id='word_1_751' title='bbox 2531 3250 2550 3283; x_wconf 73' lang='grc' dir='ltr'>ι</span> <span class='ocrx_word' id='word_1_752' title='bbox 2579 3229 2636 3285; x_wconf 86' lang='lat' dir='ltr'><strong>lu</strong></span> <span class='ocrx_word' id='word_1_753' title='bbox 2667 3231 3028 3301; x_wconf 87' lang='lat' dir='ltr'><strong>magnitudine</strong></span> <span class='ocrx_word' id='word_1_754' title='bbox 3049 3231 3438 3286; x_wconf 86' lang='lat' dir='ltr'><strong>revelationum</strong></span> 
     </span>
    </p>
   </div>
   <div class='ocr_carea' id='block_1_94' title="bbox 1865 3319 3434 3387">
    <p class='ocr_par' dir='ltr' id='par_1_94' title="bbox 1865 3319 3434 3387">
     <span class='ocr_line' id='line_1_94' title="bbox 1865 3319 3434 3387; baseline 0.003 -18"><span class='ocrx_word' id='word_1_755' title='bbox 1865 3336 1885 3369; x_wconf 73' lang='grc' dir='ltr'>ι</span> <span class='ocrx_word' id='word_1_756' title='bbox 1923 3334 2158 3374; x_wconf 90' lang='lat' dir='ltr'><strong>mearum</strong></span> <span class='ocrx_word' id='word_1_757' title='bbox 2183 3336 2250 3375; x_wconf 90' lang='lat' dir='ltr'><strong>ne</strong></span> <span class='ocrx_word' id='word_1_758' title='bbox 2277 3322 2524 3387; x_wconf 84' lang='lat' dir='ltr'><strong>extollar,</strong></span> <span class='ocrx_word' id='word_1_759' title='bbox 2549 3321 2701 3376; x_wconf 90' lang='lat' dir='ltr'><strong>datus</strong></span> <span class='ocrx_word' id='word_1_760' title='bbox 2727 3331 2809 3378; x_wconf 86' lang='lat' dir='ltr'><strong>est</strong></span> <span class='ocrx_word' id='word_1_761' title='bbox 2835 3321 2966 3376; x_wconf 90' lang='lat' dir='ltr'><strong>mihi</strong></span> <span class='ocrx_word' id='word_1_762' title='bbox 2993 3321 3236 3374; x_wconf 87' lang='lat' dir='ltr'><strong>stimulus</strong></span> <span class='ocrx_word' id='word_1_763' title='bbox 3256 3319 3434 3374; x_wconf 89' lang='lat' dir='ltr'><strong>carnis</strong></span> 
     </span>
    </p>
   </div>
   <div class='ocr_carea' id='block_1_95' title="bbox 1865 3409 3434 3481">
    <p class='ocr_par' dir='ltr' id='par_1_95' title="bbox 1865 3409 3434 3481">
     <span class='ocr_line' id='line_1_95' title="bbox 1865 3409 3434 3481; baseline 0.003 -20"><span class='ocrx_word' id='word_1_764' title='bbox 1865 3425 1884 3460; x_wconf 77' lang='grc' dir='ltr'>ι</span> <span class='ocrx_word' id='word_1_765' title='bbox 1922 3423 2084 3473; x_wconf 66' lang='lat' dir='ltr'><strong>meas,</strong></span> <span class='ocrx_word' id='word_1_766' title='bbox 2116 3410 2338 3479; x_wconf 87' lang='lat' dir='ltr'><strong>angelus</strong></span> <span class='ocrx_word' id='word_1_767' title='bbox 2366 3418 2587 3477; x_wconf 81' lang='lat' dir='ltr'><strong>satatue,</strong></span> <span class='ocrx_word' id='word_1_768' title='bbox 2613 3412 2705 3481; x_wconf 86' lang='lat' dir='ltr'><strong>qui</strong></span> <span class='ocrx_word' id='word_1_769' title='bbox 2731 3426 2816 3465; x_wconf 84' lang='lat' dir='ltr'><strong>tae</strong></span> <span class='ocrx_word' id='word_1_770' title='bbox 2851 3409 3165 3480; x_wconf 85' lang='lat' dir='ltr'><strong>colaphizet.</strong></span> <span class='ocrx_word' id='word_1_771' title='bbox 3206 3409 3434 3481; x_wconf 83' lang='lat' dir='ltr'><strong>Propter</strong></span> 
     </span>
    </p>
   </div>
   <div class='ocr_carea' id='block_1_96' title="bbox 1864 3499 3438 3572">
    <p class='ocr_par' dir='ltr' id='par_1_96' title="bbox 1864 3499 3438 3572">
     <span class='ocr_line' id='line_1_96' title="bbox 1864 3499 3438 3572; baseline 0.002 -19"><span class='ocrx_word' id='word_1_772' title='bbox 1864 3517 1885 3552; x_wconf 74' lang='grc' dir='ltr'><strong><em>ο</em></strong></span> <span class='ocrx_word' id='word_1_773' title='bbox 1921 3499 2062 3570; x_wconf 90' lang='lat' dir='ltr'><strong>quod</strong></span> <span class='ocrx_word' id='word_1_774' title='bbox 2091 3509 2173 3555; x_wconf 91' lang='lat' dir='ltr'><strong>ter</strong></span> <span class='ocrx_word' id='word_1_775' title='bbox 2201 3501 2481 3556; x_wconf 88' lang='lat' dir='ltr'><strong>Dominum</strong></span> <span class='ocrx_word' id='word_1_776' title='bbox 2510 3504 2712 3572; x_wconf 83' lang='lat' dir='ltr'><strong>rogavi,</strong></span> <span class='ocrx_word' id='word_1_777' title='bbox 2745 3511 2802 3556; x_wconf 91' lang='lat' dir='ltr'><strong>ut</strong></span> <span class='ocrx_word' id='word_1_778' title='bbox 2825 3501 3057 3558; x_wconf 82' lang='lat' dir='ltr'><strong>auferret</strong></span> <span class='ocrx_word' id='word_1_779' title='bbox 3085 3517 3208 3558; x_wconf 89' lang='lat' dir='ltr'><strong>eum</strong></span> <span class='ocrx_word' id='word_1_780' title='bbox 3241 3517 3272 3558; x_wconf 90' lang='lat' dir='ltr'><strong>a</strong></span> <span class='ocrx_word' id='word_1_781' title='bbox 3304 3517 3394 3558; x_wconf 91' lang='lat' dir='ltr'><strong>mc</strong></span> <span class='ocrx_word' id='word_1_782' title='bbox 3422 3520 3438 3556; x_wconf 78' lang='grc' dir='ltr'><strong><em>τ</em></strong></span> 
     </span>
    </p>
   </div>
   <div class='ocr_carea' id='block_1_97' title="bbox 1867 3590 3437 3663">
    <p class='ocr_par' dir='ltr' id='par_1_97' title="bbox 1867 3590 3437 3663">
     <span class='ocr_line' id='line_1_97' title="bbox 1867 3590 3437 3663; baseline 0.003 -20"><span class='ocrx_word' id='word_1_783' title='bbox 1867 3609 1888 3643; x_wconf 71' lang='grc' dir='ltr'><strong>ε</strong></span> <span class='ocrx_word' id='word_1_784' title='bbox 1919 3599 1973 3647; x_wconf 92' lang='lat' dir='ltr'><strong>et</strong></span> <span class='ocrx_word' id='word_1_785' title='bbox 1997 3590 2131 3646; x_wconf 85' lang='lat' dir='ltr'><strong>dixit</strong></span> <span class='ocrx_word' id='word_1_786' title='bbox 2154 3591 2306 3659; x_wconf 88' lang='lat' dir='ltr'><strong>mihi,</strong></span> <span class='ocrx_word' id='word_1_787' title='bbox 2331 3592 2537 3648; x_wconf 89' lang='lat' dir='ltr'><strong>Suﬂicit</strong></span> <span class='ocrx_word' id='word_1_788' title='bbox 2559 3593 2652 3648; x_wconf 90' lang='lat' dir='ltr'><strong>tibi</strong></span> <span class='ocrx_word' id='word_1_789' title='bbox 2673 3595 2843 3663; x_wconf 84' lang='lat' dir='ltr'><strong>gratia</strong></span> <span class='ocrx_word' id='word_1_790' title='bbox 2860 3609 3012 3657; x_wconf 86' lang='lat' dir='ltr'><strong>mea;</strong></span> <span class='ocrx_word' id='word_1_791' title='bbox 3041 3609 3163 3652; x_wconf 89' lang='lat' dir='ltr'><strong>nam</strong></span> <span class='ocrx_word' id='word_1_792' title='bbox 3197 3595 3361 3650; x_wconf 87' lang='lat' dir='ltr'><strong>virtus</strong></span> <span class='ocrx_word' id='word_1_793' title='bbox 3383 3594 3437 3648; x_wconf 91' lang='lat' dir='ltr'><strong>in</strong></span> 
     </span>
    </p>
   </div>
   <div class='ocr_carea' id='block_1_98' title="bbox 1867 3683 3438 3760">
    <p class='ocr_par' dir='ltr' id='par_1_98' title="bbox 1867 3683 3438 3760">
     <span class='ocr_line' id='line_1_98' title="bbox 1867 3683 3438 3760; baseline 0.004 -24"><span class='ocrx_word' id='word_1_794' title='bbox 1867 3702 1886 3736; x_wconf 78' lang='grc' dir='ltr'>ι</span> <span class='ocrx_word' id='word_1_795' title='bbox 1921 3683 2224 3740; x_wconf 78' lang='lat' dir='ltr'><strong>infirmitate</strong></span> <span class='ocrx_word' id='word_1_796' title='bbox 2251 3684 2521 3755; x_wconf 83' lang='lat' dir='ltr'><strong>perﬁcitur</strong></span> <span class='ocrx_word' id='word_1_797' title='bbox 2553 3705 2574 3739; x_wconf 75' lang='grc' dir='ltr'><strong><em>ι</em></strong></span> <span class='ocrx_word' id='word_1_798' title='bbox 2597 3685 2672 3760; x_wconf 94' lang='lat' dir='ltr'><strong>(ll</strong></span> <span class='ocrx_word' id='word_1_799' title='bbox 2692 3684 2812 3743; x_wconf 87' lang='lat' dir='ltr'><strong>Cor.</strong></span> <span class='ocrx_word' id='word_1_800' title='bbox 2836 3703 2930 3751; x_wconf 91' lang='lat' dir='ltr'><strong>xu,</strong></span> <span class='ocrx_word' id='word_1_801' title='bbox 2959 3686 3095 3756; x_wconf 81' lang='lat'><strong>7-9).</strong></span> <span class='ocrx_word' id='word_1_802' title='bbox 3121 3686 3257 3742; x_wconf 83' lang='lat' dir='ltr'><strong>Petit</strong></span> <span class='ocrx_word' id='word_1_803' title='bbox 3272 3701 3438 3758; x_wconf 46' lang='lat' dir='ltr'><strong>aeger.</strong></span> 
     </span>
    </p>
   </div>
   <div class='ocr_carea' id='block_1_99' title="bbox 1860 3775 3449 3848">
    <p class='ocr_par' dir='ltr' id='par_1_99' title="bbox 1860 3775 3449 3848">
     <span class='ocr_line' id='line_1_99' title="bbox 1860 3775 3449 3848; baseline 0.003 -19"><span class='ocrx_word' id='word_1_804' title='bbox 1860 3782 1919 3829; x_wconf 91' lang='lat' dir='ltr'><strong>ut</strong></span> <span class='ocrx_word' id='word_1_805' title='bbox 1951 3775 2092 3845; x_wconf 90' lang='lat' dir='ltr'><strong>quod</strong></span> <span class='ocrx_word' id='word_1_806' title='bbox 2131 3775 2199 3832; x_wconf 88' lang='lat' dir='ltr'><strong>ad</strong></span> <span class='ocrx_word' id='word_1_807' title='bbox 2241 3775 2465 3831; x_wconf 86' lang='lat' dir='ltr'><strong>salutem</strong></span> <span class='ocrx_word' id='word_1_808' title='bbox 2503 3778 2722 3848; x_wconf 89' lang='lat' dir='ltr'><strong>apponit</strong></span> <span class='ocrx_word' id='word_1_809' title='bbox 2760 3777 3035 3846; x_wconf 87' lang='lat' dir='ltr'><strong>medicus,</strong></span> <span class='ocrx_word' id='word_1_810' title='bbox 3066 3793 3188 3834; x_wconf 89' lang='lat' dir='ltr'><strong>cum</strong></span> <span class='ocrx_word' id='word_1_811' title='bbox 3216 3778 3449 3834; x_wconf 85' lang='lat' dir='ltr'><strong>voluerit</strong></span> 
     </span>
    </p>
   </div>
   <div class='ocr_carea' id='block_1_100' title="bbox 1861 3867 3444 3938">
    <p class='ocr_par' dir='ltr' id='par_1_100' title="bbox 1861 3867 3444 3938">
     <span class='ocr_line' id='line_1_100' title="bbox 1861 3867 3444 3938; baseline 0.003 -16"><span class='ocrx_word' id='word_1_812' title='bbox 1861 3877 2092 3938; x_wconf 72' lang='lat' dir='ltr'><strong>aegrotus</strong></span> <span class='ocrx_word' id='word_1_813' title='bbox 2116 3867 2407 3924; x_wconf 87' lang='lat' dir='ltr'><strong>auferatur.</strong></span> <span class='ocrx_word' id='word_1_814' title='bbox 2439 3869 2674 3925; x_wconf 81' lang='lat' dir='ltr'><strong>Medicus</strong></span> <span class='ocrx_word' id='word_1_815' title='bbox 2696 3869 2826 3925; x_wconf 88' lang='lat' dir='ltr'><strong>dicit</strong></span> <span class='ocrx_word' id='word_1_816' title='bbox 2856 3887 2868 3924; x_wconf 93' lang='lat'><strong>:</strong></span> <span class='ocrx_word' id='word_1_817' title='bbox 2896 3869 3043 3934; x_wconf 88' lang='lat' dir='ltr'><strong>Non;</strong></span> <span class='ocrx_word' id='word_1_818' title='bbox 3071 3870 3315 3938; x_wconf 88' lang='lat' dir='ltr'><strong>mordet,</strong></span> <span class='ocrx_word' id='word_1_819' title='bbox 3343 3870 3444 3926; x_wconf 86' lang='lat' dir='ltr'><strong>sed</strong></span> 
     </span>
    </p>
   </div>
   <div class='ocr_carea' id='block_1_101' title="bbox 1863 3956 3441 4028">
    <p class='ocr_par' dir='ltr' id='par_1_101' title="bbox 1863 3956 3441 4028">
     <span class='ocr_line' id='line_1_101' title="bbox 1863 3956 3441 4028; baseline 0.001 -16"><span class='ocrx_word' id='word_1_820' title='bbox 1863 3967 2034 4016; x_wconf 82' lang='lat' dir='ltr'><strong>sanat.</strong></span> <span class='ocrx_word' id='word_1_821' title='bbox 2062 3956 2140 4011; x_wconf 87' lang='lat' dir='ltr'><strong>Tu</strong></span> <span class='ocrx_word' id='word_1_822' title='bbox 2175 3956 2309 4012; x_wconf 89' lang='lat' dir='ltr'><strong>dicis</strong></span> <span class='ocrx_word' id='word_1_823' title='bbox 2341 3973 2355 4010; x_wconf 91' lang='lat'><strong>:</strong></span> <span class='ocrx_word' id='word_1_824' title='bbox 2389 3957 2540 4013; x_wconf 84' lang='lat' dir='ltr'><strong>Tolle</strong></span> <span class='ocrx_word' id='word_1_825' title='bbox 2571 3957 2710 4028; x_wconf 88' lang='lat' dir='ltr'><strong>quod</strong></span> <span class='ocrx_word' id='word_1_826' title='bbox 2747 3957 2976 4013; x_wconf 88' lang='lat' dir='ltr'><strong>mordet.</strong></span> <span class='ocrx_word' id='word_1_827' title='bbox 3009 3958 3242 4013; x_wconf 83' lang='lat' dir='ltr'><strong>Medicus</strong></span> <span class='ocrx_word' id='word_1_828' title='bbox 3268 3957 3399 4015; x_wconf 92' lang='lat' dir='ltr'><strong>dicit</strong></span> <span class='ocrx_word' id='word_1_829' title='bbox 3425 3977 3441 4014; x_wconf 88' lang='lat'><strong>:</strong></span> 
     </span>
    </p>
   </div>
   <div class='ocr_carea' id='block_1_102' title="bbox 1863 4045 3444 4116">
    <p class='ocr_par' dir='ltr' id='par_1_102' title="bbox 1863 4045 3444 4116">
     <span class='ocr_line' id='line_1_102' title="bbox 1863 4045 3444 4116; baseline 0.001 -16"><span class='ocrx_word' id='word_1_830' title='bbox 1863 4045 1980 4100; x_wconf 83' lang='lat' dir='ltr'><strong>Non</strong></span> <span class='ocrx_word' id='word_1_831' title='bbox 2011 4045 2159 4112; x_wconf 90' lang='lat' dir='ltr'><strong>tollo,</strong></span> <span class='ocrx_word' id='word_1_832' title='bbox 2190 4046 2311 4116; x_wconf 87' lang='lat' dir='ltr'><strong>quia</strong></span> <span class='ocrx_word' id='word_1_833' title='bbox 2338 4055 2510 4100; x_wconf 89' lang='lat' dir='ltr'><strong>sanat.</strong></span> <span class='ocrx_word' id='word_1_834' title='bbox 2542 4045 2623 4100; x_wconf 90' lang='lat' dir='ltr'><strong>Tu</strong></span> <span class='ocrx_word' id='word_1_835' title='bbox 2651 4046 2718 4100; x_wconf 90' lang='lat' dir='ltr'><strong>ad</strong></span> <span class='ocrx_word' id='word_1_836' title='bbox 2739 4045 3002 4102; x_wconf 85' lang='lat' dir='ltr'><strong>medicum</strong></span> <span class='ocrx_word' id='word_1_837' title='bbox 3024 4061 3190 4116; x_wconf 82' lang='lat' dir='ltr'><strong>quare</strong></span> <span class='ocrx_word' id='word_1_838' title='bbox 3211 4048 3444 4103; x_wconf 72' lang='lat' dir='ltr'><strong>venisti?</strong></span> 
     </span>
    </p>
   </div>
   <div class='ocr_carea' id='block_1_103' title="bbox 1864 4138 3448 4209">
    <p class='ocr_par' dir='ltr' id='par_1_103' title="bbox 1864 4138 3448 4209">
     <span class='ocr_line' id='line_1_103' title="bbox 1864 4138 3448 4209; baseline 0.001 -15"><span class='ocrx_word' id='word_1_839' title='bbox 1864 4138 2074 4205; x_wconf 84' lang='lat' dir='ltr'><strong>Sanari,</strong></span> <span class='ocrx_word' id='word_1_840' title='bbox 2104 4153 2171 4192; x_wconf 89' lang='lat' dir='ltr'><strong>an</strong></span> <span class='ocrx_word' id='word_1_841' title='bbox 2209 4138 2508 4194; x_wconf 89' lang='lat' dir='ltr'><strong>molestiam</strong></span> <span class='ocrx_word' id='word_1_842' title='bbox 2549 4152 2654 4193; x_wconf 89' lang='lat' dir='ltr'><strong>non</strong></span> <span class='ocrx_word' id='word_1_843' title='bbox 2697 4138 2836 4208; x_wconf 82' lang='lat' dir='ltr'><strong>pati?</strong></span> <span class='ocrx_word' id='word_1_844' title='bbox 2859 4138 2976 4193; x_wconf 86' lang='lat' dir='ltr'><strong>Non</strong></span> <span class='ocrx_word' id='word_1_845' title='bbox 3015 4153 3143 4209; x_wconf 86' lang='lat' dir='ltr'><strong>ergo</strong></span> <span class='ocrx_word' id='word_1_846' title='bbox 3172 4138 3448 4195; x_wconf 79' lang='lat' dir='ltr'><strong>exaudivit</strong></span> 
     </span>
    </p>
   </div>
   <div class='ocr_carea' id='block_1_104' title="bbox 1865 4230 3451 4301">
    <p class='ocr_par' dir='ltr' id='par_1_104' title="bbox 1865 4230 3451 4301">
     <span class='ocr_line' id='line_1_104' title="bbox 1865 4230 3451 4301; baseline -0.001 -14"><span class='ocrx_word' id='word_1_847' title='bbox 1865 4231 2122 4288; x_wconf 88' lang='lat' dir='ltr'><strong>Dominus</strong></span> <span class='ocrx_word' id='word_1_848' title='bbox 2151 4231 2374 4286; x_wconf 85' lang='lat' dir='ltr'><strong>Paulum</strong></span> <span class='ocrx_word' id='word_1_849' title='bbox 2407 4230 2476 4284; x_wconf 91' lang='lat' dir='ltr'><strong>ad</strong></span> <span class='ocrx_word' id='word_1_850' title='bbox 2517 4231 2872 4297; x_wconf 86' lang='lat' dir='ltr'><strong>voluntatem,</strong></span> <span class='ocrx_word' id='word_1_851' title='bbox 2913 4231 3037 4301; x_wconf 84' lang='lat' dir='ltr'><strong>quia</strong></span> <span class='ocrx_word' id='word_1_852' title='bbox 3075 4230 3344 4288; x_wconf 80' lang='lat' dir='ltr'><strong>exaudivit</strong></span> <span class='ocrx_word' id='word_1_853' title='bbox 3371 4231 3451 4286; x_wconf 76' lang='lat' dir='ltr'><strong>ad</strong></span> 
     </span>
    </p>
   </div>
   <div class='ocr_carea' id='block_1_105' title="bbox 1867 4319 3456 4391">
    <p class='ocr_par' dir='ltr' id='par_1_105' title="bbox 1867 4319 3456 4391">
     <span class='ocr_line' id='line_1_105' title="bbox 1867 4319 3456 4391; baseline -0.001 -15"><span class='ocrx_word' id='word_1_854' title='bbox 1867 4319 2170 4376; x_wconf 87' lang='lat' dir='ltr'><strong>sanitatem.</strong></span> <span class='ocrx_word' id='word_1_855' title='bbox 2196 4320 2329 4376; x_wconf 86' lang='lat' dir='ltr'><strong>Nam</strong></span> <span class='ocrx_word' id='word_1_856' title='bbox 2364 4335 2472 4375; x_wconf 89' lang='lat' dir='ltr'><strong>non</strong></span> <span class='ocrx_word' id='word_1_857' title='bbox 2496 4328 2579 4376; x_wconf 83' lang='lat' dir='ltr'><strong>est</strong></span> <span class='ocrx_word' id='word_1_858' title='bbox 2606 4334 2876 4391; x_wconf 81' lang='lat' dir='ltr'><strong>magnum,</strong></span> <span class='ocrx_word' id='word_1_859' title='bbox 2905 4319 3144 4374; x_wconf 89' lang='lat' dir='ltr'><strong>exaudiri</strong></span> <span class='ocrx_word' id='word_1_860' title='bbox 3180 4334 3211 4374; x_wconf 91' lang='lat' dir='ltr'><strong>a</strong></span> <span class='ocrx_word' id='word_1_861' title='bbox 3238 4319 3350 4375; x_wconf 89' lang='lat' dir='ltr'><strong>Deo</strong></span> <span class='ocrx_word' id='word_1_862' title='bbox 3377 4320 3456 4375; x_wconf 59' lang='lat' dir='ltr'><strong>ad</strong></span> 
     </span>
    </p>
   </div>
   <div class='ocr_carea' id='block_1_106' title="bbox 1868 4408 3462 4482">
    <p class='ocr_par' dir='ltr' id='par_1_106' title="bbox 1868 4408 3462 4482">
     <span class='ocr_line' id='line_1_106' title="bbox 1868 4408 3462 4482; baseline -0.001 -14"><span class='ocrx_word' id='word_1_863' title='bbox 1868 4413 2230 4478; x_wconf 88' lang='lat' dir='ltr'><strong>voluntatem;</strong></span> <span class='ocrx_word' id='word_1_864' title='bbox 2274 4427 2379 4466; x_wconf 92' lang='lat' dir='ltr'><strong>non</strong></span> <span class='ocrx_word' id='word_1_865' title='bbox 2421 4420 2507 4465; x_wconf 89' lang='lat' dir='ltr'><strong>est</strong></span> <span class='ocrx_word' id='word_1_866' title='bbox 2544 4424 2815 4482; x_wconf 78' lang='lat' dir='ltr'><strong>magnoet.</strong></span> <span class='ocrx_word' id='word_1_867' title='bbox 2851 4408 2930 4466; x_wconf 84' lang='lat' dir='ltr'><strong>Ne</strong></span> <span class='ocrx_word' id='word_1_868' title='bbox 2959 4411 3154 4481; x_wconf 87' lang='lat' dir='ltr'><strong>putetis</strong></span> <span class='ocrx_word' id='word_1_869' title='bbox 3197 4426 3462 4482; x_wconf 74' lang='lat' dir='ltr'><strong>magnum</strong></span> 
     </span>
    </p>
   </div>
   <div class='ocr_carea' id='block_1_107' title="bbox 1867 4504 3464 4581">
    <p class='ocr_par' dir='ltr' id='par_1_107' title="bbox 1867 4504 3464 4581">
     <span class='ocr_line' id='line_1_107' title="bbox 1867 4504 3464 4581; baseline -0.001 -19"><span class='ocrx_word' id='word_1_870' title='bbox 1867 4521 1988 4564; x_wconf 88' lang='lat' dir='ltr'><strong>esse</strong></span> <span class='ocrx_word' id='word_1_871' title='bbox 2018 4505 2142 4573; x_wconf 86' lang='lat' dir='ltr'><strong>hoc,</strong></span> <span class='ocrx_word' id='word_1_872' title='bbox 2171 4504 2384 4575; x_wconf 86' lang='lat' dir='ltr'><strong>quando</strong></span> <span class='ocrx_word' id='word_1_873' title='bbox 2411 4505 2638 4581; x_wconf 81' lang='lat' dir='ltr'><strong>quisque</strong></span> <span class='ocrx_word' id='word_1_874' title='bbox 2667 4511 2802 4568; x_wconf 82' lang='lat' dir='ltr'><strong>orat,</strong></span> <span class='ocrx_word' id='word_1_875' title='bbox 2832 4517 2932 4573; x_wconf 86' lang='lat' dir='ltr'><strong>pro</strong></span> <span class='ocrx_word' id='word_1_876' title='bbox 2964 4518 3177 4574; x_wconf 84' lang='lat' dir='ltr'><strong>magno,</strong></span> <span class='ocrx_word' id='word_1_877' title='bbox 3208 4504 3254 4560; x_wconf 88' lang='lat' dir='ltr'><strong>si</strong></span> <span class='ocrx_word' id='word_1_878' title='bbox 3280 4519 3464 4560; x_wconf 64' lang='lat' dir='ltr'><strong>exau~</strong></span> 
     </span>
    </p>
   </div>
   <div class='ocr_carea' id='block_1_108' title="bbox 1869 4595 3448 4668">
    <p class='ocr_par' dir='ltr' id='par_1_108' title="bbox 1869 4595 3448 4668">
     <span class='ocr_line' id='line_1_108' title="bbox 1869 4595 3448 4668; baseline -0.001 -14"><span class='ocrx_word' id='word_1_879' title='bbox 1869 4598 2030 4654; x_wconf 90' lang='lat' dir='ltr'><strong>ditur.</strong></span> <span class='ocrx_word' id='word_1_880' title='bbox 2072 4597 2264 4666; x_wconf 73' lang='lat' dir='ltr'><strong>Qumre</strong></span> <span class='ocrx_word' id='word_1_881' title='bbox 2301 4596 2428 4668; x_wconf 89' lang='lat' dir='ltr'><strong>quid</strong></span> <span class='ocrx_word' id='word_1_882' title='bbox 2472 4605 2625 4662; x_wconf 85' lang='lat' dir='ltr'><strong>orat,</strong></span> <span class='ocrx_word' id='word_1_883' title='bbox 2653 4610 2834 4666; x_wconf 72' lang='lat' dir='ltr'><strong>qumre</strong></span> <span class='ocrx_word' id='word_1_884' title='bbox 2872 4596 2936 4652; x_wconf 82' lang='lat' dir='ltr'><strong>in</strong></span> <span class='ocrx_word' id='word_1_885' title='bbox 2968 4610 3073 4663; x_wconf 88' lang='lat' dir='ltr'><strong>quo</strong></span> <span class='ocrx_word' id='word_1_886' title='bbox 3111 4595 3448 4652; x_wconf 80' lang='lat' dir='ltr'><strong>exaudiatur.</strong></span> 
     </span>
    </p>
   </div>
   <div class='ocr_carea' id='block_1_109' title="bbox 1867 4687 3456 4759">
    <p class='ocr_par' dir='ltr' id='par_1_109' title="bbox 1867 4687 3456 4759">
     <span class='ocr_line' id='line_1_109' title="bbox 1867 4687 3456 4759; baseline -0.001 -13"><span class='ocrx_word' id='word_1_887' title='bbox 1867 4691 1999 4746; x_wconf 83' lang='lat' dir='ltr'><strong>Nam</strong></span> <span class='ocrx_word' id='word_1_888' title='bbox 2034 4705 2140 4746; x_wconf 90' lang='lat' dir='ltr'><strong>non</strong></span> <span class='ocrx_word' id='word_1_889' title='bbox 2186 4690 2427 4745; x_wconf 85' lang='lat' dir='ltr'><strong>habeatis</strong></span> <span class='ocrx_word' id='word_1_890' title='bbox 2467 4704 2564 4759; x_wconf 89' lang='lat' dir='ltr'><strong>pro</strong></span> <span class='ocrx_word' id='word_1_891' title='bbox 2603 4703 2829 4758; x_wconf 82' lang='lat' dir='ltr'><strong>magno,</strong></span> <span class='ocrx_word' id='word_1_892' title='bbox 2873 4687 3114 4743; x_wconf 77' lang='lat' dir='ltr'><strong>exaudiri</strong></span> <span class='ocrx_word' id='word_1_893' title='bbox 3151 4688 3218 4743; x_wconf 91' lang='lat' dir='ltr'><strong>ad</strong></span> <span class='ocrx_word' id='word_1_894' title='bbox 3259 4690 3456 4745; x_wconf 59' lang='lat' dir='ltr'><strong>volun-</strong></span> 
     </span>
    </p>
   </div>
   <div class='ocr_carea' id='block_1_110' title="bbox 1872 4781 3474 4851">
    <p class='ocr_par' dir='ltr' id='par_1_110' title="bbox 1872 4781 3474 4851">
     <span class='ocr_line' id='line_1_110' title="bbox 1872 4781 3474 4851; baseline 0 -13"><span class='ocrx_word' id='word_1_895' title='bbox 1872 4794 2032 4838; x_wconf 87' lang='lat' dir='ltr'><strong>tatem</strong></span> <span class='ocrx_word' id='word_1_896' title='bbox 2073 4800 2085 4834; x_wconf 93' lang='lat'><strong>:</strong></span> <span class='ocrx_word' id='word_1_897' title='bbox 2129 4782 2319 4836; x_wconf 87' lang='lat' dir='ltr'><strong>habete</strong></span> <span class='ocrx_word' id='word_1_898' title='bbox 2359 4797 2455 4851; x_wconf 91' lang='lat' dir='ltr'><strong>pro</strong></span> <span class='ocrx_word' id='word_1_899' title='bbox 2493 4795 2720 4850; x_wconf 85' lang='lat' dir='ltr'><strong>magno,</strong></span> <span class='ocrx_word' id='word_1_900' title='bbox 2763 4781 2999 4836; x_wconf 71' lang='lat' dir='ltr'><strong>exaudiri</strong></span> <span class='ocrx_word' id='word_1_901' title='bbox 3027 4781 3095 4835; x_wconf 88' lang='lat' dir='ltr'><strong>ad</strong></span> <span class='ocrx_word' id='word_1_902' title='bbox 3138 4781 3474 4838; x_wconf 55' lang='lat' dir='ltr'><strong>utilitatem.</strong></span> 
     </span>
    </p>
   </div>
   <div class='ocr_carea' id='block_1_111' title="bbox 1870 4872 3455 4938">
    <p class='ocr_par' dir='ltr' id='par_1_111' title="bbox 1870 4872 3455 4938">
     <span class='ocr_line' id='line_1_111' title="bbox 1870 4872 3455 4938; baseline 0 -8"><span class='ocrx_word' id='word_1_903' title='bbox 1870 4877 1954 4930; x_wconf 80' lang='lat' dir='ltr'><strong>Ad</strong></span> <span class='ocrx_word' id='word_1_904' title='bbox 2001 4875 2324 4929; x_wconf 87' lang='lat' dir='ltr'><strong>voluntatem</strong></span> <span class='ocrx_word' id='word_1_905' title='bbox 2359 4873 2518 4926; x_wconf 86' lang='lat' dir='ltr'><strong>etiam</strong></span> <span class='ocrx_word' id='word_1_906' title='bbox 2548 4872 2820 4928; x_wconf 71' lang='lat' dir='ltr'><strong>daemones</strong></span> <span class='ocrx_word' id='word_1_907' title='bbox 2841 4873 3071 4928; x_wconf 86' lang='lat' dir='ltr'><strong>exauditi</strong></span> <span class='ocrx_word' id='word_1_908' title='bbox 3119 4884 3242 4928; x_wconf 87' lang='lat' dir='ltr'><strong>sunt</strong></span> <span class='ocrx_word' id='word_1_909' title='bbox 3261 4915 3277 4938; x_wconf 82' lang='lat'><strong>,</strong></span> <span class='ocrx_word' id='word_1_910' title='bbox 3307 4883 3362 4931; x_wconf 90' lang='lat' dir='ltr'><strong>et</strong></span> <span class='ocrx_word' id='word_1_911' title='bbox 3383 4875 3455 4930; x_wconf 85' lang='lat' dir='ltr'><strong>ad</strong></span> 
     </span>
    </p>
   </div>
   <div class='ocr_carea' id='block_1_112' title="bbox 1872 4963 3450 5037">
    <p class='ocr_par' dir='ltr' id='par_1_112' title="bbox 1872 4963 3450 5037">
     <span class='ocr_line' id='line_1_112' title="bbox 1872 4963 3450 5037; baseline -0.003 -15"><span class='ocrx_word' id='word_1_912' title='bbox 1872 4981 2064 5037; x_wconf 89' lang='lat' dir='ltr'><strong>porcos</strong></span> <span class='ocrx_word' id='word_1_913' title='bbox 2090 4979 2224 5035; x_wconf 88' lang='lat' dir='ltr'><strong>quos</strong></span> <span class='ocrx_word' id='word_1_914' title='bbox 2248 4963 2530 5034; x_wconf 86' lang='lat' dir='ltr'><strong>petierant,</strong></span> <span class='ocrx_word' id='word_1_915' title='bbox 2559 4964 2636 5018; x_wconf 90' lang='lat' dir='ltr'><strong>ire</strong></span> <span class='ocrx_word' id='word_1_916' title='bbox 2659 4965 2903 5033; x_wconf 89' lang='lat' dir='ltr'><strong>permissi</strong></span> <span class='ocrx_word' id='word_1_917' title='bbox 2931 4973 3057 5020; x_wconf 89' lang='lat' dir='ltr'><strong>sunt</strong></span> <span class='ocrx_word' id='word_1_918' title='bbox 3079 4963 3290 5035; x_wconf 74' lang='lat' dir='ltr'><strong>(Matth.</strong></span> <span class='ocrx_word' id='word_1_919' title='bbox 3323 4981 3412 5020; x_wconf 85' lang='lat' dir='ltr'><strong>vut</strong></span> <span class='ocrx_word' id='word_1_920' title='bbox 3432 5003 3450 5031; x_wconf 87' lang='lat'><strong>,</strong></span> 
     </span>
    </p>
   </div>
   <div class='ocr_carea' id='block_1_113' title="bbox 1873 5054 3458 5128">
    <p class='ocr_par' dir='ltr' id='par_1_113' title="bbox 1873 5054 3458 5128">
     <span class='ocr_line' id='line_1_113' title="bbox 1873 5054 3458 5128; baseline -0.004 -15"><span class='ocrx_word' id='word_1_921' title='bbox 1873 5059 1962 5124; x_wconf 77' lang='grc'><strong>51,</strong></span> <span class='ocrx_word' id='word_1_922' title='bbox 1993 5056 2106 5128; x_wconf 76' lang='lat'><strong>52).</strong></span> <span class='ocrx_word' id='word_1_923' title='bbox 2136 5055 2218 5110; x_wconf 83' lang='lat' dir='ltr'><strong>Ad</strong></span> <span class='ocrx_word' id='word_1_924' title='bbox 2241 5056 2564 5110; x_wconf 86' lang='lat' dir='ltr'><strong>voluntatem</strong></span> <span class='ocrx_word' id='word_1_925' title='bbox 2605 5054 2765 5110; x_wconf 87' lang='lat' dir='ltr'><strong>etiam</strong></span> <span class='ocrx_word' id='word_1_926' title='bbox 2797 5054 3048 5125; x_wconf 85' lang='lat' dir='ltr'><strong>princeps</strong></span> <span class='ocrx_word' id='word_1_927' title='bbox 3079 5070 3266 5110; x_wconf 89' lang='lat' dir='ltr'><strong>eorum</strong></span> <span class='ocrx_word' id='word_1_928' title='bbox 3292 5070 3458 5110; x_wconf 83' lang='lat' dir='ltr'><strong>exau-</strong></span> 
     </span>
    </p>
   </div>
   <div class='ocr_carea' id='block_1_114' title="bbox 1872 5146 3456 5219">
    <p class='ocr_par' dir='ltr' id='par_1_114' title="bbox 1872 5146 3456 5219">
     <span class='ocr_line' id='line_1_114' title="bbox 1872 5146 3456 5219; baseline -0.002 -14"><span class='ocrx_word' id='word_1_929' title='bbox 1872 5150 2014 5206; x_wconf 88' lang='lat' dir='ltr'><strong>ditus</strong></span> <span class='ocrx_word' id='word_1_930' title='bbox 2051 5158 2135 5206; x_wconf 84' lang='lat' dir='ltr'><strong>est</strong></span> <span class='ocrx_word' id='word_1_931' title='bbox 2174 5149 2444 5214; x_wconf 81' lang='lat' dir='ltr'><strong>diabolus;</strong></span> <span class='ocrx_word' id='word_1_932' title='bbox 2487 5164 2520 5203; x_wconf 90' lang='lat' dir='ltr'><strong>a</strong></span> <span class='ocrx_word' id='word_1_933' title='bbox 2553 5162 2660 5218; x_wconf 89' lang='lat' dir='ltr'><strong>quo</strong></span> <span class='ocrx_word' id='word_1_934' title='bbox 2684 5148 2880 5219; x_wconf 85' lang='lat' dir='ltr'><strong>petitus</strong></span> <span class='ocrx_word' id='word_1_935' title='bbox 2907 5146 3009 5202; x_wconf 77' lang='lat' dir='ltr'><strong>Job</strong></span> <span class='ocrx_word' id='word_1_936' title='bbox 3038 5146 3320 5202; x_wconf 86' lang='lat' dir='ltr'><strong>tentandus</strong></span> <span class='ocrx_word' id='word_1_937' title='bbox 3347 5161 3456 5202; x_wconf 88' lang='lat' dir='ltr'><strong>non</strong></span> 
     </span>
    </p>
   </div>
   <div class='ocr_carea' id='block_1_115' title="bbox 1874 5237 3456 5313">
    <p class='ocr_par' dir='ltr' id='par_1_115' title="bbox 1874 5237 3456 5313">
     <span class='ocr_line' id='line_1_115' title="bbox 1874 5237 3456 5313; baseline -0.003 -15"><span class='ocrx_word' id='word_1_938' title='bbox 1874 5252 1956 5298; x_wconf 85' lang='lat' dir='ltr'><strong>est</strong></span> <span class='ocrx_word' id='word_1_939' title='bbox 1982 5251 2221 5313; x_wconf 83' lang='lat' dir='ltr'><strong>negatus,</strong></span> <span class='ocrx_word' id='word_1_940' title='bbox 2245 5249 2306 5296; x_wconf 89' lang='lat' dir='ltr'><strong>ut</strong></span> <span class='ocrx_word' id='word_1_941' title='bbox 2331 5249 2474 5298; x_wconf 88' lang='lat' dir='ltr'><strong>esset</strong></span> <span class='ocrx_word' id='word_1_942' title='bbox 2503 5241 2594 5297; x_wconf 89' lang='lat' dir='ltr'><strong>ille</strong></span> <span class='ocrx_word' id='word_1_943' title='bbox 2623 5241 2889 5311; x_wconf 82' lang='lat' dir='ltr'><strong>probatus,</strong></span> <span class='ocrx_word' id='word_1_944' title='bbox 2918 5238 3020 5292; x_wconf 86' lang='lat' dir='ltr'><strong>iste</strong></span> <span class='ocrx_word' id='word_1_945' title='bbox 3047 5238 3302 5294; x_wconf 88' lang='lat' dir='ltr'><strong>confusus</strong></span> <span class='ocrx_word' id='word_1_946' title='bbox 3335 5237 3456 5312; x_wconf 81' lang='lat' dir='ltr'><strong>(Job</strong></span> 
     </span>
    </p>
   </div>
   <div class='ocr_carea' id='block_1_116' title="bbox 1876 5329 3456 5402">
    <p class='ocr_par' dir='ltr' id='par_1_116' title="bbox 1876 5329 3456 5402">
     <span class='ocr_line' id='line_1_116' title="bbox 1876 5329 3456 5402; baseline -0.002 -15"><span class='ocrx_word' id='word_1_947' title='bbox 1876 5348 1893 5387; x_wconf 84' lang='grc' dir='ltr'><strong><em>ι</em></strong></span> <span class='ocrx_word' id='word_1_948' title='bbox 1921 5343 1966 5388; x_wconf 86' lang='lat' dir='ltr'><strong>et</strong></span> <span class='ocrx_word' id='word_1_949' title='bbox 1992 5349 2028 5388; x_wconf 79' lang='grc' dir='ltr'><strong>ιι</strong></span> <span class='ocrx_word' id='word_1_950' title='bbox 2050 5333 2089 5402; x_wconf 90' lang='grc'><strong>).</strong></span> <span class='ocrx_word' id='word_1_951' title='bbox 2119 5332 2200 5387; x_wconf 86' lang='lat' dir='ltr'><strong>Ad</strong></span> <span class='ocrx_word' id='word_1_952' title='bbox 2227 5333 2550 5389; x_wconf 88' lang='lat' dir='ltr'><strong>voluntatem</strong></span> <span class='ocrx_word' id='word_1_953' title='bbox 2579 5330 3018 5388; x_wconf 71' lang='lat' dir='ltr'><strong>etiamlsraelitae</strong></span> <span class='ocrx_word' id='word_1_954' title='bbox 3043 5329 3274 5386; x_wconf 86' lang='lat' dir='ltr'><strong>exauditi</strong></span> <span class='ocrx_word' id='word_1_955' title='bbox 3302 5339 3456 5394; x_wconf 91' lang='lat' dir='ltr'><strong>sunt;</strong></span> 
     </span>
    </p>
   </div>
   <div class='ocr_carea' id='block_1_117' title="bbox 1879 5421 3462 5510">
    <p class='ocr_par' dir='ltr' id='par_1_117' title="bbox 1879 5421 3462 5510">
     <span class='ocr_line' id='line_1_117' title="bbox 1879 5421 3462 5510; baseline -0.004 -29"><span class='ocrx_word' id='word_1_956' title='bbox 1879 5433 2070 5481; x_wconf 86' lang='lat' dir='ltr'><strong>etcum</strong></span> <span class='ocrx_word' id='word_1_957' title='bbox 2103 5423 2275 5480; x_wconf 89' lang='lat' dir='ltr'><strong>adhuc</strong></span> <span class='ocrx_word' id='word_1_958' title='bbox 2295 5424 2460 5510; x_wconf 45' lang='lat' dir='ltr'><strong>‘eibus</strong></span> <span class='ocrx_word' id='word_1_959' title='bbox 2486 5431 2639 5480; x_wconf 26' lang='lat' dir='ltr'><strong>esset.</strong></span> <span class='ocrx_word' id='word_1_960' title='bbox 2655 5423 2708 5478; x_wconf 92' lang='lat' dir='ltr'><strong>in</strong></span> <span class='ocrx_word' id='word_1_961' title='bbox 2737 5436 2831 5478; x_wconf 91' lang='lat' dir='ltr'><strong>ore</strong></span> <span class='ocrx_word' id='word_1_962' title='bbox 2858 5421 3120 5492; x_wconf 84' lang='lat' dir='ltr'><strong>ipsorum,</strong></span> <span class='ocrx_word' id='word_1_963' title='bbox 3153 5421 3320 5476; x_wconf 88' lang='lat' dir='ltr'><strong>nostis</strong></span> <span class='ocrx_word' id='word_1_964' title='bbox 3340 5435 3462 5490; x_wconf 75' lang='lat' dir='ltr'><strong>qua:</strong></span> 
     </span>
    </p>
   </div>
   <div class='ocr_carea' id='block_1_118' title="bbox 1942 5580 3463 5642">
    <p class='ocr_par' dir='ltr' id='par_1_118' title="bbox 1942 5580 3463 5642">
     <span class='ocr_line' id='line_1_118' title="bbox 1942 5580 3463 5642; baseline 0 -12"><span class='ocrx_word' id='word_1_965' title='bbox 1942 5583 1956 5614; x_wconf 83' lang='grc'>¹</span> <span class='ocrx_word' id='word_1_966' title='bbox 1979 5583 2051 5631; x_wconf 84' lang='lat' dir='ltr'><strong>sic</strong></span> <span class='ocrx_word' id='word_1_967' title='bbox 2071 5581 2288 5632; x_wconf 85' lang='lat' dir='ltr'><strong>melioris</strong></span> <span class='ocrx_word' id='word_1_968' title='bbox 2308 5591 2432 5633; x_wconf 60' lang='lat' dir='ltr'><strong>notae</strong></span> <span class='ocrx_word' id='word_1_969' title='bbox 2449 5589 2555 5633; x_wconf 75' lang='lat' dir='ltr'><strong>Mss.</strong></span> <span class='ocrx_word' id='word_1_970' title='bbox 2585 5590 2637 5632; x_wconf 80' lang='lat' dir='ltr'><strong>At</strong></span> <span class='ocrx_word' id='word_1_971' title='bbox 2659 5589 2790 5634; x_wconf 84' lang='lat' dir='ltr'><strong>t.ov.:</strong></span> <span class='ocrx_word' id='word_1_972' title='bbox 2812 5583 3010 5642; x_wconf 78' lang='lat' dir='ltr'><strong>Quando</strong></span> <span class='ocrx_word' id='word_1_973' title='bbox 3040 5586 3200 5632; x_wconf 83' lang='lat' dir='ltr'><strong>autem</strong></span> <span class='ocrx_word' id='word_1_974' title='bbox 3221 5585 3368 5632; x_wconf 77' lang='lat' dir='ltr'><strong>tentet</strong></span> <span class='ocrx_word' id='word_1_975' title='bbox 3389 5580 3463 5631; x_wconf 82' lang='lat' dir='ltr'><strong>in-</strong></span> 
     </span>
    </p>
   </div>
   <div class='ocr_carea' id='block_1_119' title="bbox 1875 5642 3461 5707">
    <p class='ocr_par' dir='ltr' id='par_1_119' title="bbox 1875 5642 3461 5707">
     <span class='ocr_line' id='line_1_119' title="bbox 1875 5642 3461 5707; baseline -0.002 -13"><span class='ocrx_word' id='word_1_976' title='bbox 1875 5642 2024 5707; x_wconf 78' lang='lat' dir='ltr'><strong>ﬂatio,</strong></span> <span class='ocrx_word' id='word_1_977' title='bbox 2050 5643 2138 5693; x_wconf 86' lang='lat' dir='ltr'><strong>hoc</strong></span> <span class='ocrx_word' id='word_1_978' title='bbox 2160 5650 2230 5693; x_wconf 85' lang='lat' dir='ltr'><strong>est</strong></span> <span class='ocrx_word' id='word_1_979' title='bbox 2244 5644 2404 5707; x_wconf 74' lang='lat' dir='ltr'><strong>elatio</strong></span> <span class='ocrx_word' id='word_1_980' title='bbox 2422 5643 2447 5694; x_wconf 86' lang='lat'><strong><em>?</em></strong></span> <span class='ocrx_word' id='word_1_981' title='bbox 2486 5644 2654 5707; x_wconf 77' lang='lat' dir='ltr'><strong>Hique</strong></span> <span class='ocrx_word' id='word_1_982' title='bbox 2677 5643 2758 5707; x_wconf 72' lang='lat' dir='ltr'><strong>ubi</strong></span> <span class='ocrx_word' id='word_1_983' title='bbox 2792 5651 2838 5694; x_wconf 88' lang='lat' dir='ltr'><strong>et</strong></span> <span class='ocrx_word' id='word_1_984' title='bbox 2860 5644 3052 5706; x_wconf 81' lang='lat' dir='ltr'><strong>qmmdo</strong></span> <span class='ocrx_word' id='word_1_985' title='bbox 3074 5642 3286 5694; x_wconf 83' lang='lat' dir='ltr'><strong>clmritas</strong></span> <span class='ocrx_word' id='word_1_986' title='bbox 3311 5643 3461 5692; x_wconf 53' lang='lat' dir='ltr'><strong>(lceat.</strong></span> 
     </span>
    </p>
   </div>
   <div class='ocr_carea' id='block_1_120' title="bbox 1877 5703 3465 5767">
    <p class='ocr_par' dir='ltr' id='par_1_120' title="bbox 1877 5703 3465 5767">
     <span class='ocr_line' id='line_1_120' title="bbox 1877 5703 3465 5767; baseline -0.003 -12"><span class='ocrx_word' id='word_1_987' title='bbox 1877 5703 1996 5755; x_wconf 67' lang='lat' dir='ltr'><strong>Nam</strong></span> <span class='ocrx_word' id='word_1_988' title='bbox 2018 5712 2210 5767; x_wconf 66' lang='lat' dir='ltr'><strong>propter</strong></span> <span class='ocrx_word' id='word_1_989' title='bbox 2234 5703 2322 5754; x_wconf 85' lang='lat' dir='ltr'><strong>hoc</strong></span> <span class='ocrx_word' id='word_1_990' title='bbox 2343 5705 2524 5762; x_wconf 73' lang='lat' dir='ltr'><strong>citium,</strong></span> <span class='ocrx_word' id='word_1_991' title='bbox 2545 5703 2639 5755; x_wconf 80' lang='lat' dir='ltr'><strong>etc.</strong></span> <span class='ocrx_word' id='word_1_992' title='bbox 2667 5706 2782 5754; x_wconf 76' lang='lat' dir='ltr'><strong>Editi</strong></span> <span class='ocrx_word' id='word_1_993' title='bbox 2816 5703 2980 5754; x_wconf 66' lang='lat' dir='ltr'><strong>eaFtcri</strong></span> <span class='ocrx_word' id='word_1_994' title='bbox 3001 5707 3181 5754; x_wconf 81' lang='lat' dir='ltr'><strong>nostris.</strong></span> <span class='ocrx_word' id='word_1_995' title='bbox 3200 5719 3465 5754; x_wconf 68' lang='lat' dir='ltr'><strong>[uanusert-</strong></span> 
     </span>
    </p>
   </div>
   <div class='ocr_carea' id='block_1_121' title="bbox 1877 5767 3464 5831">
    <p class='ocr_par' dir='ltr' id='par_1_121' title="bbox 1877 5767 3464 5831">
     <span class='ocr_line' id='line_1_121' title="bbox 1877 5767 3464 5831; baseline 0 -15"><span class='ocrx_word' id='word_1_996' title='bbox 1877 5767 1972 5829; x_wconf 75' lang='lat' dir='ltr'><strong>ptis</strong></span> <span class='ocrx_word' id='word_1_997' title='bbox 1993 5768 2320 5828; x_wconf 86' lang='lat' dir='ltr'><strong>consentiunt,</strong></span> <span class='ocrx_word' id='word_1_998' title='bbox 2343 5769 2432 5816; x_wconf 80' lang='lat' dir='ltr'><strong>nisi</strong></span> <span class='ocrx_word' id='word_1_999' title='bbox 2450 5768 2576 5831; x_wconf 87' lang='lat' dir='ltr'><strong>quod</strong></span> <span class='ocrx_word' id='word_1_1000' title='bbox 2608 5782 2714 5828; x_wconf 71' lang='lat' dir='ltr'><strong>pro,</strong></span> <span class='ocrx_word' id='word_1_1001' title='bbox 2737 5776 2969 5827; x_wconf 47' lang='lat' dir='ltr'><strong>amantum</strong></span> <span class='ocrx_word' id='word_1_1002' title='bbox 2984 5781 3001 5828; x_wconf 82' lang='lat'><strong>,&#39;</strong></span> <span class='ocrx_word' id='word_1_1003' title='bbox 3027 5767 3233 5828; x_wconf 77' lang='lat' dir='ltr'><strong>habent,</strong></span> <span class='ocrx_word' id='word_1_1004' title='bbox 3249 5767 3464 5825; x_wconf 75' lang='lat' dir='ltr'><strong>Quando.</strong></span> 
     </span>
    </p>
   </div>
  </div>
